4040 6352
1499 680 1710 808 AD
1806 675 2328 809 OPERA

476 1003 1268 1152 SANCTI
1473 999 2188 1141 PETRI
2393 996 3362 1146 DAMIANI

1153 1331 2664 1497 PROLEGOMENA.

689 1816 1534 1915 ADMONITIO
1606 1803 2522 1911 TYPOGRAPHI
2599 1813 3142 1910 VENETI

1445 2049 1789 2108 EDITIONIS
1824 2047 1990 2105 ANNI
2027 2046 2398 2107 MDCCXLlll.

340 2387 388 2442 l.
431 2385 571 2443 Cum
603 2400 671 2442 ex
695 2383 917 2440 Venetis
954 2382 1120 2453 prelis
1157 2382 1324 2438 multa
1354 2381 1615 2439 Ecclesia:
1652 2381 1878 2437 Palmm
1909 2366 1957 2426 Α
1987 2378 2131 2449 apud
2161 2374 2457 2448 Egydium
2486 2368 2757 2444 Tempore
2801 2386 2948 2427 anno
2995 2370 3136 2428 1665
3165 2372 3345 2429 denuo
3375 2385 3593 2430 recusa.

271 2479 460 2550 Opera
505 2478 562 2532 in
592 2477 767 2531 lucem
795 2475 1062 2538 hactenus
1117 2473 1261 2529 edita
1289 2473 1421 2538 sint,
1450 2481 1504 2527 et
1532 2473 1637 2527 alia
1683 2487 1878 2544 prope-

276 2571 424 2625 diem
458 2570 577 2624 sint
596 2567 826 2631 edenda,
855 2579 1037 2635 opera:
1064 2564 1298 2634 pretium
1323 2563 1450 2618 duxi
1483 2563 1667 2632 aliqua
1697 2576 1730 2617 e
1758 2577 1880 2618 meo

272 2661 446 2715 etiam
496 2657 857 2730 typograpltio
886 2655 1088 2725 publici
1110 2655 1252 2724 juris
1283 2653 1502 2720 facere;
1536 2653 1881 2726 primumque

272 2752 384 2806 divi
423 2751 578 2806 Petri
612 2749 862 2805 Damiani
890 2749 1092 2820 scripta
1125 2747 1571 2818 delegi,fortasse
1599 2762 1880 2803 sacrarum

267 2842 591 2898 litterarum
642 2842 904 2898 studiosis
929 2841 1192 2913 gratiora,
1223 2850 1411 2911 utpote
1457 2840 1759 2896 doctissimi
1801 2841 1883 2896 di-

267 2930 682 3008 sertissimique
703 2937 825 3002 viri,
850 2937 943 3006 qui
971 2935 1154 3001 saeculi
1186 2935 1270 2990 sui
1301 2935 1457 2990 facile
1480 2935 1734 3006 princeps
1757 2936 1882 3005 jure

264 3032 338 3086 sit
368 3033 708 3087 censendus.
735 3029 989 3086 Omnium
1012 3029 1242 3098 primus,
1266 3029 1361 3098 qui
1383 3043 1492 3083 non
1517 3029 1725 3098 absque
1749 3043 1881 3083 cura

264 3132 321 3178 et
343 3124 559 3178 sudore
589 3123 703 3177 hac
723 3122 900 3177 sancti
926 3119 1075 3174 Petri
1097 3117 1274 3188 Opera
1307 3119 1360 3172 in
1390 3133 1557 3173 unum
1580 3117 1738 3189 quasi
1763 3132 1884 3172 cor-

262 3229 371 3283 pus
403 3214 718 3282 collegerit,
746 3224 802 3267 et
845 3213 898 3267 in
939 3221 1176 3282 quatuor
1211 3210 1557 3265 distribuerit
1582 3209 1880 3274 volumina,

269 3304 375 3361 fuit
403 3306 497 3361 vir
527 3307 864 3362 clarissimus
893 3305 954 3360 D.
986 3303 1376 3361 Constantinus
1408 3304 1704 3376 Cajctanus
1725 3319 1755 3358 e
1782 3303 1885 3376 Sy-

264 3415 518 3465 racuse,
565 3401 734 3455 abbas
792 3398 1239 3470 congregationis
1300 3396 1619 3452 Casinensis
1677 3397 1886 3451 ordinis

267 3489 327 3545 S.
359 3489 678 3555 Benedicti,
712 3490 805 3561 qui
858 3489 1088 3544 Romam
1119 3488 1184 3542 ad
1233 3488 1377 3543 hunc
1427 3488 1670 3543 laborem
1703 3489 1886 3544 acrius

262 3579 717 3648 promovendum
765 3594 796 3632 a
830 3577 1109 3634 Clemente
1133 3577 1246 3631 \‘lll
1288 3593 1503 3632 summo
1530 3579 1786 3649 pontiﬁce
1805 3589 1886 3635 est

264 3672 606 3735 accersitus,
638 3679 696 3724 ut
737 3679 966 3726 testatur
989 3669 1190 3724 Paulus
1233 3684 1373 3740 papa
1409 3669 1472 3736 V,
1507 3671 1564 3724 Ρ.
1597 3670 1668 3724 Μ.
1694 3686 1790 3726 sua
1827 3671 1882 3725 in

2053 2473 2119 2528 ll.
2147 2473 2230 2528 Ad
2262 2473 2460 2527 barum
2501 2469 2802 2525 editionum
2834 2482 3084 2524 normam
3110 2467 3390 2538 publicam
3415 2469 3595 2527 lucem

1985 2564 2181 2636 aspicit
2229 2571 2285 2620 et
2320 2578 2464 2629 mea,
2494 2577 2618 2634 qua:
2646 2561 2892 2618 omnium
2916 2562 2937 2632 j
2966 2562 3126 2618 ldiCiO
3171 2577 3238 2620 eo
3284 2567 3590 2622 accuratior

1984 2658 2112 2722 erit,
2129 2672 2237 2728 quo
2257 2665 2395 2713 etex
2419 2664 2672 2724 utraque,
2698 2655 2946 2709 Romana
2973 2670 3171 2724 nempe
3194 2665 3250 2712 et
3271 2655 3595 2720 Parisiensi.

1985 2748 2327 2813 conﬁcietur,
2359 2756 2414 2804 et
2449 2746 2635 2818 plures
2677 2746 2903 2817 insuper
2959 2747 3271 2804 additiones
3310 2751 3596 2823 suscipiet.

1986 2842 2299 2906 Enimvero,
2329 2848 2389 2895 ιιι
2414 2838 2729 2910 singulatim
2757 2840 2822 2894 de
2839 2854 3170 2910 unoquoque
3200 2849 3348 2896 torno
3378 2845 3596 2914 loquar,

1985 2946 2110 3008 post
2130 2934 2375 3005 Cajetani
2392 2935 2460 2990 ad
2483 2933 2712 2989 Paulum
2730 2933 2794 2998 V,
2815 2931 2876 2986 P.
2908 2932 2978 2986 Μ.
3009 2933 3322 3004 epistolam,
3348 2947 3410 2991 ut
3433 2953 3598 3010 supra

1987 3026 2193 3080 dictum
2230 3034 2340 3087 est,
2367 3039 2432 3079 ac
2461 3023 2707 3093 ejusdem
2734 3022 3010 3092 pontillcis
3035 3026 3472 3094 responsionem,
3500 3045 3600 3084 ex-

1990 3116 2213 3172 hibetur
2243 3115 2565 3172 Dissertatio
2594 3114 2696 3168 viri
2735 3113 2894 3185 longe
2931 3113 3272 3171 celeberrimi
3336 3117 3603 3175 Guidonis

1989 3209 2216 3266 Grandii
2249 3210 2324 3265 De
2351 3210 2590 3264 instituto
2645 3206 3049 3262 Camaldulensi
3078 3207 3140 3263 S.
3167 3206 3318 3263 Petri
3346 3210 3605 3268 Damiani

1987 3300 2151 3359 Lucae
2184 3301 2397 3373 vulgata
2431 3314 2574 3354 anno
2621 3297 2780 3360 £707,
2816 3298 2960 3368 typis
3007 3296 3405 3355 Marescandoli
3428 3343 3440 3351 .
3476 3319 3600 3358 cum

1989 3393 2113 3449 aliis
2140 3394 2313 3448 tribus
2355 3390 2828 3447 Dissertationibus
2875 3388 3413 3460 Camaldulensibus;
3444 3397 3601 3454 inde-

1989 3503 2096 3558 que
2133 3487 2554 3542 Commentarius
2605 3485 2833 3555 prmvius
2875 3483 2945 3536 ad
3008 3481 3179 3536 Vitam
3216 3484 3272 3539 3.
3303 3482 3454 3543 Petri
3486 3490 3599 3546 Da-

1989 3580 2154 3633 miani
2184 3580 2545 3634 concinnatus
2576 3593 2606 3631 a
2630 3576 2930 3632 Gode'rido
2979 3575 3327 3635 l’lenscbenio
3379 3582 3438 3638 S.
3471 3584 3522 3639 ι.
3550 3597 3604 3642 et

1985 3674 2099 3744 jam
2150 3675 2204 3728 in
2252 3672 2555 3728 Februario
2584 3671 2942 3726 Bollandiano
2972 3669 3173 3736 editus,
3204 3688 3310 3727 una
3342 3691 3466 3731 cum
3509 3682 3602 3735 ad-

261 3759 537 3828 epistola,
560 3774 682 3829 qua:
708 3758 1132 3822 eRomana,ubi
1160 3767 1367 3813 tantum
1391 3769 1595 3826 exstat,
1621 3760 1883 3826 editione,
1920 3764 1962 3824 Β
1993 3765 2362 3820 notationibus
2415 3761 2660 3834 ejusdem
2716 3761 2785 3816 ad
2841 3761 3013 3832 ipsius
3064 3761 3122 3816 S.
3168 3760 3316 3818 Petri
3352 3765 3533 3825 Vitam
3568 3788 3600 3828 a

265 3853 356 3906 hic
387 3853 710 3908 exhibetur.
755 3853 1002 3918 Quatuor
1058 3853 1172 3905 haec
1222 3851 1521 3918 volumina,
1554 3867 1651 3906 seu
1702 3853 1883 3922 potius

267 3945 432 4009 ιυιηὶ,
468 3958 579 3997 non
616 3943 804 3998 iisdem
837 3943 978 4012 typis
1004 3958 1068 3998 ac
1101 3952 1346 4013 tempore
1373 3944 1550 4000 lucem
1599 3959 1880 4015 aspexere.

261 4030 437 4086 Prior
462 4033 612 4087 enim
642 4041 838 4098 tomus,
868 4033 962 4102 qui
994 4032 1358 4103 Epistotarum
1397 4034 1558 4090 libros
1591 4047 1705 4089 acto
1731 4051 1883 4091 com-

263 4125 563 4193 plectitur,
590 4125 768 4180 editus
811 4125 912 4180 fuit
972 4142 1116 4181 anno
1155 4126 1294 4180 l606
1336 4143 1404 4182 ex
1435 4129 1638 4198 Aloysii
1671 4129 1885 4184 Zanetti

267 4215 665 4284 typograpliia.
712 4217 870 4269 Anno
925 4215 1049 4269 inde
1106 4215 1242 4272 l608
1293 4217 1496 4286 prodiit
1549 4217 1688 4273 alter
1745 4219 1886 4290 typis

265 4305 564 4360 Guillelmi
585 4306 922 4372 Faccioti,ac
944 4306 1221 4363 Sermones
1237 4309 1300 4364 de
1320 4311 1539 4376 sanctis,
1555 4320 1887 4364 sanctorum-

262 4413 367 4464 que
413 4395 693 4452 Historias
730 4400 1158 4469 comprehendit.
1192 4399 1411 4456 Tertius
1444 4417 1576 4456 vero
1617 4400 1885 4458 Mascardi

262 4490 450 4557 prelis
499 4506 645 4546 anno
689 4490 824 4546 ltil5
863 4493 1162 4562 impressus
1213 4492 1314 4548 fuit
1350 4495 1404 4548 in
1469 4510 1576 4565 quo
1630 4494 1885 4562 Horatia,

267 4581 629 4652 Theologica,
661 4601 722 4638 ac
768 4587 1088 4639 diversorum
1143 4597 1577 4657 argumentorum
1618 4587 1888 4658 Opuscula

262 4680 661 4734 continentur.
712 4682 792 4736 Ac
841 4683 1074 4752 denique
1126 4693 1436 4752 postremus
1495 4700 1640 4739 anno
1674 4693 1888 4739 tantum

264 4772 420 4825 16.50
449 4771 597 4839 juris
621 4774 816 4842 publici
848 4773 948 4828 fuit
975 4777 1152 4830 lactus
1181 4778 1386 4845 pariter
1426 4777 1635 4842 Romae,
1669 4778 1811 4832 sicut
1835 4786 1888 4832 et

266 4872 386 4916 tres
421 4863 547 4924 alii,
575 4880 637 4918 ac
664 4867 777 4932 pias
804 4868 1059 4936 quasdam
1094 4869 1376 4931 orationes,
1399 4880 1443 4922 et
1466 4871 1657 4924 diversi
1685 4871 1887 4940 generis

261 4963 456 5006 metra
501 4963 548 5004 et
596 4953 862 5023 rhythmos
893 4955 1098 5023 profert
1145 4966 1308 5026 atque
1349 4957 1570 5013 Urbano
1598 4958 1706 5013 \‘lll
1733 4967 1886 5028 pont.

261 5059 429 5097 nias.
469 5045 541 5098 ab
571 5045 685 5114 ipso
737 5044 996 5116 Caietano
1052 5049 1346 5120 inscriptus
1381 5050 1504 5105 fuit.
1553 5052 1714 5106 Anno
1748 5052 1887 5107 1610

261 5149 472 5191 tomus
526 5139 753 5206 primus.
794 5141 886 5209 qui
938 5143 1198 5211 epistolas
1245 5144 1524 5208 continet,
1553 5160 1620 5199 ex
1670 5144 1883 5200 oilicina
1915 5124 1957 5182 (ἶ

262 5225 595 5279 Νἰγριιίιιιιει
649 5227 877 5284 Lutetia:
941 5230 1272 5286 Parisiorum
1341 5233 1392 5286 in
1447 5231 1622 5288 lucem
1685 5235 1886 5305 prodiit

258 5316 423 5384 apud
496 5315 872 5373 Sebastianum
926 5321 1231 5393 Cramoisy,
1297 5324 1397 5379 sub
1456 5327 1635 5395 quarti
1685 5326 1880 5382 forma.

261 5409 448 5462 Anno
477 5408 614 5464 1623
642 5410 884 5482 Lugduni
915 5422 1025 5470 tres
1051 5417 1210 5486 primi
1240 5418 1367 5472 tomi
1395 5419 1447 5472 in
1477 5418 1608 5475 folio
1632 5422 1884 5493 impressi

260 5502 538 5564 fuerunt,
568 5503 633 5558 de
673 5519 776 5574 qua
827 5506 1064 5562 editione
1093 5508 1331 5578 loquitur
1371 5509 1622 5568 Labbeus
1656 5521 1786 5569 tom.
1817 5514 1883 5580 ll,

260 5611 404 5668 pag.
446 5595 577 5651 20L
609 5598 680 5652 At
701 5598 950 5654 universa
985 5600 1044 5655 S.
1081 5600 1226 5657 Petri
1251 5603 1427 5674 Opera
1459 5617 1696 5675 quatuor
1725 5609 1884 5663 tomis

262 5693 555 5748 distincta
601 5691 825 5747 Parisiis
877 5695 1015 5761 apud
1072 5693 1323 5750 Carolum
1373 5698 1689 5754 Cbostclain
1742 5716 1884 5755 anno

271 5781 432 5837 1642
470 5783 616 5838 edita
650 5782 864 5837 fuerunt
889 5799 902 5839 :
931 5792 984 5837 et
1005 5786 1220 5839 demum
1253 5787 1444 5846 iisdem
1475 5789 1645 5846 forma
1672 5804 1726 5847 et
1769 5793 1886 5848 loco

715 5898 986 5958 PATltUl.
1040 5891 1281 5956 CXLlV
1298 5938 1312 5953 .

1991 3855 2050 3914 S.
2077 3855 2286 3911 Joanne
2308 3855 2584 3910 Laudensi
2611 3856 3004 3926 conscriptam.
3052 3856 3177 3914 Mox
3204 3865 3454 3927 sequitur
3483 3867 3602 3936 ipsa

1988 3949 2111 4005 Vita
2139 3968 2152 4016 ;
2179 3960 2235 4005 et
2260 3957 2448 4020 postea
2475 3947 2649 4005 series
2687 3949 3129 4008 testimoniorum
3178 3964 3293 4011 tum
3323 3969 3596 4026 veterum,

1989 4057 2113 4098 cum
2140 4040 2512 4096 recentiorum
2546 4048 2835 4095 auctorum
2880 4044 3152 4100 concinne
3175 4047 3406 4104 collecta
3435 4067 3465 4106 a
3489 4051 3596 4108 Ca-

1982 4133 2191 4204 jetano.
2221 4131 2340 4198 Quo
2371 4131 2490 4185 loco
2516 4130 2695 4185 obiter
2741 4132 3121 4190 animadverto
3145 4135 3202 4191 S.
3230 4138 3453 4196 Petrum
3491 4143 3600 4198 Da-

1989 4224 2176 4288 miani,
2222 4236 2376 4292 aeque
2421 4235 2589 4291 atque
2649 4221 2974 4277 Damianum
3018 4241 3179 4295 posse
3229 4233 3514 4302 appellari,
3545 4248 3606 4293 ut

1989 4316 2316 4372 Sirmondus
2350 4316 2404 4369 in
2450 4315 2570 4384 ejus
2612 4314 2969 4371 Antirreihico
3010 4318 3052 4384 1,
3081 4336 3136 4390 p.
3171 4338 3231 4389 ιι,
3264 4339 3386 4395 cap.
3413 4327 3466 4390 6,
3503 4331 3601 4386 ad-

1990 4424 2181 4464 versus
2213 4408 2435 4463 Petrum
2462 4405 2746 4460 Aurelium
2778 4422 3104 4480 prepngnat.
3149 4413 3376 4473 Demum
3405 4422 3608 4491 episto-

1990 4499 2053 4554 la:
2081 4499 2211 4568 ipsa:
2245 4499 2416 4552 sancti
2450 4496 2630 4552 Patris
2671 4510 2962 4567 apparent,
2987 4517 3110 4572 qua:
3133 4509 3386 4564 eumdem
3419 4522 3608 4571 lenem

1990 4581 2262 4653 ordinem,
2291 4604 2452 4659 quem
2501 4588 2608 4644 illis
2662 4589 2808 4645 dedit
2840 4591 3159 4662 Cajetanus,
3201 4598 3441 4659 fortasse
3474 4609 3602 4676 quia

1991 4683 2070 4738 sic
2097 4681 2390 4752 dispositas
2432 4681 2644 4736 invenit
2674 4681 2730 4736 in
2763 4699 2896 4739 mss.
2932 4687 3235 4757 codicibus,
3263 4708 3387 4748 cum
3420 4706 3599 4754 tamen

1991 4774 2268 4829 fatendum
2302 4774 2373 4828 sit
2413 4782 2721 4841 temporum
2765 4776 3034 4833 rationem
3067 4781 3120 4834 in
3148 4782 3215 4838 iis
3243 4786 3468 4844 minime
3501 4791 3604 4845 ob-

1991 4863 2220 4918 servari.
2255 4862 2387 4916 Pars
2411 4861 2654 4931 epistola:
2699 4863 2788 4928 l3,
2822 4865 2918 4921 lib.
2952 4883 2990 4934 ι,
3016 4885 3138 4940 pag.
3171 4871 3224 4936 6,
3267 4875 3334 4927 ad
3361 4876 3603 4935 Alexan-

1991 4956 2148 5007 drum
2180 4952 2220 5006 ll
2251 4954 2492 5023 scriptm,
2524 4969 2632 5008 non
2671 4955 2840 5009 semel
2888 4968 3064 5013 lucem
3118 4966 3329 5032 aspexit
3369 4970 3470 5025 sub
3505 4988 3599 5027 cn-

1986 5047 2205 5116 jusdam
2225 5045 2470 5116 opusculi
2494 5045 2651 5100 titulo
2667 5045 2746 5100 De
2761 5051 3082 5105 correctione
3104 5056 3332 5126 episcopi
3354 5069 3402 5112 et
3425 5080 3597 5128 parite,

1990 5148 2046 5195 et
2074 5141 2345 5210 praecipue
2376 5137 2517 5208 apud
2565 5135 2886 5192 Goldastutn
2933 5140 2986 5194 in
3049 5154 3180 5200 tom.
3211 5147 3252 5201 ll
3296 5151 3457 5217 (altas
3487 5154 3599 5222 ΙΙΙ),

1991 5248 2113 5303 pag.
2142 5231 2232 5294 4‘2,
2257 5231 2334 5284 De
2355 5229 2663 5284 monarchin
2686 5229 2924 5299 imperii,
2946 5244 3003 5287 ut
3023 5235 3249 5293 adnotat
3273 5240 3341 5294 cl.
3367 5241 3610 5302 Joannes

1991 5329 2248 5384 Albertus
2297 5325 2584 5380 Fabricius
2635 5328 2688 5380 in
2736 5325 3064 5382 Bibliotheca
3097 5329 3292 5386 Latina
3335 5339 3526 5393 mediae
3558 5352 3605 5394 et

1992 5419 2192 5488 inﬁma:
2244 5417 2440 5482 (etatis,
2491 5417 2637 5472 edita
2689 5417 2986 5491 llamburgi
3041 5434 3186 5475 anno
3237 5423 3400 5479 1754.
3436 5427 3492 5483 Si
3541 5445 3603 5484 ea

1994 5528 2125 5583 pars
2145 5509 2392 5580 epistola:
2408 5509 2600 5564 eadem
2619 5510 2692 5565 sit
2714 5526 2837 5565 cum
2854 5525 3141 5580 OPUSCUIO,
3167 5512 3373 5570 frustra
3406 5523 3631 5594 asserit.

1994 5604 2208 5660 Caveus
2232 5603 2374 5656 inter
2403 5601 2652 5656 Damiani
2684 5600 2862 5669 Opera
2892 5601 2997 5656 hoc
3018 5602 3342 5670 opusculum
3387 5608 3605 5665 deside-

1996 5693 2129 5757 rari,
2163 5708 2227 5746 ac
2253 5705 2539 5762 perperam
2571 5690 2737 5746 etiam
2790 5701 3025 5763 arguunt
3070 5692 3422 5760 Passerinus,
3457 5699 3598 5753 Lab-

1995 5787 2148 5854 beus,
2198 5798 2253 5842 et
2282 5785 2490 5840 Natalis
2510 5783 2822 5841 Alexander
2856 5786 2925 5840 ab
2957 5786 3230 5842 Itazreticis
3269 5787 3398 5843 illud
3432 5789 3599 5847 fuisse

2965 5902 2994 5960 1
