4040 6360
243 432 300 490 {3
1016 402 1552 467 PliOLEGOMENA.
1584 431 1649 443 -
1669 397 1990 460 EDITOBIS
2012 393 2267 453 VENETI
2302 390 2710 453 ADHONITIO.

3464 387 3534 443 ιι

242 543 530 612 exscripta,
560 539 647 594 cui
672 537 726 591 in
759 528 1006 605 pnesenti
1046 526 1286 583 editione
1318 518 1692 578 subnectimus
1727 515 1823 569 ad-
1851 522 1897 580 Α
1928 510 2133 565 Prmler
2160 500 2223 564 ea
2248 519 2572 581 argumenta
2624 521 2747 577 qua:
2794 514 3017 560 sanctus
3061 513 3247 560 uoster
3274 512 3534 575 scriptor

244 606 545 693 natationes
580 627 644 681 ν.
686 625 757 681 cl.
793 620 1024 675 Audrea:
1052 614 1370 677 Duschenii,
1412 619 1475 665 ut
1506 615 1727 665 exstant
1770 606 1825 660 in

247 724 449 782 laudata
485 715 818 774 Bibliotheca
864 708 1226 773 Cluniacensi,
1283 714 1340 761 et
1389 703 1528 759 alias
1577 707 1826 756 recentes

247 816 487 884 anonymi
516 813 640 875 viri,
671 826 702 865 a
727 824 835 878 quo
869 822 963 862 eas
987 811 1040 859 et
1072 807 1366 871 sequentes
1394 811 1514 851 mea
1567 808 1702 851 cura
1724 793 1827 846 im—

246 882 471 983 petravi,
501 917 625 958 eum
650 898 761 968 jam
796 896 953 965 hujus
980 892 1108 949 tomi
1156 890 1325 946 editio
1376 886 1533 941 valde
1564 882 1826 983 profecis:

247 972 344 1056 set.
384 994 649 1063 Sequitur
701 988 939 1044 Historia
966 1000 1060 1039 seu
1103 980 1220 1036 Vita
1249 978 1310 1036 S.
1346 978 1527 1034 Παπινὶ
1585 972 1826 1047 episcopi

248 1084 534 1145 Caenatis
582 1095 704 1135 eum
756 1078 902 1132 notis
956 1074 1026 1129 cl.
1067 1071 1130 1125 V.
1189 1069 1419 1126 Joannis
1460 1064 1703 1121 Bollandi
1760 1078 1829 1117 ex

248 1190 387 1234 torno
409 1173 451 1228 ll
477 1170 747 1226 Januarii.
776 1166 963 1222 Tertio
993 1161 1052 1217 S.
1091 1160 1376 1216 llomualdi
1417 1156 1558 1221 Vita,
1584 1154 1699 1225 jam
1729 1168 1833 1209 sa:-

245 1271 357 1343 pius
394 1281 618 1331 excusa,
666 1260 762 1317 scd
814 1258 973 1313 modo
1024 1255 1205 1325 prodit
1234 1268 1356 1308 cum
1393 1250 1539 1343 notis
1587 1246 1830 1343 ejusdem

245 1336 517 1429 anonymi.
548 1355 753 1422 Quarto
793 1349 923 1403 Viue
952 1355 1258 1401 sanctorum
1295 1338 1542 1409 Roduplu
1563 1349 1612 1392 et
1630 1336 1832 1391 -Domi-

248 1451 345 1506 uici
376 1428 634 1509 Loricati,
682 1443 880 1515 quibus
931 1436 1296 1507 subjiciuntur
1350 1434 1520 1504 ipsius
1574 1428 1833 1501 auonymi

242 1537 637 1597 adnotationes.
666 1533 889 1601 Quinto,
919 1528 1109 1582 Passio
1134 1524 1238 1581 SS.
1284 1521 1463 1577 Flora:
1513 1530 1579 1600 et’
1614 1516 1834 1574 Lucilio:

243 1648 362 1689 cum
413 1629 556 1685 uotis
584 1626 861 1683 eruditiss.
890 1620 1165 1677 Guilleluti
1194 1617 1409 1687 Cuperi,
1449 1629 1570 1684 qum
1616 1618 1844 1673 exstant,

242 1726 467 1779 intumo
492 1721 579 1775 Vll
601 1717 728 1775 Julii
755 1713 1117 1772 Bollandiani.
1157 1710 1354 1765 Verum
1396 1705 1838 1761 animadverten-

242 1818 367 1872 dum
397 1815 491 1869 hic
520 1821 624 1876 est,
648 1810 842 1879 capitis
869 1805 1153 1878 postremi,
1186 1802 1331 1873 quod
1375 1801 1443 1855 de
1478 1814 1669 1853 eorum
1713 1811 1833 1852 cor-

1929 605 1982 659 in
2012 604 2249 659 medium
2279 600 2490 674 profert
2518 601 2669 657 circa
2699 598 3062 669 quaestionem
3099 614 3201 655 cur
3241 598 3299 655 S.
3330 599 3535 656 Paulus

1928 694 2205 767 apostolus
2234 692 2303 748 ad
2333 692 2642 758 dexteram,
2673 692 2743 747 ad
2783 690 2974 746 laevam
3012 700 3195 745 autem
3228 688 3288 746 S.
3336 690 3537 747 Petrus

1928 783 2264 847 collocatur,
2302 780 2409 837 alia
2462 781 2638 837 videri
2693 789 2922 850 possunt
2955 780 3099 850 apud
3144 780 3422 837 Molanum
3481 783 3535 836 in

1932 873 2133 929 Hister.
2164 888 2368 927 sacrar.
2410 870 2736 942 Imaginum,
2764 871 2827 936 ll,
2856 872 2959 935 46;
3010 872 3099 938 lll,
3128 871 3232 939 εις
3258 873 3535 930 -Διιοιίιιηι

1928 966 2008 1021 De
2028 982 2285 1021 consensu
2306 966 2581 1036 utriusque
2602 961 2879 1033 Ecclesia,
2906 965 2999 1021 lib.
3044 981 3084 1031 ι,
3126 982 3176 1022 c.
3207 968 3272 1034 6;
3322 967 3539 1026 Macros

1932 1057 2130 1114 fratres
2159 1058 2213 1112 in
2240 1056 2580 1112 Hierolexico
2607 1057 2675 1112 ad
2702 1072 2892 1114 vocem
2947 1055 3145 1124 Bulla;
3187 1058 3415 1129 Pagium
3468 1062 3539 1117 ad

1932 1165 2134 1203 annum
2162 1148 2254 1213 49,
2286 1165 2342 1202 η.
2366 1150 2433 1213 5;
2465 1148 2897 1219 Papehrochium
2926 1149 2981 1203 in
3014 1147 3440 1222 Paralipomenis
3467 1156 3540 1208 ad

1932 1239 2261 1311 Propila'nm
2290 1241 2361 1297 ad
2390 1241 2525 1295 Acta
2564 1240 2667 1296 SS.
2701 1241 2856 1306 Maii,
2890 1251 2999 1298 etc.
3047 1234 3541 1316 Quadragesimum

1934 1331 2154 1386 tertium
2196 1331 2417 1386 disserit
2447 1332 2513 1387 de
2559 1332 2719 1386 laude
2742 1330 3108 1405 Flagellorum
3140 1346 3187 1390 et
3216 1338 3533 1407 disciplina’.

1932 1425 2170 1481 Jacobus
2220 1425 2442 1481 Boileau
2500 1424 2688 1481 Gallus
2734 1426 2788 1480 in
2842 1425 3083 1483 Historia
3125 1430 3540 1501 ﬁagellantium,

1936 1518 2131 1574 Latine
2179 1519 2419 1589 primum
2450 1518 2677 1575 Parisiis
2729 1536 2875 1575 anno
2935 1522 3070 1577 l700
3115 1526 3284 1592 edita,
3343 1527 3547 1584 deinde

1934 1613 2102 1667 etiam
2132 1610 2358 1678 Gallice,
2408 1626 2530 1682 cap.
2558 1613 2611 1678 7,
2646 1624 2808 1684 negat
2836 1623 2963 1669 ante
3006 1615 3227 1670 Petrum
3290 1628 3541 1675 nostrum

1937 1705 2259 1760 Damianum
2288 1704 2339 1757 in
2368 1704 2607 1760 Ecclesia
2652 1720 2859 1760 morem
2917 1706 3155 1778 viguisse
3204 1710 3543 1779 poenitentia:

1938 1811 2101 1850 causa
2126 1796 2367 1865 seipsqu
2403 1794 2678 1867 ﬂagrisco
2719 1798 2955 1855 cideudi.
3012 1801 3213 1874 verum
3264 1821 3388 1859 eum
3440 1805 3548 1862 Ba-

238 1922 434 1980 porum
459 1874 812 1959 translatione
840 1874 972 1971 agit,
999 1912 1106 1952 non
1138 1895 1312 1950 fuisse
1349 1892 1711 1947 indubitatum
1739 1904 1835 1944 au-
1864 1874 1910 1933 Β
1939 1885 2093 1940 ronio
2118 1884 2186 1939 ad
2213 1900 2417 1939 annum
2451 1885 2608 1948 1056,
2637 1903 2690 1941 n.
2720 1887 2776 1954 5,
2808 1896 2940 1943 tom.
2985 1890 3080 1957 XI,
3108 1892 3154 1946 si
3183 1892 3413 1961 hujusce
3453 1912 3551 1953 vo-

238 2008 449 2055 ctorcm
477 1995 696 2052 Petrum
726 1990 994 2056 Damiani,
1022 2004 1147 2044 cum
1183 1988 1236 2041 in
1260 2001 1327 2041 eo
1352 1986 1545 2057 ingens
1569 1983 1835 2039 anachro-

236 2091 453 2145 nismus
477 2085 937 2159 deprehendatur.
984 2081 1248 2136 Videatur
1289 2080 1393 2133 hac
1438 2092 1605 2147 super
1644 2092 1702 2131 re
1730 2074 1837 2130 Cu-

236 2183 352 2253 peri
380 2178 826 2237 Commentarios
876 2177 930 2230 in
971 2173 1189 2229 laudato
1250 2184 1398 2227 torno
1451 2169 1833 2225 Bollandiano.

234 2276 474 2331 Demum
499 2271 731 2326 habetur
749 2276 1025 2339 postremo
1056 2265 1110 2320 in
1139 2263 1260 2319 loco
1282 2261 1561 2333 Expositio
1576 2261 1837 2316 visionum

235 2364 344 2421 SS.
384 2362 629 2418 Hariani
671 2361 879 2415 lectoris
910 2368 956 2412 et
978 2356 1168 2411 Jacobi
1198 2354 1408 2408 diaconi
1430 2354 1496 2407 ab
1530 2352 1647 2422 ipso
1674 2350 1839 2405 Petro

232 2455 517 2517 Damiani,
567 2454 696 2508 dum
749 2449 947 2523 prioris
990 2447 1051 2501 S.
1108 2446 1299 2501 Cructs
1346 2427 1839 2498 Fontis-Aventina:

231 2561 473 2603 munere
488 2539 1167 2617 fungeretur,conseripta,
1199 2552 1361 2607 quam
1392 2535 1586 2592 Surius
1612 2533 1839 2591 tomolll

227 2651 344 2695 sua:
385 2634 747 2691 Cotleetionis
776 2631 1037 2698 inseruit,
1058 2639 1114 2685 et
1157 2628 1449 2697 Cajetanus
1478 2635 1633 2683 extra
1661 2625 1838 2682 locum

227 2745 392 2786 suum
424 2726 628 2783 edidit.

301 2820 394 2876 Vl.
454 2816 683 2872 Tertius
712 2825 890 2872 tomus
946 2815 1229 2886 sexaginta
1285 2813 1627 2868 diversorum
1678 2826 1842 2881 argu-

226 2920 555 2969 mentorum
580 2908 846 2979 Opuscula
877 2907 1105 2978 profert.
1130 2906 1185 2960 In
1211 2906 1294 2960 his
1323 2914 1577 2975 quartum
1603 2912 1688 2959 est
1714 2903 1841 2957 Dis-

226 3004 463 3075 reptatio
521 3000 787 3073 synodalis
814 3000 876 3053 de
904 2998 1168 3069 pontiﬁcis
1207 2997 1479 3057 electione.
1522 3012 1666 3051 anno
1708 2994 1844 3049 l062

225 3098 397 3152 missa
454 3094 534 3149 ad
571 3093 859 3149 concilium
890 3091 1238 3157 Osboriense,
1275 3091 1434 3160 vulgo
1467 3094 1523 3146 di
1564 3091 1753 3146 Osbori
1786 3092 1840 3146 in

223 3187 590 3251 Alemannia,
607 3202 637 3240 a
654 3201 760 3255 quo
778 3186 1069 3239 Alexandri
1087 3185 1124 3239 ll
1142 3185 1201 3238 P.
1222 3184 1292 3238 Μ.
1308 3184 1503 3239 electio
1516 3184 1839 3239 confirmata

223 3282 351 3347 fuit,
379 3292 562 3352 atque
576 3278 845 3335 Cadalous
858 3276 1333 3348 pseudo-pontifex
1360 3275 1618 3345 rejectus.
1641 3276 1840 3332 Golda-

224 3376 505 3433 stusillud
522 3374 688 3429 etiam
703 3374 990 3429 exhibetin
1007 3380 1046 3425 t.
1076 3371 1117 3424 ll
1144 3370 1239 3445 (al.
1265 3369 1353 3440 Ill)
1385 3368 1716 3423 Honore/tite
1744 3370 1844 3423 im-

218 3468 381 3535 perii,
406 3481 545 3537 pag.
577 3464 668 3519 45.
694 3462 916 3519 Sextum
942 3471 1025 3519 est
1057 3462 1195 3517 liber
1237 3461 1328 3531 qui
1366 3460 1671 3531 appellatur
1701 3458 1842 3514 Gra-

222 3559 499 3621 tissimus,
552 3566 611 3610 et
653 3554 721 3610 de
778 3553 1210 3630 institutionibus
1263 3550 1653 3607 ecclesiasticis
1710 3549 1842 3620 agit.

220 3646 434 3702 Lucem
468 3646 711 3716 primum
762 3645 973 3714 aspexit
1005 3643 1244 3699 Colonia:
1288 3657 1433 3696 anno
1465 3640 1625 3704 1556,
1660 3640 1712 3693 in
1756 3654 1847 3693 vo-

219 3736 440 3790 lumine
477 3735 721 3805 quodam
750 3736 802 3788 in
829 3735 881 3797 8.
918 3720 1013 3788 ubi
1046 3744 1103 3787 et
1129 3750 1392 3787 sermones
1432 3734 1496 3785 de
1537 3731 1848 3785 excellentia

218 3826 275 3881 S.
315 3826 574 3881 Joannis
602 3826 855 3895 Baptism!
894 3826 1009 3895 (qui
1040 3826 1093 3878 in
1130 3825 1231 3879 hac
1281 3832 1467 3877 nostra
1522 3822 1762 3877 editione
1793 3822 1846 3875 in

219 3929 361 3972 tom.
394 3918 469 3980 Il,
509 3932 641 3987 pag.
669 3917 793 3979 HG.
824 3915 1077 3972 collocati
1112 3916 1433 3983 cernuntur)
1466 3930 1571 3967 una
1618 3929 1739 3968 cum
1788 3912 1851 3967 li-

215 4009 316 4061 bro
350 4009 418 4062 S.
460 4007 730 4075 l’rosperi
762 4006 838 4059 De
876 4008 977 4059 rita
998 4004 1396 4074 contemplativa
1420 4004 1627 4073 pariter
1658 4004 1847 4057 inserti

216 4100 399 4155 fuere.
451 4100 669 4154 lterum
714 4098 879 4153 etiam
938 4097 990 4151 iu
1041 4095 1227 4166 Belgio
1292 4093 1391 4149 fuit
1440 4110 1701 4148 excusum
1748 4093 1851 4147 hoc

210 4193 575 4263 opusculum
644 4206 766 4243 cum
828 4189 948 4242 aliis
999 4189 1243 4257 ejusdem
1314 4186 1619 4257 argumenti
1674 4185 1849 4239 libris.

212 4285 508 4338 Octavum
556 4281 671 4351 agit
706 4281 770 4333 de
806 4280 1089 4349 paremela'
1112 4278 1389 4349 gradibus,
1415 4288 1463 4331 et
1505 4277 1570 4330 tle
1598 4275 1850 4346 gradibus

210 4372 747 4441 consanguinitatis.
779 4370 989 4424 Videsis
1013 4368 1286 4423 Benedicti
1327 4368 1519 4423 Picteti
1554 4366 1851 4421 Historiam

220 4466 420 4517 s-t'culi
473 4478 536 4515 xl
569 4500 586 4524 ,
643 4477 763 4528 pag.
801 4460 905 4514 656
948 4468 1002 4513 et
1031 4474 1182 4528 seqq.
1239 4442 1598 4513 Undcaimum
1651 4476 1854 4515 nuncu-

210 4566 385 4624 patur
418 4552 706 4606 Dominus
732 4551 1017 4610 vobiscum,
1051 4550 1175 4617 quia
1208 4550 1258 4602 in
1290 4564 1355 4602 eo
1386 4550 1453 4603 de
1498 4550 1642 4603 dicta
1684 4552 1851 4619 parti-

209 4644 361 4703 cula.
393 4652 459 4697 et
494 4643 577 4693 tlc
602 4639 704 4691 alia
731 4636 888 4703 lube,
916 4638 1123 4701 domne,
1151 4638 1450 4692 benedicere
1474 4641 1850 4694 tractationem

207 4732 629 4789 eruditissime
663 4730 912 4783 instituit.
948 4729 1129 4781 Primo
1151 4730 1354 4782 editum
1384 4738 1469 4783 est
1502 4746 1644 4784 anno
1692 4730 1850 4797 1549,

208 4826 360 4894 apud
384 4824 692 4877 Joannem
738 4820 1024 4875 Cochleum
1060 4821 1111 4873 in
1158 4819 1379 4886 Speculo
1423 4822 1656 4890 antiqme
1698 4822 1853 4875 dero-

208 4916 377 4970 tionis
405 4916 584 4967 circa
611 4911 843 4971 missam,
867 4910 1153 4979 Moguntina
1184 4911 1235 4963 in
1280 4909 1371 4965 fol.
1404 4925 1524 4981 pag.
1574 4910 1693 4964 143.
1728 4910 1857 4964 Inde

207 5023 338 5061 cum
385 5004 619 5060 eodem
644 5000 875 5057 Cochleo
908 5002 1145 5055 Venetiis
1185 5017 1326 5057 anno
1374 5002 1514 5055 1572
1546 5004 1597 5055 iu
1629 5000 1683 5065 8,
1732 5018 1853 5072 pag.

207 5099 299 5154 98.
328 5099 542 5167 Atque
582 5095 782 5147 iterum
832 5093 973 5148 inter
1004 5104 1256 5148 auctores
1309 5093 1383 5148 De
1433 5094 1625 5147 divinis
1674 5095 1855 5163 officiis

210 5190 414 5244 nenia:
458 5188 615 5242 .591
669 5186 721 5239 in
753 5185 843 5238 fol.
890 5185 962 5240 De
999 5184 1259 5239 Bonifacii
1292 5201 1443 5255 papa:
1486 5184 1549 5239 iV
1606 5186 1857 5252 Decreto,

207 5284 363 5353 quod
395 5282 477 5337 ad
516 5278 743 5334 calcem
771 5278 1013 5347 opusculi
1042 5278 1281 5332 vicesimi
1313 5279 1487 5333 octavi
1531 5278 1857 5333 collocatum

211 5377 524 5433 inrisitur.
588 5370 797 5423 \‘idcsis
845 5369 1195 5423 Franciseum
1254 5368 1456 5424 llallier
1495 5371 1639 5425 circa
1694 5371 1857 5425 linem

211 5467 336 5536 ejus
392 5462 645 5533 operis,
683 5459 768 5514 cui
830 5460 1012 5513 titulus
1043 5469 1122 5513 est
1154 5477 1165 5511 ε
1212 5459 1457 5528 Defensio
1494 5461 1859 5514 ecclesiastica:

212 5557 635 5615 "ferare/sim,
670 5548 889 5605 Parisiis
925 5551 1061 5619 apud
1115 5550 1368 5604 Carolum
1425 5550 1706 5604 Marullum
1767 5568 1864 5603 an-

211 5666 282 5704 ttu
322 5647 477 5703 lii-‘32
512 5646 576 5697 in
613 5641 675 5701 4.
703 5641 791 5693 ulti
828 5643 892 5695 ad
923 5658 1041 5710 pag.
1070 5642 1164 5695 78|
1200 5642 1415 5711 Iungunt
1445 5660 1606 5711 super
1634 5644 1733 5695 ιιυρ
1769 5643 1864 5694 περ,

212 5750 373 5793 creto
416 5732 986 5801 exliittctjuJiciuzn.
1040 5733 1396 5787 Tricesimum
1440 5737 1688 5805 qttintum
1731 5753 1863 5805 opu-

213 5832 440 5888 mnium
490 5830 581 5884 ἀι·
595 5826 829 5895 picturis
857 5828 1145 5892 principum
1165 5828 1519 5894 ..;Josloloritm
1544 5838 1859 5896 pertractat.

1939 1975 2188 2031 luntaria:
2251 1974 2633 2046 ﬂagellationis
2686 1993 2811 2033 eum
2870 1990 3153 2037 auctorem
3214 2000 3547 2053 cognoscere

1936 2081 2044 2120 nou
2074 2066 2321 2131 velimus,
2346 2078 2764 2139 prepagatorem
2816 2079 2997 2127 tamen
3042 2072 3231 2141 fuisse,
3266 2086 3323 2131 et
3353 2077 3551 2135 adver-

1937 2172 2030 2212 sus
2075 2158 2459 2231 impngnantes
2502 2168 2964 2232 propugnatorem
3024 2167 3271 2236 profecto
3323 2186 3432 2226 non
3465 2181 3553 2229 est

1937 2241 2318 2305 dubitandum.
2379 2251 2610 2307 Demnm
2669 2250 3182 2327 quinquagesitnum
3244 2266 3549 2321 secundum

1936 2335 2003 2391 de
2029 2337 2163 2391 bono
2195 2340 2430 2411 religiosi
2463 2353 2634 2398 status
2665 2360 2977 2402 sermonem
3011 2350 3193 2405 habet.
3222 2352 3383 2410 Circa
3421 2356 3553 2413 hoc~

1939 2443 2002 2483 ce
2031 2430 2352 2497 opusculum
2384 2434 2476 2489 ubi
2517 2435 2585 2490 de
2633 2437 2909 2492 variorum
2954 2442 3318 2501 animantium
3361 2456 3555 2520 tropo-

1940 2518 2079 2590 logia
2111 2521 2420 2588 disseritur,
2448 2524 2549 2596 legi
2580 2536 2810 2596 possunt
2834 2528 3234 2602 Pitysiologium
3260 2518 3553 2606 Epiphanii

1939 2606 2278 2665 Constantia:
2302 2611 2355 2666 in
2380 2614 2561 2684 tlypro
2588 2615 2853 2689 episcOpi.
2891 2628 3023 2675 tom.
3051 2622 3091 2677 ll
3119 2623 3284 2694 Oper.
3324 2637 3380 2683 et
3422 2643 3556 2700 opu-

1941 2699 2151 2754 sculum
2182 2700 2260 2754 De
2286 2701 2483 2765 bestiis,
2519 2705 2665 2773 quod
2714 2707 2859 2762 inter
2889 2724 3057 2779 opera
3091 2712 3338 2785 llugonis
3382 2699 3548 2773 deis.

1942 2788 2167 2845 Victore
2191 2791 2370 2847 locum
2399 2793 2561 2848 habet
2583 2804 2715 2850 tom.
2763 2797 2829 2863 ll,
2860 2814 3174 2872 quanquam
3207 2807 3389 2874 potius
3438 2808 3554 2863 llu-

1942 2882 2068 2951 geni
2109 2882 2176 2937 de
2205 2881 2436 2938 Folietto
2460 2886 2531 2939 sit
2563 2888 2931 2948 tribuendum.
2985 2893 3100 2949 Hoc
3131 2895 3380 2953 Damiani
3418 2916 3553 2971 opu-

1944 2971 2153 3026 sculum
2180 2973 2425 3029 imitatus
2454 2985 2539 3031 est
2568 2976 2744 3048 llugo,
2774 2980 3024 3052 quisquis
3055 2985 3150 3051 sit,
3184 2987 3465 3059 multaque
3488 2994 3555 3044 ah

1945 3068 2064 3135 ipso
2101 3068 2394 3138 excerpsit.

2023 3156 2128 3212 νη.
2163 3159 2479 3215 Postremus
2524 3163 2759 3234 denique
2808 3174 3023 3236 tomus,
3057 3186 3255 3241 nempe
3300 3186 3545 3243 quartus,

1945 3251 2211 3305 orationes
2232 3292 2246 3315 ,
2273 3269 2529 3321 precesre,
2553 3255 2793 3325 hymnos,
2818 3258 3085 3328 lectiones,
3107 3266 3317 3331 missas,
3346 3285 3563 3339 respon-

1946 3349 2158 3406 siones,
2214 3353 2378 3413 atque
2441 3349 2680 3401 carmina
2737 3351 2915 3419 primo
2967 3353 3089 3409 loco
3150 3360 3560 3430 complectitur.

1952 3431 2293 3503 liyumorum
2324 3434 2534 3506 aliquot
2570 3439 2923 3495 doctissimus
2970 3458 3035 3498 ac
3078 3461 3199 3501 ven.
3254 3452 3557 3507 cardinalis

1950 3526 2279 3583 Thomasius
2323 3528 2557 3585 clericus
2604 3528 2872 3602 regularis
2912 3536 2964 3589 in
3012 3536 3318 3608 llymnario
3351 3545 3419 3597 ad
3449 3545 3560 3599 cai-

1951 3635 2069 3673 cem
2102 3621 2183 3674 sui
2218 3617 2471 3675 Psalterii
2516 3624 2679 3693 publi.
2702 3636 2731 3678 a
2764 3624 2884 3682 luce
2924 3632 3111 3684 denuo
3141 3633 3383 3689 «lonavit.
3430 3637 3563 3692 lndc

1952 3720 2255 3780 sequtuntur
2312 3712 2648 3769 Collectanea
2700 3717 2757 3771 in
2820 3715 2976 3772 Vetus
3043 3720 3435 3780 Testamentum
3491 3744 3560 3783 ex

1952 3800 2195 3869 epistolis
2248 3803 2637 3873 apuseulisque
2685 3801 2833 3860 Petri
2903 3806 3152 3863 Ilamiani
3202 3829 3231 3864 a
3286 3817 3560 3872 monacho

1953 3890 2070 3959 ejus
2096 3892 2364 3961 discipulo
2390 3906 2673 3965 excerpta,
2706 3906 2758 3952 et
2787 3899 2855 3952 ad
2893 3900 3213 3957 Damianum
3260 3906 3369 3960 divi
3412 3906 3563 3964 Petri

1954 3998 2020 4037 ex
2046 3981 2217 4039 fratre
2244 3995 2496 4055 nepotem
2531 4003 2719 4052 missa,
2747 3989 2816 4043 ab
2845 4006 3006 4061 quem
3038 3994 3105 4049 ad
3138 3998 3329 4053 eodem
3357 3999 3416 4055 S.
3456 4000 3563 4056 Pe-

1957 4086 2042 4129 tro
2076 4078 2398 4144 opusculum
2431 4078 2500 4131 47
2530 4090 2616 4134 est
2645 4082 2991 4151 inscriptum.
3051 4086 3133 4147 Cl.
3177 4089 3454 4148 Grandius
3505 4096 3557 4149 in

1956 4185 2052 4225 sua
2086 4171 2506 4239 Dissertatione,
2530 4178 2759 4245 qumhic
2790 4180 3108 4247 exhibetur,
3141 4183 3263 4253 cap.
3314 4186 3364 4249 l,
3409 4204 3464 4240 n.
3498 4188 3555 4249 ξς,

1957 4261 2282 4317 Damianum
2317 4265 2373 4317 S.
2409 4266 2474 4317 ll.
2508 4267 2569 4320 E.
2620 4270 2951 4323 cardinulem
2998 4288 3026 4325 a
3064 4272 3121 4327 S.
3173 4274 3441 4347 Gregorio
3471 4278 3559 4333 νη

1958 4351 2017 4405 Ρ.
2054 4352 2123 4408 Μ.
2166 4364 2411 4409 creatum
2438 4355 2607 4410 fuisse
2642 4360 2779 4414 satis
2802 4364 3017 4418 erudite
3056 4365 3289 4432 probare
3332 4378 3561 4423 contem

1957 4444 2054 4497 dit.
2091 4443 2293 4499 Ultimo
2322 4446 2440 4500 loco
2471 4447 2727 4518 Regulam
2774 4450 3165 4508 Canonicorum
3216 4455 3560 4524 Regularium

1960 4535 2105 4589 Petri
2134 4538 2201 4590 de
2227 4536 2537 4593 llonestise
2578 4542 2835 4597 limenna
2870 4544 3115 4599 inserere
3164 4547 3368 4617 placuit
3411 4550 3571 4621 Caje-

1964 4638 2113 4691 lano,
2140 4638 2324 4697 utpote
2350 4646 2471 4698 qua:
2514 4632 2582 4683 ah
2611 4632 2881 4702 aliquibus
2935 4636 3058 4689 divo
3105 4637 3267 4693 Petro
3320 4640 3568 4695 Damiani

1962 4721 2063 4773 fuit
2095 4722 2422 4791 adjudicAta.
2455 4724 2698 4793 Ipsorum
2726 4728 2982 4792 nominis,
3018 4730 3207 4797 patria:
3231 4746 3295 4786 ac
3344 4734 3569 4787 humilis

1964 4816 2381 4883 subscriptionis
2428 4815 2575 4871 Petri
2599 4821 2890 4887 peccatoris
2933 4823 3292 4890 a'quivocatio
3343 4827 3568 4881 errandi

1965 4907 2313 4961 occasionem
2343 4908 2500 4962 facile
2523 4912 2768 4977 praebere
2798 4914 2992 4980 potuit.
3032 4914 3231 4968 Verum
3264 4932 3425 4971 nemo
3461 4934 3569 4973 non

1969 4996 2113 5051 videt
2135 5014 2412 5068 nunquam
2447 5002 2510 5055 ad
2541 5000 2755 5055 Petrum
2781 5004 3056 5069 Damiani,
3092 5006 3185 5057 sed
3217 5008 3283 5061 ad
3334 5008 3563 5067 alterunt

1968 5093 2033 5144 tie
2077 5090 2328 5145 Hom-stis
2352 5093 2625 5160 pertinere
2648 5093 2991 5148 solummodo
3021 5111 3200 5163 posse,
3230 5113 3355 5152 cum
3402 5116 3568 5166 regn-

1969 5183 2015 5236 la
2053 5186 2165 5255 ipsa
2194 5187 2261 5239 ad
2295 5184 2609 5241 Paschalem
2637 5186 2677 5241 ll
2711 5188 2767 5241 P.
2806 5188 2875 5241 M.
2916 5190 3179 5260 inscripta
3222 5194 3312 5249 sit.
3367 5197 3573 5267 quique

1968 5275 2247 5329 Paschalis
2274 5276 2536 5330 vicesimo
2561 5278 2792 5346 septimo
2822 5295 2966 5332 anno
2998 5289 3120 5349 post
3144 5281 3287 5335 Petri
3320 5284 3569 5338 Danaam

1968 5370 2173 5423 obitum
2204 5370 2315 5439 (qui
2341 5386 2482 5424 anno
2511 5371 2642 5424 1072
2681 5372 2928 5442 contigit)
2958 5374 3027 5427 ad
3071 5374 3331 5430 Ecclesia:
3382 5379 3569 5431 catho-

1970 5461 2085 5515 lica:
2122 5462 2360 5532 regimen
2386 5462 2487 5515 fuit
2506 5474 2750 5529 evectus,
2779 5480 2922 5519 anno
2944 5466 3155 5519 scilicet
3180 5468 3338 5521 1099.

2044 5551 2174 5605 VIII.
2209 5554 2447 5607 Tabulas
2472 5563 2585 5609 tum
2609 5554 2850 5609 locorum
2877 5572 3048 5610 sacra:
3086 5557 3404 5626 Scriptum,
3458 5566 3569 5611 tum

1973 5644 2349 5707 materiatura,
2408 5661 2529 5714 qum
2590 5648 2641 5698 in
2699 5646 2995 5701 Parisiensi
3048 5648 3285 5701 editione
3354 5647 3571 5712 rejeetas

1975 5739 2321 5804 reperiuntur
2354 5738 2405 5791 in
2440 5750 2717 5808 [instrenui
2746 5750 2895 5793 tome
2916 5784 2929 5807 ,
2962 5757 3139 5808 opera-
3170 5742 3400 5810 pretium
3436 5740 3568 5791 (ἱιιλί

1978 5832 2112 5883 tinus
2146 5847 2197 5883 tu
2239 5840 2424 5897 [uirtus
2471 5832 2753 5897 uititlet‘c,
2785 5832 2857 5885 ita
2893 5842 2949 5886 ut
2996 5833 3161 5901 (tlllUtl
3211 5832 3262 5883 in
3294 5846 3399 5883 non
3454 5831 3571 5880 levi:
