4040 6428
527 449 595 506 16
1411 443 1470 498 S.
1498 440 1772 498 PETRUS
1805 439 2117 498 DAMIANU

2195 439 2254 496 S.
2289 438 2356 494 ιι.
2396 439 2459 494 Ε.
2499 435 2934 494 CARDINALIS.
3710 437 3774 493 16

525 557 872 615 commodum
896 556 991 612 tibi
1021 555 1197 624 cedet)
1223 563 1342 624 post
1369 553 1665 608 secundum
1695 562 1902 609 tomum
1932 552 2094 607 facile
2128 557 2178 617 Α
2207 565 2326 620 quae
2348 549 2399 602 in
2432 546 2780 602 bibliothecis
2801 546 2986 602 forsan
3013 544 3202 608 latent,
3229 543 3573 609 conferrent;
3616 556 3773 607 nova,

528 648 844 703 adinvenies
877 662 995 716 qua:
1029 647 1094 700 ad
1123 647 1256 701 duos
1275 645 1486 715 priores
1521 652 1696 700 tomos
1740 651 2012 714 spectant,
2045 653 2103 698 et
2208 641 2253 696 si
2284 653 2402 708 quae
2428 635 2628 702 forent,
2659 638 3000 707 produceret.
3044 644 3100 704 et,
3144 635 3473 690 auctioribus
3524 632 3778 688 observa-

527 746 651 807 post
681 746 930 806 quartum
965 750 1085 805 quae
1125 736 1192 789 ad
1226 735 1363 789 duos
1400 735 1716 803 posteriore.
1770 734 1848 787 En
1872 773 1887 798 ,
1932 732 2105 786 lector
2207 727 2442 782 tionibus
2465 727 2713 796 notisque
2735 725 2950 781 ditaret.
2974 723 3171 780 Fateor
3211 725 3356 780 enim
3397 721 3654 778 nonnulla
3690 722 3779 778 de-

527 826 936 890 humanissime,
959 825 1220 895 quidquid
1256 826 1306 879 in
1349 825 1492 898 Petn'
1518 825 1764 880 Damiani
1805 821 1979 892 Opera
2012 823 2104 877 ad-
2209 831 2328 874 esse
2358 824 2412 870 et
2440 817 2565 872 huic
2620 816 2873 880 editioni,
2922 831 3028 886 quo
3078 815 3258 870 minus
3310 810 3776 868 eonsumatissima

527 923 720 970 notare
773 915 960 980 libuit,
993 925 1046 970 et
1082 931 1180 987 pro
1231 925 1466 985 tempore
1510 915 1678 970 licuit.
1734 914 1999 970 Caeterum
2047 916 2102 969 in
2209 906 2464 976 appellari
2496 906 2703 972 valeat;
2750 921 2938 964 verum
2989 907 3094 962 alia
3121 920 3190 961 ex
3225 913 3379 974 parte
3425 899 3776 972 praecedenti-

525 1001 666 1055 votis
701 1001 1010 1058 habuissem
1037 1043 1053 1068 ,
1085 1013 1144 1057 ut
1171 1003 1604 1075 praestantissimi
1655 1000 1811 1070 hujus
1863 1003 2103 1058 auctoris
2210 998 2312 1054 bus
2343 998 2594 1052 omnibus
2627 1011 2750 1052 eam
2777 995 3182 1062 correctiorem,
3211 994 3508 1052 auctiorem
3547 999 3604 1046 et
3648 987 3776 1044 niti-

523 1088 647 1158 quis
673 1090 876 1159 scripta
897 1091 1077 1146 omnia
1109 1091 1176 1146 ad
1212 1104 1440 1147 examen
1465 1097 1783 1154 revocaret;
1819 1103 1942 1144 cum
1973 1105 2102 1146 mss.
2212 1090 2418 1145 diorem
2451 1087 2690 1144 futuram
2713 1088 2944 1146 conﬁdo.
2977 1087 3128 1145 Vale.

1093 1508 1654 1602 CAJETANI
1729 1509 2310 1604 EPISTOLA
2365 1511 3206 1606 DEDICATORIA.

591 1931 650 1988 S.
691 1932 755 1988 D.
797 1931 862 1986 N.
904 1930 1084 1988 PAULO
1121 1932 1186 1998 'V,
1218 1933 1459 2004 pontiﬁci
1482 1933 1733 1999 maximo,
1765 1933 2172 1991 CONS'MNTINUS
2193 1935 2525 1999 Cumanus,
2555 1932 2849 1989 monachus
2871 1930 3302 2004 congregationis
3321 1927 3650 1996 Casinensis,
3675 1941 3763 1985 sa-

519 2027 692 2080 lutem
716 2033 772 2078 et
793 2023 1102 2078 felicitatem
1133 2038 1164 2077 a
1197 2023 1309 2078 Deo
1336 2034 1609 2095 precatur.

595 2111 723 2167 Jure
749 2113 975 2182 optimo,
1003 2112 1166 2167 Pater
1189 2112 1520 2180 beatissime,
1560 2114 1806 2170 laborum
1844 2129 2087 2170 meorum
2130 2115 2403 2186 primitias
2448 2113 2542 2169 tibi
2575 2111 2938 2184 degustandas
2970 2123 3274 2175 consecro;
3315 2108 3513 2179 quippe
3536 2108 3629 2178 qui
3650 2107 3774 2166 Cle-

517 2201 717 2258 mentis
746 2202 920 2256 octavi
946 2207 1142 2267 locum,
1175 2218 1476 2273 munusque
1505 2204 1898 2273 amplissimum
1922 2204 2106 2259 divino
2132 2214 2263 2260 nutu
2294 2220 2398 2259 non
2426 2205 2582 2259 modo
2607 2203 2828 2258 sortitus
2857 2217 2936 2265 es,
2965 2214 3150 2256 verum
3179 2199 3342 2255 etiam
3387 2197 3455 2254 de
3491 2207 3544 2253 te
3570 2198 3778 2268 optime

522 2291 702 2345 meriti
739 2291 1010 2360 pontilicis
1037 2292 1386 2346 consiliorum
1439 2307 1732 2361 rerumque
1779 2294 1917 2346 bene
1966 2293 2337 2347 institutarum
2385 2292 2563 2346 fautor
2602 2305 2662 2346 es
2692 2299 2746 2345 et
2781 2289 3155 2360 ampliﬁcator.
3179 2287 3289 2342 Has
3311 2288 3556 2342 interest
3584 2286 3779 2342 beatus

517 2379 710 2434 Petrus
732 2378 998 2445 Damiani,
1022 2381 1114 2448 qui
1146 2389 1204 2434 ut
1235 2379 1286 2434 in
1309 2379 1482 2435 lucem
1512 2381 1787 2446 ederetur,
1814 2380 1862 2434 is
1885 2379 2016 2434 mihi
2040 2389 2229 2435 auctor
2254 2379 2521 2434 maximus
2547 2378 2665 2432 fuit.
2712 2376 2900 2432 Merito
2927 2375 3132 2443 itaque,
3164 2383 3221 2428 ut
3248 2388 3334 2428 me
3374 2373 3442 2427 ab
3464 2372 3611 2428 omni
3641 2370 3780 2427 obli-

517 2473 734 2542 gatione
760 2471 1006 2538 liberem,
1036 2487 1194 2541 opus,
1227 2473 1369 2542 quod
1397 2472 1658 2527 Clementi
1680 2471 1905 2526 reddere
1945 2473 2168 2526 minime
2195 2486 2434 2539 possum,
2469 2469 2770 2523 successori
2810 2466 3232 2521 clementissimo
3259 2463 3457 2519 refero.
3484 2461 3782 2517 Clementis

518 2576 657 2630 opus
690 2562 918 2615 dixerim
958 2562 1301 2626 Damianum,
1329 2575 1488 2630 quem
1517 2569 1668 2615 tanto
1691 2573 1908 2628 semper
1930 2569 2009 2614 est
2053 2575 2238 2614 amore
2262 2557 2596 2627 complexus,
2623 2565 2682 2610 ut
2706 2555 2791 2610 vel
2818 2555 2873 2609 in
2900 2568 3006 2618 tne,
3034 2553 3124 2622 qui
3153 2551 3206 2606 in
3235 2567 3299 2606 eo
3321 2551 3548 2605 multum
3573 2548 3782 2603 labora-

515 2663 722 2711 veram,
758 2650 902 2704 illius
927 2649 1310 2706 benevolentia
1336 2664 1442 2704 non
1473 2664 1666 2718 parum
1694 2647 1974 2703 derivarit.
2011 2644 2326 2702 Sednescio
2361 2659 2428 2698 an
2461 2653 2609 2698 tuum
2636 2643 2815 2712 potius
2841 2641 2989 2695 illum
3025 2639 3289 2710 appellem
3319 2654 3333 2692 :
3367 2654 3490 2693 nam
3521 2639 3568 2693 si
3594 2652 3783 2707 perso-

516 2755 645 2794 nam
674 2749 996 2810 spectemus,
1031 2740 1088 2795 S.
1129 2740 1197 2794 R.
1229 2741 1290 2794 E.
1323 2739 1614 2795 cardinalis
1660 2747 1764 2806 est,
1814 2749 1869 2794 et
1918 2736 2181 2794 Ostiensis
2223 2737 2538 2808 episcopus;
2597 2736 2641 2790 si
2684 2734 2808 2790 libri
2857 2732 3016 2802 hujus
3059 2732 3362 2796 consilium,
3398 2732 3663 2786 institutio
3691 2739 3779 2786 est

516 2827 777 2883 Ecclesia:
802 2827 1204 2884 moderatorum
1246 2844 1529 2885 morumve
1563 2837 1937 2898 corruptorum
1987 2827 2332 2892 emendatio;
2361 2827 2406 2883 si
2430 2826 2497 2881 ad
2524 2839 2660 2896 quos
2683 2823 2938 2880 scribitur
2964 2823 3133 2888 viros,
3163 2822 3436 2892 principes
3463 2831 3587 2876 sunt
3612 2829 3776 2890 atque

515 2929 576 2971 In
603 2919 794 2986 primis
824 2919 1104 2987 pontiﬁces
1132 2921 1354 2974 maximi
1386 2937 1398 2972 :
1427 2933 1544 2987 qua:
1581 2920 1764 2974 omnia
1784 2918 1945 2975 ofﬁcii
1979 2919 2055 2973 tui
2085 2930 2169 2974 est
2192 2934 2409 2985 curare,
2448 2917 2722 2988 dignitatis
2759 2916 3027 2985 amplecti.
3063 2915 3288 2969 Accedit
3313 2913 3646 2969 incredibilis
3675 2915 3780 2969 istc

520 3015 645 3063 tuus
673 3011 837 3063 ardor
865 3010 1048 3074 animi,
1085 3011 1427 3080 studiumque
1453 3011 1775 3066 Christianae
1797 3011 2072 3083 religionis
2099 3011 2444 3067 defendenda:
2469 3019 2523 3066 et
2559 3009 2946 3080 ampliﬁcandae
2973 3027 2985 3061 :
3019 3009 3108 3077 qui
3134 3007 3256 3076 jure
3283 3023 3382 3061 suo
3414 3007 3575 3061 talem
3602 3008 3781 3061 virum

524 3099 856 3168 postulabat,
882 3100 1056 3169 qualis
1091 3111 1311 3156 sanctus
1340 3103 1526 3157 doctor
1553 3103 1982 3168 commendatur,
2015 3103 2140 3157 ﬁdei
2168 3117 2233 3158 ac
2267 3102 2400 3173 legis
2435 3101 2630 3156 divinae
2653 3099 2904 3156 defensor
2931 3100 3269 3163 acerrimus;
3308 3099 3518 3152 vitiosa:
3553 3097 3774 3152 vivendi

521 3189 951 3254 consuetudinis,
976 3205 1096 3259 qua:
1120 3191 1174 3244 in
1206 3205 1304 3246 sua
1341 3199 1583 3261 tempora
1613 3191 2014 3257 dominabatur,
2053 3191 2385 3263 exstirpandi
2425 3191 2852 3246 studiosissimus
2880 3207 2895 3254 ;
2926 3190 3003 3243 uti
3042 3190 3096 3243 in
3127 3189 3268 3244 illius
3293 3188 3536 3258 epistolis
3566 3189 3776 3258 perspi-

520 3288 649 3330 cere
690 3274 984 3344 jncundum
1021 3277 1151 3339 erit,
1186 3277 1371 3332 utilius
1403 3287 1566 3348 atque
1609 3278 1892 3350 gloriosius
1918 3279 2142 3333 imitari.
2174 3279 2400 3349 Suscipe
2431 3279 2615 3350 igitur,
2657 3278 2817 3333 Pater
2845 3277 3205 3344 sanctissime,
3238 3287 3386 3331 tuum
3429 3277 3775 3340 Damianum,

519 3369 612 3438 qui
645 3377 722 3423 tot
747 3385 811 3425 ac
843 3371 1007 3425 tantis
1036 3381 1211 3426 tecum
1240 3382 1325 3428 est
1353 3373 1572 3442 junctus
1602 3373 1792 3439 titulis,
1823 3383 1882 3429 ut
1901 3374 2164 3444 gaudeam
2197 3389 2284 3429 me
2325 3374 2392 3428 de
2416 3373 2717 3444 patrocinio
2745 3371 2992 3426 Damiani
3017 3371 3330 3438 sollicitum,
3371 3379 3426 3425 te
3455 3370 3530 3425 illi
3559 3384 3682 3427 esse
3704 3370 3772 3424 ad

519 3459 747 3530 gloriam
781 3471 877 3514 :et
901 3463 1040 3530 apud
1069 3462 1455 3517 beatitudinem
1489 3473 1655 3528 tuam,
1693 3464 1842 3518 illum
1880 3480 1977 3534 pro
2009 3465 2144 3528 suis,
2175 3464 2403 3534 aliisque
2434 3465 2616 3528 rebus,
2658 3479 2775 3534 qua:
2805 3464 2944 3532 apud
2984 3479 3068 3517 me
3120 3471 3267 3527 sunt,
3319 3473 3517 3532 tuaque
3570 3477 3674 3532 ope
3722 3469 3783 3515 ct

521 3542 723 3604 auxilio
747 3551 1006 3621 indigent,
1032 3559 1317 3620 patronum
1345 3555 1636 3610 invenisse.
1663 3554 1847 3611 Habeo
1866 3556 2010 3610 enim
2041 3572 2152 3626 pra:
2173 3558 2419 3612 manibus
2443 3557 2840 3628 quamplurium
2869 3566 3180 3612 sanctorum
3205 3557 3491 3623 Historias,
3527 3571 3646 3625 qua:
3670 3571 3780 3609 non

519 3637 640 3691 sine
679 3654 869 3708 magna
900 3641 1134 3709 ipsorum
1158 3641 1376 3712 injuria,
1433 3658 1641 3698 necnon
1675 3644 1890 3713 pietatis
1921 3660 1984 3698 ac
2005 3646 2253 3714 gloriosa:
2284 3647 2644 3703 aemulationis
2668 3646 2901 3716 jactura,
2935 3647 3329 3702 desiderantur.
3365 3647 3527 3702 Multa
3555 3661 3620 3702 ex
3649 3662 3775 3716 pro-

519 3729 665 3783 batis
703 3730 1054 3797 scriptoribus
1077 3732 1258 3785 notavi
1284 3733 1622 3802 adjungenda
1651 3733 1704 3786 in
1733 3734 1974 3788 Romano
1998 3735 2403 3806 Martyrologio,
2441 3751 2559 3804 qua:
2587 3736 2782 3804 partim
2804 3737 2872 3790 ad
2899 3744 3212 3790 sanctorum
3238 3750 3546 3799 numerum,
3573 3736 3779 3804 partim

521 3816 589 3871 ad
617 3825 920 3886 temporum
957 3829 1118 3888 atque
1162 3821 1400 3875 locorum
1435 3823 1487 3874 in
1521 3821 1714 3889 quibus
1741 3821 1975 3890 gloriose
2001 3825 2208 3888 obiere,
2237 3827 2507 3893 pertinent
2532 3827 2832 3880 veritatem.
2861 3825 3062 3896 Collegi
3094 3826 3324 3894 denique
3353 3825 3609 3880 nonnulla
3630 3837 3780 3880 vete-

523 3921 644 3960 rum
672 3906 893 3960 Patrum
926 3910 1275 3973 monim’enta,
1307 3925 1424 3979 qua:
1452 3911 1496 3964 si
1538 3911 1591 3964 in
1618 3911 1888 3979 publicum
1915 3922 2259 3981 apparerent,
2285 3914 2369 3968 vel
2392 3914 2468 3968 rei
2497 3916 2752 3979 novitate,
2784 3913 2864 3969 vel
2885 3915 3116 3968 utilitate
3142 3915 3326 3968 multis
3353 3915 3508 3970 bonis
3534 3915 3779 3984 legentes

524 3997 882 4053 cumularent.
917 4000 1092 4070 Atque
1121 4002 1174 4055 bi
1200 4015 1406 4066 omnes,
1437 4002 1599 4056 Pater
1624 4001 1983 4068 sanctissime,
2024 4003 2151 4056 dum
2184 4012 2235 4058 te
2264 4002 2318 4056 in
2345 4004 2514 4058 beatae
2542 4004 2778 4074 Virginis
2800 4012 2851 4057 et
2880 4002 3244 4073 apostolorum
3274 4002 3536 4072 principis
3563 4003 3776 4057 instau-

522 4090 708 4144 randis
732 4091 1096 4160 ornandisque
1125 4093 1338 4162 templis
1377 4103 1694 4163 occupatum
1733 4108 2088 4165 conspexere,
2121 4094 2174 4149 in
2207 4108 2354 4163 spem
2384 4103 2588 4150 certam
2640 4105 2927 4160 venerunt,
2957 4094 3072 4148 fore
3115 4102 3174 4147 ut
3204 4095 3256 4146 in
3286 4093 3458 4148 lucem
3492 4107 3589 4161 per
3622 4101 3671 4146 te
3710 4108 3776 4148 ac

525 4179 693 4232 vitam
722 4187 1105 4233 revocarentur
1132 4198 1144 4230 :
1173 4189 1590 4250 sanctorumque
1618 4183 1852 4236 virorum
1893 4183 2127 4236 studium
2152 4184 2258 4236 tuis
2294 4194 2438 4238 recte
2466 4183 2621 4254 factis
2646 4185 2697 4237 in
2730 4185 3007 4238 hominum
3031 4183 3227 4236 animis
3245 4190 3588 4250 conceptum,
3616 4197 3778 4251 pare-

531 4277 619 4323 ret
641 4267 896 4323 Ecclesiae
925 4268 1189 4324 universa:
1215 4269 1422 4324 fructus
1457 4269 1666 4334 uberes,
1697 4270 1904 4324 auctori
1952 4285 2077 4324 vero
2099 4271 2321 4340 gloriam
2357 4273 2763 4341 sempiternam.
2801 4272 3061 4340 Equidem
3088 4287 3306 4341 operam
3341 4286 3539 4334 meam,
3569 4272 3778 4340 qualis-

531 4372 743 4426 cunque
772 4356 860 4410 illa
899 4359 987 4423 sit,
1035 4373 1248 4413 omnem
1287 4349 1527 4428 polliceri
1568 4375 1784 4429 possum
1815 4378 1830 4426 ;
1886 4375 1997 4415 rem
2031 4375 2157 4415 vero
2184 4375 2446 4415 summam
2479 4363 2708 4431 probare
2751 4377 2814 4417 ac
2844 4362 3027 4417 fovere
3059 4371 3142 4417 est
3165 4361 3352 4429 judicii
3390 4376 3454 4416 ac
3485 4364 3776 4432 potestatis

533 4456 656 4499 tuae.
679 4444 855 4501 Meum
877 4446 1108 4516 denique
1135 4456 1240 4512 est,
1275 4448 1369 4502 tibi
1394 4463 1424 4501 a
1457 4447 1567 4502 Deo
1605 4459 1718 4518 opt.
1755 4464 1898 4504 max.
1934 4448 2144 4504 ﬁrmam
2171 4451 2551 4514 valetudinem.
2586 4452 2826 4507 consiliis
2851 4467 2913 4506 ac
2941 4454 3100 4509 rebus
3127 4452 3233 4508 tnis
3266 4452 3537 4522 sapienter
3559 4463 3777 4510 sancte—

531 4552 638 4608 que
657 4540 848 4610 coeptis
871 4538 1178 4597 felicitatem
1208 4542 1438 4610 precari.
1471 4542 1617 4598 Vale.
