4040 6376
267 451 326 511 1⁵1
831 446 848 461 ⁸
1082 434 1621 496 PROLEGOMENA.
1660 461 1733 476 ---
1770 431 1860 487 DE
1892 429 2272 490 INSTITUTO
2310 428 2724 490 CAMALDUL.
3497 428 3571 486 ιο

274 585 1549 616 W

1213 756 1902 878 GUIDONIS
1987 712 2597 873 GRANDII

429 1008 879 1061 CIBMONBNSIS
925 1005 1185 1052 ηιιηιε
1228 1001 1486 1049 οιωικιε
1530 998 1751 1046 ΒΔΠΟΤΙ
1799 1000 1832 1042 Β

1940 998 2167 1057 ευιατι,
2213 972 2742 1046 αΛιίΑιοσικηειε
2788 994 3382 1056 ΩΟΝΕΒΕΘΔΤΙΟΠῙΒ,

1506 1159 2311 1255 DISSERTATIO

633 1411 722 1470 DE
755 1410 815 1466 S.
855 1404 1063 1465 PETRI
1098 1402 1385 1463 DAMI‘ANI
1418 1401 1509 1459 ET
1546 1396 2155 1457 AVELLANITARUM-
2188 1395 2567 1456 lNSTlTUTO
2606 1396 3184 1457 CAMALDULENSI.

765 1730 995 1790 CAPUT
1033 1729 1328 1787 PRIMUM.

411 1830 642 1900 Scopas,
676 1833 1042 1896 argumentum
1073 1832 1120 1877 et
1151 1820 1356 1876 occasio
1383 1816 1668 1873 scribendi.

250 1924 522 1982 Srnoesrs.
558 1949 618 1958 -—
660 1917 804 1991 Varii
862 1917 1189 1991 scriptorum
1228 1911 1423 1991 ﬁnes:
1474 1926 1543 1991 es
1580 1908 1668 1991 his
1697 1906 1841 1991 ‘quis

316 1979 532 2049 auctori
568 1986 922 2063 proposiuts?
950 1979 1124 2063 Nalm;
1146 1986 1198 2039 l.
1227 1981 1486 2063 Ejusdem
1522 1980 1579 2034 in
1616 1979 1841 2063 Petrum

314 2053 641 2121 Damianum
671 2053 915 2130 'fiducia.
971 2056 1029 2130 3.
1086 2053 1416 2130 Qt_t;estio_nis
1439 2121 1452 2130 _
1475 2057 1839 2130 momentum.

310 2119 365 2189 3.
398 2132 553 2187 Petri
577 2128 826 2189 Damiani
851 2119 1187 2199 elogium—4.
1209 2121 1641 2199 Avellanitarum
1665 2119 1842 2199 gloria

317 2220 381 2259 ex
412 2211 568 2257 tanta
598 2208 912 2255 sanctorum
924 2191 1135 2271 [atque
1160 2195 1545 2271 episcoporum
1575 2191 1762 2271 copia,
1775 2196 1845 2271 _et

311 2272 687 2341 cardinalibus
722 2264 1062 2341 Aexeodeni
1126 2264 1463 2341 monasterio
1518 2264 1840 2341 assumptis.

311 2343 365 2399 5.
393 2341 588 2397 Jacobi
620 2337 909 2394 Ladercbii
938 2344 1170 2392 conatus
1194 2336 1263 2390 ad
1282 2348 1476 2389 omnes
1504 2331 1843 2387 Avellanitas

311 2415 382 2467 ab
408 2413 609 2468 ordine
637 2406 1039 2465 Camaldulensi
1074 2405 1495 2460 abstrahendos.
1521 2401 1575 2456 6.
1606 2402 1648 2456 A
1679 2400 1842 2455 nobis

308 2484 447 2554 ejus
470 2480 869 2554 refutationem
893 2476 1061 2554 juste,
1115 2474 1451 2554 necessario,
1491 2487 1557 2527 ac
1593 2472 1843 2554 modeste

305 2542 749 2626 suscipiendam;
797 2542 930 2626 ibid.
982 2545 1059 2601 De
1085 2544 1247 2626 aliis...
1300 2559 1426 2616 quae
1476 2542 1837 2615 prodierunt,

305 2615 580 2679 adversus
616 2617 978 2675 Ladcrcbium
1014 2615 1300 2686 apologiis.

850 2740 1109 2782 DISSBBTA
1118 2740 1229 2781 1'10.

304 2846 346 2903 I.
369 2845 474 2914 Qui
502 2845 654 2901 viros
679 2841 990 2908 sanctitate,
1007 2839 1276 2907 doctrina,
1304 2838 1537 2895 rebusve
1558 2836 1681 2895 aliis
1699 2851 1836 2908 pra:-

239 2939 383 2995 clare
421 2937 599 3008 gestis
648 2934 912 3004 insignes,
956 2932 1044 2987 vel
1085 2931 1324 2997 familize,
1362 2930 1445 2985 vel
1483 2929 1697 3002 patriae,
1749 2927 1837 2984 vel

236 3030 409 3086 ordini
449 3042 557 3083 suo
589 3026 870 3080 vindicare
913 3031 1201 3087 conantur,
1245 3022 1479 3079 diversis
1520 3020 1727 3092 impelli
1765 3019 1835 3075 ad

235 3118 587 3175 scribendum
614 3115 809 3179 studiis
837 3122 1277 3170 consueverunt:
1304 3112 1553 3184 plerique
1575 3111 1835 3166 nimirum

234 3210 301 3263 ad
332 3209 767 3264 ostentationem
811 3206 1022 3277 gloria,
1054 3204 1297 3261 nonnulli
1327 3204 1578 3262 veritatis
1623 3218 1834 3269 amore,

234 3299 554 3368 paucissimi
584 3296 965 3352 :edificationis
988 3296 1163 3367 gratia
1187 3296 1239 3350 id
1269 3296 1321 3350 in
1349 3310 1407 3351 se
1434 3295 1635 3366 negotii
1661 3294 1837 3350 susci-

232 3390 406 3459 piunt.
442 3390 564 3460 Ego
599 3404 747 3452 vero,
782 3399 841 3442 ut
882 3388 1184 3457 primorum
1216 3387 1515 3441 vanitatem
1553 3386 1833 3442 declinare

230 3494 325 3548 pro
368 3480 587 3534 viribus
615 3488 821 3548 satago,
872 3478 943 3531 ita
976 3477 1153 3532 zelum
1195 3477 1427 3532 aliorum
1470 3477 1737 3541 annnlari,
1770 3493 1835 3531 ac

233 3569 470 3639 denique
502 3569 875 3638 posteriorum
905 3568 1141 3622 fructum
1168 3569 1419 3637 pra‘scnti
1449 3569 1834 3623 dissertatione

230 3658 514 3727 consequi,
564 3673 780 3712 summo
820 3656 987 3712 animi
1030 3658 1245 3721 ardore,
1286 3658 1561 3713 desidero.
1608 3658 1833 3714 Petrum

229 3748 437 3803 scilicet
478 3748 827 3809 Damianum,
864 3754 918 3801 et
951 3746 1289 3802 Avellanitas
1336 3756 1569 3803 caeteros
1612 3748 1832 3802 Catual-

232 3839 479 3894 dnlensis
508 3839 747 3893 instituti
781 3836 969 3904 fuisse,
995 3838 1261 3893 adversus
1292 3848 1613 3909 argumenta
1644 3836 1834 3894 Jacobi

230 3925 549 3993 Laden—liii,
587 3928 1027 3999 congregationis
1068 3927 1300 3983 Romani
1329 3927 1568 3985 Oratorii
1610 3930 1837 4001 presby-

229 4020 345 4083 teri,
408 4036 474 4074 ac
535 4020 839 4089 nuperrimi
898 4018 1035 4074 Vita:
1090 4019 1333 4090 ejusdem
1378 4021 1527 4076 Petri
1583 4021 1834 4077 Damiani

226 4112 537 4183 scriptoris,
590 4111 881 4166 ostendere
928 4111 981 4165 iu
1021 4113 1164 4167 votis
1211 4113 1407 4179 habeo,
1456 4122 1569 4169 tum
1617 4128 1685 4170 ne
1724 4129 1831 4184 qua

226 4216 289 4255 ex
317 4214 479 4273 parte
514 4204 731 4257 veritati
764 4201 1140 4273 pra-judicium
1179 4205 1294 4271 fiat,
1324 4216 1437 4260 tum
1479 4208 1741 4273 maxime,
1773 4217 1833 4263 ut

226 4294 681 4352 Carnaldulcnscs
712 4297 885 4350 nostri
911 4306 1186 4351 tantorum
1211 4298 1455 4366 Patrum,
1486 4309 1649 4369 atque
1678 4312 1833 4356 ante-

224 4400 506 4440 cessonnn
552 4401 615 4440 se
661 4385 824 4448 filios,
865 4401 930 4441 ac
973 4402 1327 4443 successores
1356 4403 1656 4460 agnoscere
1702 4404 1828 4461 per-

1870 1732 1918 1791 Α
1950 1728 2065 1795 bet,
2108 1727 2174 1783 Β.
2207 1726 2407 1785 Petrus
2456 1727 2727 1798 Damiani,
2759 1729 3097 1801 prateipuum
3137 1728 3351 1786 ordinis
3388 1734 3567 1790 nostri

1949 1820 2161 1887 lumen,
2203 1829 2260 1877 et
2298 1830 2685 1877 ornamentum
2714 1839 2728 1875 :
2764 1822 3253 1893 quemadmodum,
3293 1823 3415 1895 ejus
3445 1827 3561 1881 aris

1951 1911 2233 1967 humiliter
2283 1912 2606 1979 advolutus,
2655 1912 2819 1968 enixe
2864 1913 3152 1985 deprecor:
3204 1912 3317 1971 Nec
3363 1917 3554 1984 enim,

1950 2003 2053 2058 nisi
2089 2004 2291 2075 pratvia
2330 2004 2452 2076 ejus
2484 2005 2774 2077 patrocinii
2818 2006 3185 2073 invocatione,
3215 2007 3374 2079 cujus
3413 2026 3550 2082 prte-

1948 2094 2183 2151 seutiam
2229 2096 2392 2153 toties
2435 2097 2569 2152 mihi
2615 2097 2905 2168 propitiam
2947 2099 3119 2165 sensi,
3158 2100 3227 2154 ad
3263 2100 3367 2157 hoc
3415 2102 3557 2158 scri-

1950 2186 2153 2257 ptionis
2202 2202 2375 2258 genus
2430 2187 2676 2242 animum
2726 2187 2943 2259 appuli;
2999 2205 3104 2245 nec
3160 2190 3267 2246 nisi
3314 2190 3560 2260 ejusdem

1948 2282 2246 2352 auspiciis,
2297 2290 2376 2337 tot
2411 2282 2556 2337 inter
2597 2282 2777 2337 varias
2819 2283 3214 2353 occupationes
3259 2286 3330 2340 ab
3372 2285 3564 2356 hujus-

1949 2372 2097 2427 modi
2131 2372 2329 2428 studiis
2361 2372 2599 2427 maxime
2639 2371 2873 2438 alienas,
2902 2373 3188 2443 otiumque
3225 2373 3560 2445 diligentiori

1946 2462 2145 2519 barum
2180 2478 2365 2519 rerum
2409 2464 2651 2535 indagini
2697 2474 3071 2535 opportunum
3114 2467 3346 2523 minime
3392 2467 3561 2523 relin-

1947 2565 2198 2625 quentes,
2241 2556 2549 2627 apologiam
2582 2557 2726 2613 hanc
2754 2566 3033 2629 utcunque
3058 2568 3379 2627 contexere,
3409 2573 3465 2619 et
3490 2563 3559 2616 ad

1942 2647 2263 2702 umbilicum
2315 2648 2536 2705 tandem
2587 2648 2890 2719 perducere
2951 2664 3039 2705 me
3093 2666 3255 2720 posse
3309 2651 3549 2707 confido.

1942 2735 2259 2793 Prtescrtim
2303 2754 2428 2794 cum
2472 2739 2541 2795 ad
2577 2749 2831 2809 quartam
2874 2740 3017 2797 hanc
3060 2743 3223 2798 stadii
3261 2744 3394 2798 mibi
3430 2759 3554 2814 pro-

1941 2830 2104 2900 positi
2146 2840 2392 2900 partem,
2440 2832 2648 2887 viribus
2694 2848 2759 2888 ex
2803 2836 3135 2904 praecedenti
3186 2852 3354 2892 cursu
3407 2851 3548 2909 pene

1943 2921 2242 2988 confectis,
2298 2924 2593 2989 accedam,
2640 2940 2805 2996 quam
2867 2937 3156 2998 propterea
3207 2944 3277 2985 ex
3333 2930 3549 3001 integro

1944 3013 2263 3080 decurrere,
2304 3025 2584 3087 totamque
2617 3017 2887 3088 perlicere
2917 3020 3003 3074 vix
3044 3022 3413 3092 spcraverim,
3447 3023 3551 3079 nisi

1870 3095 1915 3155 Β
1943 3104 2210 3174 ejusdem,
2252 3108 2410 3179 cujus
2447 3124 2613 3164 causa
2647 3110 2849 3182 agitur,
2893 3111 2951 3166 S.
2998 3112 3240 3169 doctoris
3286 3116 3554 3171 auxilium

1943 3196 2014 3250 ita
2066 3196 2343 3267 jacentem
2404 3199 2651 3255 animum
2705 3200 2919 3271 erigat,
2981 3203 3227 3275 vigorem
3289 3216 3552 3273 renovet,

1941 3304 2136 3344 nervos
2183 3299 2480 3357 restauret,
2532 3301 2823 3348 nutantem
2879 3294 3076 3363 pedem
3127 3293 3439 3359 continuet,
3496 3305 3559 3351 ut

1939 3381 2007 3435 ad
2039 3391 2281 3452 optatam
2333 3393 2534 3439 metam
2581 3383 2727 3441 facili
2770 3396 2826 3442 et
2871 3387 3127 3459 expedito
3180 3404 3376 3461 gressu
3427 3405 3557 3460 per-

1941 3473 2164 3544 tiugam.

2010 3565 2094 3619 Ill.
2142 3566 2217 3620 Ne
2240 3581 2371 3624 vero
2393 3568 2519 3639 quis
2544 3571 2883 3641 propositam
2911 3576 3351 3630 controversiam
3381 3574 3550 3631 levio-

1939 3656 2014 3713 ris
2065 3656 2300 3714 fortasse
2350 3661 2649 3727 momenti,
2710 3678 2777 3719 ac
2830 3664 3049 3720 minimi
3103 3667 3369 3736 ponderis
3428 3683 3553 3724 esse

1939 3748 2258 3815 arbitretur,
2311 3752 2455 3821 quod
2512 3753 2695 3808 minus
2751 3753 2831 3809 illi
2887 3766 3177 3827 perspecta
3233 3757 3347 3812 sint
3399 3758 3550 3815 Petri

1938 3841 2109 3894 nostri
2136 3840 2385 3897 Damiani
2418 3843 2619 3899 eximia
2650 3846 2703 3900 in
2734 3846 3038 3904 Ecclesiam
3068 3850 3289 3916 merita,
3320 3849 3553 3921 ejusque

1936 3942 2347 3989 antccessorum
2391 3949 2457 3989 ac
2512 3950 2922 4005 successorum,
2963 3940 3060 4009 qui
3102 3941 3319 4013 insigne
3361 3942 3553 3998 Fontis

1935 4021 2179 4077 Avellani
2228 4024 2565 4090 emnobium,
2620 4036 2789 4099 atque
2832 4029 2964 4085 binc
3003 4032 3302 4101 pendentia
3358 4049 3552 4091 mona-

1936 4114 2138 4179 stcria,
2199 4129 2301 4170 nec
2361 4132 2471 4170 non
2533 4118 2957 4175 celeberrimam
3019 4120 3203 4177 Sitriae
3264 4138 3551 4188 ercmum,

1934 4202 2181 4275 aliasque
2229 4216 2494 4278 cognatas
2550 4208 2883 4267 solitudines
2930 4196 3282 4268 illustrarunt
3324 4213 3552 4285 (omnes

1935 4295 2082 4349 enim
2123 4296 2335 4366 pariter
2364 4298 2482 4353 hate
2520 4300 2754 4369 quzestio
2796 4301 2992 4373 tangit,
3024 4302 3330 4374 eademque
3364 4304 3551 4375 singu—

1937 4383 2114 4439 lorum
2162 4395 2248 4442 est
2289 4388 2465 4461 ratio)
2512 4388 2793 4459 prteclarze
2839 4391 2995 4445 dotes
3024 4400 3232 4447 a‘tcrna
3285 4395 3548 4449 memoria

225 4487 342 4546 gant
363 4518 378 4541 ,
432 4492 621 4547 neque
669 4490 729 4532 se
785 4478 853 4531 ab
906 4477 1122 4533 illorum
1176 4478 1484 4534 imitatione
1538 4478 1829 4552 sejungere
1856 4468 1902 4530 C
1935 4477 2115 4548 digna:
2146 4480 2488 4551 summisque
2517 4481 2774 4537 laudibus
2803 4480 3134 4550 ell‘erendte;
3168 4485 3291 4542 ideo
3323 4486 3547 4541 brevem

225 4570 484 4634 audeant,
537 4570 741 4639 quibus
774 4585 1141 4637 connnunem,
1182 4571 1267 4626 vel
1311 4573 1693 4638 monasticam,
1744 4573 1827 4629 vel

222 4663 569 4715 eremiticatn
602 4662 942 4730 disciplinam
971 4664 1040 4718 ab
1070 4664 1263 4718 eodem
1293 4666 1643 4720 sanctissimo
1663 4664 1829 4721 Patre

223 4749 535 4806 llomuzddo
575 4762 851 4822 acceptam
885 4768 943 4808 se
978 4753 1256 4809 'lerivasse
1284 4755 1609 4827 gloriantur.
1640 4744 1829 4828 Neque

221 4843 361 4898 enim
413 4844 611 4897 minus
642 4843 709 4897 ad
751 4859 870 4908 nos,
914 4859 1081 4914 quam
1118 4846 1186 4899 ad
1227 4857 1448 4901 veteres
1490 4847 1829 4903 Avellanitas

223 4926 500 5002 pertinere
534 4932 752 4987 videtur
788 4936 971 5003 gravis
1018 4935 1107 4990 illa
1154 4934 1300 4990 Petri
1341 4936 1591 4992 Damiani
1634 4938 1827 4994 admo-

225 5024 372 5087 nitio,
410 5039 524 5093 qua
559 5025 764 5093 Upusc.
823 5040 983 5078 suum
1047 5025 1115 5079 15
1159 5024 1237 5081 De
1263 5025 1479 5091 ordine,
1512 5036 1567 5082 et
1598 5026 1830 5081 faculta-

226 5117 361 5171 tibus
388 5117 593 5171 Fontis
620 5116 857 5170 Avellani
890 5118 948 5171 S.
982 5118 1175 5172 doctor
1203 5118 1509 5183 concludit,
1533 5118 1783 5174 videlicet
1810 5137 1824 5173 :

226 5202 426 5259 Pudeat
466 5224 564 5260 eos
600 5209 665 5259 ab
698 5206 908 5260 illorum
956 5208 1232 5263 nobilitate
1270 5209 1386 5269 ﬁeri
1422 5210 1635 5264 rivcndo
1669 5211 1818 5281 dege-

225 5311 386 5359 neres,
417 5297 512 5365 qui
547 5295 683 5363 furti
712 5294 835 5348 estis
864 5295 1169 5351 habitacula
1193 5314 1543 5351 successores.

289 5386 347 5438 ll.
389 5385 553 5440 llune
582 5386 842 5453 praesenti
872 5386 1250 5443 dissertationi
1288 5404 1512 5458 scopqu
1541 5389 1827 5457 prmfixum

224 5479 373 5541 volo,
431 5488 610 5546 atque
664 5477 716 5530 in
758 5477 901 5533 hunc
957 5486 1126 5533 totam
1178 5479 1424 5549 ejusdem
1483 5481 1827 5537 tractationis

224 5572 413 5625 seriem
438 5572 610 5627 uuicc
633 5571 970 5642 dirigendaut
997 5591 1177 5645 spero,
1211 5577 1257 5631 si
1285 5578 1423 5635 meis
1456 5576 1639 5633 favere
1666 5579 1823 5637 votis.

227 5672 274 5715 et
321 5671 519 5718 tenues
572 5673 808 5717 conatus
854 5666 1249 5734 obsecundare,
1297 5670 1682 5741 calamumque
1719 5672 1825 5728 sibi

228 5764 613 5809 eaoosecrattttn
666 5771 855 5825 regere
900 5774 1006 5813 non
1052 5760 1438 5834 dedignabitttr
1484 5766 1627 5821 idem
1671 5767 1822 5837 ipse,

230 5846 311 5911 qui
345 5846 692 5917 praecipuum
717 5846 1076 5906 lucubratioui
1116 5853 1241 5910 huic
1263 5870 1649 5928 arguuncntutn
1679 5876 1819 5932 pra:-

1942 4571 1996 4623 in
2038 4572 2252 4640 primis,
2294 4587 2361 4628 ac
2391 4574 2559 4628 veluti
2588 4575 3034 4645 perfunctoriam
3073 4578 3273 4633 horum
3314 4579 3547 4650 pariter,

1930 4671 1985 4716 et
2035 4663 2178 4718 illius
2227 4664 2409 4718 idcam
2457 4667 2898 4736 prtemitlendam
2948 4684 3148 4725 censeo
3197 4689 3211 4725 :
3272 4671 3543 4729 lectorem

1931 4752 2329 4821 nihilominus,
2375 4770 2479 4826 pro
2530 4757 2765 4826 pleniori
2826 4758 2971 4815 Petri
3026 4761 3273 4817 Damiani
3328 4764 3545 4827 notitia,

1932 4847 2221 4903 remittens
2269 4851 2339 4904 ad
2387 4851 2762 4919 doctissimos,
2807 4862 2862 4908 et
2910 4855 3190 4925 piissimos
3236 4858 3549 4914 cardinales

1931 4936 2227 4992 Baronium
2267 4948 2321 4994 et
2362 4939 2787 5005 Bcllarmiunm,
2836 4944 3083 5011 aliosque
3130 4947 3548 5005 ecelesmsticos

1930 5031 2262 5100 scriptores,
2312 5034 2470 5088 initio
2514 5035 2645 5089 tomi
2689 5035 2979 5107 lOperum
3037 5038 3283 5109 ejusdem
3334 5042 3546 5113 egregii

1931 5122 2171 5177 doctoris
2218 5138 2247 5178 a
2284 5123 2648 5181 Constantino
2698 5128 2897 5183 abbate
2928 5129 3193 5199 Cajctano
3243 5132 3542 5197 adductos,
3599 5165 3610 5177 ο

1929 5216 2075 5284 apud
2118 5231 2255 5284 quos
2304 5215 2752 5287 frequentissima
2811 5221 2933 5291 ejus
2974 5222 3151 5295 elogia
3208 5234 3543 5293 occurrunt,

1930 5309 2143 5364 meritis
2189 5318 2370 5364 tamen
2420 5310 2580 5382 longe
2617 5310 2913 5379 inferiora;
2956 5316 3448 5384 quemadmodum,
3490 5328 3546 5375 et

1930 5396 2001 5452 ad
2046 5398 2355 5454 uberiorem
2395 5400 2829 5456 Avellauitarntu
2877 5403 3257 5475 (Sitrieusium
3298 5423 3542 5481 quoque,

1928 5500 1985 5546 et
2010 5491 2299 5557 similium,
2324 5508 2555 5563 quorum
2581 5496 2899 5565 permistas,
2923 5506 3089 5565 atque
3119 5500 3355 5556 invicem
3382 5502 3539 5558 insti-

1932 5582 2032 5636 tuti
2090 5584 2478 5639 communione
2541 5584 2800 5641 confusas
2862 5588 3053 5644 laudes
3114 5591 3540 5663 haudquaquam

1930 5675 2227 5747 distinguo)
2277 5679 2647 5749 cognitionem
2697 5678 2933 5735 sufﬁciet
2974 5683 3176 5738 eruditi
3208 5687 3308 5740 viri
3360 5686 3536 5742 lardo-

1928 5767 2034 5822 vici
2076 5767 2325 5824 Jacobilli
2374 5780 2481 5825 tres
2534 5779 2713 5826 tomos
2755 5772 2823 5828 de
2875 5774 2975 5828 SS.
3029 5774 3269 5832 Umbria:
3320 5780 3536 5849 pridem

1928 5860 2104 5917 editos
2167 5861 2425 5935 legendos
2492 5877 2831 5935 proponere;
2895 5883 2995 5923 nec
3046 5868 3190 5923 enim
3260 5872 3531 5941 intr-grant
