4084 6352
519 438 589 494 ιο
1440 434 1497 489 S.
1531 432 1805 489 PETRUS
1846 432 2099 486 DASllA‘N

2240 431 2296 486 8.
2338 430 2402 484 Ii.
2434 430 2491 484 Ε.
2528 426 2959 485 CARDINAIJS.
3206 429 3223 446 ⁶
3711 431 3783 488 ιο

521 554 760 620 ipsorum
813 550 1094 607 historiam
1139 547 1586 604 conscribendam
1636 547 1689 601 in
1738 560 1823 600 me
1868 546 2098 615 recipio,
2128 547 2176 603 Α
2208 544 2500 597 Damianus
2533 544 2621 596 hic
2660 543 2998 612 subscriptus
3038 541 3233 610 legitur
3271 556 3415 595 anno
3449 542 3607 608 l08'l,
3648 544 3787 615 apud

521 645 613 699 sed
651 659 860 707 eorum,
907 651 961 696 et
1000 637 1495 695 Camaldulensium
1545 637 1775 692 instituti
1816 637 2099 706 cognatio.

520 750 644 789 netu
676 733 933 786 duntaxat
962 728 1438 783 demonstrandam
1478 743 1715 781 assumo.

589 823 679 877 IV.
722 822 844 875 Fuit
890 835 1020 874 sane
1070 818 1127 872 Β.
1178 818 1371 873 Petrus
1410 817 1654 871 Damiani
1682 816 1763 869 vir
1802 815 1884 869 sui
1918 813 2102 869 saeculi

519 915 681 981 longe
723 912 1092 973 doctissimos,
1127 910 1487 963 sanctimonia
1526 918 1580 962 et
1610 906 1933 961 auctoritate
1960 921 2101 977 prae-

522 1003 663 1054 ;litus
706 1000 1001 1069 singulari;
1046 1000 1198 1068 cujus
1233 999 1277 1052 si
1308 997 1671 1067 eloquentiam
1706 1005 1939 1065 spectes,
1968 994 2105 1050 Gre-

518 1092 670 1159 gorio
705 1093 1008 1160 proximum
1044 1108 1055 1140 :
1088 1090 1130 1143 si
1173 1089 1346 1141 zelum
1375 1088 1711 1147 consideres.
1749 1102 1935 1156 parem
1977 1086 2104 1140 Ilie-

520 1196 779 1253 runymo;
806 1183 848 1235 si
878 1183 997 1235 vita:
1018 1180 1389 1234 austeritatem
1408 1193 1471 1231 ac
1494 1178 1787 1231 dilatandze
1810 1176 2105 1233 eremitica:

519 1272 819 1342 disciplinae
872 1274 1110 1327 studium
1171 1272 1453 1335 attendas,
1515 1271 1748 1345 similem
1804 1268 2105 1323 Romualdo

518 1364 716 1416 merito
778 1363 1002 1417 dixeris.
1054 1361 1225 1429 Quem
1284 1376 1314 1416 e
1378 1360 1689 1415 solitudinis
1745 1358 1974 1412 latebris
2036 1357 2105 1411 ad

522 1451 827 1507 Romanam
857 1458 1168 1522 purpuram,
1200 1461 1254 1506 et
1296 1450 1567 1506 Ostiensis
1598 1450 1854 1503 Ecclesia:
1899 1448 2103 1517 princi-

518 1552 703 1608 patum
749 1542 861 1596 sola
909 1542 1079 1595 virtus
1124 1542 1321 1603 evexit,
1374 1540 1770 1609 spectatissima
1817 1538 2101 1607 prudentia

519 1630 848 1687 difﬁcillimis
889 1634 1185 1701 pontiﬁciis
1214 1631 1571 1701 legationibus
1609 1630 1874 1684 obeundis
1916 1630 2101 1683 admo-

517 1725 629 1789 vit;
661 1726 888 1795 probata
920 1725 1201 1778 humilitas
1240 1739 1270 1778 e
1316 1738 1529 1776 sommo
1567 1722 1847 1792 dignitatis
1889 1720 2103 1790 fastigio

522 1816 592 1869 ad
614 1816 782 1869 eremi
807 1815 1133 1882 squallorem
1158 1814 1388 1867 reduxit.
1414 1811 1580 1880 Cujus
1603 1812 1833 1879 denique
1855 1811 2100 1864 encomia

520 1906 569 1961 is
599 1906 746 1961 solus
775 1907 1023 1976 ignorare
1060 1915 1257 1975 potest,
1290 1905 1381 1974 qui
1424 1905 1540 1975 ejus
1573 1904 1769 1966 Vitam,
1803 1902 2094 1972 Opuscula,

517 1995 777 2050 Miracula
825 2011 929 2049 non
975 1996 1201 2067 legerit:
1232 1996 1321 2065 qui
1366 2004 1444 2049 tot
1484 2009 1577 2064 per
1626 1995 1797 2064 ipsum
1842 1991 2099 2062 przeclare

521 2086 588 2140 ad
632 2086 873 2139 divinum
914 2084 1117 2139 cultum
1161 2083 1583 2153 promovendqu
1631 2083 1900 2143 instituta,
1938 2088 2102 2149 atque

520 2179 588 2232 ab
628 2179 879 2231 universa
909 2176 1150 2232 Ecclesia
1192 2184 1433 2243 recepta,
1475 2189 1579 2228 non
1610 2172 1924 2243 expenderit
1957 2187 1971 2224 :
2010 2171 2102 2240 qui

520 2268 755 2335 denique
788 2283 891 2320 non
924 2266 1179 2330 audierit,
1207 2276 1409 2333 quanto
1442 2266 1495 2317 in
1525 2263 1700 2332 pretio
1737 2262 1877 2332 apud
1914 2275 2102 2316 omnes

520 2342 797 2413 ltomanos
824 2356 1128 2425 pontifices,
1167 2356 1513 2424 quibuscum,
1540 2342 1596 2408 et
1624 2364 1748 2407 ante
1770 2366 1907 2421 quos
1942 2350 2098 2413 vixit,

519 2448 741 2502 habitus
789 2448 981 2511 fuerit;
1034 2461 1098 2501 es
1150 2446 1345 2515 quibus
1390 2444 1682 2498 Alexandri
1728 2442 1767 2496 ll
1822 2440 2101 2497 oraculum

520 2538 733 2594 referre
773 2538 1033 2602 sufﬁciat,
1072 2539 1161 2607 qui
1205 2538 1257 2590 in
1299 2537 1495 2591 litteris
1535 2536 1600 2590 ad
1627 2534 1927 2589 Galliarum
1970 2548 2105 2603 prte-

520 2642 667 2686 sules
699 2632 802 2686 hoc
830 2632 896 2685 de
926 2632 1017 2685 illo
1048 2632 1261 2685 vivente
1290 2628 1636 2700 magniﬁcum
1667 2628 1835 2682 edidit
1863 2627 2106 2682 testimo-

519 2721 670 2774 nium
707 2738 720 2773 :
757 2739 773 2771 ι
808 2720 993 2773 Talem
1030 2720 1183 2774 vobis
1223 2720 1395 2772 virum
1440 2718 1715 2772 destinare
1765 2716 2102 2779 curavimus,

518 2825 629 2881 quo
656 2812 943 2876 nimirum,
975 2821 1097 2881 post
1128 2826 1249 2874 nos,
1282 2809 1454 2878 major
1492 2810 1544 2864 in
1578 2809 1821 2863 Romana
1859 2808 2104 2863 Ecclesia

522 2902 821 2956 auctoritas
862 2917 968 2955 non
1012 2899 1243 2955 habetur
1279 2918 1291 2952 :
1339 2899 1560 2954 Petrum
1597 2898 1851 2953 videlicet
1891 2897 2107 2951 Damia-

521 3007 654 3046 num
692 2990 993 3047 Ostiensem
1025 2990 1359 3060 episcopum,
1392 2989 1483 3059 qui
1526 2990 1803 3054 nimirum,
1834 2998 1888 3043 et
1920 2997 2106 3043 noster

520 3092 607 3137 est
655 3083 873 3145 oculos,
925 3090 975 3136 et
1029 3081 1342 3151 apostolica
1393 3078 1539 3135 sedis
1592 3078 1867 3134 immobile
1920 3077 2104 3133 ﬁrma-

520 3190 642 3230 men
652 3190 759 3228 tum
769 3213 782 3227 .
821 3193 841 3225 ι

596 3263 657 3317 ν.
700 3263 852 3331 Quod
897 3263 1088 3317 attinet
1124 3262 1189 3316 ad
1240 3262 1477 3331 reliquos
1505 3260 1653 3316 Petri
1694 3258 1943 3315 Damiani
1972 3274 2103 3315 con-

526 3355 765 3419 cellitas,
794 3355 1141 3422 ejusdemque
1164 3353 1399 3408 instituti
1420 3361 1737 3417 sectatores,
1777 3360 1855 3407 tot
1877 3366 1941 3408 ac
1967 3350 2103 3407 tales

527 3448 563 3502 ii
599 3455 971 3507 numerantur,
996 3454 1051 3499 ut
1077 3444 1322 3515 prodigio
1342 3442 1518 3499 simile
1540 3443 1630 3508 sit,
1653 3443 1895 3512 potuisse
1913 3457 2104 3497 omnes

523 3538 593 3593 ab
619 3552 726 3593 uno
752 3536 843 3591 illo
870 3534 1214 3590 Avellanensi
1244 3534 1508 3588 asceterio
1526 3532 1745 3602 prodire
1776 3550 1791 3586 :
1817 3547 1919 3587 nec
1946 3530 2103 3586 facile

522 3629 667 3683 aliud
707 3628 774 3697 (si
817 3642 1004 3691 unum,
1047 3625 1131 3681 vel
1164 3624 1394 3680 alterum
1438 3640 1503 3679 ex
1534 3624 1811 3695 primariis
1849 3609 2102 3678 ordinum

522 3718 793 3787 capitibus
825 3715 1088 3786 excipias)
1122 3714 1511 3770 monasterium
1537 3713 1780 3782 reperire
1805 3712 1931 3778 erit,
1956 3704 2101 3780 quod

526 3822 635 3864 tam
694 3810 991 3865 illustribus
1028 3809 1411 3871 sanctimonia,
1453 3816 1509 3861 et
1546 3807 1806 3875 dignitate
1843 3806 2101 3861 ecclesia-

519 3902 655 3956 stica
686 3900 817 3955 viris
847 3900 1010 3954 fuerit
1040 3899 1376 3969 insignitum.
1398 3897 1531 3952 Nam
1551 3912 1712 3966 supra
1742 3897 2099 3968 quadraginta

520 3994 817 4046 monachos
860 3993 975 4046 hcce
1023 4007 1130 4045 una
1178 3990 1408 4045 solitudo
1451 3991 1517 4044 ad
1557 3989 1835 4044 cmlestem
1866 3989 2098 4057 patriam

519 4084 857 4146 transmisit,
903 4096 1132 4151 quorum
1178 4082 1395 4135 nomina
1454 4081 1594 4135 inter
1642 4092 1986 4143 sanctorum,
2036 4094 2099 4134 ac

521 4174 806 4227 beatorum
843 4174 1031 4232 tastos,
1067 4181 1406 4241 posterorum
1441 4171 1773 4225 venerationi
1810 4182 1938 4223 sunt
1972 4186 2095 4225 cono

525 4270 769 4325 secrata;
808 4261 1139 4329 totidemque
1182 4260 1403 4313 circiter
1436 4258 1703 4312 variarum
1734 4258 1945 4313 urbium
1988 4258 2101 4328 cpi-

519 4352 665 4420 scopi
720 4367 785 4405 ex
838 4351 955 4420 ejus
1004 4350 1258 4404 claustris
1307 4350 1568 4419 assuinpti
1624 4358 2024 4403 recensentur:
2068 4364 2100 4403 ο

520 4442 719 4508 quibus
748 4450 981 4510 quatuor
1011 4440 1064 4493 in
1114 4438 1169 4494 8.
1207 4438 1269 4493 It.
1318 4438 1379 4492 E.
1424 4438 1782 4495 eardinalium
1823 4448 2095 4504 senatum,

2208 633 2492 704 Ugbellum
2542 645 2671 686 tom.
2724 632 2808 686 νη
2857 633 2908 685 in
2943 632 3187 701 Append.
3240 641 3348 685 tom
3406 631 3467 686 Ill
3511 633 3578 686 ad
3617 635 3764 702 episc

2208 726 2470 796 Florent.)
2500 735 2552 779 et
2575 721 2930 777 Cuitmnndus
2955 726 3245 793 episcopos
3270 724 3580 779 Aversanus
3606 724 3787 794 (quem

2208 816 2295 870 alii
2337 815 2742 885 Sigismundum
2788 816 3091 876 nominant,
3126 825 3179 868 et
3212 814 3541 869 Tritliemins
3568 816 3785 884 quidem

2208 906 2532 962 monachum
2586 906 2644 959 S.
2692 905 2883 959 Crucis
2930 904 3170 959 Leufridi
3218 906 3469 967 credidit,
3516 905 3786 961 Arnoldus

2209 1008 2389 1054 autem
2416 999 2575 1054 Wion
2602 999 2660 1054 S.
2686 999 2876 1054 Crucis
2899 997 3086 1052 Fontis
3108 994 3350 1049 Avellani
3381 996 3546 1050 {uisse
3575 997 3785 1063 scribit,

2208 1105 2273 1145 ac
2304 1089 2664 1145 Tritbemium
2704 1090 2982 1157 tequivoco
3019 1088 3336 1141 monasterii
3379 1088 3594 1141 nomine
3624 1088 3787 1143 dece-

2208 1192 2358 1250 ptum
2389 1190 2559 1250 putat,
2584 1179 2881 1235 Jacobillus
2903 1193 3034 1231 vero
3058 1194 3123 1231 ex
3155 1176 3403 1230 (-(enubio
3438 1174 3787 1231 Leufridiano

2209 1270 2275 1325 ad
2306 1270 2684 1332 Avellancnse,
2724 1268 2865 1321 fama
2908 1266 3215 1321 sanctitatis
3267 1266 3324 1318 Β.
3360 1264 3625 1333 Lodulphi
3674 1264 3788 1319 ille-

2208 1372 2380 1423 ctum,
2421 1361 2684 1413 transisse
2708 1357 3012 1419 contendit,
3041 1356 3274 1409 electum
3302 1372 3429 1410 vero
3455 1354 3786 1409 cardinalem

2208 1464 2275 1504 ex
2308 1448 2636 1503 bibliotheca
2676 1446 2896 1500 Patrum
2930 1446 2981 1498 in
3023 1443 3289 1514 Operibus
3326 1445 3651 1512 scriptorum
3683 1458 3787 1499 s3-

2209 1542 2314 1597 culi
2368 1557 2445 1603 at,
2490 1555 2610 1609 pag.
2644 1539 2768 1601 469,
2803 1547 2933 1592 tom.
2965 1536 3131 1602 XVII,
3161 1546 3217 1593 et
3247 1536 3386 1606 apud
3421 1536 3702 1607 Ugltellum
3734 1535 3789 1591 in

2210 1632 2481 1701 episcopis
2526 1630 2821 1683 Aversanis
2865 1638 2920 1682 et
2957 1627 3305 1683 Gttillelmum
3360 1627 3593 1682 Caveum
3645 1626 3785 1683 Hist.

2213 1725 2380 1777 litter.
2432 1723 2499 1775 ad
2551 1738 2641 1775 an.
2700 1720 2834 1775 l066
2883 1723 3116 1789 constat)
3173 1734 3235 1773 ac
3278 1720 3492 1773 demum
3539 1717 3787 1774 ϐαδίσαι

2208 1817 2496 1883 episcopus
2514 1812 2765 1865 Cmsenas
2781 1812 2891 1881 (qui
2917 1826 2981 1865 ex
2998 1810 3265 1867 Avellana:
3286 1810 3537 1865 emnobio
3560 1808 3788 1864 Romam

2131 1884 2175 1942 Β
2206 1916 2461 1979 vocatus,
2493 1905 2689 1959 ibidem
2722 1904 2891 1959 abbas
2919 1902 2978 1957 8.
3011 1902 3207 1966 Alesii,
3237 1910 3349 1955 tum
3381 1902 3688 1971 episcopus,
3717 1916 3781 1958 ac

2202 1998 2516 2061 cardinalis,
2559 2013 2656 2051 nec
2686 2012 2790 2051 non
2825 1994 3125 2058 Dalmatite,
3160 2003 3213 2049 et
3242 1993 3544 2047 Sclavonizu
3576 1992 3786 2063 legatus

2204 2106 2233 2143 a
2262 2088 2527 2158 Gregorio
2556 2086 2638 2141 Vll
2663 2096 2746 2141 est
2767 2086 3117 2147 constitutus,
3141 2099 3207 2137 es
3234 2083 3481 2154 Ughello,
3504 2081 3787 2147 Jacobillo,

2196 2189 2257 2235 et
2282 2179 2561 2250 Ciaeonio)
2587 2180 2783 2249 quibus
2803 2177 2956 2247 quasi
2987 2184 3221 2246 quatuor
3242 2176 3527 2245 purpureis
3555 2174 3784 2245 gemmis

2201 2270 2575 2324 Avellanensis
2604 2270 2787 2323 crucis
2815 2268 3061 2322 diadema
3096 2266 3417 2320 illustratur.

2275 2359 2361 2414 Vl.
2406 2359 2509 2414 Tot
2560 2360 2741 2429 igitur,
2791 2373 2855 2413 ac
2902 2366 3083 2412 tantos
3124 2357 3287 2418 viros,
3328 2355 3524 2423 jurene
3562 2372 3630 2411 ex
3664 2355 3789 2412 albo

2202 2450 2699 2507 Camaldulensium
2761 2449 3090 2517 expunxerit
3151 2446 3387 2502 Jacobus
3451 2447 3785 2504 Laderchius

2206 2540 2372 2612 (Vita:
2412 2541 2472 2596 S.
2512 2540 2653 2594 Petri
2690 2540 2938 2593 Damiani
2976 2548 3108 2594 tom.
3146 2538 3189 2605 I,
3228 2538 3324 2593 lib.
3360 2556 3398 2605 t,
3437 2554 3556 2606 cap.
3587 2539 3643 2609 8)
3684 2540 3789 2596 hac

2206 2642 2397 2703 quarta
2417 2632 2805 2687 dissertatione
2820 2631 3232 2701 disquirendum
3257 2639 3372 2693 est;
3396 2630 3540 2699 quod
3561 2630 3782 2699 quidem

2204 2723 2343 2777 citra
2379 2719 2498 2789 ejus
2527 2720 2880 2776 oﬂ'ensionem
2907 2720 3127 2790 aggredi
3169 2735 3256 2775 me
3280 2735 3440 2789 posse
3464 2719 3735 2775 contendo
3766 2737 3780 2774 :

2205 2827 2274 2866 an
2300 2820 2354 2866 et
2377 2827 2599 2880 sperare
2624 2808 3050 2881 liceat,‘ignoro;
3073 2812 3422 2879 quantumvis
3438 2811 3581 2865 enim
3605 2824 3783 2866 causa

2206 2920 2340 2958 mea:
2366 2905 2606 2973 aequitati
2637 2904 2771 2958 satis
2794 2902 3082 2962 conﬁdam.
3110 2918 3216 2957 non
3239 2902 3370 2957 mihi
3399 2912 3582 2957 tamen
3609 2916 3781 2972 usque

2205 2999 2341 3051 adeo
2361 2995 2592 3050 blandiri
2622 2995 2806 3058 velim,
2832 3002 2891 3048 ut
2916 3009 3000 3048 me
3023 2994 3091 3049 ab
3116 2992 3205 3047 illo
3239 2993 3425 3047 mitius
3456 2992 3784 3058 habendum,

2204 3100 2368 3155 quam
2414 3100 2513 3155 pro
2559 3086 2796 3140 hominis
2851 3085 3024 3139 ausim
3073 3084 3467 3138 consuetudine
3517 3082 3782 3151 polliceri.

2206 3174 2325 3243 Quo
2367 3190 2453 3230 res
2484 3189 2699 3245 conque
2728 3175 2909 3238 cadat,
2941 3174 3071 3229 milii
3104 3172 3319 3229 abunde
3355 3171 3610 3237 sufﬁciet,
3641 3172 3788 3243 quod

2200 3267 2361 3336 just:
2422 3269 2476 3321 in
2534 3268 2723 3337 primis
2774 3281 2954 3322 causae
3022 3265 3390 3321 defensionem
3432 3266 3787 3335 susceperim,

2204 3369 2261 3415 et
2299 3360 2608 3416 necessario
2632 3360 2963 3429 susceperim
2984 3398 3001 3425 ,
3028 3367 3083 3413 et
3111 3359 3252 3413 intra
3276 3357 3564 3428 inculpata:
3609 3357 3792 3412 tutela

2206 3451 2408 3506 limites
2434 3464 2520 3505 me
2549 3450 2929 3513 continuerim,
2974 3464 3110 3519 quos
3143 3450 3245 3503 etsi
3291 3448 3633 3514 excedercm,
3672 3446 3791 3517 ejus

2204 3539 2577 3611 provocationi
2601 3539 2836 3595 dandum
2857 3547 3021 3602 esset,
3044 3539 3135 3608 qui
3159 3538 3308 3607 prior
3327 3538 3580 3609 nullaque
3602 3539 3655 3593 in
3678 3551 3735 3593 re
3756 3552 3788 3593 a

2204 3630 2410 3686 nostris
2445 3629 2751 3694 lacessitus,
2777 3628 3023 3684 ordinem
3043 3626 3289 3693 oﬂ‘endit,
3316 3626 3539 3682 Petrum
3571 3627 3788 3682 Damiao

2203 3735 2355 3785 nam,
2380 3720 2758 3789 integramque
2771 3726 3085 3773 sanctorum
3100 3717 3378 3774 cohortem
3400 3734 3465 3773 ex
3486 3716 3602 3785 ejus
3611 3717 3790 3774 Fastis

2204 3811 2406 3875 delere,
2434 3820 2596 3881 atque
2625 3811 2871 3878 eradere,
2898 3810 3143 3879 adeoque
3172 3810 3498 3879 prmeipuam
3531 3811 3647 3881 ejus
3669 3808 3788 3881 glo-

2206 3904 2342 3955 riam
2364 3903 2700 3966 subvertere,
2725 3919 2789 3956 ac
2811 3902 2975 3958 decus
2996 3916 3156 3957 omne
3179 3903 3514 3971 pessundare
3534 3908 3785 3957 conatus.

2204 3994 2357 4059 Quod
2372 3992 2586 4062 quidem
2604 3992 2991 4062 prajudicium,
3010 4000 3069 4045 ut
3084 4007 3199 4056 nos,
3219 3991 3398 4046 debita
3418 3991 3788 4046 moderatione

2202 4093 2439 4147 servata,
2475 4083 2853 4151 toleravimus;
2894 4085 2967 4139 ita
3011 4099 3223 4153 aequum
3266 4083 3452 4147 fuerit,
3482 4082 3632 4137 illum
3670 4081 3787 4152 pari

2195 4175 2319 4245 jure
2348 4176 2614 4243 modoque
2645 4176 2927 4231 nobiscum
2970 4189 3157 4244 agere,
3188 4188 3289 4228 nec
3317 4174 3587 4245 gravatim
3618 4171 3783 4237 ferre,

2202 4265 2345 4334 quod
2376 4261 2786 4319 Camaldulense
2813 4264 2957 4318 Petri
2989 4264 3237 4317 Damiani
3280 4261 3611 4327 institutum,
3639 4276 3784 4330 pra-

2203 4353 2342 4407 senti
2390 4352 2805 4417 dissertatione,
2867 4362 2979 4407 tum
3042 4352 3279 4422 pr0priis
3324 4351 3665 4422 argumentis
3699 4366 3790 4407 as-

2206 4452 2403 4508 truere,
2454 4449 2566 4498 tuin
2607 4459 2636 4498 a
2676 4443 2907 4513 singulis
2947 4444 3065 4513 ejus
3106 4442 3399 4511 scrupulis,
3445 4441 3786 4512 objectisque

524 4549 622 4600 pro
663 4548 774 4586 suis
826 4532 1055 4595 meritis,
1096 4532 1332 4601 cooptati
1374 4540 1751 4596 numerantur,
1799 4546 1994 4599 nempe
2026 4531 2095 4596 is,
2124 4570 2177 4631 υ
2202 4535 2479 4590 vindicare
2523 4535 2779 4600 nitamur,
2822 4543 2882 4588 ut
2920 4543 3071 4589 sarta
3097 4573 3113 4598 ,
3164 4542 3415 4602 tectaque
3464 4532 3535 4586 sit
3586 4540 3785 4588 nostra:

521 4620 587 4673 de
609 4635 715 4688 quo
736 4621 1003 4687 prmeipue
1032 4620 1313 4687 loquimur,
1348 4616 1534 4672 Petrus
1560 4618 1804 4671 Damiani
1829 4617 2107 4673 Ostiensis.

518 4711 827 4779 episeopus,
865 4720 917 4763 et
955 4709 1242 4762 Damionus
1268 4725 1331 4762 ex
1369 4709 1664 4762 Rodeliutla
1702 4726 1888 4765 sorore
1914 4709 1970 4765 S.
2000 4710 2095 4766 (Ιο-

520 4802 687 4855 etoris
728 4816 895 4869 nepos
944 4800 1120 4869 (cujus
1166 4801 1279 4869 ipse
1330 4801 1575 4855 meminit
1625 4810 1754 4855 tom.
1796 4801 1837 4867 I,
1889 4801 1985 4857 lib.
2032 4819 2091 4868 tl,

520 4909 606 4959 ιον.
642 4891 728 4954 tl,
776 4900 829 4943 et
856 4891 949 4946 lib.
991 4907 1067 4957 vt,
1110 4892 1267 4961 epist.
1310 4892 1360 4953 5,
1395 4892 1448 4955 2,
1488 4892 1579 4957 22,
1608 4893 1699 4958 29,
1745 4909 1808 4948 ac
1842 4903 1972 4949 tom.
2004 4894 2092 4960 IV,

515 4984 758 5037 carmine
797 4984 925 5044 219,
968 4984 1035 5037 ad
1068 4999 1227 5052 quem
1279 4986 1535 5053 inscripta
1580 4994 1707 5039 sunt
1747 4983 2093 5041 Collectanea

515 5092 580 5129 ex
616 5074 873 5143 operibus
902 5072 1047 5128 Petri
1087 5074 1351 5138 Damiani,
1398 5073 1514 5143 ejus
1559 5074 1793 5145 Operum
1838 5086 1967 5131 tom.
2003 5076 2092 5145 IV,

519 5166 672 5233 cujus
711 5177 765 5221 et
807 5165 1054 5219 tucminit
1082 5164 1139 5220 S.
1171 5166 1382 5221 Brauus
1424 5168 1708 5239 episcopus
1736 5168 1995 5239 Signinus
2036 5170 2089 5225 in

517 5258 815 5309 Comment.
844 5269 1006 5324 super
1027 5255 1221 5309 Isaiam
1247 5273 1259 5308 :
1286 5255 1453 5311 fuisse
1475 5266 1654 5312 autem
1673 5276 1703 5312 ιι
1725 5258 1989 5330 Gregorio
2002 5258 2090 5313 VII

518 5345 572 5396 in
612 5345 859 5398 avunculi
893 5346 1232 5411 memoriam,
1274 5346 1603 5402 cardinalem
1645 5358 1907 5415 creatum,
1939 5358 2093 5420 patet

522 5451 587 5488 ex
642 5434 1193 5505 Rogerio-seriptore
1241 5438 1373 5492 Vita:
1426 5438 1485 5493 S.
1538 5440 1777 5495 Ausclmi
1828 5442 2089 5498 Lucensis

518 5529 778 5598 t-pisc0pi,
813 5540 869 5583 ut
913 5539 1062 5583 notat
1103 5530 1490 5587 Constantinus
1526 5531 1817 5601 Cajctanus
1849 5539 2000 5603 priet.
2035 5538 2088 5590 in

517 5621 608 5687 ιω.
656 5620 1034 5685 (lollectanea,
1091 5631 1145 5675 et
1198 5624 1549 5678 confirmatur
1605 5641 1673 5680 ex
1729 5626 2092 5682 instrumento

520 5715 823 5768 ιςυιιςοιάίω
868 5715 1011 5768 inter
1051 5714 1394 5783 prxpositom
1447 5716 1689 5772 ecclesia:
1727 5717 2089 5781 Florentium,

521 5816 573 5857 ct
618 5806 864 5867 abbatem
903 5806 960 5859 8.
1004 5806 1257 5865 Ztliniatis.
1296 5806 1380 5862 cui
1432 5808 1573 5863 inter
1614 5809 1747 5866 alios
1788 5811 2092 5867 cardinales

2206 4626 2480 4696 religionis
2524 4625 2693 4696 gloria
2743 4641 2862 4693 qua:
2908 4625 2962 4678 in
3007 4622 3169 4678 Petro
3219 4622 3505 4689 Damiano,
3547 4622 3778 4693 ejusque

2203 4700 2564 4771 sectatoribus
2587 4715 2961 4769 celeberrimis
2992 4714 3333 4783 potissimum
3364 4712 3585 4775 emicat,
3619 4720 3785 4781 utque

2201 4816 2281 4860 tot
2333 4806 2623 4861 illustrium
2664 4806 3015 4874 scriptorum,
3066 4806 3156 4873 qui
3196 4804 3478 4859 nobiscum
3521 4804 3782 4868 sentiunt,

2203 4910 2645 4967 summorumqoe
2667 4898 2829 4951 etiam
2851 4896 3163 4965 pontiﬁcum
3188 4895 3348 4964 (quos
3364 4909 3412 4949 c.
3436 4894 3487 4957 6,
3515 4911 3666 4947 nttm.
3696 4894 3781 4958 I9,

2204 4991 2514 5059 citabimus)
2554 5003 2619 5043 ac
2662 5003 2831 5042 sacra:
2874 4986 3094 5041 Rituuin
3146 4988 3611 5058 congregationis,
3664 5000 3784 5053 qua:

2202 5082 2351 5137 Petri
2391 5081 2633 5136 Damiani
2674 5082 2741 5136 ad
2778 5080 2920 5133 diem
2960 5078 3032 5131 22
3080 5078 3384 5141 Februarii,
3420 5093 3483 5132 ac
3519 5074 3781 5132 Domintci

2201 5174 2437 5231 Loricati
2464 5173 2580 5243 ejus
2607 5172 2858 5243 discipuli
2907 5171 2975 5225 ad
3000 5172 3065 5225 17
3096 5169 3370 5233 Octobris,
3404 5169 3579 5226 oﬂlcia
3603 5169 3778 5223 ordini

2200 5274 2388 5321 nostro
2417 5265 2694 5319 recitanda
2716 5262 2963 5325 indulsit,
2986 5261 3471 5331 prudentissimum
3497 5258 3775 5326 iudicium,

2198 5375 2305 5415 uno
2330 5361 2627 5427 eodemque
2662 5370 2826 5428 Opere
2854 5370 3277 5427 propuguemus.

2268 5449 2377 5504 VII.
2418 5450 2485 5504 Et
2511 5449 2757 5518 quamvis
2786 5448 2914 5501 dum
2950 5446 3065 5501 lucc
3105 5445 3206 5500 sub
3236 5444 3389 5515 prelo
3420 5451 3627 5507 essent,
3656 5442 3784 5497 bre-

2196 5542 2280 5595 vis
2318 5539 2562 5611 apologia
2601 5538 2787 5593 Italico
2832 5551 3084 5592 sermone
3124 5536 3329 5606 scripta
3368 5533 3653 5605 prodierit,
3683 5544 3782 5599 pro

2199 5632 2257 5686 8.
2289 5630 2450 5685 Petro
2484 5630 2764 5694 Damiano,
2804 5628 3090 5683 adversum
3131 5626 3380 5681 eumdem
3418 5623 3779 5679 Ladercbinut

2198 5720 2699 5775 Camaldulensibus
2733 5719 3076 5781 vindicando.
3101 5726 3321 5773 auctore
3340 5716 3587 5786 Philippo
3611 5710 3788 5767 alaria‘

2204 5811 2557 5867 Hacchiarelli
2612 5812 2838 5867 eremita
2887 5808 3285 5869 Camaldulensi
3344 5804 3780 5879 congregationis
