4040 6392
295 460 352 517 3|
1131 442 1669 503 PROLECOBIENA.
1703 471 1772 485 —
1806 439 1892 497 DE
1934 437 2309 498 INSTITUTO
2335 438 2736 497 CAMALDL'L.

3495 432 3573 489 2i

293 562 463 623 lentis
500 559 753 626 Coronae,
786 559 877 629 qui
923 571 981 613 sc
1015 571 1247 628 primum
1292 552 1533 611 omnium
1569 551 1717 609 Petri
1754 551 1860 606 Da-
1889 554 1935 613 Α
1967 560 2054 606 ιιιι·
2080 553 2227 606 illum
2257 550 2423 607 nobili
2450 551 2624 622 stirpe
2655 549 3000 622 progenitum
3045 556 3212 619 atque
3256 544 3572 617 religiosum

292 653 441 713 miani
468 651 763 714 vindicem,
805 664 926 721 pag.
959 648 1015 715 9,
1048 648 1347 702 arbitratus
1387 654 1472 701 est
1510 643 1688 716 (quasi
1723 656 1863 697 unus

290 746 425 817 ipse,
459 739 677 796 cmteris
718 738 1014 808 consopitis
1036 779 1050 803 ,
1083 738 1152 793 ad
1198 734 1423 794 ordinis
1455 735 1623 790 totius
1666 748 1867 804 propu-

292 832 580 909 gnationem
607 828 944 900 evigilasset)
973 828 1118 900 quod
1150 829 1446 900 ignoraret,
1480 828 1621 881 hanc
1647 826 1717 881 ab
1744 825 1865 880 aliis

288 919 605 997 provinciam
656 917 855 973 dudum
905 928 1263 1000 occupatam,
1311 932 1379 974 ex
1431 916 1628 986 quibus
1674 924 1867 971 auctor

290 1009 477 1080 Dialogi
516 1007 777 1078 Sejanum
820 1009 962 1064 inter
1004 1017 1061 1064 et
1105 1008 1376 1064 Bullinum
1427 1008 1480 1064 id
1516 1006 1724 1077 lepide,
1769 1007 1865 1063 sed

285 1116 499 1162 nervose
537 1103 652 1170 jam
694 1100 976 1172 praestitit;
1020 1113 1080 1156 ut
1110 1102 1243 1157 nihil
1287 1102 1465 1157 dicam
1508 1101 1575 1158 de
1610 1105 1866 1174 praesenti

291 1196 671 1252 Dissertatione
713 1204 840 1249 tunc
880 1194 1106 1257 editioni
1139 1195 1410 1266 proxima,
1440 1210 1667 1265 quaeque
1698 1196 1742 1250 si
1773 1205 1869 1251 aut

286 1286 445 1342 tribus
467 1284 666 1340 foliolis
693 1284 774 1357 (ut
804 1284 1135 1341 Machiarelli
1166 1285 1450 1358 Apologia)
1476 1286 1866 1358 comprehendi

281 1374 559 1450 potuisset,
608 1382 701 1430 aut
750 1374 1008 1445 reliquas,
1061 1374 1260 1444 quibus
1302 1374 1677 1445 conjungeuda
1723 1386 1866 1443 erat,

287 1482 389 1522 non
416 1474 809 1535 exspectasset,
832 1466 1018 1535 utique
1048 1464 1286 1520 auctoris
1313 1463 1475 1534 hujus
1505 1481 1611 1520 non
1643 1482 1866 1537 operam

279 1556 450 1619 ntodo,
499 1554 597 1609 sed
638 1562 846 1621 votum,
893 1563 947 1609 et
998 1554 1384 1626 cogitationem
1430 1556 1730 1626 praevenire
1775 1556 1869 1611 de-

279 1648 498 1710 buerat,
550 1647 833 1715 quamvis,
884 1646 1142 1717 inquam,
1193 1646 1559 1703 Maccbiarelli
1605 1646 1867 1719 Apologia

276 1749 508 1797 nostram
552 1740 692 1793 hanc
734 1738 1172 1795 dissertationem
1220 1740 1588 1809 praecesserit,
1619 1754 1773 1809 mque
1804 1755 1869 1795 ac

277 1827 453 1898 Sejaui
490 1836 549 1883 et
584 1826 782 1882 Rullini
824 1828 1080 1899 Dialogus
1112 1829 1225 1899 jam
1263 1829 1483 1891 citatus,
1517 1828 1868 1887 nihilominus

1970 644 2159 701 fuisse.
2207 645 2285 700 De
2322 659 2390 701 eo
2432 652 2615 700 exstat
2662 642 2900 714 elogium
2942 638 3322 710 hujuscemodi
3366 653 3381 693 :
3418 638 3575 695 Auno

1971 734 2131 799 1000,
2171 744 2412 805 emptum
2458 743 2544 792 est
2588 733 2882 790 aedificium
2930 732 3103 787 eremi
3149 730 3425 787 Avellanm
3475 729 3579 786 sub

1966 827 2149 883 Catria
2180 843 2210 882 a
2241 826 2583 899 Candulpho,
2618 826 2736 881 sive
2777 824 3084 895 Lttdulpho,
3130 821 3456 893 simpliciter
3484 836 3579 877 ea-

1967 920 2109 991 pella
2162 930 2219 976 et
2266 920 2452 977 casula
2507 919 2573 975 ad
2614 920 2943 975 Arianorum
2987 926 3192 974 sectam
3242 916 3574 987 fugiendam.

1968 1014 2171 1071 Verum
2200 1014 2483 1071 enimvero
2517 1028 2642 1068 cum
2680 1013 2885 1067 Ariana
2937 1011 3106 1082 pestis
3132 1051 3146 1074 ,
3207 1025 3329 1080 quae
3387 1006 3583 1065 Eccle-

1969 1104 2107 1159 siam
2137 1103 2344 1159 Christi
2378 1119 2581 1158 annum
2623 1102 2844 1158 circiter
2871 1102 2979 1162 20
3006 1099 3342 1156 labefactare
3380 1099 3575 1169 coepit,

1962 1194 2291 1267 jampridem
2332 1203 2460 1250 ante
2504 1210 2708 1249 annum
2742 1194 3091 1249 millesimum
3131 1192 3408 1248 exstincta
3456 1190 3577 1246 fue-

1971 1288 2075 1353 rit,
2127 1301 2226 1341 nos
2273 1300 2395 1342 eam
2455 1284 2873 1341 aedificationem
2936 1285 3096 1356 longe
3149 1292 3277 1339 ante
3330 1293 3576 1354 tempora

1971 1381 2145 1437 sancti
2195 1379 2379 1435 Patris
2418 1378 2711 1435 Romualdi
2759 1378 2960 1434 factam
3013 1378 3182 1433 fuisse
3227 1378 3361 1433 nihil
3404 1375 3579 1432 ambi-

1971 1487 2289 1619 gililltw'l‘t’tm
2343 1563 2423 1617 sic
2475 1562 2829 1632 prosequitur
2872 1579 2885 1615 :
2939 1578 2957 1612 ι
3006 1561 3178 1616 Porro
3222 1558 3576 1630 Ludulphus,

1972 1657 2088 1714 sive
2143 1663 2528 1727 persecutores
2593 1653 2842 1726 fugiens,
2908 1654 3025 1709 sive
3079 1651 3575 1724 peregrinationem

1972 1766 2095 1805 cum
2134 1749 2371 1819 quodam
2417 1762 2518 1801 suo
2564 1746 2672 1801 fido
2712 1746 2863 1801 socio
2908 1745 3101 1801 obiens
3132 1744 3441 1815 ubicunque
3480 1758 3579 1813 per

1974 1843 2141 1899 silvas
2188 1852 2244 1897 et
2282 1841 2457 1896 valles
2496 1839 2677 1896 locum
2707 1840 3005 1895 eremiticm
3034 1839 3159 1893 vitae
3192 1837 3448 1891 idoneum
3496 1836 3581 1890 in--

274 1919 413 1977 haud
462 1918 540 1973 ita
574 1927 972 1988 .argumentum
1026 1919 1353 1973 exhaustum
1401 1918 1579 1985 video,
1616 1928 1679 1974 ut
1730 1935 1864 1975 mea:

1971 1934 2200 1997 veniret,
2237 1932 2433 1988 dubius
2472 1940 2594 1987 erat
2633 1947 2702 1985 an
2746 1931 2816 1985 ibi
2858 1931 3079 1985 sisteret
3105 1938 3161 1983 et
3192 1926 3579 2000 peregrinandi

271 2009 468 2083 pariter
515 2006 883 2063 lucubrationi
938 2008 1164 2065 relictus
1213 2008 1369 2065 locus
1417 2024 1523 2064 non
1574 2010 1681 2076 sit,
1735 2010 1863 2067 licet

272 2099 435 2155 multa
479 2098 666 2153 futura
704 2100 813 2153 sint
859 2099 994 2153 mihi
1037 2114 1163 2155 cum
1208 2099 1320 2165 illo,
1354 2109 1409 2155 et
1442 2115 1565 2155 cum
1604 2100 1864 2169 praedicto

274 2191 575 2262 dialogista,
612 2193 921 2247 necessaria
958 2193 1292 2259 communia,
1325 2194 1379 2248 in
1419 2192 1663 2263 ejusdem
1694 2194 1868 2265 siqui-

272 2286 387 2341 dem
418 2299 602 2340 causa‘.
644 2284 905 2354 praesidio
929 2284 1308 2340 laborantibus
1341 2299 1448 2341 non
1486 2294 1715 2355 possunt
1757 2302 1864 2340 non

272 2375 453 2431 eadem
510 2389 807 2431 occurrere
861 2386 1214 2447 argumenta,
1270 2391 1338 2430 ex
1398 2375 1590 2431 iisdem
1646 2376 1867 2432 sedibus

270 2468 538 2534 deducta,
593 2466 905 2536 eademque
957 2469 1205 2523 rationes
1254 2483 1319 2522 ex
1375 2468 1567 2523 iisdem
1622 2467 1867 2524 fontibus

274 2560 553 2615 derivatte.
592 2556 745 2627 Quod
777 2559 995 2629 quidem
1032 2559 1279 2615 veritatis
1317 2559 1577 2615 indicium
1607 2561 1867 2630 prmsumi

270 2648 445 2713 debet,
479 2648 668 2718 plures
699 2648 867 2714 enim,
898 2648 989 2718 qui
1030 2663 1062 2703 e
1102 2648 1337 2704 diversis
1378 2648 1646 2719 longoque
1690 2650 1865 2704 inter-

270 2740 407 2796 vallo
461 2739 677 2796 dissitis
729 2742 1037 2813 regionibus
1089 2741 1422 2802 scribentes.
1478 2756 1573 2797 sua
1628 2743 1865 2797 invicem

270 2833 442 2889 studia
481 2848 594 2889 non
629 2834 1180 2897 comnmnieaverint,
1209 2847 1318 2889 non
1349 2844 1575 2905 possent
1615 2835 1776 2891 simul
1811 2835 1869 2890 in

270 2923 456 2979 iisdem
519 2925 695 2981 ferme
751 2926 1032 2997 principiis
1081 2927 1408 2990 convenire,
1464 2928 1569 2983 nisi
1625 2927 1869 2985 veritatis

270 3014 465 3079 unitas,
491 3024 553 3067 et
585 3017 915 3081 constantia,
939 3032 1062 3087 qua:
1097 3017 1261 3072 simili
1291 3018 1493 3088 ubique
1521 3033 1655 3076 voce
1691 3019 1867 3091 loqui-

273 3113 377 3169 tur,
407 3107 807 3160 sententiarum
852 3108 1255 3179 verborumque
1282 3122 1609 3165 consensum
1642 3108 1712 3167 ab
1742 3108 1865 3168 illo-

270 3212 383 3250 rum
413 3196 663 3267 quolibet
692 3206 1061 3269 extorqueret.

898 3311 1127 3370 CAPUT
1167 3312 1229 3368 Π.

270 3418 629 3473 Arellanensis
669 3422 831 3473 eremi
878 3422 1186 3488 exordium,
1228 3431 1277 3477 et
1317 3422 1581 3479 institutio
1618 3442 1649 3479 α
1692 3424 1753 3481 S.
1796 3423 1863 3478 P.

735 3490 1037 3546 Romualdo
1078 3493 1394 3562 dependens.

267 3595 546 3682 Srgegsrs.
573 3631 643 3641 —
664 3604 938 3682 Avella_n:e
966 3605 1215 3682 origo_ex
1255 3605 1540 3682 FOI'lblltiOJ
1568 3623 1719 3682 num.
1752 3611 1777 3664 1
1811 3619 1868 3666 et

328 3669 384 3751 Ως
409 3668 466 3724 In
496 3670 621 3751 ejus
646 3676 1024 3751 narrationem
1054 3668 1481 3751 animadversio,
1508 3668 1887 3751 3.AAMonaste-.

330 3742 478 3822 rium
525 3742 801 3822 Avellana:
840 3748 985 3822 circa
1032 3760 1233 3822 annum
1266 3746 1469 3822 C_bri§ti
1502 3748 1863 3822 millesimum

329 3811 647 3887 institutum
687 3816 1012 3887 ostenditur,
1050 3815 1131 3887 ,4.
1158 3818 1241 3887 Ain
1286 3816 1348 3887 β.
1398 3817 1717 3887 Ludulphus
1759 3821 1864 3877 loci

329 3890 523 3962 auctor
548 3882 794 3962 ΑείειιιοεΔ
814 3883 1065 3962 fugeret?
1101 3885 1247 3962 5._S_.
1280 3882 1667 3962 Rotnualdum,
1694 3892 1864 3946 etiam

326 3947 636 4029 hiabillonii
676 3947 1007 4029 testimonio,
1041 3958 1183 4027 apud
1208 3957 1529 4029 Avellanam
1561 3947 1861 4027 habitasse,

326 4022 379 4074 6.
423 4020 560 4087 Ejus
610 4024 1015 4094 habitationem
1068 4020 1209 4094 illum
1266 4027 1509 4083 Catriam
1571 4031 1637 4086 de
1695 4020 1863 4087 Sitria

326 4092 712 4173 espouendam
746 4110 1023 4173 non_esse,
1057 4092 1213 4173 7.133:
1241 4096 1684 4173 ipsitts_Fortuttii
1716 4102 1864 4170 priu-

326 4163 491 4230 cipiis
542 4163 818 4220 Avellanae
847 4163 1275 4223 institutionem
1303 4170 1365 4222 υ.
1410 4163 1731 4226 ΒοιιιιιτιΙιΙό
1762 4173 1859 4227 tri-

326 4230 633 4295 buendam,
660 4234 715 4289 8.
740 4235 962 4290 Thomas
990 4236 1139 4291 Minii
1170 4237 1221 4291 in
1249 4238 1498 4294 eamdem
1532 4244 1860 4297 sententiam

327 4300 675 4379 sull‘ragium,
703 4308 759 4379 9.
784 4306 1057 4379 Ludovici
1079 4307 1329 4379 Jacobilli
1357 4312 1683 4365 auctoritate
1716 4313 1859 4369 idem

327 4374 714 4441 confirmatur,
744 4376 831 4431 l0.
872 4376 1003 4432 ltem
1027 4375 1154 4432 Julii
1182 4375 1458 4435 Ambrosii
1482 4380 1728 4437 Lucentii
1752 4384 1864 4438 cal-

326 4442 452 4513 culo
499 4446 693 4499 eadem
747 4448 948 4502 veritas
999 4448 1261 4513 munitur,
1306 4450 1394 4504 ll.
1460 4450 1677 4506 Certior
1733 4454 1863 4509 anni

328 4510 741 4579 determinatio,
771 4531 879 4585 quo
915 4518 1028 4573 haec
1065 4510 1415 4591 contigerint,
1450 4521 1536 4575 l2.

327 4600 367 4656 l.
406 4602 578 4682 .Nunc
609 4616 669 4660 ut
698 4622 808 4661 rem
852 4607 1024 4677 ipsam
1056 4610 1278 4679 propius
1317 4611 1670 4681 attingamus,
1699 4613 1863 4683 paulo
1895 4630 1940 4688 ο

263 4688 419 4748 altius
462 4697 761 4766 repetenda
806 4706 890 4752 est
932 4701 1274 4766 monasterii,
1308 4702 1422 4757 sive
1458 4704 1627 4757 eremi
1660 4704 1717 4759 S.
1747 4705 1857 4760 Au-

264 4781 402 4871 dreae
441 4785 621 4856 (nunc
646 4785 704 4843 S.
733 4786 947 4861 Crucis)
978 4789 1168 4845 Fontis
1209 4793 1502 4859 Avellanm,
1532 4796 1623 4850 ubi
1661 4796 1857 4854 Petrus

264 4872 595 4945 Damianus,
639 4883 1088 4950 quemadmodum
1141 4884 1195 4939 in
1238 4883 1356 4953 ejus
1390 4887 1512 4941 Vita
1552 4887 1621 4943 ab
1648 4886 1857 4946 Joanne

263 4964 427 5035 ipsius
458 4971 729 5043 discipulo
755 4990 819 5029 ac
848 4974 1106 5030 familiari
1134 4978 1298 5041 edita,
1326 4995 1448 5050 cap.
1480 4980 1537 5046 4,
1572 4992 1855 5048 narratur,

266 5062 633 5117 monasticum
688 5064 905 5120 schema
959 5067 1164 5134 induit,
1218 5070 1508 5126 institutio.
1561 5073 1858 5130 Fortunius

266 5157 449 5204 noster
478 5151 624 5207 Hist.
651 5151 915 5222 Camald.,
941 5167 1095 5228 parte
1137 5174 1196 5227 ιι,
1229 5159 1321 5216 lib.
1354 5176 1405 5228 v,
1436 5176 1558 5232 cap.
1592 5163 1647 5228 5,
1685 5163 1753 5218 de
1794 5179 1859 5220 ea

265 5234 342 5291 sic
382 5237 675 5311 loquitur:
710 5262 728 5295 ι
763 5244 866 5313 Qui
910 5249 976 5303 de
1022 5250 1235 5321 origine
1283 5254 1610 5309 venerabilis
1655 5256 1854 5322 eremi,

266 5340 356 5383 seu
402 5334 647 5391 cmuobii
702 5336 917 5394 Sanctae
962 5339 1153 5397 Crucis
1199 5342 1473 5400 Avellana:
1524 5349 1859 5405 mentionem

267 5417 492 5491 faciunt,
520 5427 578 5481 hi
601 5442 715 5483 rem
738 5429 1041 5503 Ludulpho,
1066 5435 1180 5490 sive
1204 5434 1526 5507 Candulpho
1553 5442 1859 5510 ascribunt,

378 5513 483 5573 fuit
506 5519 594 5574 vir
619 5520 930 5578 innocentia
960 5526 1221 5597 singulari
1248 5530 1612 5602 operibusque
1652 5535 1859 5591 sanctis

269 5600 631 5674 darissimus,
658 5626 756 5680 pro
780 5613 977 5681 quibus
1007 5616 1206 5670 meruit
1233 5618 1299 5671 ad
1326 5600 1646 5676 cathedram
1673 5622 1860 5679 Eccleo

268 5690 358 5749 sic
396 5695 703 5767 Eugubinm
745 5705 1083 5773 promoveri,
1132 5722 1333 5762 annum
1383 5710 1451 5765 ab
1500 5712 1615 5782 ipsa
1671 5728 1859 5769 eremo

272 5782 484 5873 condita
517 5789 742 5846 circiter
771 5793 1126 5862 trigesimum.
1162 5796 1547 5873 Verumtamen
1580 5818 1774 5873 genus,
1803 5812 1858 5859 et

273 5872 635 5935 conditionem
673 5882 990 5951 primariam
1023 5872 1491 5959 designat'nemo;
1535 5872 1631 5948 sed
1674 5894 1853 5948 credi-

1966 2024 2129 2080 (inem
2180 2022 2407 2079 faceret.
2462 2022 2596 2077 Cum
2651 2037 2780 2077 vero
2837 2022 3024 2076 nullibi
3080 2021 3226 2075 viam
3282 2019 3582 2075 oblirmare

1965 2132 2125 2188 posse
2168 2116 2473 2182 videretur,
2524 2116 2755 2186 contigit
2808 2115 2957 2170 illum
2996 2131 3093 2186 per
3133 2114 3410 2184 Apennini
3450 2113 3578 2184 juga

1967 2209 2074 2264 iter
2115 2208 2438 2272 facientem,
2486 2208 2553 2263 ad
2601 2208 2777 2263 locum
2824 2208 3117 2279 quemdam
3165 2221 3446 2261 amoenum
3494 2221 3583 2259 ar-

1969 2308 2143 2354 cuata:
2173 2300 2348 2360 vallis,
2382 2314 2505 2369 quae
2536 2298 2640 2354 sita
2688 2308 2775 2354 est
2824 2299 2967 2353 inter
3008 2297 3369 2353 densissimas
3412 2295 3583 2351 silvas

1972 2391 2117 2445 inter
2143 2398 2385 2445 montem
2415 2387 2611 2444 Catrim
2634 2399 2689 2445 ct
2716 2389 2906 2454 Corni,
2934 2388 3290 2444 descendere.
3317 2385 3419 2442 Ubi
3451 2385 3581 2441 dum

1972 2482 2227 2547 sisteret,
2277 2482 2400 2550 plus
2452 2481 2615 2536 solito
2663 2480 2867 2535 laboris
2918 2480 3115 2535 itinere
3165 2478 3461 2551 fatigatus,
3513 2478 3580 2533 ad

1972 2574 2202 2639 fontem,
2237 2572 2327 2642 qui
2379 2570 2650 2641 plurimus
2698 2571 2768 2625 ad
2811 2570 3026 2626 radices
3054 2568 3444 2626 Avellanarum
3490 2582 3583 2621 ar-

1972 2666 2165 2720 borum
2213 2663 2570 2726 scaturiehat,
2610 2671 2664 2718 et
2711 2670 2931 2729 sumpto
2970 2662 3115 2724 cibo,
3159 2674 3285 2715 cum
3337 2658 3581 2714 nonnihil

1974 2758 2150 2814 somni
2184 2773 2380 2826 capere
2423 2755 2701 2826 coepisset,
2730 2771 2834 2811 vox
2861 2755 3078 2812 emlitus
3106 2756 3174 2807 ad
3206 2753 3357 2808 illum
3390 2752 3583 2822 hujus-

1975 2849 2119 2905 modi
2150 2848 2292 2903 facta
2323 2856 2408 2901 est
2436 2866 2447 2900 :
2483 2847 2790 2917 Ludulphe,
2810 2846 2901 2902 hic
2928 2846 3022 2902 tibi
3053 2844 3321 2901 habitatio
3347 2853 3582 2914 patrata,

1967 2938 2083 3010 jam
2115 2938 2336 2994 tandem
2369 2937 2543 2993 labori
2585 2938 2801 2995 itineris
2830 2954 3017 3010 parce.
3050 2937 3151 3005 Qui
3187 2952 3438 3008 surgens,
3474 2938 3587 2992 Deo

1974 3027 2182 3099 gratias
2217 3041 2407 3097 agens,
2439 3026 2702 3098 capellam
2736 3036 2794 3083 et
2822 3027 3089 3094 casulam,
3124 3036 3181 3082 ut
3227 3027 3431 3081 dictum
3476 3036 3583 3091 est,

1974 3118 2110 3174 inibi
2159 3118 2227 3173 ad
2273 3118 2539 3173 honorem
2578 3119 2756 3174 sancti
2787 3118 3019 3174 Andreae
3057 3117 3289 3187 apostoli
3341 3117 3577 3188 primum

1972 3209 2175 3280 posuit,
2210 3209 2555 3280 iuditumque
2596 3209 2717 3265 loco
2755 3218 2840 3265 est
2879 3224 3076 3266 nomen
3117 3208 3307 3263 Fomis
3333 3207 3579 3263 Avellaui

1971 3316 2002 3356 a
2034 3300 2185 3357 fonte
2213 3310 2537 3366 memorato,
2572 3316 2747 3371 usque
2773 3301 2824 3355 in
2848 3300 3174 3355 hodiernum
3207 3300 3368 3354 dictu.
3403 3297 3577 3353 Porro

1966 3394 2310 3466 Ludulphus,
2353 3392 2672 3464 aliquandiu
2724 3393 2930 3463 degens
2982 3392 3137 3463 quasi
3183 3391 3516 3461 incognitus,
3550 3406 3580 3443 a

1968 3486 2284 3558 pastoribus
2331 3485 2579 3555 proditus
2621 3493 2728 3549 est,
2774 3492 2829 3538 et
2871 3484 2939 3538 ad
2983 3482 3352 3554 episcopalem
3394 3482 3584 3537 cathe-

1969 3580 2125 3634 dram
2178 3577 2479 3649 Eugubina:
2522 3576 2799 3638 Ecclesia,
2844 3576 2895 3629 in
2947 3574 3106 3643 cujus
3153 3574 3377 3629 ditecesi
3426 3573 3579 3628 locus

1970 3679 2074 3736 est,
2104 3678 2375 3742 attractus
2417 3667 2615 3723 deinde
2661 3667 2887 3721 omnino
2932 3666 3157 3721 invitus.
3205 3664 3575 3731 Quamobrem

1969 3775 2189 3816 eremus
2231 3774 2329 3814 sua
2358 3757 2648 3822 Avellana,
2674 3757 2745 3811 ob
2777 3754 3142 3826 frequentiam
3183 3753 3576 3824 discipulorum

1970 3854 2023 3907 in
2058 3851 2275 3907 celebre
2313 3846 2630 3904 coenobium
2661 3861 2841 3911 versa,
2885 3846 3031 3915 quod
3070 3853 3298 3914 propter
3341 3852 3583 3899 auctoris

1970 3942 2346 4000 incredibilem
2397 3938 2666 3995 columbae
2711 3938 3140 4009 simplicitatem,
3178 3935 3333 3991 titulo
3371 3935 3583 3990 ordinis

1970 4034 2249 4090 Columbae
2295 4031 2641 4103 insignitum,
2668 4029 2821 4084 illum
2868 4028 2956 4084 vel
2996 4042 3171 4099 usque
3219 4027 3287 4081 ad
3336 4037 3580 4097 tempora

1968 4124 2197 4178 Danthis
2220 4129 2395 4193 poetae
2422 4120 2641 4175 Etrusci
2669 4120 2916 4184 retinuit,
2951 4137 2970 4171 ι
2999 4128 3085 4173 etc

2039 4212 2124 4267 ΙΙΙ.
2167 4212 2225 4266 In
2251 4226 2357 4281 qua
2398 4211 2721 4266 narratione
2748 4210 2929 4279 primo
2958 4208 3351 4265 advertendum
3386 4223 3582 4265 occur-

1970 4306 2041 4361 rit
2069 4306 2233 4360 nimis
2265 4303 2573 4359 inconsulte
2604 4318 2633 4357 a
2660 4302 2928 4358 Fortuuio
2953 4302 3101 4357 velut
3132 4302 3415 4357 indubium
3448 4318 3578 4373 sup-

1966 4402 2092 4473 poni
2118 4400 2261 4470 quod
2288 4398 2669 4455 Avellanensis
2693 4398 2864 4454 eremi
2900 4397 3174 4454 institutio
3197 4398 3256 4453 S.
3287 4397 3579 4455 Romualdi

1969 4493 2309 4563 temporibus
2340 4492 2496 4562 longe
2524 4492 2768 4546 anterior
2802 4491 2985 4557 fuerit,
3013 4506 3081 4547 ex
3112 4506 3220 4561 quo
3250 4492 3581 4563 epigt‘apltes

1970 4587 2038 4640 ah
2063 4587 2178 4655 ipso
2201 4586 2364 4639 uliata
2396 4584 2612 4638 Arianae
2641 4592 2805 4639 sectae
2834 4582 3043 4653 pridem
3074 4585 3361 4638 exstincta:
3394 4582 3576 4654 fugam

1970 4675 2256 4746 Ludulpho
2312 4674 2413 4729 luci
2473 4674 2741 4728 conditori
2799 4673 3077 4729 ascribere
3131 4673 3400 4727 videatur.
3442 4672 3581 4729 Cum

1970 4770 2116 4824 enim
2155 4774 2448 4837 utrumque
2484 4767 2692 4822 diserte
2723 4764 3025 4821 aflirmetur
3058 4766 3110 4819 in
3143 4764 3236 4820 illo
3279 4765 3476 4835 elogio,
3505 4766 3582 4820 vi—

1969 4860 2167 4916 delicet
2206 4867 2318 4913 tum
2368 4856 2661 4912 mdilieium
2709 4857 2878 4913 eremi
2922 4856 3197 4911 Avellanze
3228 4871 3257 4908 a
3294 4854 3579 4925 Ludulpho

1970 4960 2205 5022 emptum
2237 4964 2380 5004 anno
2410 4948 2720 5013 millesimo,
2754 4957 2866 5003 tum
2894 4938 2964 5001 ad
2994 4947 3323 5002 Arianorum
3363 4957 3570 5003 sectam

1970 5044 2281 5117 fugiendam
2328 5043 2379 5099 id
2422 5041 2626 5099 factum
2670 5057 2814 5098 esse.
2848 5042 2981 5109 Quae
3029 5041 3135 5097 duo
3182 5040 3416 5096 invicem
3462 5055 3566 5095 non

1966 5140 2242 5195 cohaerere
2302 5146 2489 5192 uoster
2553 5135 2852 5191 historicus
2910 5135 3235 5199 arbitratur,
3306 5133 3575 5205 reliquum

1930 5260 1933 5261 ν
1965 5240 2104 5298 erat,
2134 5241 2195 5286 ut
2222 5230 2438 5287 cautius
2482 5229 2816 5301 expenderet
2852 5235 3037 5281 utrmn
3070 5240 3137 5280 ex
3171 5226 3256 5280 his
3288 5239 3572 5280 commen-

1967 5326 2150 5381 titium
2196 5333 2451 5396 putaret;
2502 5325 2849 5395 primumne,
2901 5323 3045 5392 quod
3096 5320 3397 5376 innumeris
3450 5321 3574 5376 aliis

1969 5418 2338 5474 monumentis
2372 5416 2761 5481 confirmatur;
2793 5432 2883 5481 an,
2918 5414 3240 5477 secundum,
3275 5415 3419 5483 quod
3462 5430 3569 5470 non

1968 5509 2095 5576 alio,
2123 5525 2287 5580 quam
2318 5508 2498 5579 polita:
2524 5507 2667 5562 illius
2699 5508 3091 5578 inscriptionis,
3124 5507 3438 5563 testimonio
3469 5505 3572 5561 ful-

1965 5602 2137 5668 citur;
2168 5601 2726 5672 dcprehendissetque
2754 5616 2860 5656 non
2888 5601 3018 5657 illud
3043 5617 3109 5657 ex
3136 5602 3238 5657 hoc
3266 5602 3318 5655 in
3339 5600 3560 5655 dubium

1962 5693 2165 5755 vocari,
2198 5692 2291 5748 sed
2322 5693 2423 5746 hoc
2449 5692 2627 5762 potius
2657 5708 2721 5747 ex
2755 5692 2846 5748 illo
2874 5692 3077 5762 corrigi
3108 5692 3377 5747 debuisse.

2033 5783 2123 5838 IV.
2166 5785 2455 5840 Enimvero
2504 5784 2649 5839 circa
2704 5801 2906 5839 annum
2950 5785 3153 5841 Christi
3208 5783 3551 5838 millesimum

1963 5875 2077 5945 (aut
2127 5885 2276 5931 certe
2323 5874 2480 5945 paulo
2528 5883 2688 5941 ante,
2745 5889 2803 5930 ut
2852 5876 2990 5931 infra
3044 5872 3557 5942 tlcterminabitnus)
