  <div class='ocr_page' id='page_1' title='image "/cluster/home/n/w/nwhite01/storage/ocr_20150623/144-145/uc1.31175001639262/019.png"; bbox 0 0 4040 6376; ppageno 0'>
   <div class='ocr_carea' id='block_1_1' title="bbox 511 426 2069 490">
    <p class='ocr_par' dir='ltr' id='par_1_1' title="bbox 511 426 2069 488">
     <span class='ocr_line' id='line_1_1' title="bbox 511 426 2069 488; baseline 0.003 -6"><span class='ocrx_word' id='word_1_1' title='bbox 511 426 579 482; x_wconf 74' lang='grc'><strong>25</strong></span> <span class='ocrx_word' id='word_1_2' title='bbox 1423 431 1479 486; x_wconf 91' lang='lat' dir='ltr'><strong>S.</strong></span> <span class='ocrx_word' id='word_1_3' title='bbox 1508 430 1779 488; x_wconf 67' lang='lat' dir='ltr'><strong>PETliUS</strong></span> <span class='ocrx_word' id='word_1_4' title='bbox 1817 431 2069 488; x_wconf 77' lang='lat' dir='ltr'><strong>DAMIAN</strong></span> 
     </span>
    </p>
   </div>
   <div class='ocr_carea' id='block_1_2' title="bbox 2171 426 3739 490">
    <p class='ocr_par' dir='ltr' id='par_1_2' title="bbox 2194 430 3739 490">
     <span class='ocr_line' id='line_1_2' title="bbox 2194 430 3739 490; baseline 0.001 -1"><span class='ocrx_word' id='word_1_5' title='bbox 2194 430 2251 489; x_wconf 89' lang='lat' dir='ltr'><strong>S.</strong></span> <span class='ocrx_word' id='word_1_6' title='bbox 2293 431 2358 487; x_wconf 79' lang='lat' dir='ltr'><strong>R.</strong></span> <span class='ocrx_word' id='word_1_7' title='bbox 2399 433 2461 487; x_wconf 85' lang='grc' dir='ltr'><strong>Ε.</strong></span> <span class='ocrx_word' id='word_1_8' title='bbox 2498 431 2926 489; x_wconf 78' lang='lat' dir='ltr'><strong>CARDINALIS.</strong></span> <span class='ocrx_word' id='word_1_9' title='bbox 3665 435 3739 490; x_wconf 60' lang='grc' dir='ltr'><strong>ΞΔ</strong></span> 
     </span>
    </p>
   </div>
   <div class='ocr_carea' id='block_1_3' title="bbox 507 542 2148 609">
    <p class='ocr_par' dir='ltr' id='par_1_3' title="bbox 507 542 2148 609">
     <span class='ocr_line' id='line_1_3' title="bbox 507 542 2148 609; baseline 0.004 -14"><span class='ocrx_word' id='word_1_10' title='bbox 507 554 716 596; x_wconf 77' lang='lat' dir='ltr'><strong>sacram</strong></span> <span class='ocrx_word' id='word_1_11' title='bbox 753 542 1025 601; x_wconf 74' lang='lat' dir='ltr'><strong>Atellanae</strong></span> <span class='ocrx_word' id='word_1_12' title='bbox 1056 547 1271 600; x_wconf 87' lang='lat' dir='ltr'><strong>domum</strong></span> <span class='ocrx_word' id='word_1_13' title='bbox 1310 559 1501 601; x_wconf 88' lang='lat' dir='ltr'><strong>revera</strong></span> <span class='ocrx_word' id='word_1_14' title='bbox 1540 557 1906 602; x_wconf 75' lang='lat' dir='ltr'><strong>constructam</strong></span> <span class='ocrx_word' id='word_1_15' title='bbox 1939 547 2072 602; x_wconf 65' lang='lat' dir='ltr'><strong>fuisv</strong></span> <span class='ocrx_word' id='word_1_16' title='bbox 2100 553 2148 609; x_wconf 78' lang='grc' dir='ltr'>Α</span> 
     </span>
    </p>
   </div>
   <div class='ocr_carea' id='block_1_4' title="bbox 508 634 2068 706">
    <p class='ocr_par' dir='ltr' id='par_1_4' title="bbox 508 634 2068 706">
     <span class='ocr_line' id='line_1_4' title="bbox 508 634 2068 706; baseline 0.004 -21"><span class='ocrx_word' id='word_1_17' title='bbox 508 645 600 694; x_wconf 86' lang='lat' dir='ltr'><strong>se,</strong></span> <span class='ocrx_word' id='word_1_18' title='bbox 640 648 739 688; x_wconf 89' lang='lat' dir='ltr'><strong>nec</strong></span> <span class='ocrx_word' id='word_1_19' title='bbox 785 634 852 688; x_wconf 86' lang='lat' dir='ltr'><strong>ad</strong></span> <span class='ocrx_word' id='word_1_20' title='bbox 896 634 1218 690; x_wconf 83' lang='lat' dir='ltr'><strong>Arianorum</strong></span> <span class='ocrx_word' id='word_1_21' title='bbox 1266 636 1461 691; x_wconf 59' lang='lat' dir='ltr'><strong>sarcula</strong></span> <span class='ocrx_word' id='word_1_22' title='bbox 1512 638 1629 706; x_wconf 86' lang='lat' dir='ltr'><strong>ejus</strong></span> <span class='ocrx_word' id='word_1_23' title='bbox 1678 638 2068 692; x_wconf 87' lang='lat' dir='ltr'><strong>institutionem</strong></span> 
     </span>
    </p>
   </div>
   <div class='ocr_carea' id='block_1_5' title="bbox 508 721 2069 797">
    <p class='ocr_par' dir='ltr' id='par_1_5' title="bbox 508 721 2069 797">
     <span class='ocr_line' id='line_1_5' title="bbox 508 721 2069 797; baseline 0.003 -22"><span class='ocrx_word' id='word_1_24' title='bbox 508 722 698 777; x_wconf 89' lang='lat' dir='ltr'><strong>referri</strong></span> <span class='ocrx_word' id='word_1_25' title='bbox 730 738 902 792; x_wconf 82' lang='lat' dir='ltr'><strong>posse,</strong></span> <span class='ocrx_word' id='word_1_26' title='bbox 948 734 1157 779; x_wconf 80' lang='lat' dir='ltr'><strong>constat</strong></span> <span class='ocrx_word' id='word_1_27' title='bbox 1190 721 1301 780; x_wconf 84' lang='lat' dir='ltr'><strong>tum</strong></span> <span class='ocrx_word' id='word_1_28' title='bbox 1330 741 1395 782; x_wconf 84' lang='lat' dir='ltr'><strong>ex</strong></span> <span class='ocrx_word' id='word_1_29' title='bbox 1427 728 1542 797; x_wconf 88' lang='lat' dir='ltr'><strong>ipso</strong></span> <span class='ocrx_word' id='word_1_30' title='bbox 1584 728 1642 781; x_wconf 83' lang='grc' dir='ltr'>Β.</span> <span class='ocrx_word' id='word_1_31' title='bbox 1686 727 1965 797; x_wconf 89' lang='lat' dir='ltr'><strong>Ludulpho</strong></span> <span class='ocrx_word' id='word_1_32' title='bbox 2004 727 2069 781; x_wconf 91' lang='lat' dir='ltr'><strong>il-</strong></span> 
     </span>
    </p>
   </div>
   <div class='ocr_carea' id='block_1_6' title="bbox 508 813 2070 889">
    <p class='ocr_par' dir='ltr' id='par_1_6' title="bbox 508 813 2070 889">
     <span class='ocr_line' id='line_1_6' title="bbox 508 813 2070 889; baseline 0.006 -24"><span class='ocrx_word' id='word_1_33' title='bbox 508 813 610 869; x_wconf 91' lang='lat' dir='ltr'><strong>lius</strong></span> <span class='ocrx_word' id='word_1_34' title='bbox 636 815 799 869; x_wconf 85' lang='lat' dir='ltr'><strong>eremi</strong></span> <span class='ocrx_word' id='word_1_35' title='bbox 831 813 1133 875; x_wconf 58' lang='lat' dir='ltr'><strong>fundatore.</strong></span> <span class='ocrx_word' id='word_1_36' title='bbox 1167 820 1261 888; x_wconf 89' lang='lat' dir='ltr'><strong>qui</strong></span> <span class='ocrx_word' id='word_1_37' title='bbox 1288 835 1430 875; x_wconf 90' lang='lat' dir='ltr'><strong>anno</strong></span> <span class='ocrx_word' id='word_1_38' title='bbox 1456 820 1593 876; x_wconf 80' lang='grc'><strong>1009</strong></span> <span class='ocrx_word' id='word_1_39' title='bbox 1632 820 1697 875; x_wconf 81' lang='lat' dir='ltr'><strong>ad</strong></span> <span class='ocrx_word' id='word_1_40' title='bbox 1728 819 2070 889; x_wconf 87' lang='lat' dir='ltr'><strong>Engubinum</strong></span> 
     </span>
    </p>
   </div>
   <div class='ocr_carea' id='block_1_7' title="bbox 510 904 2069 980">
    <p class='ocr_par' dir='ltr' id='par_1_7' title="bbox 510 904 2069 980">
     <span class='ocr_line' id='line_1_7' title="bbox 510 904 2069 980; baseline 0.006 -24"><span class='ocrx_word' id='word_1_41' title='bbox 510 904 875 972; x_wconf 84' lang='lat' dir='ltr'><strong>episcopatum</strong></span> <span class='ocrx_word' id='word_1_42' title='bbox 903 918 1088 977; x_wconf 86' lang='lat' dir='ltr'><strong>raptus</strong></span> <span class='ocrx_word' id='word_1_43' title='bbox 1128 919 1231 973; x_wconf 91' lang='lat' dir='ltr'><strong>est,</strong></span> <span class='ocrx_word' id='word_1_44' title='bbox 1260 910 1442 980; x_wconf 78' lang='lat' dir='ltr'><strong>illique</strong></span> <span class='ocrx_word' id='word_1_45' title='bbox 1479 925 1620 964; x_wconf 91' lang='lat' dir='ltr'><strong>anno</strong></span> <span class='ocrx_word' id='word_1_46' title='bbox 1651 909 1786 963; x_wconf 86' lang='grc'><strong>1012</strong></span> <span class='ocrx_word' id='word_1_47' title='bbox 1823 910 2069 965; x_wconf 90' lang='lat' dir='ltr'><strong>nuntium</strong></span> 
     </span>
    </p>
   </div>
   <div class='ocr_carea' id='block_1_8' title="bbox 502 993 2067 1069">
    <p class='ocr_par' dir='ltr' id='par_1_8' title="bbox 502 993 2067 1069">
     <span class='ocr_line' id='line_1_8' title="bbox 502 993 2067 1069; baseline 0.004 -23"><span class='ocrx_word' id='word_1_48' title='bbox 502 993 785 1049; x_wconf 90' lang='lat' dir='ltr'><strong>remittens</strong></span> <span class='ocrx_word' id='word_1_49' title='bbox 829 994 894 1049; x_wconf 90' lang='lat' dir='ltr'><strong>ad</strong></span> <span class='ocrx_word' id='word_1_50' title='bbox 948 1012 1097 1051; x_wconf 91' lang='lat' dir='ltr'><strong>suam</strong></span> <span class='ocrx_word' id='word_1_51' title='bbox 1144 1013 1383 1053; x_wconf 91' lang='lat' dir='ltr'><strong>eremum</strong></span> <span class='ocrx_word' id='word_1_52' title='bbox 1436 1014 1685 1054; x_wconf 79' lang='lat' dir='ltr'><strong>reversus</strong></span> <span class='ocrx_word' id='word_1_53' title='bbox 1726 998 1938 1069; x_wconf 79' lang='lat' dir='ltr'><strong>legitur,</strong></span> <span class='ocrx_word' id='word_1_54' title='bbox 1977 999 2067 1053; x_wconf 92' lang='lat' dir='ltr'><strong>ubi</strong></span> 
     </span>
    </p>
   </div>
   <div class='ocr_carea' id='block_1_9' title="bbox 505 1085 2067 1151">
    <p class='ocr_par' dir='ltr' id='par_1_9' title="bbox 505 1085 2067 1151">
     <span class='ocr_line' id='line_1_9' title="bbox 505 1085 2067 1151; baseline 0.006 -16"><span class='ocrx_word' id='word_1_55' title='bbox 505 1085 845 1140; x_wconf 78' lang='lat' dir='ltr'><strong>sanctissime</strong></span> <span class='ocrx_word' id='word_1_56' title='bbox 896 1087 1030 1142; x_wconf 90' lang='lat' dir='ltr'><strong>obiit</strong></span> <span class='ocrx_word' id='word_1_57' title='bbox 1076 1087 1165 1143; x_wconf 62' lang='grc' dir='ltr'><strong>ὀὴ</strong></span> <span class='ocrx_word' id='word_1_58' title='bbox 1206 1088 1277 1143; x_wconf 88' lang='grc'><strong>20</strong></span> <span class='ocrx_word' id='word_1_59' title='bbox 1324 1087 1561 1142; x_wconf 83' lang='lat' dir='ltr'><strong>Januarii</strong></span> <span class='ocrx_word' id='word_1_60' title='bbox 1612 1088 1780 1151; x_wconf 65' lang='lat'><strong>1047;</strong></span> <span class='ocrx_word' id='word_1_61' title='bbox 1831 1096 1942 1142; x_wconf 91' lang='lat' dir='ltr'><strong>tum</strong></span> <span class='ocrx_word' id='word_1_62' title='bbox 2000 1104 2067 1144; x_wconf 79' lang='lat' dir='ltr'><strong>ex</strong></span> 
     </span>
    </p>
   </div>
   <div class='ocr_carea' id='block_1_10' title="bbox 505 1172 2067 1245">
    <p class='ocr_par' dir='ltr' id='par_1_10' title="bbox 505 1172 2067 1245">
     <span class='ocr_line' id='line_1_10' title="bbox 505 1172 2067 1245; baseline 0.005 -21"><span class='ocrx_word' id='word_1_63' title='bbox 505 1172 744 1241; x_wconf 84' lang='lat' dir='ltr'><strong>ejusdem</strong></span> <span class='ocrx_word' id='word_1_64' title='bbox 788 1173 1052 1244; x_wconf 89' lang='lat' dir='ltr'><strong>Ludulpbi</strong></span> <span class='ocrx_word' id='word_1_65' title='bbox 1093 1175 1389 1245; x_wconf 87' lang='lat' dir='ltr'><strong>discipulis,</strong></span> <span class='ocrx_word' id='word_1_66' title='bbox 1419 1174 1651 1240; x_wconf 84' lang='lat' dir='ltr'><strong>Juliano,</strong></span> <span class='ocrx_word' id='word_1_67' title='bbox 1696 1177 1784 1245; x_wconf 88' lang='lat' dir='ltr'><strong>qui</strong></span> <span class='ocrx_word' id='word_1_68' title='bbox 1825 1192 2067 1232; x_wconf 90' lang='lat' dir='ltr'><strong>eremum</strong></span> 
     </span>
    </p>
   </div>
   <div class='ocr_carea' id='block_1_11' title="bbox 504 1262 2065 1332">
    <p class='ocr_par' dir='ltr' id='par_1_11' title="bbox 504 1262 2065 1332">
     <span class='ocr_line' id='line_1_11' title="bbox 504 1262 2065 1332; baseline 0.003 -16"><span class='ocrx_word' id='word_1_69' title='bbox 504 1262 558 1316; x_wconf 89' lang='lat' dir='ltr'><strong>in</strong></span> <span class='ocrx_word' id='word_1_70' title='bbox 599 1262 839 1317; x_wconf 82' lang='lat' dir='ltr'><strong>absentia</strong></span> <span class='ocrx_word' id='word_1_71' title='bbox 872 1263 1132 1331; x_wconf 88' lang='lat' dir='ltr'><strong>Ludulpbi</strong></span> <span class='ocrx_word' id='word_1_72' title='bbox 1184 1267 1253 1320; x_wconf 88' lang='lat' dir='ltr'><strong>ab</strong></span> <span class='ocrx_word' id='word_1_73' title='bbox 1292 1281 1433 1320; x_wconf 93' lang='lat' dir='ltr'><strong>anno</strong></span> <span class='ocrx_word' id='word_1_74' title='bbox 1460 1266 1596 1321; x_wconf 90' lang='grc'><strong>1009</strong></span> <span class='ocrx_word' id='word_1_75' title='bbox 1634 1268 1700 1320; x_wconf 91' lang='lat' dir='ltr'><strong>ad</strong></span> <span class='ocrx_word' id='word_1_76' title='bbox 1729 1265 1866 1319; x_wconf 86' lang='grc'><strong>1012</strong></span> <span class='ocrx_word' id='word_1_77' title='bbox 1903 1268 2065 1332; x_wconf 81' lang='lat' dir='ltr'><strong>rexit,</strong></span> 
     </span>
    </p>
   </div>
   <div class='ocr_carea' id='block_1_12' title="bbox 501 1352 2064 1425">
    <p class='ocr_par' dir='ltr' id='par_1_12' title="bbox 501 1352 2064 1425">
     <span class='ocr_line' id='line_1_12' title="bbox 501 1352 2064 1425; baseline 0.003 -20"><span class='ocrx_word' id='word_1_78' title='bbox 501 1352 783 1422; x_wconf 88' lang='lat' dir='ltr'><strong>eidemque</strong></span> <span class='ocrx_word' id='word_1_79' title='bbox 812 1353 863 1406; x_wconf 92' lang='lat' dir='ltr'><strong>iu</strong></span> <span class='ocrx_word' id='word_1_80' title='bbox 896 1354 1204 1423; x_wconf 82' lang='lat' dir='ltr'><strong>episcopatu</strong></span> <span class='ocrx_word' id='word_1_81' title='bbox 1240 1356 1521 1425; x_wconf 85' lang='lat' dir='ltr'><strong>Eugubino</strong></span> <span class='ocrx_word' id='word_1_82' title='bbox 1560 1358 1876 1422; x_wconf 89' lang='lat' dir='ltr'><strong>succedens,</strong></span> <span class='ocrx_word' id='word_1_83' title='bbox 1907 1359 1993 1413; x_wconf 90' lang='lat' dir='ltr'><strong>die</strong></span> <span class='ocrx_word' id='word_1_84' title='bbox 2034 1360 2064 1409; x_wconf 86' lang='lat'><strong>7</strong></span> 
     </span>
    </p>
   </div>
   <div class='ocr_carea' id='block_1_13' title="bbox 504 1438 2065 1517">
    <p class='ocr_par' dir='ltr' id='par_1_13' title="bbox 504 1438 2065 1517">
     <span class='ocr_line' id='line_1_13' title="bbox 504 1438 2065 1517; baseline 0.004 -22"><span class='ocrx_word' id='word_1_85' title='bbox 504 1438 629 1495; x_wconf 79' lang='lat' dir='ltr'><strong>Maii</strong></span> <span class='ocrx_word' id='word_1_86' title='bbox 659 1440 796 1495; x_wconf 77' lang='grc'><strong>1052</strong></span> <span class='ocrx_word' id='word_1_87' title='bbox 823 1458 854 1495; x_wconf 88' lang='lat' dir='ltr'><strong>e</strong></span> <span class='ocrx_word' id='word_1_88' title='bbox 877 1442 1012 1497; x_wconf 80' lang='lat' dir='ltr'><strong>vivis</strong></span> <span class='ocrx_word' id='word_1_89' title='bbox 1040 1445 1300 1509; x_wconf 84' lang='lat' dir='ltr'><strong>excessit;</strong></span> <span class='ocrx_word' id='word_1_90' title='bbox 1332 1445 1393 1498; x_wconf 91' lang='lat' dir='ltr'><strong>B.</strong></span> <span class='ocrx_word' id='word_1_91' title='bbox 1427 1445 1672 1501; x_wconf 86' lang='lat' dir='ltr'><strong>Guidone</strong></span> <span class='ocrx_word' id='word_1_92' title='bbox 1699 1448 1940 1512; x_wconf 83' lang='lat' dir='ltr'><strong>Arctino,</strong></span> <span class='ocrx_word' id='word_1_93' title='bbox 1972 1448 2065 1517; x_wconf 88' lang='lat' dir='ltr'><strong>qui</strong></span> 
     </span>
    </p>
   </div>
   <div class='ocr_carea' id='block_1_14' title="bbox 501 1532 2061 1609">
    <p class='ocr_par' dir='ltr' id='par_1_14' title="bbox 501 1532 2061 1609">
     <span class='ocr_line' id='line_1_14' title="bbox 501 1532 2061 1609; baseline 0.006 -23"><span class='ocrx_word' id='word_1_94' title='bbox 501 1547 644 1587; x_wconf 89' lang='lat' dir='ltr'><strong>anno</strong></span> <span class='ocrx_word' id='word_1_95' title='bbox 672 1532 809 1586; x_wconf 86' lang='grc'><strong>1022</strong></span> <span class='ocrx_word' id='word_1_96' title='bbox 837 1549 989 1588; x_wconf 91' lang='lat' dir='ltr'><strong>suum</strong></span> <span class='ocrx_word' id='word_1_97' title='bbox 1017 1535 1083 1590; x_wconf 93' lang='lat' dir='ltr'><strong>de</strong></span> <span class='ocrx_word' id='word_1_98' title='bbox 1109 1537 1313 1591; x_wconf 88' lang='lat' dir='ltr'><strong>musica</strong></span> <span class='ocrx_word' id='word_1_99' title='bbox 1346 1536 1634 1609; x_wconf 88' lang='lat' dir='ltr'><strong>Syntagma</strong></span> <span class='ocrx_word' id='word_1_100' title='bbox 1664 1554 1857 1594; x_wconf 86' lang='lat' dir='ltr'><strong>novum</strong></span> <span class='ocrx_word' id='word_1_101' title='bbox 1887 1540 2061 1596; x_wconf 88' lang='lat' dir='ltr'><strong>Theo-</strong></span> 
     </span>
    </p>
   </div>
   <div class='ocr_carea' id='block_1_15' title="bbox 501 1614 2093 1696">
    <p class='ocr_par' dir='ltr' id='par_1_15' title="bbox 501 1614 2093 1696">
     <span class='ocr_line' id='line_1_15' title="bbox 501 1614 2093 1696; baseline 0.007 -22"><span class='ocrx_word' id='word_1_102' title='bbox 501 1621 659 1675; x_wconf 85' lang='lat' dir='ltr'><strong>daldo</strong></span> <span class='ocrx_word' id='word_1_103' title='bbox 705 1622 930 1677; x_wconf 86' lang='lat' dir='ltr'><strong>Aretino</strong></span> <span class='ocrx_word' id='word_1_104' title='bbox 968 1625 1223 1696; x_wconf 81' lang='lat' dir='ltr'><strong>episcopo</strong></span> <span class='ocrx_word' id='word_1_105' title='bbox 1268 1627 1555 1692; x_wconf 85' lang='lat' dir='ltr'><strong>dedicavit,</strong></span> <span class='ocrx_word' id='word_1_106' title='bbox 1588 1639 1643 1685; x_wconf 91' lang='lat' dir='ltr'><strong>et</strong></span> <span class='ocrx_word' id='word_1_107' title='bbox 1669 1646 1812 1685; x_wconf 90' lang='lat' dir='ltr'><strong>anno</strong></span> <span class='ocrx_word' id='word_1_108' title='bbox 1851 1631 1987 1684; x_wconf 76' lang='grc'><strong>1050</strong></span> <span class='ocrx_word' id='word_1_109' title='bbox 2033 1614 2093 1685; x_wconf 8' lang='grc' dir='ltr'><strong>ειη</strong></span> 
     </span>
    </p>
   </div>
   <div class='ocr_carea' id='block_1_16' title="bbox 504 1710 2064 1783">
    <p class='ocr_par' dir='ltr' id='par_1_16' title="bbox 504 1710 2064 1783">
     <span class='ocr_line' id='line_1_16' title="bbox 504 1710 2064 1783; baseline 0.008 -20"><span class='ocrx_word' id='word_1_110' title='bbox 504 1710 566 1764; x_wconf 86' lang='grc' dir='ltr'>Β.</span> <span class='ocrx_word' id='word_1_111' title='bbox 600 1711 882 1782; x_wconf 89' lang='lat' dir='ltr'><strong>Ludulpbo</strong></span> <span class='ocrx_word' id='word_1_112' title='bbox 926 1713 978 1767; x_wconf 91' lang='lat' dir='ltr'><strong>in</strong></span> <span class='ocrx_word' id='word_1_113' title='bbox 1028 1715 1427 1783; x_wconf 88' lang='lat' dir='ltr'><strong>eoadjutorem,</strong></span> <span class='ocrx_word' id='word_1_114' title='bbox 1472 1734 1564 1773; x_wconf 89' lang='lat' dir='ltr'><strong>seu</strong></span> <span class='ocrx_word' id='word_1_115' title='bbox 1605 1720 1865 1774; x_wconf 89' lang='lat' dir='ltr'><strong>vicarium</strong></span> <span class='ocrx_word' id='word_1_116' title='bbox 1909 1736 2064 1776; x_wconf 90' lang='lat' dir='ltr'><strong>suum</strong></span> 
     </span>
    </p>
   </div>
   <div class='ocr_carea' id='block_1_17' title="bbox 502 1802 2069 1876">
    <p class='ocr_par' dir='ltr' id='par_1_17' title="bbox 502 1802 2069 1876">
     <span class='ocr_line' id='line_1_17' title="bbox 502 1802 2069 1876; baseline 0.008 -24"><span class='ocrx_word' id='word_1_117' title='bbox 502 1808 588 1853; x_wconf 85' lang='lat' dir='ltr'><strong>est</strong></span> <span class='ocrx_word' id='word_1_118' title='bbox 613 1808 913 1868; x_wconf 85' lang='lat' dir='ltr'><strong>coeptatus,</strong></span> <span class='ocrx_word' id='word_1_119' title='bbox 942 1802 1027 1855; x_wconf 93' lang='lat' dir='ltr'><strong>cui</strong></span> <span class='ocrx_word' id='word_1_120' title='bbox 1059 1804 1221 1858; x_wconf 88' lang='lat' dir='ltr'><strong>etiam</strong></span> <span class='ocrx_word' id='word_1_121' title='bbox 1251 1820 1390 1858; x_wconf 90' lang='lat' dir='ltr'><strong>anno</strong></span> <span class='ocrx_word' id='word_1_122' title='bbox 1421 1806 1554 1860; x_wconf 72' lang='grc'><strong>1047</strong></span> <span class='ocrx_word' id='word_1_123' title='bbox 1586 1808 1638 1860; x_wconf 85' lang='grc' dir='ltr'><strong>ἰη</strong></span> <span class='ocrx_word' id='word_1_124' title='bbox 1673 1808 1913 1876; x_wconf 85' lang='lat' dir='ltr'><strong>prioratu</strong></span> <span class='ocrx_word' id='word_1_125' title='bbox 1946 1823 2069 1864; x_wconf 86' lang='lat' dir='ltr'><strong>suc-</strong></span> 
     </span>
    </p>
   </div>
   <div class='ocr_carea' id='block_1_18' title="bbox 2248 544 3741 606">
    <p class='ocr_par' dir='ltr' id='par_1_18' title="bbox 2248 544 3741 606">
     <span class='ocr_line' id='line_1_18' title="bbox 2248 544 3741 606; baseline 0.005 -7"><span class='ocrx_word' id='word_1_126' title='bbox 2248 546 2331 600; x_wconf 80' lang='lat' dir='ltr'><strong>\‘l.</strong></span> <span class='ocrx_word' id='word_1_127' title='bbox 2373 544 2636 605; x_wconf 86' lang='lat' dir='ltr'><strong>Secundo.</strong></span> <span class='ocrx_word' id='word_1_128' title='bbox 2669 546 2721 599; x_wconf 89' lang='lat' dir='ltr'><strong>in</strong></span> <span class='ocrx_word' id='word_1_129' title='bbox 2760 546 2947 600; x_wconf 85' lang='lat' dir='ltr'><strong>cadent</strong></span> <span class='ocrx_word' id='word_1_130' title='bbox 2998 544 3237 599; x_wconf 85' lang='lat' dir='ltr'><strong>Fortunii</strong></span> <span class='ocrx_word' id='word_1_131' title='bbox 3289 548 3602 605; x_wconf 85' lang='lat' dir='ltr'><strong>narratione</strong></span> <span class='ocrx_word' id='word_1_132' title='bbox 3642 551 3741 606; x_wconf 87' lang='lat' dir='ltr'><strong>ob-</strong></span> 
     </span>
    </p>
   </div>
   <div class='ocr_carea' id='block_1_19' title="bbox 2173 635 3743 707">
    <p class='ocr_par' dir='ltr' id='par_1_19' title="bbox 2173 635 3743 707">
     <span class='ocr_line' id='line_1_19' title="bbox 2173 635 3743 707; baseline 0.003 -17"><span class='ocrx_word' id='word_1_133' title='bbox 2173 647 2488 690; x_wconf 70' lang='lat' dir='ltr'><strong>SQI‘VaItttltm</strong></span> <span class='ocrx_word' id='word_1_134' title='bbox 2538 644 2621 692; x_wconf 89' lang='lat' dir='ltr'><strong>est</strong></span> <span class='ocrx_word' id='word_1_135' title='bbox 2666 646 3083 707; x_wconf 66' lang='lat' dir='ltr'><strong>prtetermtssam</strong></span> <span class='ocrx_word' id='word_1_136' title='bbox 3134 636 3201 689; x_wconf 90' lang='lat' dir='ltr'><strong>ah</strong></span> <span class='ocrx_word' id='word_1_137' title='bbox 3241 635 3356 705; x_wconf 88' lang='lat' dir='ltr'><strong>ipso</strong></span> <span class='ocrx_word' id='word_1_138' title='bbox 3396 635 3566 691; x_wconf 87' lang='lat' dir='ltr'><strong>fuisse</strong></span> <span class='ocrx_word' id='word_1_139' title='bbox 3610 638 3743 695; x_wconf 57' lang='lat' dir='ltr'><strong>insi¢</strong></span> 
     </span>
    </p>
   </div>
   <div class='ocr_carea' id='block_1_20' title="bbox 2171 725 3741 800">
    <p class='ocr_par' dir='ltr' id='par_1_20' title="bbox 2171 725 3741 800">
     <span class='ocr_line' id='line_1_20' title="bbox 2171 725 3741 800; baseline 0.001 -17"><span class='ocrx_word' id='word_1_140' title='bbox 2171 730 2371 798; x_wconf 84' lang='lat' dir='ltr'><strong>signem</strong></span> <span class='ocrx_word' id='word_1_141' title='bbox 2424 727 2905 800; x_wconf 85' lang='lat' dir='ltr'><strong>circumstantiam,</strong></span> <span class='ocrx_word' id='word_1_142' title='bbox 2945 741 3105 796; x_wconf 84' lang='lat' dir='ltr'><strong>quant</strong></span> <span class='ocrx_word' id='word_1_143' title='bbox 3160 725 3251 779; x_wconf 86' lang='lat' dir='ltr'><strong>alii</strong></span> <span class='ocrx_word' id='word_1_144' title='bbox 3302 727 3595 796; x_wconf 87' lang='lat' dir='ltr'><strong>scriptores</strong></span> <span class='ocrx_word' id='word_1_145' title='bbox 3644 744 3741 784; x_wconf 86' lang='lat' dir='ltr'><strong>ex-</strong></span> 
     </span>
    </p>
   </div>
   <div class='ocr_carea' id='block_1_21' title="bbox 2169 814 3743 887">
    <p class='ocr_par' dir='ltr' id='par_1_21' title="bbox 2169 814 3743 887">
     <span class='ocr_line' id='line_1_21' title="bbox 2169 814 3743 887; baseline 0.003 -19"><span class='ocrx_word' id='word_1_146' title='bbox 2169 832 2351 886; x_wconf 84' lang='lat' dir='ltr'><strong>presse</strong></span> <span class='ocrx_word' id='word_1_147' title='bbox 2396 826 2602 881; x_wconf 87' lang='lat' dir='ltr'><strong>notant,</strong></span> <span class='ocrx_word' id='word_1_148' title='bbox 2656 832 2845 887; x_wconf 89' lang='lat' dir='ltr'><strong>nempe</strong></span> <span class='ocrx_word' id='word_1_149' title='bbox 2889 815 3226 884; x_wconf 87' lang='lat' dir='ltr'><strong>Ludulphum</strong></span> <span class='ocrx_word' id='word_1_150' title='bbox 3272 814 3415 871; x_wconf 92' lang='lat' dir='ltr'><strong>hunc</strong></span> <span class='ocrx_word' id='word_1_151' title='bbox 3458 816 3743 887; x_wconf 82' lang='lat' dir='ltr'><strong>ipsiusmet</strong></span> 
     </span>
    </p>
   </div>
   <div class='ocr_carea' id='block_1_22' title="bbox 2170 904 3745 975">
    <p class='ocr_par' dir='ltr' id='par_1_22' title="bbox 2170 904 3745 975">
     <span class='ocr_line' id='line_1_22' title="bbox 2170 904 3745 975; baseline 0 -16"><span class='ocrx_word' id='word_1_152' title='bbox 2170 904 2227 959; x_wconf 85' lang='lat' dir='ltr'><strong>S.</strong></span> <span class='ocrx_word' id='word_1_153' title='bbox 2258 904 2311 959; x_wconf 82' lang='lat' dir='ltr'><strong>P.</strong></span> <span class='ocrx_word' id='word_1_154' title='bbox 2348 905 2628 959; x_wconf 78' lang='lat' dir='ltr'><strong>Romualdi</strong></span> <span class='ocrx_word' id='word_1_155' title='bbox 2656 904 2823 960; x_wconf 86' lang='lat' dir='ltr'><strong>fuisse</strong></span> <span class='ocrx_word' id='word_1_156' title='bbox 2848 904 3189 974; x_wconf 86' lang='lat' dir='ltr'><strong>discipulum,</strong></span> <span class='ocrx_word' id='word_1_157' title='bbox 3212 917 3265 960; x_wconf 89' lang='lat' dir='ltr'><strong>et</strong></span> <span class='ocrx_word' id='word_1_158' title='bbox 3293 905 3360 959; x_wconf 89' lang='lat' dir='ltr'><strong>ab</strong></span> <span class='ocrx_word' id='word_1_159' title='bbox 3390 905 3507 975; x_wconf 90' lang='lat' dir='ltr'><strong>ipso</strong></span> <span class='ocrx_word' id='word_1_160' title='bbox 3546 905 3745 960; x_wconf 83' lang='lat' dir='ltr'><strong>eremi-</strong></span> 
     </span>
    </p>
   </div>
   <div class='ocr_carea' id='block_1_23' title="bbox 2171 995 3747 1066">
    <p class='ocr_par' dir='ltr' id='par_1_23' title="bbox 2171 995 3747 1066">
     <span class='ocr_line' id='line_1_23' title="bbox 2171 995 3747 1066; baseline 0.002 -17"><span class='ocrx_word' id='word_1_161' title='bbox 2171 996 2290 1049; x_wconf 81' lang='lat' dir='ltr'><strong>tica:</strong></span> <span class='ocrx_word' id='word_1_162' title='bbox 2337 996 2630 1065; x_wconf 62' lang='lat' dir='ltr'><strong>disciplinas</strong></span> <span class='ocrx_word' id='word_1_163' title='bbox 2676 995 2881 1066; x_wconf 89' lang='lat' dir='ltr'><strong>legibus</strong></span> <span class='ocrx_word' id='word_1_164' title='bbox 2927 998 3232 1063; x_wconf 90' lang='lat' dir='ltr'><strong>eruditum;</strong></span> <span class='ocrx_word' id='word_1_165' title='bbox 3266 1001 3374 1054; x_wconf 89' lang='lat' dir='ltr'><strong>imo</strong></span> <span class='ocrx_word' id='word_1_166' title='bbox 3413 998 3465 1051; x_wconf 90' lang='lat' dir='ltr'><strong>in</strong></span> <span class='ocrx_word' id='word_1_167' title='bbox 3513 998 3747 1066; x_wconf 87' lang='lat' dir='ltr'><strong>ipsamet</strong></span> 
     </span>
    </p>
   </div>
   <div class='ocr_carea' id='block_1_24' title="bbox 2168 1086 3741 1159">
    <p class='ocr_par' dir='ltr' id='par_1_24' title="bbox 2168 1086 3741 1159">
     <span class='ocr_line' id='line_1_24' title="bbox 2168 1086 3741 1159; baseline -0.001 -19"><span class='ocrx_word' id='word_1_168' title='bbox 2168 1086 2482 1152; x_wconf 69' lang='lat' dir='ltr'><strong>solitudine</strong></span> <span class='ocrx_word' id='word_1_169' title='bbox 2539 1086 2678 1157; x_wconf 88' lang='lat' dir='ltr'><strong>apud</strong></span> <span class='ocrx_word' id='word_1_170' title='bbox 2729 1086 2963 1142; x_wconf 89' lang='lat' dir='ltr'><strong>Catriam</strong></span> <span class='ocrx_word' id='word_1_171' title='bbox 3029 1087 3292 1159; x_wconf 88' lang='lat' dir='ltr'><strong>Ludulphi</strong></span> <span class='ocrx_word' id='word_1_172' title='bbox 3356 1101 3458 1156; x_wconf 89' lang='lat' dir='ltr'><strong>ope</strong></span> <span class='ocrx_word' id='word_1_173' title='bbox 3507 1087 3741 1142; x_wconf 82' lang='lat' dir='ltr'><strong>excitata</strong></span> 
     </span>
    </p>
   </div>
   <div class='ocr_carea' id='block_1_25' title="bbox 2170 1174 3744 1243">
    <p class='ocr_par' dir='ltr' id='par_1_25' title="bbox 2170 1174 3744 1243">
     <span class='ocr_line' id='line_1_25' title="bbox 2170 1174 3744 1243; baseline 0.001 -15"><span class='ocrx_word' id='word_1_174' title='bbox 2170 1174 2229 1228; x_wconf 90' lang='lat' dir='ltr'><strong>S.</strong></span> <span class='ocrx_word' id='word_1_175' title='bbox 2280 1175 2339 1229; x_wconf 85' lang='lat' dir='ltr'><strong>P.</strong></span> <span class='ocrx_word' id='word_1_176' title='bbox 2384 1175 2736 1230; x_wconf 80' lang='lat' dir='ltr'><strong>ltomualdum</strong></span> <span class='ocrx_word' id='word_1_177' title='bbox 2784 1192 3169 1243; x_wconf 89' lang='lat' dir='ltr'><strong>commorasse,</strong></span> <span class='ocrx_word' id='word_1_178' title='bbox 3203 1189 3262 1231; x_wconf 91' lang='lat' dir='ltr'><strong>ut</strong></span> <span class='ocrx_word' id='word_1_179' title='bbox 3306 1184 3493 1231; x_wconf 88' lang='lat' dir='ltr'><strong>narrat</strong></span> <span class='ocrx_word' id='word_1_180' title='bbox 3544 1175 3744 1231; x_wconf 86' lang='lat' dir='ltr'><strong>Petrus</strong></span> 
     </span>
    </p>
   </div>
   <div class='ocr_carea' id='block_1_26' title="bbox 2168 1264 3740 1335">
    <p class='ocr_par' dir='ltr' id='par_1_26' title="bbox 2168 1264 3740 1335">
     <span class='ocr_line' id='line_1_26' title="bbox 2168 1264 3740 1335; baseline 0 -17"><span class='ocrx_word' id='word_1_181' title='bbox 2168 1265 2281 1333; x_wconf 89' lang='lat' dir='ltr'><strong>ipse</strong></span> <span class='ocrx_word' id='word_1_182' title='bbox 2333 1266 2622 1320; x_wconf 86' lang='lat' dir='ltr'><strong>Damianus</strong></span> <span class='ocrx_word' id='word_1_183' title='bbox 2670 1266 2721 1319; x_wconf 90' lang='lat' dir='ltr'><strong>in</strong></span> <span class='ocrx_word' id='word_1_184' title='bbox 2770 1266 2890 1320; x_wconf 76' lang='lat' dir='ltr'><strong>Vita</strong></span> <span class='ocrx_word' id='word_1_185' title='bbox 2922 1265 2979 1320; x_wconf 91' lang='lat' dir='ltr'><strong>S.</strong></span> <span class='ocrx_word' id='word_1_186' title='bbox 3034 1266 3321 1321; x_wconf 78' lang='lat' dir='ltr'><strong>Romualdi</strong></span> <span class='ocrx_word' id='word_1_187' title='bbox 3351 1281 3469 1335; x_wconf 87' lang='lat' dir='ltr'><strong>cap.</strong></span> <span class='ocrx_word' id='word_1_188' title='bbox 3503 1265 3590 1329; x_wconf 79' lang='grc'><strong>19,</strong></span> <span class='ocrx_word' id='word_1_189' title='bbox 3620 1264 3693 1319; x_wconf 87' lang='lat' dir='ltr'><strong>ibi</strong></span> <span class='ocrx_word' id='word_1_190' title='bbox 3726 1282 3740 1316; x_wconf 89' lang='lat'><strong>:</strong></span> 
     </span>
    </p>
   </div>
   <div class='ocr_carea' id='block_1_27' title="bbox 2174 1353 3746 1424">
    <p class='ocr_par' dir='ltr' id='par_1_27' title="bbox 2174 1353 3746 1424">
     <span class='ocr_line' id='line_1_27' title="bbox 2174 1353 3746 1424; baseline 0.003 -21"><span class='ocrx_word' id='word_1_191' title='bbox 2174 1372 2192 1403; x_wconf 71' lang='grc' dir='ltr'><strong>ε</strong></span> <span class='ocrx_word' id='word_1_192' title='bbox 2228 1354 2529 1423; x_wconf 76' lang='lat' dir='ltr'><strong>Aliquando</strong></span> <span class='ocrx_word' id='word_1_193' title='bbox 2558 1364 2737 1408; x_wconf 90' lang='lat' dir='ltr'><strong>autem</strong></span> <span class='ocrx_word' id='word_1_194' title='bbox 2777 1356 2859 1409; x_wconf 86' lang='lat' dir='ltr'><strong>vir</strong></span> <span class='ocrx_word' id='word_1_195' title='bbox 2904 1364 3123 1409; x_wconf 87' lang='lat' dir='ltr'><strong>sanctus</strong></span> <span class='ocrx_word' id='word_1_196' title='bbox 3150 1371 3259 1409; x_wconf 92' lang='lat' dir='ltr'><strong>non</strong></span> <span class='ocrx_word' id='word_1_197' title='bbox 3296 1355 3453 1424; x_wconf 86' lang='lat' dir='ltr'><strong>longe</strong></span> <span class='ocrx_word' id='word_1_198' title='bbox 3485 1353 3686 1407; x_wconf 83' lang='lat' dir='ltr'><strong>mansit</strong></span> <span class='ocrx_word' id='word_1_199' title='bbox 3712 1367 3746 1407; x_wconf 83' lang='lat' dir='ltr'><strong>a</strong></span> 
     </span>
    </p>
   </div>
   <div class='ocr_carea' id='block_1_28' title="bbox 2169 1444 3744 1515">
    <p class='ocr_par' dir='ltr' id='par_1_28' title="bbox 2169 1444 3744 1515">
     <span class='ocr_line' id='line_1_28' title="bbox 2169 1444 3744 1515; baseline -0.003 -15"><span class='ocrx_word' id='word_1_200' title='bbox 2169 1445 2388 1509; x_wconf 87' lang='lat' dir='ltr'><strong>Catria;</strong></span> <span class='ocrx_word' id='word_1_201' title='bbox 2424 1466 2441 1498; x_wconf 83' lang='grc' dir='ltr'><strong>ι</strong></span> <span class='ocrx_word' id='word_1_202' title='bbox 2478 1446 2568 1514; x_wconf 89' lang='lat' dir='ltr'><strong>qui</strong></span> <span class='ocrx_word' id='word_1_203' title='bbox 2601 1445 2749 1500; x_wconf 84' lang='lat' dir='ltr'><strong>locus</strong></span> <span class='ocrx_word' id='word_1_204' title='bbox 2786 1447 2850 1501; x_wconf 90' lang='lat' dir='ltr'><strong>de</strong></span> <span class='ocrx_word' id='word_1_205' title='bbox 2890 1447 3224 1501; x_wconf 84' lang='lat' dir='ltr'><strong>habitatione</strong></span> <span class='ocrx_word' id='word_1_206' title='bbox 3254 1448 3394 1515; x_wconf 85' lang='lat' dir='ltr'><strong>apud</strong></span> <span class='ocrx_word' id='word_1_207' title='bbox 3425 1444 3744 1499; x_wconf 80' lang='lat' dir='ltr'><strong>Avellanam</strong></span> 
     </span>
    </p>
   </div>
   <div class='ocr_carea' id='block_1_29' title="bbox 2168 1536 3748 1607">
    <p class='ocr_par' dir='ltr' id='par_1_29' title="bbox 2168 1536 3748 1607">
     <span class='ocr_line' id='line_1_29' title="bbox 2168 1536 3748 1607; baseline 0 -18"><span class='ocrx_word' id='word_1_208' title='bbox 2168 1538 2453 1605; x_wconf 76' lang='lat' dir='ltr'><strong>exponitur</strong></span> <span class='ocrx_word' id='word_1_209' title='bbox 2482 1554 2509 1589; x_wconf 86' lang='lat' dir='ltr'><strong>a</strong></span> <span class='ocrx_word' id='word_1_210' title='bbox 2550 1538 2715 1592; x_wconf 90' lang='lat' dir='ltr'><strong>variis</strong></span> <span class='ocrx_word' id='word_1_211' title='bbox 2744 1538 3076 1601; x_wconf 87' lang='lat' dir='ltr'><strong>auctoribus,</strong></span> <span class='ocrx_word' id='word_1_212' title='bbox 3103 1554 3240 1607; x_wconf 87' lang='lat' dir='ltr'><strong>quos</strong></span> <span class='ocrx_word' id='word_1_213' title='bbox 3271 1538 3412 1592; x_wconf 90' lang='lat' dir='ltr'><strong>inter</strong></span> <span class='ocrx_word' id='word_1_214' title='bbox 3438 1536 3748 1591; x_wconf 79' lang='lat' dir='ltr'><strong>Ludovicus</strong></span> 
     </span>
    </p>
   </div>
   <div class='ocr_carea' id='block_1_30' title="bbox 2166 1625 3746 1691">
    <p class='ocr_par' dir='ltr' id='par_1_30' title="bbox 2166 1625 3746 1691">
     <span class='ocr_line' id='line_1_30' title="bbox 2166 1625 3746 1691; baseline 0.001 -14"><span class='ocrx_word' id='word_1_215' title='bbox 2166 1625 2456 1681; x_wconf 81' lang='lat' dir='ltr'><strong>Jacobillns</strong></span> <span class='ocrx_word' id='word_1_216' title='bbox 2488 1628 2550 1681; x_wconf 91' lang='lat' dir='ltr'><strong>de</strong></span> <span class='ocrx_word' id='word_1_217' title='bbox 2589 1629 2791 1682; x_wconf 84' lang='lat' dir='ltr'><strong>sanctis</strong></span> <span class='ocrx_word' id='word_1_218' title='bbox 2824 1627 3080 1691; x_wconf 63' lang='lat' dir='ltr'><strong>Umbriae,</strong></span> <span class='ocrx_word' id='word_1_219' title='bbox 3124 1643 3189 1683; x_wconf 92' lang='lat' dir='ltr'><strong>ac</strong></span> <span class='ocrx_word' id='word_1_220' title='bbox 3231 1626 3465 1682; x_wconf 75' lang='lat' dir='ltr'><strong>Joannes</strong></span> <span class='ocrx_word' id='word_1_221' title='bbox 3496 1625 3746 1679; x_wconf 77' lang='lat' dir='ltr'><strong>Mabillo-</strong></span> 
     </span>
    </p>
   </div>
   <div class='ocr_carea' id='block_1_31' title="bbox 2170 1717 3750 1786">
    <p class='ocr_par' dir='ltr' id='par_1_31' title="bbox 2170 1717 3750 1786">
     <span class='ocr_line' id='line_1_31' title="bbox 2170 1717 3750 1786; baseline 0.001 -15"><span class='ocrx_word' id='word_1_222' title='bbox 2170 1720 2290 1772; x_wconf 88' lang='lat' dir='ltr'><strong>nius</strong></span> <span class='ocrx_word' id='word_1_223' title='bbox 2314 1719 2622 1786; x_wconf 76' lang='lat' dir='ltr'><strong>praefatione</strong></span> <span class='ocrx_word' id='word_1_224' title='bbox 2647 1720 2709 1772; x_wconf 88' lang='lat' dir='ltr'><strong>ad</strong></span> <span class='ocrx_word' id='word_1_225' title='bbox 2728 1720 2985 1775; x_wconf 70' lang='lat' dir='ltr'><strong>sarculum</strong></span> <span class='ocrx_word' id='word_1_226' title='bbox 3018 1719 3083 1773; x_wconf 73' lang='lat' dir='ltr'><strong>VI</strong></span> <span class='ocrx_word' id='word_1_227' title='bbox 3107 1719 3536 1783; x_wconf 83' lang='lat' dir='ltr'><strong>Benedicliuuut,</strong></span> <span class='ocrx_word' id='word_1_228' title='bbox 3561 1717 3651 1772; x_wconf 90' lang='lat' dir='ltr'><strong>ubi</strong></span> <span class='ocrx_word' id='word_1_229' title='bbox 3682 1717 3750 1772; x_wconf 84' lang='lat' dir='ltr'><strong>de</strong></span> 
     </span>
    </p>
   </div>
   <div class='ocr_carea' id='block_1_32' title="bbox 2171 1807 3749 1865">
    <p class='ocr_par' dir='ltr' id='par_1_32' title="bbox 2171 1807 3749 1865">
     <span class='ocr_line' id='line_1_32' title="bbox 2171 1807 3749 1865; baseline 0.002 -5"><span class='ocrx_word' id='word_1_230' title='bbox 2171 1807 2508 1863; x_wconf 82' lang='lat' dir='ltr'><strong>Avellanensi</strong></span> <span class='ocrx_word' id='word_1_231' title='bbox 2572 1811 2815 1864; x_wconf 68' lang='lat' dir='ltr'><strong>connubio</strong></span> <span class='ocrx_word' id='word_1_232' title='bbox 2877 1812 2995 1865; x_wconf 82' lang='lat' dir='ltr'><strong>haec</strong></span> <span class='ocrx_word' id='word_1_233' title='bbox 3042 1811 3204 1864; x_wconf 86' lang='lat' dir='ltr'><strong>habet</strong></span> <span class='ocrx_word' id='word_1_234' title='bbox 3249 1826 3264 1865; x_wconf 91' lang='lat'>:</span> <span class='ocrx_word' id='word_1_235' title='bbox 3318 1829 3335 1861; x_wconf 80' lang='grc' dir='ltr'><strong>ι</strong></span> <span class='ocrx_word' id='word_1_236' title='bbox 3383 1810 3494 1865; x_wconf 89' lang='lat' dir='ltr'><strong>Sub</strong></span> <span class='ocrx_word' id='word_1_237' title='bbox 3542 1824 3749 1863; x_wconf 88' lang='lat' dir='ltr'><strong>annum</strong></span> 
     </span>
    </p>
   </div>
   <div class='ocr_carea' id='block_1_33' title="bbox 503 1882 3748 1971">
    <p class='ocr_par' dir='ltr' id='par_1_33' title="bbox 503 1882 3748 1971">
     <span class='ocr_line' id='line_1_33' title="bbox 503 1882 3748 1971; baseline 0.004 -31"><span class='ocrx_word' id='word_1_238' title='bbox 503 1889 699 1952; x_wconf 90' lang='lat' dir='ltr'><strong>cessit,</strong></span> <span class='ocrx_word' id='word_1_239' title='bbox 746 1891 1043 1958; x_wconf 87' lang='lat' dir='ltr'><strong>usquedum</strong></span> <span class='ocrx_word' id='word_1_240' title='bbox 1088 1907 1229 1947; x_wconf 92' lang='lat' dir='ltr'><strong>anno</strong></span> <span class='ocrx_word' id='word_1_241' title='bbox 1270 1893 1438 1960; x_wconf 82' lang='grc'><strong>1050,</strong></span> <span class='ocrx_word' id='word_1_242' title='bbox 1480 1896 1563 1949; x_wconf 87' lang='lat' dir='ltr'><strong>die</strong></span> <span class='ocrx_word' id='word_1_243' title='bbox 1612 1897 1672 1949; x_wconf 83' lang='grc'><strong>17</strong></span> <span class='ocrx_word' id='word_1_244' title='bbox 1707 1897 1854 1962; x_wconf 80' lang='lat' dir='ltr'><strong>Maii,</strong></span> <span class='ocrx_word' id='word_1_245' title='bbox 1900 1898 2063 1953; x_wconf 85' lang='lat' dir='ltr'><strong>Deum</strong></span> <span class='ocrx_word' id='word_1_246' title='bbox 2096 1882 2144 1943; x_wconf 77' lang='grc' dir='ltr'><strong>Β</strong></span> <span class='ocrx_word' id='word_1_247' title='bbox 2171 1898 2370 1952; x_wconf 82' lang='lat' dir='ltr'><strong>Christi</strong></span> <span class='ocrx_word' id='word_1_248' title='bbox 2420 1900 2757 1954; x_wconf 84' lang='lat' dir='ltr'><strong>millesimum</strong></span> <span class='ocrx_word' id='word_1_249' title='bbox 2796 1902 3034 1955; x_wconf 90' lang='lat' dir='ltr'><strong>construi</strong></span> <span class='ocrx_word' id='word_1_250' title='bbox 3074 1910 3307 1971; x_wconf 66' lang='lat' dir='ltr'><strong>carptum</strong></span> <span class='ocrx_word' id='word_1_251' title='bbox 3338 1909 3439 1963; x_wconf 89' lang='lat' dir='ltr'><strong>est,</strong></span> <span class='ocrx_word' id='word_1_252' title='bbox 3470 1914 3665 1969; x_wconf 90' lang='lat' dir='ltr'><strong>nempe</strong></span> <span class='ocrx_word' id='word_1_253' title='bbox 3693 1900 3748 1955; x_wconf 89' lang='lat' dir='ltr'><strong>in</strong></span> 
     </span>
    </p>
   </div>
   <div class='ocr_carea' id='block_1_34' title="bbox 503 1977 2066 2057">
    <p class='ocr_par' dir='ltr' id='par_1_34' title="bbox 503 1977 2066 2057">
     <span class='ocr_line' id='line_1_34' title="bbox 503 1977 2066 2057; baseline 0.01 -30"><span class='ocrx_word' id='word_1_254' title='bbox 503 1978 664 2041; x_wconf 83' lang='lat' dir='ltr'><strong>adiit;</strong></span> <span class='ocrx_word' id='word_1_255' title='bbox 712 1977 769 2030; x_wconf 88' lang='grc' dir='ltr'>Β.</span> <span class='ocrx_word' id='word_1_256' title='bbox 802 1978 949 2034; x_wconf 84' lang='lat' dir='ltr'><strong>Forti</strong></span> <span class='ocrx_word' id='word_1_257' title='bbox 982 1982 1227 2046; x_wconf 87' lang='lat' dir='ltr'><strong>eremita,</strong></span> <span class='ocrx_word' id='word_1_258' title='bbox 1255 1984 1343 2051; x_wconf 86' lang='lat' dir='ltr'><strong>qui</strong></span> <span class='ocrx_word' id='word_1_259' title='bbox 1374 2000 1514 2039; x_wconf 91' lang='lat' dir='ltr'><strong>anno</strong></span> <span class='ocrx_word' id='word_1_260' title='bbox 1545 1984 1683 2039; x_wconf 75' lang='grc'><strong>1050</strong></span> <span class='ocrx_word' id='word_1_261' title='bbox 1706 2002 1762 2042; x_wconf 90' lang='lat' dir='ltr'><strong>se</strong></span> <span class='ocrx_word' id='word_1_262' title='bbox 1788 1987 2066 2057; x_wconf 91' lang='lat' dir='ltr'><strong>Ludulpho</strong></span> 
     </span>
    </p>
   </div>
   <div class='ocr_carea' id='block_1_35' title="bbox 505 2070 2066 2142">
    <p class='ocr_par' dir='ltr' id='par_1_35' title="bbox 505 2070 2066 2142">
     <span class='ocr_line' id='line_1_35' title="bbox 505 2070 2066 2142; baseline 0.012 -25"><span class='ocrx_word' id='word_1_263' title='bbox 505 2070 822 2137; x_wconf 82' lang='lat' dir='ltr'><strong>discipulum</strong></span> <span class='ocrx_word' id='word_1_264' title='bbox 867 2070 1076 2134; x_wconf 84' lang='lat' dir='ltr'><strong>obtulit,</strong></span> <span class='ocrx_word' id='word_1_265' title='bbox 1100 2084 1155 2128; x_wconf 87' lang='lat' dir='ltr'><strong>et</strong></span> <span class='ocrx_word' id='word_1_266' title='bbox 1196 2074 1280 2129; x_wconf 89' lang='lat' dir='ltr'><strong>die</strong></span> <span class='ocrx_word' id='word_1_267' title='bbox 1317 2076 1350 2130; x_wconf 87' lang='lat'><strong>9</strong></span> <span class='ocrx_word' id='word_1_268' title='bbox 1384 2075 1506 2130; x_wconf 83' lang='lat' dir='ltr'><strong>Maii</strong></span> <span class='ocrx_word' id='word_1_269' title='bbox 1537 2078 1695 2142; x_wconf 67' lang='grc'><strong>1040,</strong></span> <span class='ocrx_word' id='word_1_270' title='bbox 1723 2095 1788 2134; x_wconf 78' lang='lat' dir='ltr'><strong>ex</strong></span> <span class='ocrx_word' id='word_1_271' title='bbox 1817 2080 1918 2134; x_wconf 87' lang='lat' dir='ltr'><strong>hac</strong></span> <span class='ocrx_word' id='word_1_272' title='bbox 1948 2081 2066 2136; x_wconf 93' lang='lat' dir='ltr'><strong>luce</strong></span> 
     </span>
    </p>
   </div>
   <div class='ocr_carea' id='block_1_36' title="bbox 505 2157 2063 2237">
    <p class='ocr_par' dir='ltr' id='par_1_36' title="bbox 505 2157 2063 2237">
     <span class='ocr_line' id='line_1_36' title="bbox 505 2157 2063 2237; baseline 0.011 -28"><span class='ocrx_word' id='word_1_273' title='bbox 505 2157 777 2225; x_wconf 75' lang='lat' dir='ltr'><strong>migravit,</strong></span> <span class='ocrx_word' id='word_1_274' title='bbox 804 2168 860 2211; x_wconf 86' lang='grc' dir='ltr'><strong>ιιι</strong></span> <span class='ocrx_word' id='word_1_275' title='bbox 894 2160 1008 2229; x_wconf 80' lang='lat' dir='ltr'><strong>ejus</strong></span> <span class='ocrx_word' id='word_1_276' title='bbox 1044 2162 1230 2216; x_wconf 88' lang='lat' dir='ltr'><strong>ttnnuli</strong></span> <span class='ocrx_word' id='word_1_277' title='bbox 1264 2174 1415 2221; x_wconf 85' lang='lat' dir='ltr'><strong>vetns</strong></span> <span class='ocrx_word' id='word_1_278' title='bbox 1458 2164 1737 2237; x_wconf 81' lang='lat' dir='ltr'><strong>inscriptio</strong></span> <span class='ocrx_word' id='word_1_279' title='bbox 1779 2170 1832 2223; x_wconf 92' lang='lat' dir='ltr'><strong>in</strong></span> <span class='ocrx_word' id='word_1_280' title='bbox 1878 2172 2063 2225; x_wconf 89' lang='lat' dir='ltr'><strong>cathe-</strong></span> 
     </span>
    </p>
   </div>
   <div class='ocr_carea' id='block_1_37' title="bbox 502 2246 2064 2331">
    <p class='ocr_par' dir='ltr' id='par_1_37' title="bbox 502 2246 2064 2331">
     <span class='ocr_line' id='line_1_37' title="bbox 502 2246 2064 2331; baseline 0.012 -32"><span class='ocrx_word' id='word_1_281' title='bbox 502 2246 639 2300; x_wconf 70' lang='lat' dir='ltr'><strong>drali</strong></span> <span class='ocrx_word' id='word_1_282' title='bbox 682 2249 956 2319; x_wconf 84' lang='lat' dir='ltr'><strong>Engnbina</strong></span> <span class='ocrx_word' id='word_1_283' title='bbox 1003 2262 1250 2307; x_wconf 86' lang='lat' dir='ltr'><strong>testatur.</strong></span> <span class='ocrx_word' id='word_1_284' title='bbox 1284 2255 1353 2311; x_wconf 88' lang='lat' dir='ltr'><strong>Ut</strong></span> <span class='ocrx_word' id='word_1_285' title='bbox 1400 2259 1644 2312; x_wconf 85' lang='lat' dir='ltr'><strong>omittam</strong></span> <span class='ocrx_word' id='word_1_286' title='bbox 1687 2276 1875 2331; x_wconf 79' lang='lat' dir='ltr'><strong>graves</strong></span> <span class='ocrx_word' id='word_1_287' title='bbox 1928 2262 2064 2316; x_wconf 91' lang='lat' dir='ltr'><strong>scri—</strong></span> 
     </span>
    </p>
   </div>
   <div class='ocr_carea' id='block_1_38' title="bbox 504 2342 2063 2423">
    <p class='ocr_par' dir='ltr' id='par_1_38' title="bbox 504 2342 2063 2423">
     <span class='ocr_line' id='line_1_38' title="bbox 504 2342 2063 2423; baseline 0.011 -33"><span class='ocrx_word' id='word_1_288' title='bbox 504 2346 684 2407; x_wconf 85' lang='lat' dir='ltr'><strong>ptores</strong></span> <span class='ocrx_word' id='word_1_289' title='bbox 728 2343 1055 2397; x_wconf 89' lang='lat' dir='ltr'><strong>contendere</strong></span> <span class='ocrx_word' id='word_1_290' title='bbox 1094 2342 1311 2400; x_wconf 87' lang='lat' dir='ltr'><strong>Petrum</strong></span> <span class='ocrx_word' id='word_1_291' title='bbox 1348 2346 1691 2411; x_wconf 86' lang='lat' dir='ltr'><strong>Damianum.</strong></span> <span class='ocrx_word' id='word_1_292' title='bbox 1732 2350 2063 2423; x_wconf 84' lang='lat' dir='ltr'><strong>quinquage-</strong></span> 
     </span>
    </p>
   </div>
   <div class='ocr_carea' id='block_1_39' title="bbox 502 2429 2065 2507">
    <p class='ocr_par' dir='ltr' id='par_1_39' title="bbox 502 2429 2065 2507">
     <span class='ocr_line' id='line_1_39' title="bbox 502 2429 2065 2507; baseline 0.011 -28"><span class='ocrx_word' id='word_1_293' title='bbox 502 2429 641 2481; x_wconf 78' lang='lat' dir='ltr'><strong>sinto</strong></span> <span class='ocrx_word' id='word_1_294' title='bbox 683 2440 802 2497; x_wconf 84' lang='lat' dir='ltr'><strong>post</strong></span> <span class='ocrx_word' id='word_1_295' title='bbox 841 2432 1212 2489; x_wconf 84' lang='lat' dir='ltr'><strong>Avellanensis</strong></span> <span class='ocrx_word' id='word_1_296' title='bbox 1255 2438 1423 2491; x_wconf 89' lang='lat' dir='ltr'><strong>eremi</strong></span> <span class='ocrx_word' id='word_1_297' title='bbox 1468 2440 1863 2495; x_wconf 87' lang='lat' dir='ltr'><strong>institutionem</strong></span> <span class='ocrx_word' id='word_1_298' title='bbox 1900 2457 2065 2507; x_wconf 88' lang='lat' dir='ltr'><strong>anno,</strong></span> 
     </span>
    </p>
   </div>
   <div class='ocr_carea' id='block_1_40' title="bbox 504 2518 2070 2601">
    <p class='ocr_par' dir='ltr' id='par_1_40' title="bbox 504 2518 2070 2601">
     <span class='ocr_line' id='line_1_40' title="bbox 504 2518 2070 2601; baseline 0.01 -31"><span class='ocrx_word' id='word_1_299' title='bbox 504 2534 563 2570; x_wconf 83' lang='lat' dir='ltr'><strong>se</strong></span> <span class='ocrx_word' id='word_1_300' title='bbox 604 2518 734 2572; x_wconf 80' lang='lat' dir='ltr'><strong>inihi</strong></span> <span class='ocrx_word' id='word_1_301' title='bbox 782 2521 963 2573; x_wconf 79' lang='lat' dir='ltr'><strong>divino</strong></span> <span class='ocrx_word' id='word_1_302' title='bbox 1009 2524 1230 2579; x_wconf 88' lang='lat' dir='ltr'><strong>servitio</strong></span> <span class='ocrx_word' id='word_1_303' title='bbox 1275 2528 1649 2596; x_wconf 86' lang='lat' dir='ltr'><strong>maneipasse;</strong></span> <span class='ocrx_word' id='word_1_304' title='bbox 1692 2531 1834 2598; x_wconf 90' lang='lat' dir='ltr'><strong>quod</strong></span> <span class='ocrx_word' id='word_1_305' title='bbox 1882 2531 2070 2601; x_wconf 88' lang='lat' dir='ltr'><strong>utique</strong></span> 
     </span>
    </p>
   </div>
   <div class='ocr_carea' id='block_1_41' title="bbox 511 2608 2067 2673">
    <p class='ocr_par' dir='ltr' id='par_1_41' title="bbox 511 2608 2067 2673">
     <span class='ocr_line' id='line_1_41' title="bbox 511 2608 2067 2673; baseline 0.01 -15"><span class='ocrx_word' id='word_1_306' title='bbox 511 2608 700 2660; x_wconf 78' lang='lat' dir='ltr'><strong>falsum</strong></span> <span class='ocrx_word' id='word_1_307' title='bbox 734 2620 895 2673; x_wconf 82' lang='lat' dir='ltr'><strong>esset,</strong></span> <span class='ocrx_word' id='word_1_308' title='bbox 922 2610 1023 2666; x_wconf 90' lang='lat' dir='ltr'><strong>nisi</strong></span> <span class='ocrx_word' id='word_1_309' title='bbox 1048 2612 1191 2667; x_wconf 90' lang='lat' dir='ltr'><strong>circa</strong></span> <span class='ocrx_word' id='word_1_310' title='bbox 1223 2630 1421 2669; x_wconf 87' lang='lat' dir='ltr'><strong>annum</strong></span> <span class='ocrx_word' id='word_1_311' title='bbox 1445 2615 1641 2671; x_wconf 88' lang='lat' dir='ltr'><strong>Christi</strong></span> <span class='ocrx_word' id='word_1_312' title='bbox 1670 2617 2009 2673; x_wconf 87' lang='lat' dir='ltr'><strong>millesimum</strong></span> <span class='ocrx_word' id='word_1_313' title='bbox 2035 2634 2067 2673; x_wconf 88' lang='lat' dir='ltr'><strong>a</strong></span> 
     </span>
    </p>
   </div>
   <div class='ocr_carea' id='block_1_42' title="bbox 507 2697 2068 2769">
    <p class='ocr_par' dir='ltr' id='par_1_42' title="bbox 507 2697 2068 2769">
     <span class='ocr_line' id='line_1_42' title="bbox 507 2697 2068 2769; baseline 0.01 -19"><span class='ocrx_word' id='word_1_314' title='bbox 507 2697 569 2750; x_wconf 78' lang='grc' dir='ltr'>Β.</span> <span class='ocrx_word' id='word_1_315' title='bbox 601 2700 878 2768; x_wconf 55' lang='grc' dir='ltr'><strong>Ιλιιιιιιιριιο</strong></span> <span class='ocrx_word' id='word_1_316' title='bbox 907 2703 1078 2769; x_wconf 90' lang='lat' dir='ltr'><strong>posita</strong></span> <span class='ocrx_word' id='word_1_317' title='bbox 1105 2706 1428 2761; x_wconf 82' lang='lat' dir='ltr'><strong>venerabilis</strong></span> <span class='ocrx_word' id='word_1_318' title='bbox 1460 2708 1601 2764; x_wconf 89' lang='lat' dir='ltr'><strong>illius</strong></span> <span class='ocrx_word' id='word_1_319' title='bbox 1632 2708 1939 2767; x_wconf 77' lang='lat' dir='ltr'><strong>solitudinis</strong></span> <span class='ocrx_word' id='word_1_320' title='bbox 1965 2711 2068 2767; x_wconf 89' lang='lat' dir='ltr'><strong>ini-</strong></span> 
     </span>
    </p>
   </div>
   <div class='ocr_carea' id='block_1_43' title="bbox 506 2787 1053 2857">
    <p class='ocr_par' dir='ltr' id='par_1_43' title="bbox 506 2787 1053 2857">
     <span class='ocr_line' id='line_1_43' title="bbox 506 2787 1053 2857; baseline 0.011 -18"><span class='ocrx_word' id='word_1_321' title='bbox 506 2787 581 2840; x_wconf 87' lang='lat' dir='ltr'><strong>tia</strong></span> <span class='ocrx_word' id='word_1_322' title='bbox 613 2803 1053 2857; x_wconf 60' lang='lat' dir='ltr'><strong>sttplmnerentut‘.</strong></span> 
     </span>
    </p>
   </div>
   <div class='ocr_carea' id='block_1_44' title="bbox 586 2878 2066 2959">
    <p class='ocr_par' dir='ltr' id='par_1_44' title="bbox 586 2878 2066 2959">
     <span class='ocr_line' id='line_1_44' title="bbox 586 2878 2066 2959; baseline 0.01 -28"><span class='ocrx_word' id='word_1_323' title='bbox 586 2878 644 2931; x_wconf 63' lang='grc' dir='ltr'><strong>ιν.</strong></span> <span class='ocrx_word' id='word_1_324' title='bbox 688 2881 901 2934; x_wconf 89' lang='lat' dir='ltr'><strong>Interim</strong></span> <span class='ocrx_word' id='word_1_325' title='bbox 936 2883 1060 2950; x_wconf 91' lang='lat' dir='ltr'><strong>quid</strong></span> <span class='ocrx_word' id='word_1_326' title='bbox 1096 2884 1197 2941; x_wconf 83' lang='lat' dir='ltr'><strong>sibi</strong></span> <span class='ocrx_word' id='word_1_327' title='bbox 1230 2886 1458 2941; x_wconf 79' lang='lat' dir='ltr'><strong>voluerit</strong></span> <span class='ocrx_word' id='word_1_328' title='bbox 1490 2888 1645 2959; x_wconf 83' lang='lat' dir='ltr'><strong>elogii</strong></span> <span class='ocrx_word' id='word_1_329' title='bbox 1690 2889 1830 2945; x_wconf 88' lang='lat' dir='ltr'><strong>illius</strong></span> <span class='ocrx_word' id='word_1_330' title='bbox 1860 2900 2066 2957; x_wconf 88' lang='lat' dir='ltr'><strong>auctor,</strong></span> 
     </span>
    </p>
   </div>
   <div class='ocr_carea' id='block_1_45' title="bbox 508 2970 2069 3052">
    <p class='ocr_par' dir='ltr' id='par_1_45' title="bbox 508 2970 2069 3052">
     <span class='ocr_line' id='line_1_45' title="bbox 508 2970 2069 3052; baseline 0.011 -33"><span class='ocrx_word' id='word_1_331' title='bbox 508 2985 628 3021; x_wconf 77' lang='lat' dir='ltr'><strong>rum</strong></span> <span class='ocrx_word' id='word_1_332' title='bbox 661 2970 795 3023; x_wconf 88' lang='lat' dir='ltr'><strong>dixit</strong></span> <span class='ocrx_word' id='word_1_333' title='bbox 821 2970 1155 3041; x_wconf 89' lang='lat' dir='ltr'><strong>Ludulphum</strong></span> <span class='ocrx_word' id='word_1_334' title='bbox 1186 2976 1252 3029; x_wconf 89' lang='lat' dir='ltr'><strong>ad</strong></span> <span class='ocrx_word' id='word_1_335' title='bbox 1278 2974 1599 3033; x_wconf 88' lang='lat' dir='ltr'><strong>Arianorum</strong></span> <span class='ocrx_word' id='word_1_336' title='bbox 1625 2989 1827 3035; x_wconf 88' lang='lat' dir='ltr'><strong>sectam</strong></span> <span class='ocrx_word' id='word_1_337' title='bbox 1858 2980 2069 3052; x_wconf 86' lang='lat' dir='ltr'><strong>fugien-</strong></span> 
     </span>
    </p>
   </div>
   <div class='ocr_carea' id='block_1_46' title="bbox 505 3061 2070 3134">
    <p class='ocr_par' dir='ltr' id='par_1_46' title="bbox 505 3061 2070 3134">
     <span class='ocr_line' id='line_1_46' title="bbox 505 3061 2070 3134; baseline 0.008 -21"><span class='ocrx_word' id='word_1_338' title='bbox 505 3061 627 3113; x_wconf 86' lang='lat' dir='ltr'><strong>dam</strong></span> <span class='ocrx_word' id='word_1_339' title='bbox 656 3061 911 3115; x_wconf 84' lang='lat' dir='ltr'><strong>sacellum</strong></span> <span class='ocrx_word' id='word_1_340' title='bbox 943 3063 1070 3117; x_wconf 89' lang='lat' dir='ltr'><strong>illud</strong></span> <span class='ocrx_word' id='word_1_341' title='bbox 1098 3068 1237 3134; x_wconf 88' lang='lat' dir='ltr'><strong>apud</strong></span> <span class='ocrx_word' id='word_1_342' title='bbox 1261 3065 1485 3123; x_wconf 89' lang='lat' dir='ltr'><strong>Fontem</strong></span> <span class='ocrx_word' id='word_1_343' title='bbox 1525 3068 1796 3124; x_wconf 70' lang='lat' dir='ltr'><strong>Avellana:</strong></span> <span class='ocrx_word' id='word_1_344' title='bbox 1826 3079 2070 3125; x_wconf 83' lang='lat' dir='ltr'><strong>constru-</strong></span> 
     </span>
    </p>
   </div>
   <div class='ocr_carea' id='block_1_47' title="bbox 502 3150 2066 3228">
    <p class='ocr_par' dir='ltr' id='par_1_47' title="bbox 502 3150 2066 3228">
     <span class='ocr_line' id='line_1_47' title="bbox 502 3150 2066 3228; baseline 0.006 -25"><span class='ocrx_word' id='word_1_345' title='bbox 502 3152 668 3214; x_wconf 68' lang='lat' dir='ltr'><strong>xissc,</strong></span> <span class='ocrx_word' id='word_1_346' title='bbox 696 3151 835 3205; x_wconf 89' lang='lat' dir='ltr'><strong>haud</strong></span> <span class='ocrx_word' id='word_1_347' title='bbox 867 3150 1023 3205; x_wconf 80' lang='lat' dir='ltr'><strong>facile</strong></span> <span class='ocrx_word' id='word_1_348' title='bbox 1056 3160 1139 3208; x_wconf 91' lang='lat' dir='ltr'><strong>est</strong></span> <span class='ocrx_word' id='word_1_349' title='bbox 1166 3154 1433 3219; x_wconf 87' lang='lat' dir='ltr'><strong>divinare,</strong></span> <span class='ocrx_word' id='word_1_350' title='bbox 1462 3156 1566 3211; x_wconf 91' lang='lat' dir='ltr'><strong>nisi</strong></span> <span class='ocrx_word' id='word_1_351' title='bbox 1595 3158 1836 3213; x_wconf 88' lang='lat' dir='ltr'><strong>dicamus</strong></span> <span class='ocrx_word' id='word_1_352' title='bbox 1859 3158 2066 3228; x_wconf 88' lang='lat' dir='ltr'><strong>aliquas</strong></span> 
     </span>
    </p>
   </div>
   <div class='ocr_carea' id='block_1_48' title="bbox 502 3226 2138 3316">
    <p class='ocr_par' dir='ltr' id='par_1_48' title="bbox 502 3226 2138 3316">
     <span class='ocr_line' id='line_1_48' title="bbox 502 3226 2138 3316; baseline 0.007 -22"><span class='ocrx_word' id='word_1_353' title='bbox 502 3242 824 3295; x_wconf 80' lang='lat' dir='ltr'><strong>Arianorum</strong></span> <span class='ocrx_word' id='word_1_354' title='bbox 864 3242 1142 3312; x_wconf 88' lang='lat' dir='ltr'><strong>reliquias,</strong></span> <span class='ocrx_word' id='word_1_355' title='bbox 1178 3254 1231 3298; x_wconf 90' lang='lat' dir='ltr'><strong>et</strong></span> <span class='ocrx_word' id='word_1_356' title='bbox 1272 3254 1381 3300; x_wconf 91' lang='lat' dir='ltr'><strong>tum</strong></span> <span class='ocrx_word' id='word_1_357' title='bbox 1420 3247 1648 3303; x_wconf 80' lang='lat' dir='ltr'><strong>fortasse</strong></span> <span class='ocrx_word' id='word_1_358' title='bbox 1680 3226 2067 3316; x_wconf 32' lang='lat' dir='ltr'><strong>residuam—aut</strong></span> <span class='ocrx_word' id='word_1_359' title='bbox 2093 3226 2138 3289; x_wconf 60' lang='grc' dir='ltr'><strong>(ἶ</strong></span> 
     </span>
    </p>
   </div>
   <div class='ocr_carea' id='block_1_49' title="bbox 500 3331 2065 3404">
    <p class='ocr_par' dir='ltr' id='par_1_49' title="bbox 500 3331 2065 3404">
     <span class='ocr_line' id='line_1_49' title="bbox 500 3331 2065 3404; baseline 0.01 -23"><span class='ocrx_word' id='word_1_360' title='bbox 500 3331 679 3384; x_wconf 86' lang='lat' dir='ltr'><strong>denuo</strong></span> <span class='ocrx_word' id='word_1_361' title='bbox 710 3333 975 3387; x_wconf 78' lang='lat' dir='ltr'><strong>excitatas</strong></span> <span class='ocrx_word' id='word_1_362' title='bbox 1018 3332 1183 3391; x_wconf 90' lang='lat' dir='ltr'><strong>fuisse</strong></span> <span class='ocrx_word' id='word_1_363' title='bbox 1213 3335 1293 3404; x_wconf 92' lang='lat' dir='ltr'><strong>(ut</strong></span> <span class='ocrx_word' id='word_1_364' title='bbox 1324 3348 1508 3392; x_wconf 90' lang='lat' dir='ltr'><strong>nostro</strong></span> <span class='ocrx_word' id='word_1_365' title='bbox 1538 3339 1697 3393; x_wconf 87' lang='lat' dir='ltr'><strong>etiam</strong></span> <span class='ocrx_word' id='word_1_366' title='bbox 1730 3341 1926 3395; x_wconf 69' lang='lat' dir='ltr'><strong>satculo</strong></span> <span class='ocrx_word' id='word_1_367' title='bbox 1952 3343 2065 3399; x_wconf 61' lang='lat' dir='ltr'><strong>haec</strong></span> 
     </span>
    </p>
   </div>
   <div class='ocr_carea' id='block_1_50' title="bbox 499 3422 2067 3499">
    <p class='ocr_par' dir='ltr' id='par_1_50' title="bbox 499 3422 2067 3499">
     <span class='ocr_line' id='line_1_50' title="bbox 499 3422 2067 3499; baseline 0.006 -24"><span class='ocrx_word' id='word_1_368' title='bbox 499 3422 749 3490; x_wconf 86' lang='lat' dir='ltr'><strong>impietas</strong></span> <span class='ocrx_word' id='word_1_369' title='bbox 789 3432 1045 3477; x_wconf 86' lang='lat' dir='ltr'><strong>renovata</strong></span> <span class='ocrx_word' id='word_1_370' title='bbox 1081 3432 1164 3478; x_wconf 89' lang='lat' dir='ltr'><strong>est</strong></span> <span class='ocrx_word' id='word_1_371' title='bbox 1191 3425 1243 3479; x_wconf 91' lang='lat' dir='ltr'><strong>in</strong></span> <span class='ocrx_word' id='word_1_372' title='bbox 1274 3426 1462 3496; x_wconf 82' lang='lat' dir='ltr'><strong>Anglia</strong></span> <span class='ocrx_word' id='word_1_373' title='bbox 1489 3428 1850 3499; x_wconf 88' lang='lat' dir='ltr'><strong>potissimum,</strong></span> <span class='ocrx_word' id='word_1_374' title='bbox 1882 3440 1937 3485; x_wconf 89' lang='lat' dir='ltr'><strong>et</strong></span> <span class='ocrx_word' id='word_1_375' title='bbox 1965 3431 2067 3485; x_wconf 88' lang='lat' dir='ltr'><strong>Po-</strong></span> 
     </span>
    </p>
   </div>
   <div class='ocr_carea' id='block_1_51' title="bbox 503 3512 2067 3585">
    <p class='ocr_par' dir='ltr' id='par_1_51' title="bbox 503 3512 2067 3585">
     <span class='ocr_line' id='line_1_51' title="bbox 503 3512 2067 3585; baseline 0.008 -22"><span class='ocrx_word' id='word_1_376' title='bbox 503 3512 643 3565; x_wconf 87' lang='lat' dir='ltr'><strong>lonia</strong></span> <span class='ocrx_word' id='word_1_377' title='bbox 672 3527 768 3581; x_wconf 90' lang='lat' dir='ltr'><strong>per</strong></span> <span class='ocrx_word' id='word_1_378' title='bbox 795 3513 973 3567; x_wconf 82' lang='lat' dir='ltr'><strong>varios</strong></span> <span class='ocrx_word' id='word_1_379' title='bbox 1004 3516 1278 3579; x_wconf 88' lang='lat' dir='ltr'><strong>sectarios,</strong></span> <span class='ocrx_word' id='word_1_380' title='bbox 1310 3515 1566 3573; x_wconf 86' lang='lat' dir='ltr'><strong>Faustum</strong></span> <span class='ocrx_word' id='word_1_381' title='bbox 1599 3517 1875 3585; x_wconf 86' lang='lat' dir='ltr'><strong>Socinum,</strong></span> <span class='ocrx_word' id='word_1_382' title='bbox 1905 3519 2067 3577; x_wconf 78' lang='lat' dir='ltr'><strong>Joan-</strong></span> 
     </span>
    </p>
   </div>
   <div class='ocr_carea' id='block_1_52' title="bbox 503 3600 2065 3676">
    <p class='ocr_par' dir='ltr' id='par_1_52' title="bbox 503 3600 2065 3676">
     <span class='ocr_line' id='line_1_52' title="bbox 503 3600 2065 3676; baseline 0.008 -24"><span class='ocrx_word' id='word_1_383' title='bbox 503 3616 624 3654; x_wconf 76' lang='lat' dir='ltr'><strong>nem</strong></span> <span class='ocrx_word' id='word_1_384' title='bbox 674 3600 953 3666; x_wconf 73' lang='lat' dir='ltr'><strong>(lrellium,</strong></span> <span class='ocrx_word' id='word_1_385' title='bbox 1006 3602 1329 3669; x_wconf 87' lang='lat' dir='ltr'><strong>Brennium,</strong></span> <span class='ocrx_word' id='word_1_386' title='bbox 1358 3605 1708 3671; x_wconf 85' lang='lat' dir='ltr'><strong>Eniedinum,</strong></span> <span class='ocrx_word' id='word_1_387' title='bbox 1741 3607 2065 3676; x_wconf 90' lang='lat' dir='ltr'><strong>Smalcium,</strong></span> 
     </span>
    </p>
   </div>
   <div class='ocr_carea' id='block_1_53' title="bbox 498 3689 2068 3765">
    <p class='ocr_par' dir='ltr' id='par_1_53' title="bbox 498 3689 2068 3765">
     <span class='ocr_line' id='line_1_53' title="bbox 498 3689 2068 3765; baseline 0.008 -25"><span class='ocrx_word' id='word_1_388' title='bbox 498 3689 967 3757; x_wconf 86' lang='lat' dir='ltr'><strong>Sehilchsingium,</strong></span> <span class='ocrx_word' id='word_1_389' title='bbox 1006 3689 1351 3759; x_wconf 83' lang='lat' dir='ltr'><strong>Ostorodum,</strong></span> <span class='ocrx_word' id='word_1_390' title='bbox 1374 3702 1426 3748; x_wconf 92' lang='lat' dir='ltr'><strong>et</strong></span> <span class='ocrx_word' id='word_1_391' title='bbox 1464 3694 1907 3765; x_wconf 88' lang='lat' dir='ltr'><strong>Christopborum</strong></span> <span class='ocrx_word' id='word_1_392' title='bbox 1936 3697 2068 3752; x_wconf 89' lang='lat' dir='ltr'><strong>San-</strong></span> 
     </span>
    </p>
   </div>
   <div class='ocr_carea' id='block_1_54' title="bbox 495 3780 2069 3857">
    <p class='ocr_par' dir='ltr' id='par_1_54' title="bbox 495 3780 2069 3857">
     <span class='ocr_line' id='line_1_54' title="bbox 495 3780 2069 3857; baseline 0.008 -27"><span class='ocrx_word' id='word_1_393' title='bbox 495 3780 691 3847; x_wconf 82' lang='lat' dir='ltr'><strong>dium),</strong></span> <span class='ocrx_word' id='word_1_394' title='bbox 724 3796 847 3833; x_wconf 91' lang='lat' dir='ltr'><strong>nam</strong></span> <span class='ocrx_word' id='word_1_395' title='bbox 880 3781 944 3835; x_wconf 89' lang='lat' dir='ltr'><strong>de</strong></span> <span class='ocrx_word' id='word_1_396' title='bbox 968 3781 1183 3840; x_wconf 80' lang='lat' dir='ltr'><strong>Arianis</strong></span> <span class='ocrx_word' id='word_1_397' title='bbox 1211 3783 1357 3838; x_wconf 90' lang='lat' dir='ltr'><strong>velut</strong></span> <span class='ocrx_word' id='word_1_398' title='bbox 1380 3786 1720 3841; x_wconf 84' lang='lat' dir='ltr'><strong>exstantibus</strong></span> <span class='ocrx_word' id='word_1_399' title='bbox 1749 3788 1892 3857; x_wconf 87' lang='lat' dir='ltr'><strong>loqui</strong></span> <span class='ocrx_word' id='word_1_400' title='bbox 1923 3791 2069 3843; x_wconf 88' lang='lat' dir='ltr'><strong>vide-</strong></span> 
     </span>
    </p>
   </div>
   <div class='ocr_carea' id='block_1_55' title="bbox 497 3870 2064 3947">
    <p class='ocr_par' dir='ltr' id='par_1_55' title="bbox 497 3870 2064 3947">
     <span class='ocr_line' id='line_1_55' title="bbox 497 3870 2064 3947; baseline 0.009 -26"><span class='ocrx_word' id='word_1_401' title='bbox 497 3880 585 3923; x_wconf 88' lang='lat' dir='ltr'><strong>tur</strong></span> <span class='ocrx_word' id='word_1_402' title='bbox 612 3870 804 3925; x_wconf 83' lang='lat' dir='ltr'><strong>Petrus</strong></span> <span class='ocrx_word' id='word_1_403' title='bbox 833 3871 1077 3927; x_wconf 88' lang='lat' dir='ltr'><strong>Damiani</strong></span> <span class='ocrx_word' id='word_1_404' title='bbox 1108 3882 1237 3929; x_wconf 90' lang='lat' dir='ltr'><strong>tom.</strong></span> <span class='ocrx_word' id='word_1_405' title='bbox 1265 3872 1351 3939; x_wconf 86' lang='grc' dir='ltr'><strong>ιιι,</strong></span> <span class='ocrx_word' id='word_1_406' title='bbox 1374 3890 1562 3945; x_wconf 91' lang='lat' dir='ltr'><strong>opusc.</strong></span> <span class='ocrx_word' id='word_1_407' title='bbox 1581 3892 1655 3940; x_wconf 82' lang='lat' dir='ltr'><strong>vt,</strong></span> <span class='ocrx_word' id='word_1_408' title='bbox 1685 3892 1802 3947; x_wconf 88' lang='lat' dir='ltr'><strong>cap.</strong></span> <span class='ocrx_word' id='word_1_409' title='bbox 1830 3878 1920 3944; x_wconf 88' lang='grc'><strong>22,</strong></span> <span class='ocrx_word' id='word_1_410' title='bbox 1951 3880 2021 3935; x_wconf 89' lang='lat' dir='ltr'><strong>ibi</strong></span> <span class='ocrx_word' id='word_1_411' title='bbox 2052 3898 2064 3934; x_wconf 92' lang='lat'>:</span> 
     </span>
    </p>
   </div>
   <div class='ocr_carea' id='block_1_56' title="bbox 503 3961 2067 4039">
    <p class='ocr_par' dir='ltr' id='par_1_56' title="bbox 503 3961 2067 4039">
     <span class='ocr_line' id='line_1_56' title="bbox 503 3961 2067 4039; baseline 0.009 -28"><span class='ocrx_word' id='word_1_412' title='bbox 503 3980 521 4011; x_wconf 74' lang='grc' dir='ltr'><strong>ι</strong></span> <span class='ocrx_word' id='word_1_413' title='bbox 561 3961 629 4015; x_wconf 81' lang='lat' dir='ltr'><strong>At</strong></span> <span class='ocrx_word' id='word_1_414' title='bbox 670 3973 877 4025; x_wconf 85' lang='lat' dir='ltr'><strong>contra,</strong></span> <span class='ocrx_word' id='word_1_415' title='bbox 919 3964 1127 4031; x_wconf 86' lang='lat' dir='ltr'><strong>Ariani,</strong></span> <span class='ocrx_word' id='word_1_416' title='bbox 1170 3967 1261 4037; x_wconf 91' lang='lat' dir='ltr'><strong>qui</strong></span> <span class='ocrx_word' id='word_1_417' title='bbox 1306 3966 1568 4023; x_wconf 84' lang='lat' dir='ltr'><strong>adversus</strong></span> <span class='ocrx_word' id='word_1_418' title='bbox 1608 3968 1852 4039; x_wconf 89' lang='lat' dir='ltr'><strong>.Spiritus</strong></span> <span class='ocrx_word' id='word_1_419' title='bbox 1897 3972 2067 4026; x_wconf 84' lang='lat' dir='ltr'><strong>sancti</strong></span> 
     </span>
    </p>
   </div>
   <div class='ocr_carea' id='block_1_57' title="bbox 496 4052 2063 4131">
    <p class='ocr_par' dir='ltr' id='par_1_57' title="bbox 496 4052 2063 4131">
     <span class='ocr_line' id='line_1_57' title="bbox 496 4052 2063 4131; baseline 0.006 -26"><span class='ocrx_word' id='word_1_420' title='bbox 496 4052 833 4109; x_wconf 81' lang='lat' dir='ltr'><strong>divinitatem</strong></span> <span class='ocrx_word' id='word_1_421' title='bbox 867 4054 1151 4111; x_wconf 84' lang='lat' dir='ltr'><strong>manifesta</strong></span> <span class='ocrx_word' id='word_1_422' title='bbox 1184 4071 1405 4126; x_wconf 89' lang='lat' dir='ltr'><strong>prorsus</strong></span> <span class='ocrx_word' id='word_1_423' title='bbox 1435 4058 1713 4129; x_wconf 87' lang='lat' dir='ltr'><strong>impietate</strong></span> <span class='ocrx_word' id='word_1_424' title='bbox 1752 4060 2063 4131; x_wconf 80' lang='lat' dir='ltr'><strong>conﬂigunt,</strong></span> 
     </span>
    </p>
   </div>
   <div class='ocr_carea' id='block_1_58' title="bbox 497 4141 2067 4219">
    <p class='ocr_par' dir='ltr' id='par_1_58' title="bbox 497 4141 2067 4219">
     <span class='ocr_line' id='line_1_58' title="bbox 497 4141 2067 4219; baseline 0.008 -28"><span class='ocrx_word' id='word_1_425' title='bbox 497 4141 565 4194; x_wconf 88' lang='lat' dir='ltr'><strong>ad</strong></span> <span class='ocrx_word' id='word_1_426' title='bbox 596 4143 918 4197; x_wconf 85' lang='lat' dir='ltr'><strong>catholicam</strong></span> <span class='ocrx_word' id='word_1_427' title='bbox 953 4145 1109 4199; x_wconf 88' lang='lat' dir='ltr'><strong>tidem</strong></span> <span class='ocrx_word' id='word_1_428' title='bbox 1139 4147 1424 4202; x_wconf 88' lang='lat' dir='ltr'><strong>redeuntes</strong></span> <span class='ocrx_word' id='word_1_429' title='bbox 1464 4148 1517 4202; x_wconf 92' lang='lat' dir='ltr'><strong>in</strong></span> <span class='ocrx_word' id='word_1_430' title='bbox 1562 4149 1701 4202; x_wconf 89' lang='lat' dir='ltr'><strong>male</strong></span> <span class='ocrx_word' id='word_1_431' title='bbox 1742 4152 1946 4219; x_wconf 88' lang='lat' dir='ltr'><strong>accepti</strong></span> <span class='ocrx_word' id='word_1_432' title='bbox 1975 4166 2067 4204; x_wconf 86' lang='lat' dir='ltr'><strong>or-</strong></span> 
     </span>
    </p>
   </div>
   <div class='ocr_carea' id='block_1_59' title="bbox 498 4229 2070 4308">
    <p class='ocr_par' dir='ltr' id='par_1_59' title="bbox 498 4229 2070 4308">
     <span class='ocr_line' id='line_1_59' title="bbox 498 4229 2070 4308; baseline 0.01 -29"><span class='ocrx_word' id='word_1_433' title='bbox 498 4229 637 4284; x_wconf 80' lang='lat' dir='ltr'><strong>dinis</strong></span> <span class='ocrx_word' id='word_1_434' title='bbox 692 4232 982 4299; x_wconf 90' lang='lat' dir='ltr'><strong>persistere</strong></span> <span class='ocrx_word' id='word_1_435' title='bbox 1038 4234 1298 4305; x_wconf 81' lang='lat' dir='ltr'><strong>dignitate</strong></span> <span class='ocrx_word' id='word_1_436' title='bbox 1358 4251 1466 4291; x_wconf 91' lang='lat' dir='ltr'><strong>non</strong></span> <span class='ocrx_word' id='word_1_437' title='bbox 1527 4246 1771 4308; x_wconf 89' lang='lat' dir='ltr'><strong>possunt.</strong></span> <span class='ocrx_word' id='word_1_438' title='bbox 1831 4237 2070 4294; x_wconf 86' lang='lat' dir='ltr'><strong>Credunt</strong></span> 
     </span>
    </p>
   </div>
   <div class='ocr_carea' id='block_1_60' title="bbox 498 4320 2065 4396">
    <p class='ocr_par' dir='ltr' id='par_1_60' title="bbox 498 4320 2065 4396">
     <span class='ocr_line' id='line_1_60' title="bbox 498 4320 2065 4396; baseline 0.005 -21"><span class='ocrx_word' id='word_1_439' title='bbox 498 4320 662 4384; x_wconf 89' lang='lat' dir='ltr'><strong>enim,</strong></span> <span class='ocrx_word' id='word_1_440' title='bbox 701 4322 843 4378; x_wconf 91' lang='lat' dir='ltr'><strong>sicut</strong></span> <span class='ocrx_word' id='word_1_441' title='bbox 885 4338 1071 4379; x_wconf 90' lang='lat' dir='ltr'><strong>eorum</strong></span> <span class='ocrx_word' id='word_1_442' title='bbox 1121 4326 1381 4396; x_wconf 85' lang='lat' dir='ltr'><strong>sacrilega</strong></span> <span class='ocrx_word' id='word_1_443' title='bbox 1420 4327 1692 4395; x_wconf 88' lang='lat' dir='ltr'><strong>possessio</strong></span> <span class='ocrx_word' id='word_1_444' title='bbox 1736 4328 2065 4395; x_wconf 80' lang='lat' dir='ltr'><strong>manifestat,</strong></span> 
     </span>
    </p>
   </div>
   <div class='ocr_carea' id='block_1_61' title="bbox 499 4411 2066 4488">
    <p class='ocr_par' dir='ltr' id='par_1_61' title="bbox 499 4411 2066 4488">
     <span class='ocr_line' id='line_1_61' title="bbox 499 4411 2066 4488; baseline 0.006 -24"><span class='ocrx_word' id='word_1_445' title='bbox 499 4411 640 4480; x_wconf 89' lang='lat' dir='ltr'><strong>quod</strong></span> <span class='ocrx_word' id='word_1_446' title='bbox 678 4412 842 4467; x_wconf 86' lang='lat' dir='ltr'><strong>Pater</strong></span> <span class='ocrx_word' id='word_1_447' title='bbox 883 4423 1097 4469; x_wconf 89' lang='lat' dir='ltr'><strong>creator</strong></span> <span class='ocrx_word' id='word_1_448' title='bbox 1141 4416 1228 4478; x_wconf 88' lang='lat' dir='ltr'><strong>sit,</strong></span> <span class='ocrx_word' id='word_1_449' title='bbox 1263 4416 1433 4471; x_wconf 82' lang='lat' dir='ltr'><strong>Filius</strong></span> <span class='ocrx_word' id='word_1_450' title='bbox 1479 4424 1762 4483; x_wconf 87' lang='lat' dir='ltr'><strong>creatura;</strong></span> <span class='ocrx_word' id='word_1_451' title='bbox 1805 4418 2066 4488; x_wconf 91' lang='lat' dir='ltr'><strong>Spiritum</strong></span> 
     </span>
    </p>
   </div>
   <div class='ocr_carea' id='block_1_62' title="bbox 500 4508 2067 4568">
    <p class='ocr_par' dir='ltr' id='par_1_62' title="bbox 500 4508 2067 4568">
     <span class='ocr_line' id='line_1_62' title="bbox 500 4508 2067 4568; baseline 0.008 -15"><span class='ocrx_word' id='word_1_452' title='bbox 500 4514 629 4555; x_wconf 79' lang='lat' dir='ltr'><strong>vero</strong></span> <span class='ocrx_word' id='word_1_453' title='bbox 671 4512 917 4557; x_wconf 83' lang='lat' dir='ltr'><strong>sanctum</strong></span> <span class='ocrx_word' id='word_1_454' title='bbox 950 4514 1251 4561; x_wconf 88' lang='lat' dir='ltr'><strong>creaturam</strong></span> <span class='ocrx_word' id='word_1_455' title='bbox 1282 4516 1545 4563; x_wconf 72' lang='lat' dir='ltr'><strong>creatura:</strong></span> <span class='ocrx_word' id='word_1_456' title='bbox 1574 4508 1957 4565; x_wconf 88' lang='lat' dir='ltr'><strong>damnabiliter</strong></span> <span class='ocrx_word' id='word_1_457' title='bbox 1979 4528 2067 4568; x_wconf 85' lang='lat' dir='ltr'><strong>as-</strong></span> 
     </span>
    </p>
   </div>
   <div class='ocr_carea' id='block_1_63' title="bbox 500 4593 2068 4662">
    <p class='ocr_par' dir='ltr' id='par_1_63' title="bbox 500 4593 2068 4662">
     <span class='ocr_line' id='line_1_63' title="bbox 500 4593 2068 4662; baseline 0.01 -20"><span class='ocrx_word' id='word_1_458' title='bbox 500 4601 767 4646; x_wconf 90' lang='lat' dir='ltr'><strong>severant.</strong></span> <span class='ocrx_word' id='word_1_459' title='bbox 802 4612 821 4644; x_wconf 82' lang='grc' dir='ltr'><strong>ι</strong></span> <span class='ocrx_word' id='word_1_460' title='bbox 867 4593 972 4647; x_wconf 86' lang='lat' dir='ltr'><strong>Sed</strong></span> <span class='ocrx_word' id='word_1_461' title='bbox 1000 4604 1052 4648; x_wconf 89' lang='lat' dir='ltr'><strong>et</strong></span> <span class='ocrx_word' id='word_1_462' title='bbox 1074 4596 1397 4662; x_wconf 76' lang='lat' dir='ltr'><strong>Arianorum</strong></span> <span class='ocrx_word' id='word_1_463' title='bbox 1434 4599 1681 4653; x_wconf 89' lang='lat' dir='ltr'><strong>meminit</strong></span> <span class='ocrx_word' id='word_1_464' title='bbox 1717 4607 1773 4653; x_wconf 91' lang='lat' dir='ltr'><strong>ut</strong></span> <span class='ocrx_word' id='word_1_465' title='bbox 1804 4616 1901 4656; x_wconf 92' lang='lat' dir='ltr'><strong>suo</strong></span> <span class='ocrx_word' id='word_1_466' title='bbox 1931 4610 2068 4656; x_wconf 86' lang='lat' dir='ltr'><strong>tem-</strong></span> 
     </span>
    </p>
   </div>
   <div class='ocr_carea' id='block_1_64' title="bbox 496 4682 2063 4758">
    <p class='ocr_par' dir='ltr' id='par_1_64' title="bbox 496 4682 2063 4758">
     <span class='ocr_line' id='line_1_64' title="bbox 496 4682 2063 4758; baseline 0.01 -29"><span class='ocrx_word' id='word_1_467' title='bbox 496 4694 629 4747; x_wconf 83' lang='lat' dir='ltr'><strong>pore</strong></span> <span class='ocrx_word' id='word_1_468' title='bbox 656 4682 999 4737; x_wconf 76' lang='lat' dir='ltr'><strong>existentium</strong></span> <span class='ocrx_word' id='word_1_469' title='bbox 1027 4698 1327 4754; x_wconf 85' lang='lat' dir='ltr'><strong>anonymus</strong></span> <span class='ocrx_word' id='word_1_470' title='bbox 1349 4687 1708 4743; x_wconf 85' lang='lat' dir='ltr'><strong>encoutiastes</strong></span> <span class='ocrx_word' id='word_1_471' title='bbox 1730 4688 1949 4745; x_wconf 83' lang='lat' dir='ltr'><strong>Henriei</strong></span> <span class='ocrx_word' id='word_1_472' title='bbox 1973 4689 2063 4758; x_wconf 82' lang='lat' dir='ltr'><strong>IV,</strong></span> 
     </span>
    </p>
   </div>
   <div class='ocr_carea' id='block_1_65' title="bbox 499 4772 2065 4838">
    <p class='ocr_par' dir='ltr' id='par_1_65' title="bbox 499 4772 2065 4838">
     <span class='ocr_line' id='line_1_65' title="bbox 499 4772 2065 4838; baseline 0.009 -15"><span class='ocrx_word' id='word_1_473' title='bbox 499 4786 656 4838; x_wconf 88' lang='lat' dir='ltr'><strong>quem</strong></span> <span class='ocrx_word' id='word_1_474' title='bbox 687 4788 752 4827; x_wconf 84' lang='lat' dir='ltr'><strong>ex</strong></span> <span class='ocrx_word' id='word_1_475' title='bbox 786 4782 929 4828; x_wconf 92' lang='lat' dir='ltr'><strong>tomo</strong></span> <span class='ocrx_word' id='word_1_476' title='bbox 985 4772 1007 4827; x_wconf 87' lang='grc' dir='ltr'><strong>ι</strong></span> <span class='ocrx_word' id='word_1_477' title='bbox 1057 4773 1398 4833; x_wconf 88' lang='lat' dir='ltr'><strong>Collectionis</strong></span> <span class='ocrx_word' id='word_1_478' title='bbox 1428 4774 1682 4834; x_wconf 80' lang='lat' dir='ltr'><strong>Frecheri</strong></span> <span class='ocrx_word' id='word_1_479' title='bbox 1719 4780 1937 4837; x_wconf 83' lang='lat' dir='ltr'><strong>adducit</strong></span> <span class='ocrx_word' id='word_1_480' title='bbox 1965 4782 2065 4837; x_wconf 89' lang='lat' dir='ltr'><strong>Pa-</strong></span> 
     </span>
    </p>
   </div>
   <div class='ocr_carea' id='block_1_66' title="bbox 502 4861 2065 4939">
    <p class='ocr_par' dir='ltr' id='par_1_66' title="bbox 502 4861 2065 4939">
     <span class='ocr_line' id='line_1_66' title="bbox 502 4861 2065 4939; baseline 0.01 -25"><span class='ocrx_word' id='word_1_481' title='bbox 502 4861 618 4931; x_wconf 75' lang='lat' dir='ltr'><strong>gius</strong></span> <span class='ocrx_word' id='word_1_482' title='bbox 669 4878 809 4919; x_wconf 88' lang='lat' dir='ltr'><strong>anno</strong></span> <span class='ocrx_word' id='word_1_483' title='bbox 840 4865 995 4930; x_wconf 82' lang='lat' dir='ltr'><strong>t058,</strong></span> <span class='ocrx_word' id='word_1_484' title='bbox 1039 4883 1091 4921; x_wconf 90' lang='grc' dir='ltr'><strong>η.</strong></span> <span class='ocrx_word' id='word_1_485' title='bbox 1130 4868 1183 4933; x_wconf 83' lang='lat'><strong>5,</strong></span> <span class='ocrx_word' id='word_1_486' title='bbox 1216 4877 1307 4923; x_wconf 91' lang='lat' dir='ltr'><strong>aut</strong></span> <span class='ocrx_word' id='word_1_487' title='bbox 1353 4870 1581 4939; x_wconf 90' lang='lat' dir='ltr'><strong>denique</strong></span> <span class='ocrx_word' id='word_1_488' title='bbox 1623 4870 1727 4927; x_wconf 90' lang='lat' dir='ltr'><strong>nisi</strong></span> <span class='ocrx_word' id='word_1_489' title='bbox 1775 4872 2065 4930; x_wconf 90' lang='lat' dir='ltr'><strong>clausulam</strong></span> 
     </span>
    </p>
   </div>
   <div class='ocr_carea' id='block_1_67' title="bbox 509 4948 2064 5037">
    <p class='ocr_par' dir='ltr' id='par_1_67' title="bbox 509 4948 2064 5037">
     <span class='ocr_line' id='line_1_67' title="bbox 509 4948 2064 5037; baseline 0.011 -32"><span class='ocrx_word' id='word_1_490' title='bbox 509 4948 647 5008; x_wconf 79' lang='lat' dir='ltr'><strong>hanc</strong></span> <span class='ocrx_word' id='word_1_491' title='bbox 692 4955 765 5009; x_wconf 88' lang='lat' dir='ltr'><strong>ita</strong></span> <span class='ocrx_word' id='word_1_492' title='bbox 821 4956 1253 5036; x_wconf 72' lang='lat' dir='ltr'><strong>interpretemur,</strong></span> <span class='ocrx_word' id='word_1_493' title='bbox 1300 4970 1361 5015; x_wconf 91' lang='lat' dir='ltr'><strong>ut</strong></span> <span class='ocrx_word' id='word_1_494' title='bbox 1400 4963 2064 5037; x_wconf 72' lang='lat' dir='ltr'><strong>signiticet,~Ludulpltum</strong></span> 
     </span>
    </p>
   </div>
   <div class='ocr_carea' id='block_1_68' title="bbox 509 5045 2067 5127">
    <p class='ocr_par' dir='ltr' id='par_1_68' title="bbox 509 5045 2067 5127">
     <span class='ocr_line' id='line_1_68' title="bbox 509 5045 2067 5127; baseline 0.009 -27"><span class='ocrx_word' id='word_1_495' title='bbox 509 5045 686 5100; x_wconf 89' lang='lat' dir='ltr'><strong>divino</strong></span> <span class='ocrx_word' id='word_1_496' title='bbox 740 5047 907 5102; x_wconf 82' lang='lat' dir='ltr'><strong>cultui</strong></span> <span class='ocrx_word' id='word_1_497' title='bbox 958 5049 1220 5113; x_wconf 89' lang='lat' dir='ltr'><strong>deditum,</strong></span> <span class='ocrx_word' id='word_1_498' title='bbox 1262 5060 1322 5105; x_wconf 91' lang='lat' dir='ltr'><strong>ut</strong></span> <span class='ocrx_word' id='word_1_499' title='bbox 1357 5067 1415 5107; x_wconf 89' lang='lat' dir='ltr'><strong>se</strong></span> <span class='ocrx_word' id='word_1_500' title='bbox 1462 5053 1529 5108; x_wconf 94' lang='lat' dir='ltr'><strong>ab</strong></span> <span class='ocrx_word' id='word_1_501' title='bbox 1565 5054 1763 5111; x_wconf 87' lang='lat' dir='ltr'><strong>Ariana</strong></span> <span class='ocrx_word' id='word_1_502' title='bbox 1792 5060 2067 5127; x_wconf 83' lang='lat' dir='ltr'><strong>supersti-</strong></span> 
     </span>
    </p>
   </div>
   <div class='ocr_carea' id='block_1_69' title="bbox 502 5135 2065 5215">
    <p class='ocr_par' dir='ltr' id='par_1_69' title="bbox 502 5135 2065 5215">
     <span class='ocr_line' id='line_1_69' title="bbox 502 5135 2065 5215; baseline 0.011 -27"><span class='ocrx_word' id='word_1_503' title='bbox 502 5135 666 5215; x_wconf 79' lang='lat' dir='ltr'><strong>tione.</strong></span> <span class='ocrx_word' id='word_1_504' title='bbox 701 5151 730 5190; x_wconf 92' lang='lat' dir='ltr'><strong>a</strong></span> <span class='ocrx_word' id='word_1_505' title='bbox 762 5151 867 5207; x_wconf 89' lang='lat' dir='ltr'><strong>qua</strong></span> <span class='ocrx_word' id='word_1_506' title='bbox 898 5138 1131 5192; x_wconf 82' lang='lat' dir='ltr'><strong>maxime</strong></span> <span class='ocrx_word' id='word_1_507' title='bbox 1170 5139 1514 5207; x_wconf 89' lang='lat' dir='ltr'><strong>abhorrebat,</strong></span> <span class='ocrx_word' id='word_1_508' title='bbox 1545 5143 1776 5201; x_wconf 90' lang='lat' dir='ltr'><strong>alienum</strong></span> <span class='ocrx_word' id='word_1_509' title='bbox 1816 5148 2065 5205; x_wconf 82' lang='lat' dir='ltr'><strong>ostende-</strong></span> 
     </span>
    </p>
   </div>
   <div class='ocr_carea' id='block_1_70' title="bbox 502 5224 2065 5303">
    <p class='ocr_par' dir='ltr' id='par_1_70' title="bbox 502 5224 2065 5303">
     <span class='ocr_line' id='line_1_70' title="bbox 502 5224 2065 5303; baseline 0.011 -26"><span class='ocrx_word' id='word_1_510' title='bbox 502 5232 605 5284; x_wconf 87' lang='lat' dir='ltr'><strong>ret.</strong></span> <span class='ocrx_word' id='word_1_511' title='bbox 634 5224 723 5279; x_wconf 92' lang='lat' dir='ltr'><strong>illo</strong></span> <span class='ocrx_word' id='word_1_512' title='bbox 767 5227 964 5282; x_wconf 89' lang='lat' dir='ltr'><strong>sacello</strong></span> <span class='ocrx_word' id='word_1_513' title='bbox 1009 5228 1219 5285; x_wconf 85' lang='lat' dir='ltr'><strong>divinos</strong></span> <span class='ocrx_word' id='word_1_514' title='bbox 1255 5229 1473 5287; x_wconf 88' lang='lat' dir='ltr'><strong>Christo</strong></span> <span class='ocrx_word' id='word_1_515' title='bbox 1518 5234 1770 5303; x_wconf 88' lang='lat' dir='ltr'><strong>honores,</strong></span> <span class='ocrx_word' id='word_1_516' title='bbox 1802 5237 2065 5293; x_wconf 89' lang='lat' dir='ltr'><strong>debitam-</strong></span> 
     </span>
    </p>
   </div>
   <div class='ocr_carea' id='block_1_71' title="bbox 502 5315 2062 5391">
    <p class='ocr_par' dir='ltr' id='par_1_71' title="bbox 502 5315 2062 5391">
     <span class='ocr_line' id='line_1_71' title="bbox 502 5315 2062 5391; baseline 0.012 -24"><span class='ocrx_word' id='word_1_517' title='bbox 502 5330 607 5383; x_wconf 88' lang='lat' dir='ltr'><strong>que</strong></span> <span class='ocrx_word' id='word_1_518' title='bbox 635 5315 692 5370; x_wconf 89' lang='lat' dir='ltr'><strong>S.</strong></span> <span class='ocrx_word' id='word_1_519' title='bbox 719 5316 945 5373; x_wconf 59' lang='lat' dir='ltr'><strong>Andreae</strong></span> <span class='ocrx_word' id='word_1_520' title='bbox 973 5317 1089 5389; x_wconf 83' lang='lat' dir='ltr'><strong>ejus</strong></span> <span class='ocrx_word' id='word_1_521' title='bbox 1115 5321 1355 5391; x_wconf 90' lang='lat' dir='ltr'><strong>apostolo</strong></span> <span class='ocrx_word' id='word_1_522' title='bbox 1380 5325 1777 5382; x_wconf 84' lang='lat' dir='ltr'><strong>venerationem</strong></span> <span class='ocrx_word' id='word_1_523' title='bbox 1810 5336 2062 5385; x_wconf 88' lang='lat' dir='ltr'><strong>testatum</strong></span> 
     </span>
    </p>
   </div>
   <div class='ocr_carea' id='block_1_72' title="bbox 501 5404 2066 5482">
    <p class='ocr_par' dir='ltr' id='par_1_72' title="bbox 501 5404 2066 5482">
     <span class='ocr_line' id='line_1_72' title="bbox 501 5404 2066 5482; baseline 0.013 -27"><span class='ocrx_word' id='word_1_524' title='bbox 501 5419 638 5459; x_wconf 79' lang='lat' dir='ltr'><strong>esse.</strong></span> <span class='ocrx_word' id='word_1_525' title='bbox 682 5404 995 5477; x_wconf 85' lang='lat' dir='ltr'><strong>Quanquam</strong></span> <span class='ocrx_word' id='word_1_526' title='bbox 1021 5425 1198 5480; x_wconf 65' lang='lat' dir='ltr'><strong>operae</strong></span> <span class='ocrx_word' id='word_1_527' title='bbox 1224 5413 1454 5482; x_wconf 89' lang='lat' dir='ltr'><strong>pretium</strong></span> <span class='ocrx_word' id='word_1_528' title='bbox 1486 5429 1592 5469; x_wconf 93' lang='lat' dir='ltr'><strong>non</strong></span> <span class='ocrx_word' id='word_1_529' title='bbox 1626 5425 1709 5471; x_wconf 90' lang='lat' dir='ltr'><strong>est</strong></span> <span class='ocrx_word' id='word_1_530' title='bbox 1736 5425 1795 5472; x_wconf 90' lang='lat' dir='ltr'><strong>ut</strong></span> <span class='ocrx_word' id='word_1_531' title='bbox 1832 5418 1885 5476; x_wconf 89' lang='lat' dir='ltr'><strong>in</strong></span> <span class='ocrx_word' id='word_1_532' title='bbox 1923 5419 2066 5475; x_wconf 89' lang='lat' dir='ltr'><strong>illius</strong></span> 
     </span>
    </p>
   </div>
   <div class='ocr_carea' id='block_1_73' title="bbox 504 5496 2066 5571">
    <p class='ocr_par' dir='ltr' id='par_1_73' title="bbox 504 5496 2066 5571">
     <span class='ocr_line' id='line_1_73' title="bbox 504 5496 2066 5571; baseline 0.011 -24"><span class='ocrx_word' id='word_1_533' title='bbox 504 5496 865 5564; x_wconf 86' lang='lat' dir='ltr'><strong>inscriptionis</strong></span> <span class='ocrx_word' id='word_1_534' title='bbox 924 5502 1255 5569; x_wconf 78' lang='lat' dir='ltr'><strong>expositione</strong></span> <span class='ocrx_word' id='word_1_535' title='bbox 1318 5503 1697 5571; x_wconf 88' lang='lat' dir='ltr'><strong>immoremur,</strong></span> <span class='ocrx_word' id='word_1_536' title='bbox 1753 5522 1876 5561; x_wconf 92' lang='lat' dir='ltr'><strong>eum</strong></span> <span class='ocrx_word' id='word_1_537' title='bbox 1932 5509 2066 5564; x_wconf 90' lang='lat' dir='ltr'><strong>adeo</strong></span> 
     </span>
    </p>
   </div>
   <div class='ocr_carea' id='block_1_74' title="bbox 503 5583 2069 5665">
    <p class='ocr_par' dir='ltr' id='par_1_74' title="bbox 503 5583 2069 5665">
     <span class='ocr_line' id='line_1_74' title="bbox 503 5583 2069 5665; baseline 0.011 -30"><span class='ocrx_word' id='word_1_538' title='bbox 503 5583 745 5640; x_wconf 74' lang='lat' dir='ltr'><strong>obscura:</strong></span> <span class='ocrx_word' id='word_1_539' title='bbox 780 5587 898 5642; x_wconf 84' lang='lat' dir='ltr'><strong>ﬁdei</strong></span> <span class='ocrx_word' id='word_1_540' title='bbox 930 5589 999 5643; x_wconf 90' lang='lat' dir='ltr'><strong>sit</strong></span> <span class='ocrx_word' id='word_1_541' title='bbox 1035 5600 1096 5645; x_wconf 90' lang='lat' dir='ltr'><strong>ut</strong></span> <span class='ocrx_word' id='word_1_542' title='bbox 1127 5607 1155 5645; x_wconf 91' lang='lat' dir='ltr'><strong>a</strong></span> <span class='ocrx_word' id='word_1_543' title='bbox 1187 5594 1401 5649; x_wconf 87' lang='lat' dir='ltr'><strong>nemine</strong></span> <span class='ocrx_word' id='word_1_544' title='bbox 1437 5602 1719 5665; x_wconf 85' lang='lat' dir='ltr'><strong>prepterea</strong></span> <span class='ocrx_word' id='word_1_545' title='bbox 1751 5594 1898 5650; x_wconf 88' lang='lat' dir='ltr'><strong>illam</strong></span> <span class='ocrx_word' id='word_1_546' title='bbox 1933 5597 2069 5652; x_wconf 88' lang='lat' dir='ltr'><strong>indi-</strong></span> 
     </span>
    </p>
   </div>
   <div class='ocr_carea' id='block_1_75' title="bbox 505 5677 2066 5760">
    <p class='ocr_par' dir='ltr' id='par_1_75' title="bbox 505 5677 2066 5760">
     <span class='ocr_line' id='line_1_75' title="bbox 505 5677 2066 5760; baseline 0.013 -36"><span class='ocrx_word' id='word_1_547' title='bbox 505 5677 635 5737; x_wconf 79' lang='lat' dir='ltr'><strong>cari,</strong></span> <span class='ocrx_word' id='word_1_548' title='bbox 668 5688 762 5731; x_wconf 88' lang='lat' dir='ltr'><strong>aut</strong></span> <span class='ocrx_word' id='word_1_549' title='bbox 798 5683 1159 5737; x_wconf 86' lang='lat' dir='ltr'><strong>commendari</strong></span> <span class='ocrx_word' id='word_1_550' title='bbox 1207 5685 1439 5752; x_wconf 89' lang='lat' dir='ltr'><strong>videam,</strong></span> <span class='ocrx_word' id='word_1_551' title='bbox 1470 5697 1829 5760; x_wconf 71' lang='lat' dir='ltr'><strong>prmterquam</strong></span> <span class='ocrx_word' id='word_1_552' title='bbox 1867 5704 1896 5744; x_wconf 89' lang='lat' dir='ltr'><strong>a</strong></span> <span class='ocrx_word' id='word_1_553' title='bbox 1936 5689 2066 5745; x_wconf 83' lang='lat' dir='ltr'><strong>For-</strong></span> 
     </span>
    </p>
   </div>
   <div class='ocr_carea' id='block_1_76' title="bbox 511 5765 1604 5843">
    <p class='ocr_par' dir='ltr' id='par_1_76' title="bbox 511 5765 1604 5843">
     <span class='ocr_line' id='line_1_76' title="bbox 511 5765 1604 5843; baseline 0.009 -24"><span class='ocrx_word' id='word_1_554' title='bbox 511 5765 676 5822; x_wconf 79' lang='lat' dir='ltr'><strong>luniu.</strong></span> <span class='ocrx_word' id='word_1_555' title='bbox 710 5779 758 5822; x_wconf 89' lang='lat' dir='ltr'><strong>et</strong></span> <span class='ocrx_word' id='word_1_556' title='bbox 794 5771 899 5836; x_wconf 88' lang='lat' dir='ltr'><strong>bis,</strong></span> <span class='ocrx_word' id='word_1_557' title='bbox 930 5771 1019 5840; x_wconf 89' lang='lat' dir='ltr'><strong>qui</strong></span> <span class='ocrx_word' id='word_1_558' title='bbox 1053 5773 1118 5828; x_wconf 91' lang='lat' dir='ltr'><strong>ab</strong></span> <span class='ocrx_word' id='word_1_559' title='bbox 1150 5774 1237 5829; x_wconf 85' lang='lat' dir='ltr'><strong>ille</strong></span> <span class='ocrx_word' id='word_1_560' title='bbox 1266 5786 1604 5843; x_wconf 84' lang='lat' dir='ltr'><strong>acceperunt.</strong></span> 
     </span>
    </p>
   </div>
   <div class='ocr_carea' id='block_1_77' title="bbox 2092 4558 2143 4617">
    <p class='ocr_par' dir='ltr' id='par_1_77' title="bbox 2092 4558 2143 4617">
     <span class='ocr_line' id='line_1_77' title="bbox 2092 4558 2143 4617; baseline 0 0"><span class='ocrx_word' id='word_1_561' title='bbox 2092 4558 2143 4617; x_wconf 91' lang='lat' dir='ltr'><strong>D</strong></span> 
     </span>
    </p>
   </div>
   <div class='ocr_carea' id='block_1_78' title="bbox 2175 1988 3747 2059">
    <p class='ocr_par' dir='ltr' id='par_1_78' title="bbox 2175 1988 3747 2059">
     <span class='ocr_line' id='line_1_78' title="bbox 2175 1988 3747 2059; baseline 0.001 -16"><span class='ocrx_word' id='word_1_562' title='bbox 2175 1988 2415 2055; x_wconf 66' lang='lat' dir='ltr'><strong>Umbria,</strong></span> <span class='ocrx_word' id='word_1_563' title='bbox 2449 1991 2666 2045; x_wconf 69' lang='lat' dir='ltr'><strong>dimcesi</strong></span> <span class='ocrx_word' id='word_1_564' title='bbox 2717 1992 3016 2059; x_wconf 81' lang='lat' dir='ltr'><strong>Euguhina,</strong></span> <span class='ocrx_word' id='word_1_565' title='bbox 3049 1991 3113 2045; x_wconf 90' lang='lat' dir='ltr'><strong>ad</strong></span> <span class='ocrx_word' id='word_1_566' title='bbox 3165 1993 3374 2047; x_wconf 81' lang='lat' dir='ltr'><strong>radices</strong></span> <span class='ocrx_word' id='word_1_567' title='bbox 3408 1990 3603 2045; x_wconf 83' lang='lat' dir='ltr'><strong>Montis</strong></span> <span class='ocrx_word' id='word_1_568' title='bbox 3640 1990 3747 2045; x_wconf 85' lang='lat' dir='ltr'><strong>Ca-</strong></span> 
     </span>
    </p>
   </div>
   <div class='ocr_carea' id='block_1_79' title="bbox 2175 2079 3744 2143">
    <p class='ocr_par' dir='ltr' id='par_1_79' title="bbox 2175 2079 3744 2143">
     <span class='ocr_line' id='line_1_79' title="bbox 2175 2079 3744 2143; baseline 0 -12"><span class='ocrx_word' id='word_1_569' title='bbox 2175 2080 2311 2143; x_wconf 61' lang='lat' dir='ltr'><strong>tria‘,</strong></span> <span class='ocrx_word' id='word_1_570' title='bbox 2343 2080 2431 2134; x_wconf 85' lang='lat' dir='ltr'><strong>ubi</strong></span> <span class='ocrx_word' id='word_1_571' title='bbox 2465 2080 2648 2135; x_wconf 88' lang='lat' dir='ltr'><strong>itidem</strong></span> <span class='ocrx_word' id='word_1_572' title='bbox 2690 2079 2746 2134; x_wconf 92' lang='lat' dir='ltr'><strong>S.</strong></span> <span class='ocrx_word' id='word_1_573' title='bbox 2790 2080 3120 2135; x_wconf 38' lang='lat' dir='ltr'><strong>R‘omualdns</strong></span> <span class='ocrx_word' id='word_1_574' title='bbox 3157 2095 3430 2133; x_wconf 89' lang='lat' dir='ltr'><strong>secessum</strong></span> <span class='ocrx_word' id='word_1_575' title='bbox 3480 2079 3687 2134; x_wconf 87' lang='lat' dir='ltr'><strong>habuit.</strong></span> <span class='ocrx_word' id='word_1_576' title='bbox 3722 2096 3744 2131; x_wconf 76' lang='grc' dir='ltr'><strong>ι</strong></span> 
     </span>
    </p>
   </div>
   <div class='ocr_carea' id='block_1_80' title="bbox 2176 2166 3744 2235">
    <p class='ocr_par' dir='ltr' id='par_1_80' title="bbox 2176 2166 3744 2235">
     <span class='ocr_line' id='line_1_80' title="bbox 2176 2166 3744 2235; baseline -0.001 -14"><span class='ocrx_word' id='word_1_577' title='bbox 2176 2166 2245 2221; x_wconf 87' lang='lat' dir='ltr'><strong>Ut</strong></span> <span class='ocrx_word' id='word_1_578' title='bbox 2286 2168 2419 2222; x_wconf 87' lang='lat' dir='ltr'><strong>alios</strong></span> <span class='ocrx_word' id='word_1_579' title='bbox 2461 2168 2687 2224; x_wconf 88' lang='lat' dir='ltr'><strong>minoris</strong></span> <span class='ocrx_word' id='word_1_580' title='bbox 2724 2170 2979 2235; x_wconf 90' lang='lat' dir='ltr'><strong>nominis,</strong></span> <span class='ocrx_word' id='word_1_581' title='bbox 3002 2167 3381 2229; x_wconf 85' lang='lat' dir='ltr'><strong>Portesanum.</strong></span> <span class='ocrx_word' id='word_1_582' title='bbox 3412 2167 3744 2231; x_wconf 88' lang='lat' dir='ltr'><strong>Crucettum,</strong></span> 
     </span>
    </p>
   </div>
   <div class='ocr_carea' id='block_1_81' title="bbox 2172 2266 3137 2327">
    <p class='ocr_par' dir='ltr' id='par_1_81' title="bbox 2172 2266 3137 2327">
     <span class='ocr_line' id='line_1_81' title="bbox 2172 2266 3137 2327; baseline -0.004 -16"><span class='ocrx_word' id='word_1_583' title='bbox 2172 2266 2273 2311; x_wconf 74' lang='lat' dir='ltr'><strong>CIC.</strong></span> <span class='ocrx_word' id='word_1_584' title='bbox 2286 2298 2300 2319; x_wconf 83' lang='grc'><strong>,</strong></span> <span class='ocrx_word' id='word_1_585' title='bbox 2333 2268 2669 2327; x_wconf 72' lang='lat' dir='ltr'><strong>prteteream.</strong></span> <span class='ocrx_word' id='word_1_586' title='bbox 3116 2278 3137 2307; x_wconf 64' lang='grc' dir='ltr'><strong>ι</strong></span> 
     </span>
    </p>
   </div>
   <div class='ocr_carea' id='block_1_82' title="bbox 2248 2343 3753 2417">
    <p class='ocr_par' dir='ltr' id='par_1_82' title="bbox 2248 2343 3753 2417">
     <span class='ocr_line' id='line_1_82' title="bbox 2248 2343 3753 2417; baseline 0.004 -21"><span class='ocrx_word' id='word_1_587' title='bbox 2248 2343 2353 2399; x_wconf 78' lang='lat' dir='ltr'><strong>VII.</strong></span> <span class='ocrx_word' id='word_1_588' title='bbox 2396 2345 2713 2415; x_wconf 88' lang='lat' dir='ltr'><strong>Quanquam</strong></span> <span class='ocrx_word' id='word_1_589' title='bbox 2763 2362 2852 2400; x_wconf 77' lang='lat' dir='ltr'><strong>vix</strong></span> <span class='ocrx_word' id='word_1_590' title='bbox 2907 2346 3135 2401; x_wconf 90' lang='lat' dir='ltr'><strong>testibus</strong></span> <span class='ocrx_word' id='word_1_591' title='bbox 3182 2361 3318 2417; x_wconf 91' lang='lat' dir='ltr'><strong>opus</strong></span> <span class='ocrx_word' id='word_1_592' title='bbox 3366 2355 3482 2415; x_wconf 39' lang='lat' dir='ltr'><strong>est‘,</strong></span> <span class='ocrx_word' id='word_1_593' title='bbox 3518 2345 3609 2400; x_wconf 91' lang='lat' dir='ltr'><strong>ubi</strong></span> <span class='ocrx_word' id='word_1_594' title='bbox 3664 2361 3753 2402; x_wconf 90' lang='lat' dir='ltr'><strong>res</strong></span> 
     </span>
    </p>
   </div>
   <div class='ocr_carea' id='block_1_83' title="bbox 2175 2434 3750 2505">
    <p class='ocr_par' dir='ltr' id='par_1_83' title="bbox 2175 2434 3750 2505">
     <span class='ocr_line' id='line_1_83' title="bbox 2175 2434 3750 2505; baseline -0.001 -17"><span class='ocrx_word' id='word_1_595' title='bbox 2175 2435 2289 2503; x_wconf 88' lang='lat' dir='ltr'><strong>ipsa</strong></span> <span class='ocrx_word' id='word_1_596' title='bbox 2328 2435 2587 2505; x_wconf 90' lang='lat' dir='ltr'><strong>loquitur,</strong></span> <span class='ocrx_word' id='word_1_597' title='bbox 2623 2445 2730 2489; x_wconf 90' lang='lat' dir='ltr'><strong>tmn</strong></span> <span class='ocrx_word' id='word_1_598' title='bbox 2776 2452 2841 2489; x_wconf 84' lang='lat' dir='ltr'><strong>cx</strong></span> <span class='ocrx_word' id='word_1_599' title='bbox 2887 2435 3310 2490; x_wconf 81' lang='lat' dir='ltr'><strong>Avellanitarum</strong></span> <span class='ocrx_word' id='word_1_600' title='bbox 3351 2434 3579 2487; x_wconf 91' lang='lat' dir='ltr'><strong>instituti</strong></span> <span class='ocrx_word' id='word_1_601' title='bbox 3624 2449 3750 2488; x_wconf 87' lang='lat' dir='ltr'><strong>cum</strong></span> 
     </span>
    </p>
   </div>
   <div class='ocr_carea' id='block_1_84' title="bbox 2174 2521 3750 2595">
    <p class='ocr_par' dir='ltr' id='par_1_84' title="bbox 2174 2521 3750 2595">
     <span class='ocr_line' id='line_1_84' title="bbox 2174 2521 3750 2595; baseline -0.001 -18"><span class='ocrx_word' id='word_1_602' title='bbox 2174 2523 2543 2579; x_wconf 80' lang='lat' dir='ltr'><strong>Romualdinis</strong></span> <span class='ocrx_word' id='word_1_603' title='bbox 2597 2524 2804 2595; x_wconf 86' lang='lat' dir='ltr'><strong>legibus</strong></span> <span class='ocrx_word' id='word_1_604' title='bbox 2857 2524 3265 2589; x_wconf 86' lang='lat' dir='ltr'><strong>convenientia,</strong></span> <span class='ocrx_word' id='word_1_605' title='bbox 3317 2524 3382 2577; x_wconf 89' lang='lat' dir='ltr'><strong>de</strong></span> <span class='ocrx_word' id='word_1_606' title='bbox 3441 2537 3547 2591; x_wconf 88' lang='lat' dir='ltr'><strong>qua</strong></span> <span class='ocrx_word' id='word_1_607' title='bbox 3608 2521 3750 2576; x_wconf 85' lang='lat' dir='ltr'><strong>infra</strong></span> 
     </span>
    </p>
   </div>
   <div class='ocr_carea' id='block_1_85' title="bbox 2176 2610 3751 2683">
    <p class='ocr_par' dir='ltr' id='par_1_85' title="bbox 2176 2610 3751 2683">
     <span class='ocr_line' id='line_1_85' title="bbox 2176 2610 3751 2683; baseline -0.001 -17"><span class='ocrx_word' id='word_1_608' title='bbox 2176 2612 2418 2677; x_wconf 90' lang='lat' dir='ltr'><strong>uberius,</strong></span> <span class='ocrx_word' id='word_1_609' title='bbox 2454 2621 2563 2666; x_wconf 90' lang='lat' dir='ltr'><strong>tum</strong></span> <span class='ocrx_word' id='word_1_610' title='bbox 2594 2613 2718 2682; x_wconf 88' lang='lat' dir='ltr'><strong>quia</strong></span> <span class='ocrx_word' id='word_1_611' title='bbox 2766 2613 2921 2667; x_wconf 89' lang='lat' dir='ltr'><strong>aliter</strong></span> <span class='ocrx_word' id='word_1_612' title='bbox 2952 2628 3113 2683; x_wconf 88' lang='lat' dir='ltr'><strong>quam</strong></span> <span class='ocrx_word' id='word_1_613' title='bbox 3156 2612 3223 2667; x_wconf 89' lang='lat' dir='ltr'><strong>de</strong></span> <span class='ocrx_word' id='word_1_614' title='bbox 3249 2611 3520 2665; x_wconf 75' lang='lat' dir='ltr'><strong>Avellana:</strong></span> <span class='ocrx_word' id='word_1_615' title='bbox 3556 2610 3751 2665; x_wconf 88' lang='lat' dir='ltr'><strong>solitu-</strong></span> 
     </span>
    </p>
   </div>
   <div class='ocr_carea' id='block_1_86' title="bbox 2174 2700 3748 2771">
    <p class='ocr_par' dir='ltr' id='par_1_86' title="bbox 2174 2700 3748 2771">
     <span class='ocr_line' id='line_1_86' title="bbox 2174 2700 3748 2771; baseline -0.001 -15"><span class='ocrx_word' id='word_1_616' title='bbox 2174 2702 2299 2756; x_wconf 88' lang='lat' dir='ltr'><strong>dine</strong></span> <span class='ocrx_word' id='word_1_617' title='bbox 2345 2701 2429 2755; x_wconf 84' lang='lat' dir='ltr'><strong>iila</strong></span> <span class='ocrx_word' id='word_1_618' title='bbox 2462 2700 2760 2757; x_wconf 88' lang='lat' dir='ltr'><strong>Catriensis</strong></span> <span class='ocrx_word' id='word_1_619' title='bbox 2806 2701 3067 2756; x_wconf 88' lang='lat' dir='ltr'><strong>habitatio</strong></span> <span class='ocrx_word' id='word_1_620' title='bbox 3098 2700 3380 2755; x_wconf 82' lang='lat' dir='ltr'><strong>Romualdi</strong></span> <span class='ocrx_word' id='word_1_621' title='bbox 3418 2701 3611 2771; x_wconf 79' lang='lat' dir='ltr'><strong>exponi</strong></span> <span class='ocrx_word' id='word_1_622' title='bbox 3652 2715 3748 2754; x_wconf 88' lang='lat' dir='ltr'><strong>ne-</strong></span> 
     </span>
    </p>
   </div>
   <div class='ocr_carea' id='block_1_87' title="bbox 2173 2792 3751 2866">
    <p class='ocr_par' dir='ltr' id='par_1_87' title="bbox 2173 2792 3751 2866">
     <span class='ocr_line' id='line_1_87' title="bbox 2173 2792 3751 2866; baseline -0.001 -18"><span class='ocrx_word' id='word_1_623' title='bbox 2173 2796 2317 2865; x_wconf 65' lang='lat' dir='ltr'><strong>quit;</strong></span> <span class='ocrx_word' id='word_1_624' title='bbox 2368 2796 2549 2866; x_wconf 86' lang='lat' dir='ltr'><strong>opinio</strong></span> <span class='ocrx_word' id='word_1_625' title='bbox 2600 2795 2865 2865; x_wconf 89' lang='lat' dir='ltr'><strong>siquidem</strong></span> <span class='ocrx_word' id='word_1_626' title='bbox 2918 2795 3196 2858; x_wconf 88' lang='lat' dir='ltr'><strong>Fortunii,</strong></span> <span class='ocrx_word' id='word_1_627' title='bbox 3248 2803 3401 2863; x_wconf 89' lang='lat' dir='ltr'><strong>parte</strong></span> <span class='ocrx_word' id='word_1_628' title='bbox 3440 2808 3537 2858; x_wconf 90' lang='lat' dir='ltr'><strong>vtt,</strong></span> <span class='ocrx_word' id='word_1_629' title='bbox 3580 2792 3673 2847; x_wconf 91' lang='lat' dir='ltr'><strong>lib.</strong></span> <span class='ocrx_word' id='word_1_630' title='bbox 3707 2807 3751 2858; x_wconf 84' lang='grc' dir='ltr'><strong>ι,</strong></span> 
     </span>
    </p>
   </div>
   <div class='ocr_carea' id='block_1_88' title="bbox 2174 2883 3743 2957">
    <p class='ocr_par' dir='ltr' id='par_1_88' title="bbox 2174 2883 3743 2957">
     <span class='ocr_line' id='line_1_88' title="bbox 2174 2883 3743 2957; baseline -0.004 -14"><span class='ocrx_word' id='word_1_631' title='bbox 2174 2902 2293 2957; x_wconf 88' lang='lat' dir='ltr'><strong>cap.</strong></span> <span class='ocrx_word' id='word_1_632' title='bbox 2324 2889 2409 2952; x_wconf 82' lang='lat' dir='ltr'><strong>tl,</strong></span> <span class='ocrx_word' id='word_1_633' title='bbox 2436 2888 2611 2942; x_wconf 89' lang='lat' dir='ltr'><strong>locmn</strong></span> <span class='ocrx_word' id='word_1_634' title='bbox 2640 2887 2787 2941; x_wconf 90' lang='lat' dir='ltr'><strong>illum</strong></span> <span class='ocrx_word' id='word_1_635' title='bbox 2812 2887 2877 2942; x_wconf 88' lang='lat' dir='ltr'><strong>de</strong></span> <span class='ocrx_word' id='word_1_636' title='bbox 2899 2901 3081 2941; x_wconf 90' lang='lat' dir='ltr'><strong>eremo</strong></span> <span class='ocrx_word' id='word_1_637' title='bbox 3106 2885 3284 2941; x_wconf 70' lang='lat' dir='ltr'><strong>Sitria:</strong></span> <span class='ocrx_word' id='word_1_638' title='bbox 3311 2883 3743 2953; x_wconf 78' lang='lat' dir='ltr'><strong>interpretantis,</strong></span> 
     </span>
    </p>
   </div>
   <div class='ocr_carea' id='block_1_89' title="bbox 2174 2972 3749 3051">
    <p class='ocr_par' dir='ltr' id='par_1_89' title="bbox 2174 2972 3749 3051">
     <span class='ocr_line' id='line_1_89' title="bbox 2174 2972 3749 3051; baseline -0.004 -20"><span class='ocrx_word' id='word_1_639' title='bbox 2174 2995 2411 3051; x_wconf 85' lang='lat' dir='ltr'><strong>pugnare</strong></span> <span class='ocrx_word' id='word_1_640' title='bbox 2440 2979 2649 3033; x_wconf 89' lang='lat' dir='ltr'><strong>videtur</strong></span> <span class='ocrx_word' id='word_1_641' title='bbox 2677 2993 2797 3032; x_wconf 91' lang='lat' dir='ltr'><strong>cum</strong></span> <span class='ocrx_word' id='word_1_642' title='bbox 2830 2976 2975 3031; x_wconf 89' lang='lat' dir='ltr'><strong>Petri</strong></span> <span class='ocrx_word' id='word_1_643' title='bbox 3003 2976 3245 3029; x_wconf 83' lang='lat' dir='ltr'><strong>Damiani</strong></span> <span class='ocrx_word' id='word_1_644' title='bbox 3284 2974 3626 3038; x_wconf 87' lang='lat' dir='ltr'><strong>auctoritate,</strong></span> <span class='ocrx_word' id='word_1_645' title='bbox 3656 2972 3749 3041; x_wconf 88' lang='lat' dir='ltr'><strong>qui</strong></span> 
     </span>
    </p>
   </div>
   <div class='ocr_carea' id='block_1_90' title="bbox 2176 3064 3753 3139">
    <p class='ocr_par' dir='ltr' id='par_1_90' title="bbox 2176 3064 3753 3139">
     <span class='ocr_line' id='line_1_90' title="bbox 2176 3064 3753 3139; baseline -0.006 -14"><span class='ocrx_word' id='word_1_646' title='bbox 2176 3072 2228 3126; x_wconf 91' lang='lat' dir='ltr'><strong>in</strong></span> <span class='ocrx_word' id='word_1_647' title='bbox 2278 3072 2399 3125; x_wconf 72' lang='lat' dir='ltr'><strong>Vita</strong></span> <span class='ocrx_word' id='word_1_648' title='bbox 2430 3070 2487 3124; x_wconf 91' lang='lat' dir='ltr'><strong>S.</strong></span> <span class='ocrx_word' id='word_1_649' title='bbox 2522 3069 2827 3135; x_wconf 78' lang='lat' dir='ltr'><strong>Romualdi,</strong></span> <span class='ocrx_word' id='word_1_650' title='bbox 2857 3084 2975 3139; x_wconf 90' lang='lat' dir='ltr'><strong>cap.</strong></span> <span class='ocrx_word' id='word_1_651' title='bbox 3024 3068 3115 3133; x_wconf 70' lang='grc'><strong>49,</strong></span> <span class='ocrx_word' id='word_1_652' title='bbox 3156 3068 3229 3121; x_wconf 89' lang='lat' dir='ltr'><strong>ita</strong></span> <span class='ocrx_word' id='word_1_653' title='bbox 3280 3066 3445 3121; x_wconf 85' lang='lat' dir='ltr'><strong>refert</strong></span> <span class='ocrx_word' id='word_1_654' title='bbox 3494 3064 3753 3119; x_wconf 74' lang='lat' dir='ltr'><strong>ltomual-</strong></span> 
     </span>
    </p>
   </div>
   <div class='ocr_carea' id='block_1_91' title="bbox 2174 3155 3749 3218">
    <p class='ocr_par' dir='ltr' id='par_1_91' title="bbox 2174 3155 3749 3218">
     <span class='ocr_line' id='line_1_91' title="bbox 2174 3155 3749 3218; baseline -0.003 -4"><span class='ocrx_word' id='word_1_655' title='bbox 2174 3162 2299 3214; x_wconf 91' lang='lat' dir='ltr'><strong>dum</strong></span> <span class='ocrx_word' id='word_1_656' title='bbox 2329 3162 2394 3213; x_wconf 90' lang='lat' dir='ltr'><strong>ad</strong></span> <span class='ocrx_word' id='word_1_657' title='bbox 2437 3158 2614 3214; x_wconf 68' lang='lat' dir='ltr'><strong>Sitria:</strong></span> <span class='ocrx_word' id='word_1_658' title='bbox 2662 3158 3005 3213; x_wconf 90' lang='lat' dir='ltr'><strong>solitudinem</strong></span> <span class='ocrx_word' id='word_1_659' title='bbox 3044 3158 3394 3212; x_wconf 88' lang='lat' dir='ltr'><strong>habitandam</strong></span> <span class='ocrx_word' id='word_1_660' title='bbox 3436 3155 3749 3218; x_wconf 85' lang='lat' dir='ltr'><strong>divertisse,</strong></span> 
     </span>
    </p>
   </div>
   <div class='ocr_carea' id='block_1_92' title="bbox 2168 3244 3749 3320">
    <p class='ocr_par' dir='ltr' id='par_1_92' title="bbox 2168 3244 3749 3320">
     <span class='ocr_line' id='line_1_92' title="bbox 2168 3244 3749 3320; baseline -0.002 -19"><span class='ocrx_word' id='word_1_661' title='bbox 2168 3251 2321 3320; x_wconf 86' lang='lat' dir='ltr'><strong>quasi</strong></span> <span class='ocrx_word' id='word_1_662' title='bbox 2352 3247 2545 3303; x_wconf 86' lang='lat' dir='ltr'><strong>ibidem</strong></span> <span class='ocrx_word' id='word_1_663' title='bbox 2580 3256 2738 3301; x_wconf 87' lang='lat' dir='ltr'><strong>antea</strong></span> <span class='ocrx_word' id='word_1_664' title='bbox 2784 3255 3154 3303; x_wconf 86' lang='lat' dir='ltr'><strong>commoratus</strong></span> <span class='ocrx_word' id='word_1_665' title='bbox 3198 3261 3304 3300; x_wconf 92' lang='lat' dir='ltr'><strong>non</strong></span> <span class='ocrx_word' id='word_1_666' title='bbox 3350 3252 3512 3306; x_wconf 89' lang='lat' dir='ltr'><strong>esset,</strong></span> <span class='ocrx_word' id='word_1_667' title='bbox 3545 3244 3641 3297; x_wconf 90' lang='lat' dir='ltr'><strong>sed</strong></span> <span class='ocrx_word' id='word_1_668' title='bbox 3670 3244 3749 3298; x_wconf 85' lang='lat' dir='ltr'><strong>lo-</strong></span> 
     </span>
    </p>
   </div>
   <div class='ocr_carea' id='block_1_93' title="bbox 2167 3333 3751 3408">
    <p class='ocr_par' dir='ltr' id='par_1_93' title="bbox 2167 3333 3751 3408">
     <span class='ocr_line' id='line_1_93' title="bbox 2167 3333 3751 3408; baseline -0.003 -15"><span class='ocrx_word' id='word_1_669' title='bbox 2167 3355 2289 3394; x_wconf 72' lang='lat' dir='ltr'><strong>cuta</strong></span> <span class='ocrx_word' id='word_1_670' title='bbox 2342 3339 2515 3408; x_wconf 87' lang='lat' dir='ltr'><strong>ipsntn</strong></span> <span class='ocrx_word' id='word_1_671' title='bbox 2564 3348 2693 3392; x_wconf 88' lang='lat' dir='ltr'><strong>tunc</strong></span> <span class='ocrx_word' id='word_1_672' title='bbox 2721 3338 2833 3392; x_wconf 88' lang='lat' dir='ltr'><strong>suis</strong></span> <span class='ocrx_word' id='word_1_673' title='bbox 2863 3337 3143 3406; x_wconf 90' lang='lat' dir='ltr'><strong>discipulis</strong></span> <span class='ocrx_word' id='word_1_674' title='bbox 3184 3335 3391 3405; x_wconf 88' lang='lat' dir='ltr'><strong>replere</strong></span> <span class='ocrx_word' id='word_1_675' title='bbox 3428 3333 3751 3405; x_wconf 82' lang='lat' dir='ltr'><strong>aggredere—</strong></span> 
     </span>
    </p>
   </div>
   <div class='ocr_carea' id='block_1_94' title="bbox 2168 3422 3753 3483">
    <p class='ocr_par' dir='ltr' id='par_1_94' title="bbox 2168 3422 3753 3483">
     <span class='ocr_line' id='line_1_94' title="bbox 2168 3422 3753 3483; baseline -0.004 0"><span class='ocrx_word' id='word_1_676' title='bbox 2168 3442 2273 3483; x_wconf 59' lang='lat' dir='ltr'><strong>tur.</strong></span> <span class='ocrx_word' id='word_1_677' title='bbox 2303 3429 2442 3482; x_wconf 81' lang='lat' dir='ltr'><strong>Ecce</strong></span> <span class='ocrx_word' id='word_1_678' title='bbox 2483 3428 2726 3482; x_wconf 89' lang='lat' dir='ltr'><strong>Damiani</strong></span> <span class='ocrx_word' id='word_1_679' title='bbox 2776 3426 2937 3481; x_wconf 85' lang='lat' dir='ltr'><strong>verba</strong></span> <span class='ocrx_word' id='word_1_680' title='bbox 2974 3444 2987 3479; x_wconf 89' lang='lat'><strong>:</strong></span> <span class='ocrx_word' id='word_1_681' title='bbox 3023 3444 3041 3477; x_wconf 85' lang='grc'>‹</span> <span class='ocrx_word' id='word_1_682' title='bbox 3075 3425 3424 3479; x_wconf 87' lang='lat' dir='ltr'><strong>Postmodum</strong></span> <span class='ocrx_word' id='word_1_683' title='bbox 3471 3436 3600 3477; x_wconf 88' lang='lat' dir='ltr'><strong>vero</strong></span> <span class='ocrx_word' id='word_1_684' title='bbox 3642 3422 3753 3476; x_wconf 71' lang='lat' dir='ltr'><strong>lto-</strong></span> 
     </span>
    </p>
   </div>
   <div class='ocr_carea' id='block_1_95' title="bbox 2167 3508 3751 3584">
    <p class='ocr_par' dir='ltr' id='par_1_95' title="bbox 2167 3508 3751 3584">
     <span class='ocr_line' id='line_1_95' title="bbox 2167 3508 3751 3584; baseline -0.004 -13"><span class='ocrx_word' id='word_1_685' title='bbox 2167 3517 2431 3579; x_wconf 86' lang='lat' dir='ltr'><strong>mualdus,</strong></span> <span class='ocrx_word' id='word_1_686' title='bbox 2461 3532 2581 3571; x_wconf 90' lang='lat' dir='ltr'><strong>eum</strong></span> <span class='ocrx_word' id='word_1_687' title='bbox 2628 3516 3003 3584; x_wconf 79' lang='lat' dir='ltr'><strong>Appenninum</strong></span> <span class='ocrx_word' id='word_1_688' title='bbox 3041 3514 3347 3579; x_wconf 87' lang='lat' dir='ltr'><strong>desereret,</strong></span> <span class='ocrx_word' id='word_1_689' title='bbox 3389 3520 3628 3566; x_wconf 89' lang='lat' dir='ltr'><strong>montem</strong></span> <span class='ocrx_word' id='word_1_690' title='bbox 3657 3508 3751 3564; x_wconf 87' lang='lat' dir='ltr'><strong>Si-</strong></span> 
     </span>
    </p>
   </div>
   <div class='ocr_carea' id='block_1_96' title="bbox 2170 3602 3754 3659">
    <p class='ocr_par' dir='ltr' id='par_1_96' title="bbox 2170 3602 3754 3659">
     <span class='ocr_line' id='line_1_96' title="bbox 2170 3602 3754 3659; baseline -0.003 -1"><span class='ocrx_word' id='word_1_691' title='bbox 2170 3606 2284 3659; x_wconf 69' lang='lat' dir='ltr'><strong>tria:</strong></span> <span class='ocrx_word' id='word_1_692' title='bbox 2331 3604 2668 3659; x_wconf 81' lang='lat' dir='ltr'><strong>habitaturus</strong></span> <span class='ocrx_word' id='word_1_693' title='bbox 2722 3604 2981 3657; x_wconf 88' lang='lat' dir='ltr'><strong>ascendit.</strong></span> <span class='ocrx_word' id='word_1_694' title='bbox 3012 3602 3321 3657; x_wconf 77' lang='lat' dir='ltr'><strong>Cavendum</strong></span> <span class='ocrx_word' id='word_1_695' title='bbox 3374 3610 3555 3655; x_wconf 90' lang='lat' dir='ltr'><strong>autem</strong></span> <span class='ocrx_word' id='word_1_696' title='bbox 3601 3614 3754 3653; x_wconf 86' lang='lat' dir='ltr'><strong>sum-</strong></span> 
     </span>
    </p>
   </div>
   <div class='ocr_carea' id='block_1_97' title="bbox 2167 3691 3742 3764">
    <p class='ocr_par' dir='ltr' id='par_1_97' title="bbox 2167 3691 3742 3764">
     <span class='ocr_line' id='line_1_97' title="bbox 2167 3691 3742 3764; baseline -0.003 -15"><span class='ocrx_word' id='word_1_697' title='bbox 2167 3710 2385 3764; x_wconf 89' lang='lat' dir='ltr'><strong>mopere</strong></span> <span class='ocrx_word' id='word_1_698' title='bbox 2424 3704 2503 3749; x_wconf 89' lang='lat' dir='ltr'><strong>est</strong></span> <span class='ocrx_word' id='word_1_699' title='bbox 2551 3708 2617 3748; x_wconf 92' lang='lat' dir='ltr'><strong>ne</strong></span> <span class='ocrx_word' id='word_1_700' title='bbox 2649 3694 2789 3763; x_wconf 88' lang='lat' dir='ltr'><strong>quis,</strong></span> <span class='ocrx_word' id='word_1_701' title='bbox 2820 3709 2940 3747; x_wconf 92' lang='lat' dir='ltr'><strong>cum</strong></span> <span class='ocrx_word' id='word_1_702' title='bbox 2972 3692 3204 3747; x_wconf 89' lang='lat' dir='ltr'><strong>audierit</strong></span> <span class='ocrx_word' id='word_1_703' title='bbox 3240 3693 3367 3761; x_wconf 89' lang='lat' dir='ltr'><strong>quia</strong></span> <span class='ocrx_word' id='word_1_704' title='bbox 3392 3691 3477 3745; x_wconf 89' lang='lat' dir='ltr'><strong>vir</strong></span> <span class='ocrx_word' id='word_1_705' title='bbox 3514 3699 3742 3746; x_wconf 88' lang='lat' dir='ltr'><strong>sanctus</strong></span> 
     </span>
    </p>
   </div>
   <div class='ocr_carea' id='block_1_98' title="bbox 2169 3782 3753 3855">
    <p class='ocr_par' dir='ltr' id='par_1_98' title="bbox 2169 3782 3753 3855">
     <span class='ocr_line' id='line_1_98' title="bbox 2169 3782 3753 3855; baseline -0.002 -14"><span class='ocrx_word' id='word_1_706' title='bbox 2169 3796 2250 3841; x_wconf 91' lang='lat' dir='ltr'><strong>tot</strong></span> <span class='ocrx_word' id='word_1_707' title='bbox 2279 3787 2397 3842; x_wconf 84' lang='lat' dir='ltr'><strong>loca</strong></span> <span class='ocrx_word' id='word_1_708' title='bbox 2433 3786 2742 3849; x_wconf 88' lang='lat' dir='ltr'><strong>mutaverit,</strong></span> <span class='ocrx_word' id='word_1_709' title='bbox 2774 3786 2845 3854; x_wconf 91' lang='lat' dir='ltr'><strong>pii</strong></span> <span class='ocrx_word' id='word_1_710' title='bbox 2887 3786 3070 3855; x_wconf 89' lang='lat' dir='ltr'><strong>operis</strong></span> <span class='ocrx_word' id='word_1_711' title='bbox 3107 3786 3319 3853; x_wconf 92' lang='lat' dir='ltr'><strong>pondus</strong></span> <span class='ocrx_word' id='word_1_712' title='bbox 3349 3784 3481 3838; x_wconf 88' lang='lat' dir='ltr'><strong>vitio</strong></span> <span class='ocrx_word' id='word_1_713' title='bbox 3518 3782 3753 3838; x_wconf 87' lang='lat' dir='ltr'><strong>levitatis</strong></span> 
     </span>
    </p>
   </div>
   <div class='ocr_carea' id='block_1_99' title="bbox 2171 3871 3751 3943">
    <p class='ocr_par' dir='ltr' id='par_1_99' title="bbox 2171 3871 3751 3943">
     <span class='ocr_line' id='line_1_99' title="bbox 2171 3871 3751 3943; baseline -0.004 -12"><span class='ocrx_word' id='word_1_714' title='bbox 2171 3877 2429 3931; x_wconf 86' lang='lat' dir='ltr'><strong>ascribat.</strong></span> <span class='ocrx_word' id='word_1_715' title='bbox 2495 3875 2621 3928; x_wconf 82' lang='lat' dir='ltr'><strong>Haec</strong></span> <span class='ocrx_word' id='word_1_716' title='bbox 2684 3889 2916 3943; x_wconf 86' lang='lat' dir='ltr'><strong>namque</strong></span> <span class='ocrx_word' id='word_1_717' title='bbox 2976 3874 3337 3928; x_wconf 89' lang='lat' dir='ltr'><strong>mutationum</strong></span> <span class='ocrx_word' id='word_1_718' title='bbox 3404 3871 3521 3941; x_wconf 88' lang='lat' dir='ltr'><strong>ejus</strong></span> <span class='ocrx_word' id='word_1_719' title='bbox 3586 3887 3751 3927; x_wconf 90' lang='lat' dir='ltr'><strong>causa</strong></span> 
     </span>
    </p>
   </div>
   <div class='ocr_carea' id='block_1_100' title="bbox 2169 3959 3750 4035">
    <p class='ocr_par' dir='ltr' id='par_1_100' title="bbox 2169 3959 3750 4035">
     <span class='ocr_line' id='line_1_100' title="bbox 2169 3959 3750 4035; baseline -0.001 -18"><span class='ocrx_word' id='word_1_720' title='bbox 2169 3964 2358 4035; x_wconf 89' lang='lat' dir='ltr'><strong>procul</strong></span> <span class='ocrx_word' id='word_1_721' title='bbox 2404 3963 2564 4018; x_wconf 91' lang='lat' dir='ltr'><strong>dubio</strong></span> <span class='ocrx_word' id='word_1_722' title='bbox 2610 3959 2809 4028; x_wconf 85' lang='lat' dir='ltr'><strong>fuerat,</strong></span> <span class='ocrx_word' id='word_1_723' title='bbox 2845 3962 2969 4031; x_wconf 88' lang='lat' dir='ltr'><strong>quia</strong></span> <span class='ocrx_word' id='word_1_724' title='bbox 3019 3964 3085 4016; x_wconf 88' lang='lat' dir='ltr'><strong>ad</strong></span> <span class='ocrx_word' id='word_1_725' title='bbox 3133 3962 3499 4017; x_wconf 87' lang='lat' dir='ltr'><strong>venerabilem</strong></span> <span class='ocrx_word' id='word_1_726' title='bbox 3545 3962 3750 4027; x_wconf 85' lang='lat' dir='ltr'><strong>virum,</strong></span> 
     </span>
    </p>
   </div>
   <div class='ocr_carea' id='block_1_101' title="bbox 2168 4052 3755 4123">
    <p class='ocr_par' dir='ltr' id='par_1_101' title="bbox 2168 4052 3755 4123">
     <span class='ocr_line' id='line_1_101' title="bbox 2168 4052 3755 4123; baseline -0.004 -13"><span class='ocrx_word' id='word_1_727' title='bbox 2168 4057 2474 4123; x_wconf 89' lang='lat' dir='ltr'><strong>ubicunque</strong></span> <span class='ocrx_word' id='word_1_728' title='bbox 2514 4053 2755 4123; x_wconf 78' lang='lat' dir='ltr'><strong>degeret,</strong></span> <span class='ocrx_word' id='word_1_729' title='bbox 2784 4053 2936 4107; x_wconf 91' lang='lat' dir='ltr'><strong>turba</strong></span> <span class='ocrx_word' id='word_1_730' title='bbox 2971 4052 3248 4107; x_wconf 86' lang='lat' dir='ltr'><strong>hominum</strong></span> <span class='ocrx_word' id='word_1_731' title='bbox 3276 4067 3411 4121; x_wconf 89' lang='lat' dir='ltr'><strong>pene</strong></span> <span class='ocrx_word' id='word_1_732' title='bbox 3438 4054 3755 4105; x_wconf 87' lang='lat' dir='ltr'><strong>innumera-</strong></span> 
     </span>
    </p>
   </div>
   <div class='ocr_carea' id='block_1_102' title="bbox 2165 4142 3752 4214">
    <p class='ocr_par' dir='ltr' id='par_1_102' title="bbox 2165 4142 3752 4214">
     <span class='ocr_line' id='line_1_102' title="bbox 2165 4142 3752 4214; baseline -0.003 -13"><span class='ocrx_word' id='word_1_733' title='bbox 2165 4148 2293 4202; x_wconf 88' lang='lat' dir='ltr'><strong>bilis</strong></span> <span class='ocrx_word' id='word_1_734' title='bbox 2344 4146 2722 4201; x_wconf 86' lang='lat' dir='ltr'><strong>concurrebat.</strong></span> <span class='ocrx_word' id='word_1_735' title='bbox 2778 4143 2939 4199; x_wconf 82' lang='lat' dir='ltr'><strong>Ratio</strong></span> <span class='ocrx_word' id='word_1_736' title='bbox 2987 4157 3118 4214; x_wconf 84' lang='lat' dir='ltr'><strong>ergo</strong></span> <span class='ocrx_word' id='word_1_737' title='bbox 3174 4142 3433 4214; x_wconf 89' lang='lat' dir='ltr'><strong>poscebat</strong></span> <span class='ocrx_word' id='word_1_738' title='bbox 3493 4150 3574 4208; x_wconf 90' lang='lat' dir='ltr'><strong>ut,</strong></span> <span class='ocrx_word' id='word_1_739' title='bbox 3625 4157 3752 4197; x_wconf 88' lang='lat' dir='ltr'><strong>cum</strong></span> 
     </span>
    </p>
   </div>
   <div class='ocr_carea' id='block_1_103' title="bbox 2171 4232 3751 4303">
    <p class='ocr_par' dir='ltr' id='par_1_103' title="bbox 2171 4232 3751 4303">
     <span class='ocr_line' id='line_1_103' title="bbox 2171 4232 3751 4303; baseline -0.003 -13"><span class='ocrx_word' id='word_1_740' title='bbox 2171 4237 2328 4290; x_wconf 89' lang='lat' dir='ltr'><strong>unius</strong></span> <span class='ocrx_word' id='word_1_741' title='bbox 2372 4236 2474 4288; x_wconf 91' lang='lat' dir='ltr'><strong>loci</strong></span> <span class='ocrx_word' id='word_1_742' title='bbox 2517 4234 2750 4303; x_wconf 89' lang='lat' dir='ltr'><strong>spatium</strong></span> <span class='ocrx_word' id='word_1_743' title='bbox 2789 4232 3004 4303; x_wconf 91' lang='lat' dir='ltr'><strong>plenum</strong></span> <span class='ocrx_word' id='word_1_744' title='bbox 3048 4232 3446 4286; x_wconf 88' lang='lat' dir='ltr'><strong>habitatoribus</strong></span> <span class='ocrx_word' id='word_1_745' title='bbox 3478 4242 3751 4299; x_wconf 84' lang='lat' dir='ltr'><strong>cerneret,</strong></span> 
     </span>
    </p>
   </div>
   <div class='ocr_carea' id='block_1_104' title="bbox 2170 4318 3754 4392">
    <p class='ocr_par' dir='ltr' id='par_1_104' title="bbox 2170 4318 3754 4392">
     <span class='ocr_line' id='line_1_104' title="bbox 2170 4318 3754 4392; baseline -0.002 -15"><span class='ocrx_word' id='word_1_746' title='bbox 2170 4324 2281 4378; x_wconf 87' lang='lat' dir='ltr'><strong>illic</strong></span> <span class='ocrx_word' id='word_1_747' title='bbox 2325 4324 2505 4392; x_wconf 90' lang='lat' dir='ltr'><strong>priore</strong></span> <span class='ocrx_word' id='word_1_748' title='bbox 2550 4321 2879 4385; x_wconf 89' lang='lat' dir='ltr'><strong>constituto,</strong></span> <span class='ocrx_word' id='word_1_749' title='bbox 2934 4320 2999 4375; x_wconf 89' lang='lat' dir='ltr'><strong>ad</strong></span> <span class='ocrx_word' id='word_1_750' title='bbox 3056 4320 3371 4389; x_wconf 88' lang='lat' dir='ltr'><strong>replendum</strong></span> <span class='ocrx_word' id='word_1_751' title='bbox 3421 4334 3545 4373; x_wconf 79' lang='lat' dir='ltr'><strong>mox</strong></span> <span class='ocrx_word' id='word_1_752' title='bbox 3604 4318 3754 4374; x_wconf 87' lang='lat' dir='ltr'><strong>aliud</strong></span> 
     </span>
    </p>
   </div>
   <div class='ocr_carea' id='block_1_105' title="bbox 2169 4406 3750 4477">
    <p class='ocr_par' dir='ltr' id='par_1_105' title="bbox 2169 4406 3750 4477">
     <span class='ocr_line' id='line_1_105' title="bbox 2169 4406 3750 4477; baseline -0.003 -10"><span class='ocrx_word' id='word_1_753' title='bbox 2169 4413 2465 4469; x_wconf 87' lang='lat' dir='ltr'><strong>festinaret.</strong></span> <span class='ocrx_word' id='word_1_754' title='bbox 2499 4431 2518 4465; x_wconf 86' lang='grc' dir='ltr'><strong>ι</strong></span> <span class='ocrx_word' id='word_1_755' title='bbox 2559 4411 2711 4477; x_wconf 86' lang='lat' dir='ltr'><strong>Quod</strong></span> <span class='ocrx_word' id='word_1_756' title='bbox 2755 4410 2801 4465; x_wconf 92' lang='lat' dir='ltr'><strong>si</strong></span> <span class='ocrx_word' id='word_1_757' title='bbox 2850 4409 3183 4463; x_wconf 88' lang='lat' dir='ltr'><strong>Romualdus</strong></span> <span class='ocrx_word' id='word_1_758' title='bbox 3233 4409 3432 4463; x_wconf 90' lang='lat' dir='ltr'><strong>dudum</strong></span> <span class='ocrx_word' id='word_1_759' title='bbox 3480 4408 3533 4461; x_wconf 90' lang='lat' dir='ltr'><strong>in</strong></span> <span class='ocrx_word' id='word_1_760' title='bbox 3578 4406 3750 4463; x_wconf 85' lang='lat' dir='ltr'><strong>Sitria</strong></span> 
     </span>
    </p>
   </div>
   <div class='ocr_carea' id='block_1_106' title="bbox 2170 4499 3750 4568">
    <p class='ocr_par' dir='ltr' id='par_1_106' title="bbox 2170 4499 3750 4568">
     <span class='ocr_line' id='line_1_106' title="bbox 2170 4499 3750 4568; baseline -0.004 -8"><span class='ocrx_word' id='word_1_761' title='bbox 2170 4520 2411 4560; x_wconf 88' lang='lat' dir='ltr'><strong>eremum</strong></span> <span class='ocrx_word' id='word_1_762' title='bbox 2459 4504 2795 4568; x_wconf 90' lang='lat' dir='ltr'><strong>condiderat,</strong></span> <span class='ocrx_word' id='word_1_763' title='bbox 2836 4500 2959 4556; x_wconf 78' lang='lat' dir='ltr'><strong>cum</strong></span> <span class='ocrx_word' id='word_1_764' title='bbox 3010 4501 3078 4556; x_wconf 86' lang='lat' dir='ltr'><strong>ad</strong></span> <span class='ocrx_word' id='word_1_765' title='bbox 3122 4500 3359 4554; x_wconf 89' lang='lat' dir='ltr'><strong>Catriam</strong></span> <span class='ocrx_word' id='word_1_766' title='bbox 3411 4499 3750 4563; x_wconf 86' lang='lat' dir='ltr'><strong>morabatur,</strong></span> 
     </span>
    </p>
   </div>
   <div class='ocr_carea' id='block_1_107' title="bbox 2174 4590 3751 4658">
    <p class='ocr_par' dir='ltr' id='par_1_107' title="bbox 2174 4590 3751 4658">
     <span class='ocr_line' id='line_1_107' title="bbox 2174 4590 3751 4658; baseline -0.003 -8"><span class='ocrx_word' id='word_1_767' title='bbox 2174 4604 2235 4649; x_wconf 91' lang='lat' dir='ltr'><strong>ut</strong></span> <span class='ocrx_word' id='word_1_768' title='bbox 2262 4596 2420 4650; x_wconf 91' lang='lat' dir='ltr'><strong>docet</strong></span> <span class='ocrx_word' id='word_1_769' title='bbox 2448 4592 2762 4658; x_wconf 85' lang='lat' dir='ltr'><strong>Fortunius,</strong></span> <span class='ocrx_word' id='word_1_770' title='bbox 2809 4594 2927 4648; x_wconf 66' lang='grc' dir='ltr'><strong>ιιωο</strong></span> <span class='ocrx_word' id='word_1_771' title='bbox 2968 4607 3105 4647; x_wconf 89' lang='lat' dir='ltr'><strong>nova</strong></span> <span class='ocrx_word' id='word_1_772' title='bbox 3153 4592 3205 4645; x_wconf 91' lang='lat' dir='ltr'><strong>in</strong></span> <span class='ocrx_word' id='word_1_773' title='bbox 3237 4590 3461 4645; x_wconf 89' lang='lat' dir='ltr'><strong>Sitriam</strong></span> <span class='ocrx_word' id='word_1_774' title='bbox 3498 4591 3751 4647; x_wconf 79' lang='lat' dir='ltr'><strong>excursio</strong></span> 
     </span>
    </p>
   </div>
   <div class='ocr_carea' id='block_1_108' title="bbox 2176 4682 3754 4747">
    <p class='ocr_par' dir='ltr' id='par_1_108' title="bbox 2176 4682 3754 4747">
     <span class='ocr_line' id='line_1_108' title="bbox 2176 4682 3754 4747; baseline -0.004 -5"><span class='ocrx_word' id='word_1_775' title='bbox 2176 4702 2282 4742; x_wconf 91' lang='lat' dir='ltr'><strong>non</strong></span> <span class='ocrx_word' id='word_1_776' title='bbox 2320 4686 2511 4742; x_wconf 81' lang='lat' dir='ltr'><strong>fuisset</strong></span> <span class='ocrx_word' id='word_1_777' title='bbox 2555 4701 2707 4741; x_wconf 76' lang='lat' dir='ltr'><strong>nova:</strong></span> <span class='ocrx_word' id='word_1_778' title='bbox 2745 4685 2983 4740; x_wconf 88' lang='lat' dir='ltr'><strong>locorum</strong></span> <span class='ocrx_word' id='word_1_779' title='bbox 3031 4682 3335 4747; x_wconf 89' lang='lat' dir='ltr'><strong>mutationi,</strong></span> <span class='ocrx_word' id='word_1_780' title='bbox 3377 4682 3471 4737; x_wconf 91' lang='lat' dir='ltr'><strong>sed</strong></span> <span class='ocrx_word' id='word_1_781' title='bbox 3506 4692 3754 4737; x_wconf 86' lang='lat' dir='ltr'><strong>veterum</strong></span> 
     </span>
    </p>
   </div>
   <div class='ocr_carea' id='block_1_109' title="bbox 2176 4772 3755 4849">
    <p class='ocr_par' dir='ltr' id='par_1_109' title="bbox 2176 4772 3755 4849">
     <span class='ocr_line' id='line_1_109' title="bbox 2176 4772 3755 4849; baseline -0.004 -15"><span class='ocrx_word' id='word_1_782' title='bbox 2176 4780 2559 4849; x_wconf 91' lang='lat' dir='ltr'><strong>discipulorum</strong></span> <span class='ocrx_word' id='word_1_783' title='bbox 2623 4778 2917 4832; x_wconf 90' lang='lat' dir='ltr'><strong>visitationi</strong></span> <span class='ocrx_word' id='word_1_784' title='bbox 2984 4775 3333 4837; x_wconf 88' lang='lat' dir='ltr'><strong>ascribenda,</strong></span> <span class='ocrx_word' id='word_1_785' title='bbox 3399 4787 3576 4843; x_wconf 89' lang='lat' dir='ltr'><strong>neque</strong></span> <span class='ocrx_word' id='word_1_786' title='bbox 3648 4772 3755 4827; x_wconf 87' lang='lat' dir='ltr'><strong>hac</strong></span> 
     </span>
    </p>
   </div>
   <div class='ocr_carea' id='block_1_110' title="bbox 2175 4863 3752 4938">
    <p class='ocr_par' dir='ltr' id='par_1_110' title="bbox 2175 4863 3752 4938">
     <span class='ocr_line' id='line_1_110' title="bbox 2175 4863 3752 4938; baseline -0.007 -11"><span class='ocrx_word' id='word_1_787' title='bbox 2175 4872 2424 4927; x_wconf 88' lang='lat' dir='ltr'><strong>Damiani</strong></span> <span class='ocrx_word' id='word_1_788' title='bbox 2475 4869 2824 4925; x_wconf 88' lang='lat' dir='ltr'><strong>excusatione</strong></span> <span class='ocrx_word' id='word_1_789' title='bbox 2878 4882 3011 4938; x_wconf 90' lang='lat' dir='ltr'><strong>opus</strong></span> <span class='ocrx_word' id='word_1_790' title='bbox 3070 4874 3223 4929; x_wconf 90' lang='lat' dir='ltr'><strong>erat,</strong></span> <span class='ocrx_word' id='word_1_791' title='bbox 3285 4880 3459 4933; x_wconf 88' lang='lat' dir='ltr'><strong>neque</strong></span> <span class='ocrx_word' id='word_1_792' title='bbox 3517 4863 3752 4918; x_wconf 86' lang='lat' dir='ltr'><strong>adducta</strong></span> 
     </span>
    </p>
   </div>
   <div class='ocr_carea' id='block_1_111' title="bbox 2176 4956 3747 5033">
    <p class='ocr_par' dir='ltr' id='par_1_111' title="bbox 2176 4956 3747 5033">
     <span class='ocr_line' id='line_1_111' title="bbox 2176 4956 3747 5033; baseline -0.004 -15"><span class='ocrx_word' id='word_1_793' title='bbox 2176 4962 2495 5033; x_wconf 73' lang='lat' dir='ltr'><strong>frequentia:</strong></span> <span class='ocrx_word' id='word_1_794' title='bbox 2545 4960 2928 5031; x_wconf 88' lang='lat' dir='ltr'><strong>discipulorum</strong></span> <span class='ocrx_word' id='word_1_795' title='bbox 2969 4974 3127 5014; x_wconf 91' lang='lat' dir='ltr'><strong>causa</strong></span> <span class='ocrx_word' id='word_1_796' title='bbox 3164 4958 3439 5028; x_wconf 91' lang='lat' dir='ltr'><strong>proposito</strong></span> <span class='ocrx_word' id='word_1_797' title='bbox 3474 4956 3589 5027; x_wconf 89' lang='lat' dir='ltr'><strong>ipso</strong></span> <span class='ocrx_word' id='word_1_798' title='bbox 3615 4972 3747 5011; x_wconf 78' lang='lat' dir='ltr'><strong>con-</strong></span> 
     </span>
    </p>
   </div>
   <div class='ocr_carea' id='block_1_112' title="bbox 2173 5048 3753 5127">
    <p class='ocr_par' dir='ltr' id='par_1_112' title="bbox 2173 5048 3753 5127">
     <span class='ocr_line' id='line_1_112' title="bbox 2173 5048 3753 5127; baseline -0.003 -18"><span class='ocrx_word' id='word_1_799' title='bbox 2173 5064 2407 5127; x_wconf 79' lang='lat' dir='ltr'><strong>grueret.</strong></span> <span class='ocrx_word' id='word_1_800' title='bbox 2462 5053 2731 5109; x_wconf 84' lang='lat' dir='ltr'><strong>Habitatio</strong></span> <span class='ocrx_word' id='word_1_801' title='bbox 2785 5054 2946 5122; x_wconf 76' lang='lat' dir='ltr'><strong>igitur</strong></span> <span class='ocrx_word' id='word_1_802' title='bbox 2997 5052 3136 5120; x_wconf 88' lang='lat' dir='ltr'><strong>apud</strong></span> <span class='ocrx_word' id='word_1_803' title='bbox 3188 5050 3463 5113; x_wconf 75' lang='lat' dir='ltr'><strong>Catriam,</strong></span> <span class='ocrx_word' id='word_1_804' title='bbox 3522 5064 3627 5103; x_wconf 89' lang='lat' dir='ltr'><strong>non</strong></span> <span class='ocrx_word' id='word_1_805' title='bbox 3683 5048 3753 5105; x_wconf 87' lang='lat' dir='ltr'><strong>dc</strong></span> 
     </span>
    </p>
   </div>
   <div class='ocr_carea' id='block_1_113' title="bbox 2174 5139 3751 5216">
    <p class='ocr_par' dir='ltr' id='par_1_113' title="bbox 2174 5139 3751 5216">
     <span class='ocr_line' id='line_1_113' title="bbox 2174 5139 3751 5216; baseline -0.004 -14"><span class='ocrx_word' id='word_1_806' title='bbox 2174 5147 2359 5211; x_wconf 88' lang='lat' dir='ltr'><strong>Sitria,</strong></span> <span class='ocrx_word' id='word_1_807' title='bbox 2387 5161 2505 5216; x_wconf 76' lang='lat' dir='ltr'><strong>qua:</strong></span> <span class='ocrx_word' id='word_1_808' title='bbox 2549 5146 2671 5199; x_wconf 91' lang='lat' dir='ltr'><strong>inde</strong></span> <span class='ocrx_word' id='word_1_809' title='bbox 2708 5144 2916 5200; x_wconf 89' lang='lat' dir='ltr'><strong>duobus</strong></span> <span class='ocrx_word' id='word_1_810' title='bbox 2950 5143 3268 5197; x_wconf 79' lang='lat' dir='ltr'><strong>militaribus</strong></span> <span class='ocrx_word' id='word_1_811' title='bbox 3312 5142 3378 5195; x_wconf 91' lang='lat' dir='ltr'><strong>ad</strong></span> <span class='ocrx_word' id='word_1_812' title='bbox 3426 5139 3751 5195; x_wconf 82' lang='lat' dir='ltr'><strong>Saxifcrrati</strong></span> 
     </span>
    </p>
   </div>
   <div class='ocr_carea' id='block_1_114' title="bbox 2172 5231 3749 5308">
    <p class='ocr_par' dir='ltr' id='par_1_114' title="bbox 2172 5231 3749 5308">
     <span class='ocr_line' id='line_1_114' title="bbox 2172 5231 3749 5308; baseline -0.005 -15"><span class='ocrx_word' id='word_1_813' title='bbox 2172 5238 2429 5308; x_wconf 85' lang='lat' dir='ltr'><strong>Oppidum</strong></span> <span class='ocrx_word' id='word_1_814' title='bbox 2454 5236 2680 5298; x_wconf 87' lang='lat' dir='ltr'><strong>recedit,</strong></span> <span class='ocrx_word' id='word_1_815' title='bbox 2711 5235 2803 5290; x_wconf 82' lang='lat' dir='ltr'><strong>sed</strong></span> <span class='ocrx_word' id='word_1_816' title='bbox 2832 5236 2897 5290; x_wconf 91' lang='lat' dir='ltr'><strong>de</strong></span> <span class='ocrx_word' id='word_1_817' title='bbox 2920 5234 3106 5289; x_wconf 86' lang='lat' dir='ltr'><strong>Fontis</strong></span> <span class='ocrx_word' id='word_1_818' title='bbox 3138 5234 3408 5288; x_wconf 78' lang='lat' dir='ltr'><strong>Avellana:</strong></span> <span class='ocrx_word' id='word_1_819' title='bbox 3437 5231 3749 5297; x_wconf 85' lang='lat' dir='ltr'><strong>solitudine,</strong></span> 
     </span>
    </p>
   </div>
   <div class='ocr_carea' id='block_1_115' title="bbox 2174 5321 3750 5397">
    <p class='ocr_par' dir='ltr' id='par_1_115' title="bbox 2174 5321 3750 5397">
     <span class='ocr_line' id='line_1_115' title="bbox 2174 5321 3750 5397; baseline -0.003 -17"><span class='ocrx_word' id='word_1_820' title='bbox 2174 5342 2295 5397; x_wconf 75' lang='lat' dir='ltr'><strong>qua:</strong></span> <span class='ocrx_word' id='word_1_821' title='bbox 2320 5324 2516 5381; x_wconf 74' lang='lat' dir='ltr'><strong>Catrize</strong></span> <span class='ocrx_word' id='word_1_822' title='bbox 2563 5325 2761 5379; x_wconf 84' lang='lat' dir='ltr'><strong>utentis</strong></span> <span class='ocrx_word' id='word_1_823' title='bbox 2810 5324 2965 5379; x_wconf 88' lang='lat' dir='ltr'><strong>lateri</strong></span> <span class='ocrx_word' id='word_1_824' title='bbox 3017 5324 3229 5392; x_wconf 82' lang='lat' dir='ltr'><strong>penitus</strong></span> <span class='ocrx_word' id='word_1_825' title='bbox 3264 5321 3521 5384; x_wconf 63' lang='lat' dir='ltr'><strong>adhazret,</strong></span> <span class='ocrx_word' id='word_1_826' title='bbox 3553 5321 3750 5376; x_wconf 85' lang='lat' dir='ltr'><strong>certis-</strong></span> 
     </span>
    </p>
   </div>
   <div class='ocr_carea' id='block_1_116' title="bbox 2174 5414 2814 5486">
    <p class='ocr_par' dir='ltr' id='par_1_116' title="bbox 2174 5414 2814 5486">
     <span class='ocr_line' id='line_1_116' title="bbox 2174 5414 2814 5486; baseline -0.003 -15"><span class='ocrx_word' id='word_1_827' title='bbox 2174 5417 2308 5472; x_wconf 89' lang='lat' dir='ltr'><strong>sime</strong></span> <span class='ocrx_word' id='word_1_828' title='bbox 2336 5424 2419 5470; x_wconf 89' lang='lat' dir='ltr'><strong>est</strong></span> <span class='ocrx_word' id='word_1_829' title='bbox 2451 5414 2814 5486; x_wconf 87' lang='lat' dir='ltr'><strong>intelligenda.</strong></span> 
     </span>
    </p>
   </div>
   <div class='ocr_carea' id='block_1_117' title="bbox 2250 5504 3751 5577">
    <p class='ocr_par' dir='ltr' id='par_1_117' title="bbox 2250 5504 3751 5577">
     <span class='ocr_line' id='line_1_117' title="bbox 2250 5504 3751 5577; baseline -0.001 -17"><span class='ocrx_word' id='word_1_830' title='bbox 2250 5505 2377 5560; x_wconf 87' lang='lat' dir='ltr'><strong>Vlll.</strong></span> <span class='ocrx_word' id='word_1_831' title='bbox 2407 5505 2516 5561; x_wconf 87' lang='lat' dir='ltr'><strong>Nec</strong></span> <span class='ocrx_word' id='word_1_832' title='bbox 2542 5506 2893 5559; x_wconf 88' lang='lat' dir='ltr'><strong>dubitandum</strong></span> <span class='ocrx_word' id='word_1_833' title='bbox 2940 5514 3088 5577; x_wconf 85' lang='lat' dir='ltr'><strong>puto,</strong></span> <span class='ocrx_word' id='word_1_834' title='bbox 3119 5505 3438 5560; x_wconf 75' lang='lat' dir='ltr'><strong>Fortuniutn</strong></span> <span class='ocrx_word' id='word_1_835' title='bbox 3476 5504 3651 5575; x_wconf 88' lang='lat' dir='ltr'><strong>ipsum</strong></span> <span class='ocrx_word' id='word_1_836' title='bbox 3698 5504 3751 5559; x_wconf 92' lang='lat' dir='ltr'><strong>id</strong></span> 
     </span>
    </p>
   </div>
   <div class='ocr_carea' id='block_1_118' title="bbox 2175 5596 3752 5669">
    <p class='ocr_par' dir='ltr' id='par_1_118' title="bbox 2175 5596 3752 5669">
     <span class='ocr_line' id='line_1_118' title="bbox 2175 5596 3752 5669; baseline -0.003 -15"><span class='ocrx_word' id='word_1_837' title='bbox 2175 5614 2431 5669; x_wconf 83' lang='lat' dir='ltr'><strong>expresse</strong></span> <span class='ocrx_word' id='word_1_838' title='bbox 2459 5613 2865 5663; x_wconf 85' lang='lat' dir='ltr'><strong>concessurum,</strong></span> <span class='ocrx_word' id='word_1_839' title='bbox 2908 5598 3012 5653; x_wconf 89' lang='lat' dir='ltr'><strong>nisi</strong></span> <span class='ocrx_word' id='word_1_840' title='bbox 3073 5597 3216 5652; x_wconf 87' lang='lat' dir='ltr'><strong>illius</strong></span> <span class='ocrx_word' id='word_1_841' title='bbox 3242 5596 3571 5651; x_wconf 81' lang='lat' dir='ltr'><strong>Arianorum</strong></span> <span class='ocrx_word' id='word_1_842' title='bbox 3612 5596 3752 5667; x_wconf 61' lang='lat' dir='ltr'><strong>fugae</strong></span> 
     </span>
    </p>
   </div>
   <div class='ocr_carea' id='block_1_119' title="bbox 2176 5685 3752 5759">
    <p class='ocr_par' dir='ltr' id='par_1_119' title="bbox 2176 5685 3752 5759">
     <span class='ocr_line' id='line_1_119' title="bbox 2176 5685 3752 5759; baseline -0.002 -16"><span class='ocrx_word' id='word_1_843' title='bbox 2176 5688 2459 5759; x_wconf 88' lang='lat' dir='ltr'><strong>Ludulpho</strong></span> <span class='ocrx_word' id='word_1_844' title='bbox 2510 5688 2757 5758; x_wconf 73' lang='lat' dir='ltr'><strong>ascripta:</strong></span> <span class='ocrx_word' id='word_1_845' title='bbox 2811 5698 3180 5758; x_wconf 70' lang='lat' dir='ltr'><strong>praeconeepta</strong></span> <span class='ocrx_word' id='word_1_846' title='bbox 3228 5687 3430 5757; x_wconf 85' lang='lat' dir='ltr'><strong>opinio,</strong></span> <span class='ocrx_word' id='word_1_847' title='bbox 3481 5685 3752 5740; x_wconf 75' lang='lat' dir='ltr'><strong>Avellanzc</strong></span> 
     </span>
    </p>
   </div>
   <div class='ocr_carea' id='block_1_120' title="bbox 2188 5775 3752 5850">
    <p class='ocr_par' dir='ltr' id='par_1_120' title="bbox 2188 5775 3752 5850">
     <span class='ocr_line' id='line_1_120' title="bbox 2188 5775 3752 5850; baseline 0 -17"><span class='ocrx_word' id='word_1_848' title='bbox 2188 5780 2577 5837; x_wconf 85' lang='lat' dir='ltr'><strong>institutionem</strong></span> <span class='ocrx_word' id='word_1_849' title='bbox 2611 5780 2675 5833; x_wconf 81' lang='lat' dir='ltr'><strong>ad</strong></span> <span class='ocrx_word' id='word_1_850' title='bbox 2706 5787 2945 5850; x_wconf 71' lang='lat' dir='ltr'><strong>tempore.</strong></span> <span class='ocrx_word' id='word_1_851' title='bbox 2987 5777 3283 5835; x_wconf 78' lang='lat' dir='ltr'><strong>Romualdo</strong></span> <span class='ocrx_word' id='word_1_852' title='bbox 3315 5778 3586 5833; x_wconf 83' lang='lat' dir='ltr'><strong>anteriora</strong></span> <span class='ocrx_word' id='word_1_853' title='bbox 3612 5775 3752 5833; x_wconf 81' lang='lat' dir='ltr'><strong>refe-</strong></span> 
     </span>
    </p>
   </div>
  </div>
