4040 6376
236 428 298 485 Β
1069 407 1609 471 PROLEGOMENA.
1648 437 1721 449 —
1757 402 1849 460 DE
1884 395 2262 456 INSTITUTO
2286 390 2687 454 CAMALDUL.
3431 389 3504 446 26

239 544 439 597 rendam
464 550 611 601 esse,
645 530 1039 605 persuasisset;
1072 526 1305 596 indeque
1330 520 1620 579 Romualdi
1644 517 1799 575 babi-
1828 520 1875 576 Α
1906 512 2065 605 zione
2207 517 2414 605 quanto
2437 508 2573 605 bo—
2590 506 2760 605 deum
2802 502 2954 605 ciae,
2978 501 3082 605 cbe
3110 501 3149 557 il
3280 499 3510 605 Lodoll’o

244 595 477 687 tationem
510 595 662 697 apud.
682 621 944 685 Catriam,
993 618 1061 674 de
1087 595 1432 672 Avellanensi
1482 610 1795 675 solitudine,
1905 604 2057 661 fusse
2091 601 2369 673 discepolo
2419 599 2506 697 del
2538 599 2599 655 P.
2633 597 2692 655 8.
2723 596 3051 697 Romualdo,
3091 596 3251 697 ecbe
3296 595 3513 697 vivesse

239 720 420 776 dudum
458 687 690 771 ab'aliis
720 708 1000 767 monachis
1053 714 1341 776 occupata,
1396 701 1802 773 intelligendam
1904 713 2010 755 con
2044 698 2061 754 i
2092 697 2176 754 sui
2228 694 2495 765 discepoli
2548 701 2694 750 sotto
2745 691 2850 747 tale
2902 689 3244 761 protezione,
3280 690 3326 745 si
3374 687 3516 744 vede

242 828 333 869 non
361 822 500 872 esse,
552 805 646 860 sed
696 803 765 859 ad
816 814 1058 858 eremum
1108 796 1291 853 Sitriaa
1345 793 1801 864 detorquendam,
1904 791 2279 849 cbiaramente
2303 786 2449 844 nella
2491 799 2727 856 persona
2778 783 2832 839 di
2862 780 3068 872 iPietro
3095 779 3383 872 Damiano,
3412 792 3516 849 per

240 868 362 957 l‘also
384 868 690 952 arbitratus
717 900 882 949 esset.
914 887 1049 944 Nam
1096 886 1143 942 is
1170 885 1391 941 aliunde
1437 883 1661 948 fatetur,
1687 881 1803 937 Ro—
1904 882 2115 951 quanto
2158 876 2387 934 aﬂerma
2437 875 2477 931 il
2524 873 2588 930 P.
2634 873 2699 930 F.
2743 871 2912 934 Paulo
2969 869 3198 941 Morigia
3238 868 3381 939 nella
3412 882 3513 923 sua

238 986 419 1048 niualdi
446 983 650 1041 saeculo
673 986 945 1039 exstructa
973 976 1220 1033 emnobia
1244 972 1486 1045 ejusdem
1513 970 1801 1043 disciplina
1906 972 2096 1029 istoria
2127 970 2267 1027 delle
2291 966 2585 1039 Religioni,
2615 965 2872 1031 dicendo,
2903 962 3008 1020 che
3030 961 3217 1016 Pietro
3246 960 3512 1015 Damiano

236 1077 564 1152 potissimm
594 1072 881 1135 meruisse,
934 1068 1013 1123 ait
1056 1065 1203 1123 enim
1233 1073 1373 1136 part.
1415 1079 1433 1119 ι
1482 1062 1578 1118 lib.
1609 1078 1649 1128 ι,
1680 1076 1801 1132 cap.
1908 1062 1967 1118 fu
2002 1076 2237 1117 monaco
2264 1057 2685 1152 Camaldulcnse
2708 1063 2813 1152 aet
2847 1054 2885 1109 il
2916 1052 3167 1152 medemo
3202 1059 3510 1152 tenevapa-

233 1142 333 1226 '23:
365 1186 383 1220 ι
409 1166 582 1221 Porro
610 1169 756 1218 tanta
783 1160 885 1215 fuit
929 1159 996 1215 de
1023 1157 1372 1213 sanctissimo
1407 1153 1710 1211 Romualdo
1747 1153 1804 1207 in
1909 1169 1974 1224 pa
2010 1151 2115 1209 Pio,
2136 1153 2181 1209 ν
2213 1150 2252 1207 il
2298 1152 2402 1207 che
2423 1150 2583 1205 viene
2607 1147 2952 1205 conl'crmato
2991 1142 3117 1201 dall‘
3140 1157 3327 1199 essere
3372 1147 3515 1197 stato

236 1267 337 1317 tota
362 1256 575 1325 Europa
597 1251 801 1323 opinio,
831 1258 891 1305 ut
925 1246 1011 1303 vel
1041 1246 1248 1301 nullum
1278 1244 1362 1300 sui
1411 1243 1672 1314 temporis
1695 1257 1807 1299 εω-
1910 1248 2062 1327 detto
2107 1244 2295 1300 Pietro
2342 1242 2613 1299 Damiano
2672 1241 2893 1305 abbate,
2943 1253 2976 1294 e
3022 1236 3306 1308 superiore
3336 1235 3392 1327 in
3415 1234 3517 1327 pii:

233 1350 464 1413 nobium,
489 1324 635 1402 nulla
658 1343 827 1400 eremi
853 1338 1111 1404 solitudo,
1141 1337 1289 1392 nulla
1321 1336 1556 1407 denique
1585 1335 1804 1407 religio—
1909 1324 2231 1391 monasterii
2291 1334 2419 1391 dell‘
2441 1334 2637 1390 ordine
2686 1328 3084 1395 Camaldolese,
3116 1342 3273 1384 come
3314 1326 3359 1383 si
3394 1324 3516 1381 dira

233 1452 402 1497 sarum
448 1448 809 1508 personarum
875 1428 1225 1501 congregatio
1276 1440 1507 1496 usquam
1562 1426 1804 1497 gentium
1910 1427 2052 1485 uella
2080 1441 2177 1482 sua
2210 1426 2350 1482 Vita.
2376 1445 2396 1480 ι
2447 1426 2524 1482 De
2552 1416 2662 1497 quo
2710 1434 2770 1479 et
2798 1438 2900 1480 uos
2929 1438 3051 1494 cap.
3083 1421 3117 1477 6
3144 1418 3404 1478 nonnulla
3436 1418 3518 1475 di-

232 1532 406 1596 luerit,
444 1545 568 1599 quae
598 1536 694 1583 aut
723 1523 1084 1581 Romualdum
1138 1522 1481 1592 magistrum,
1513 1528 1570 1575 et
1594 1527 1806 1589 patrem
1909 1520 2050 1577 cturi
2072 1535 2282 1576 sumus.

232 1639 329 1679 non
357 1620 635 1686 habuerit,
685 1627 780 1673 aut
828 1616 1135 1680 consilium,
1185 1614 1369 1670 missis
1419 1612 1803 1684 legationibus,

1981 1613 2051 1669 Χ.
2102 1614 2345 1686 ldipsum
2399 1614 2693 1672 conﬁrmat
2749 1612 3063 1670 Ludovicus
3095 1610 3410 1669 Jacobillus
3448 1609 3519 1665 de

229 1729 327 1768 non
349 1710 677 1784 ﬂagitaverit
714 1688 923 1775 abillo,
950 1705 1186 1777 qualiter
1208 1703 1521 1760 conversari
1548 1702 1602 1757 in
1648 1716 1808 1759 sacra
1914 1705 2017 1763 SS.
2068 1706 2310 1763 Umbria:
2362 1717 2494 1764 tom.
2547 1707 2638 1772 lll,
2670 1723 2793 1779 pag.
2828 1700 2957 1770 324,
3012 1706 3246 1762 dicens:
3296 1724 3315 1757 ι
3364 1703 3516 1760 Molli

231 1802 413 1858 militia
438 1803 687 1867 deberet,
727 1808 783 1855 et
834 1798 1072 1869 qualiter
1120 1794 1405 1851 diabolicis
1442 1792 1809 1864 impugnatio—
1912 1812 2156 1853 vennero
2185 1814 2215 1853 a
2248 1797 2334 1854 lar
2368 1799 2680 1870 penitenza,
2714 1813 2746 1853 e
2784 1798 2830 1853 si
2866 1812 3241 1870 aggregamno
3267 1795 3371 1850 alla
3398 1795 3517 1850 loro

228 1894 377 1949 uibus
398 1894 655 1948 resistere
682 1897 884 1961 posset.
910 1908 928 1940 ι
963 1886 1116 1955 Quod
1169 1885 1472 1956 prmsertim
1503 1884 1570 1939 de
1595 1881 1805 1938 Avella-

1914 1888 2256 1959 compaguia,
2317 1888 2689 1944 fabricandovi
2734 1903 2806 1941 un
2855 1896 3171 1943 munastero
3224 1901 3324 1957 per
3362 1885 3518 1941 multi

229 1984 373 2041 nensi
403 1998 615 2047 eremo,
638 1991 694 2037 et
724 1980 943 2052 quidem
976 1978 1176 2050 potiori
1218 1974 1364 2045 jure,
1416 1974 1689 2031 adirmare
1714 1973 1808 2029 de-

228 2075 428 2137 buerat,
450 2088 576 2143 qua:
613 2072 808 2127 nedum
843 2068 1128 2125 llomualdi
1163 2077 1428 2137 tempore,
1455 2066 1553 2121 sed
1600 2066 1656 2119 in
1688 2067 1807 2136 ipsa

226 2160 394 2225 italia,
443 2160 555 2216 imo
582 2160 635 2214 in
668 2159 889 2215 Umbria
934 2158 1035 2213 sub
1085 2157 1257 2226 ipsius
1309 2155 1369 2211 S.
1416 2154 1598 2210 Patris
1634 2153 1809 2209 oculis

226 2262 533 2309 constructa
560 2260 665 2317 est,
706 2266 807 2306 nec
830 2250 931 2306 nisi
961 2250 1028 2304 ab
1080 2248 1196 2318 ipso
1218 2248 1343 2302 vita:
1369 2245 1666 2302 cremiticaa
1691 2259 1805 2299 ma-

229 2358 327 2411 gno
348 2349 726 2397 restauratore
781 2338 1086 2395 ﬂoinualdo
1116 2351 1390 2409 congruas
1422 2335 1704 2392 eremitice
1728 2334 1809 2391 vi-

225 2433 376 2488 vendi
402 2432 556 2503 leges
580 2432 830 2503 accipere
855 2438 1089 2503 poterat.

293 2522 384 2578 1x.
414 2523 557 2579 llinc
586 2523 827 2579 Thomas
853 2522 1051 2579 Minius
1074 2522 1375 2579 monachus
1399 2530 1587 2579 noster
1624 2520 1678 2576 in
1709 2535 1808 2577 sua

227 2614 457 2671 Historia
482 2614 912 2679 Camaldulcnsi,
943 2630 1065 2685 qua:
1092 2615 1146 2669 in
1193 2614 1521 2670 bibliotheca
1566 2612 1807 2685 Angelo—

226 2722 335 2761 rum
366 2706 665 2763 Florentia:
712 2721 814 2761 ms.
844 2717 1114 2768 servatur,
1159 2705 1251 2760 ubi
1298 2702 1621 2758 Fortunium
1650 2703 1809 2774 (non-

227 2792 380 2849 nullis
410 2794 683 2849 duntaaat
727 2793 861 2850 locis
906 2791 1195 2857 correctis,
1234 2800 1289 2847 et
1322 2791 1649 2863 quibusdam
1688 2790 1809 2861 ejus

224 2884 613 2939 omissionibus
651 2882 943 2953 suppletis)
970 2882 1236 2937 verbatim
1276 2882 1459 2937 italice
1507 2880 1708 2946 reddit,
1748 2888 1811 2935 ut

220 2973 322 3044 jam
361 2975 583 3031 dissert.
615 2990 655 3041 l,
684 2989 804 3045 cap.
850 2975 904 3039 l,
934 2990 1085 3027 num.
1115 2973 1170 3038 ϐ,
1205 2974 1539 3039 monuimus,
1586 2971 1803 3027 Avella-

222 3063 400 3117 nensis
428 3063 641 3134 pariter
673 3062 906 3119 ctenobii
946 3061 1342 3128 laudationem,
1376 3078 1537 3133 quam
1575 3077 1641 3117 ex
1672 3061 1807 3116 For-

226 3154 367 3208 tunio
395 3169 585 3225 supra,
635 3169 785 3209 num.
818 3155 870 3218 l,
900 3153 1246 3217 adduximus,
1278 3153 1359 3207 sic
1389 3151 1806 3222 interpretatur,

1910 1978 2148 2043 mouaci,
2179 1978 2194 2032 i
2244 1977 2390 2049 quali
2422 1978 2459 2033 il
2488 1976 2549 2033 Β.
2596 1975 2825 2033 Lodolfo
2856 1977 2908 2032 vi
2935 1978 3076 2032 vesti
3125 1976 3273 2032 circa
3321 1976 3355 2030 l‘
3372 1990 3519 2031 anno

1910 2069 2056 2125 mille
2091 2069 2143 2125 di
2185 2069 2249 2125 N.
2295 2070 2353 2125 S.
2395 2086 2426 2126 c
2453 2087 2556 2127 con
2606 2069 2806 2127 facolta
2860 2069 2913 2125 di
2961 2085 3101 2140 papa
3145 2068 3413 2125 Silvestro
3446 2068 3511 2129 ll.

1909 2160 2121 2215 institui
2166 2160 2215 2215 la
2268 2161 2702 2233 congregazione
2731 2162 2785 2215 di
2811 2161 2986 2216 Fonte
3034 2160 3321 2227 Avellana,
3368 2160 3517 2215 della

1909 2265 2047 2305 auco
2076 2250 2217 2305 della
2245 2250 2529 2316 Colomba,
2556 2259 2703 2307 sotlo
2726 2250 2777 2305 la
2808 2249 2995 2316 regula
3018 2250 3070 2303 di
3104 2248 3164 2303 S.
3194 2248 3515 2313 Benedetto,

1910 2355 2013 2396 con
2054 2339 2251 2397 alcune
2312 2341 2661 2397 costituzioni
2692 2342 2747 2397 di
2781 2341 2839 2397 S.
2881 2339 3187 2396 Romualdo
3217 2339 3437 2406 abbate,
3481 2338 3519 2393 il

1909 2432 2070 2502 quale
2114 2432 2197 2488 sin
2248 2434 2377 2488 dall‘
2397 2449 2541 2489 anno
2588 2434 2718 2500 953,
2767 2449 2936 2489 aveva
2993 2432 3216 2488 fundato
3267 2432 3519 2487 l’ordiue

1909 2521 2283 2579 Camaldolese
2311 2526 2446 2593 peri
2477 2524 2594 2579 suoi
2628 2524 2867 2589 monaci,
2895 2532 2951 2578 et
2978 2523 3218 2586 eremtti,
3251 2537 3282 2577 e
3322 2522 3515 2578 viveva

1908 2614 1962 2667 in
1994 2622 2190 2683 questo
2233 2623 2475 2685 tempe,»
2520 2624 2628 2671 etc.
2664 2615 2790 2671 llazc
2822 2614 2920 2681 ibi,
2964 2613 3163 2684 quibus
3216 2612 3417 2669 similia
3463 2619 3521 2668 et

1916 2704 2045 2760 alibi
2085 2706 2335 2771 tradidit,
2374 2706 2833 2776 quemadmodum
2868 2714 2925 2761 et
2956 2706 3131 2776 ipsum
3156 2704 3380 2760 Petrum
3412 2703 3522 2758 Da-

1913 2794 2081 2851 ιτιηηί
2136 2796 2283 2851 inter
2331 2796 2781 2851 Camaldulcnses
2829 2796 3082 2860 alumnos
3141 2794 3393 2850 absolute
3433 2810 3519 2850 re—

1909 2892 2088 2955 ponit,
2121 2886 2429 2955 praesertim
2456 2896 2588 2942 tom.
2619 2885 2686 2953 ll,
2715 2885 2780 2940 ad
2812 2886 2955 2942 diem
2984 2885 3049 2940 15
3069 2882 3197 2941 Julii
3221 2885 3275 2941 in
3306 2883 3430 2940 Vita
3460 2883 3517 2940 S.

1910 2974 2223 3042 Romualdi,
2254 2992 2377 3048 pag.
2407 2978 2497 3037 52.

1983 3066 2073 3122 XI.
2116 3069 2170 3123 In
2200 3070 2449 3125 eamdem
2505 3071 2837 3126 sententiam
2866 3069 3066 3127 al'l'errc
3088 3070 3245 3142 juvat
3274 3086 3397 3141 qua:
3428 3085 3519 3124 re-

1912 3158 2353 3214 verendissinms
2402 3159 2574 3216 abbas
2620 3158 2799 3216 Julius
2854 3161 3180 3215 Ambrosius
3226 3159 3520 3215 Lucentius

224 3252 377 3313 atque
421 3244 690 3310 restituit,
725 3253 783 3298 ut
810 3243 1158 3314 Rudulphum
1188 3244 1477 3299 Romualdi
1522 3243 1690 3300 fuisse
1721 3244 1806 3300 di—
1836 3244 1880 3308 C
1912 3244 2319 3313 Cistercicusis,
2344 3264 2515 3305 sacra:
2544 3266 2735 3321 cougr.
2768 3250 2970 3305 Iudicis
3005 3249 3285 3305 consultor
3315 3250 3384 3304 ad
3414 3249 3519 3304 hoc

224 3333 502 3404 seipulum,
548 3336 619 3389 ab
648 3350 822 3403 coque
873 3335 996 3389 vitae
1032 3336 1330 3391 eremiticaa
1374 3336 1663 3407 praeceptis
1705 3337 1808 3391 im-

220 3423 401 3479 butum
447 3426 671 3479 tradat:
705 3426 781 3479 ait
822 3425 964 3479 enim
996 3424 1091 3479 lib.
1126 3430 1243 3489 Vm,
1274 3441 1394 3497 cap.
1430 3427 1455 3481 1
1492 3445 1504 3480 :
1540 3446 1558 3479 ι
1586 3426 1805 3492 Colere,

222 3514 315 3569 cbe
348 3515 519 3570 fanno
544 3515 827 3571 meuzione
854 3516 976 3569 dcll'
1007 3516 1223 3586 origine
1251 3517 1337 3571 del
1363 3518 1639 3572 venerabil
1685 3533 1808 3573 ere—

220 3618 319 3664 mo,
341 3605 465 3675 oggi
500 3603 693 3668 Badia,
718 3604 769 3657 di
795 3604 852 3658 S.
879 3604 1049 3659 Crocc
1074 3604 1196 3659 dell'
1219 3605 1497 3679 Avellana,
1529 3606 1805 3677 vogliono,

222 3694 313 3747 che
341 3709 410 3749 ne
458 3694 611 3750 fosse
642 3705 831 3751 autore
859 3695 894 3748 il
944 3694 1007 3749 ll.
1056 3695 1303 3763 Lodoll‘o,
1335 3697 1629 3753 altrimenti
1661 3696 1805 3759 Can-

220 3782 371 3848 dolfo,
406 3800 577 3839 uomo
607 3785 793 3839 dolato
829 3786 881 3839 di
925 3786 1196 3856 singulare
1224 3789 1545 3852 innocenza,
1572 3788 1608 3842 il
1648 3786 1808 3857 quale

220 3875 484 3929 mediante
516 3874 572 3930 le
603 3890 699 3931 sue
744 3886 897 3930 sante
934 3876 1270 3945 operationi,
1319 3878 1373 3933 l'u
1405 3876 1543 3932 l‘atto
1572 3892 1805 3933 vescovo

218 3964 263 4015 d'
279 3965 528 4035 Agttbbio
549 3965 585 4018 ι’
606 3981 747 4021 anno
771 3968 1090 4021 treutesimo
1111 3966 1247 4021 della
1271 3966 1593 4023 foudazione
1615 3969 1665 4023 (Γ
1682 3983 1806 4024 esse

220 4071 415 4123 eremo,
467 4073 561 4112 ma
595 4074 700 4113 non
727 4059 887 4115 l‘anno
918 4061 1181 4115 memoria
1211 4062 1434 4117 nissuna
1462 4064 1514 4118 d‘
1536 4063 1678 4117 unde
1699 4064 1805 4133 ein

221 4146 354 4202 fusse
384 4168 397 4202 :
434 4150 747 4205 solamenle
769 4152 983 4219 dicono,
1008 4167 1191 4208 essere
1220 4161 1364 4209 stato
1385 4154 1437 4208 di
1472 4155 1653 4210 nobile
1678 4156 1806 4210 stir-

220 4254 295 4307 pe,
319 4256 349 4295 c
367 4242 631 4314 religioso
653 4260 667 4307 ;
695 4244 1043 4313 producendo
1061 4256 1257 4315 questa
1282 4248 1561 4302 memoria.
1587 4248 1646 4302 L’
1662 4264 1805 4304 anno

218 4330 352 4384 mille
397 4332 446 4388 si
495 4334 777 4403 principio
808 4333 1081 4390 l'ediiicio
1124 4335 1245 4390 dell‘
1268 4351 1457 4392 eremo
1500 4338 1807 4395 dell'Avel—

221 4417 331 4472 lana
361 4430 511 4476 sotto
558 4421 742 4477 Catria
788 4423 854 4477 da
884 4423 1167 4489 Candoll'o,
1215 4440 1381 4482 overo
1418 4427 1671 4496 Lodoll‘o,
1702 4445 1805 4485 con

221 4512 464 4582 semplice
511 4512 746 4584 capella,
792 4528 823 4568 e
872 4513 1142 4585 Casipola,
1176 4532 1275 4586 per
1314 4517 1526 4590 l‘uggire
1576 4520 1628 4574 la
1666 4528 1804 4576 setta

1911 3340 2249 3410 propositum
2280 3342 2502 3414 scripsit
2529 3344 2581 3397 in
2623 3342 2762 3398 libro
2810 3342 3117 3413 inscripto:
3154 3341 3361 3413 Fulgor
3383 3341 3522 3396 Ful-

1909 3431 2061 3503 gim‘i,
2093 3441 2201 3487 etc.
2228 3448 2241 3496 ;
2270 3432 2477 3499 Ronue,
2512 3449 2657 3489 anno
2685 3433 2845 3499 l705,
2884 3434 3130 3504 adeoque
3160 3442 3282 3505 post
3312 3433 3520 3489 Lader-

1910 3520 2093 3575 cbiani
2140 3520 2335 3590 Operis
2389 3524 2684 3578 editionem
2737 3524 3010 3594 impresso
3064 3540 3077 3578 :
3135 3524 3207 3579 ibi
3257 3524 3402 3579 enim
3454 3523 3511 3579 in

1910 3611 2056 3664 notis
2080 3620 2203 3680 post
2249 3610 2498 3683 Elogium
2558 3630 2713 3679 xvm,
2770 3628 2892 3684 pag.
2954 3613 3081 3678 102,
3134 3614 3252 3669 hac
3308 3613 3516 3669 habet:

1917 3718 1935 3749 ι
1964 3700 2078 3755 Sub
2124 3701 2390 3772 Lodulplii
2452 3704 2770 3774 magisterio
2822 3702 2940 3773 ejus
2992 3704 3175 3759 schola
3208 3720 3237 3759 a
3270 3704 3520 3775 plurimis

1909 3787 2248 3856 frequentari
2284 3800 2465 3861 erepta
2496 3801 2598 3855 est,
2646 3792 2971 3848 adveniente
3022 3793 3249 3850 Joannis
3277 3783 3518 3864 episcepi

1911 3878 2183 3948 Eugubini
2229 3880 2451 3950 placito,
2504 3897 2651 3937 anno
2704 3882 2830 3938 976.
2864 3883 2930 3937 Ει
2959 3898 3081 3954 qua:
3127 3883 3249 3940 rudi
3278 3885 3520 3954 primum

1908 3984 2073 4039 opere
2118 3971 2272 4027 initia
2324 3974 2577 4043 sumpsit,
2625 3974 2963 4045 approbante
3011 3974 3207 4031 deinde
3249 3975 3520 4032 Silvestre

1908 4064 1970 4129 ll,
1999 4064 2247 4120 Romano
2291 4067 2570 4135 pontifice,
2602 4069 2654 4122 in
2685 4077 2882 4139 caput,
2908 4080 2963 4123 et
3008 4069 3309 4139 principem
3344 4070 3519 4125 nomi—

1908 4158 2208 4213 natissima:
2228 4160 2668 4231 congregationis
2701 4160 2760 4214 S.
2801 4160 2995 4216 Crucis
3035 4162 3101 4216 de
3132 4162 3389 4217 Avellana
3418 4177 3517 4219 ex-

1911 4253 2090 4307 crevit
2118 4253 2219 4315 sub
2248 4255 2435 4325 regnla
2471 4256 2647 4309 sancti
2678 4256 2984 4312 Cassinatis
3015 4256 3316 4326 Benedicti,
3351 4261 3521 4319 certis

1910 4343 2114 4399 additis
2167 4345 2689 4412 constitutionibus,
2740 4362 2877 4416 quas
2923 4348 3125 4419 partim
3180 4351 3410 4408 dictavit
3456 4354 3518 4409 S.

1910 4430 2249 4489 Romualdus
2305 4434 2813 4491 Catualdulensium
2884 4439 3095 4508 primus
3153 4442 3323 4499 abbas
3392 4460 3518 4514 par-

1912 4525 2006 4580 tim
2037 4526 2371 4596 conscripsit
2422 4528 2540 4596 ipse
2583 4528 2917 4601 Ludulphus.
2953 4551 2973 4584 ›
3030 4532 3305 4591 Hactenus
3348 4537 3518 4593 abbas

223 4602 331 4657 delli
363 4604 581 4658 Ariani.
612 4603 708 4658 Nel
734 4603 861 4674 qual
899 4613 1099 4676 tempe,
1125 4621 1232 4661 non
1264 4606 1379 4663 solo
1403 4609 1457 4663 in
1489 4607 1667 4675 Italia,
1713 4625 1801 4664 ma
1829 4595 1883 4655 Π
1910 4614 2226 4672 Lucentius.

222 4696 362 4766 quasi
391 4711 492 4768 per
526 4704 666 4750 tutta
696 4695 729 4749 l‘
750 4696 987 4768 Europa,
1013 4712 1107 4753 era
1142 4699 1357 4755 celebre
1388 4699 1439 4754 la
1472 4700 1614 4755 fama
1637 4702 1643 4713 '
1664 4701 1805 4757 della

222 4790 408 4844 sautita
458 4789 549 4845 del
588 4797 774 4844 nostro
800 4787 859 4842 P.
888 4788 948 4843 8.
978 4788 1283 4847 Romualdo
1310 4792 1533 4861 (ancora
1564 4792 1804 4864 vivente)

222 4895 248 4935 e
273 4883 350 4937 de’
376 4883 503 4938 suoi
532 4881 813 4952 discepoli,
836 4897 867 4937 e
900 4898 1006 4937 non
1038 4882 1069 4938 ὀ
1095 4893 1265 4954 punto
1286 4885 1354 4940 da
1384 4886 1653 4949 dubitare,
1682 4886 1805 4940 anzi

225 4983 368 5044 lengo
415 4990 520 5045 per
558 4975 758 5039 ferino,
782 4973 884 5029 cbe
929 4972 1152 5029 Lodoll‘o
1187 4992 1354 5032 ancor
1408 4976 1483 5031 lui
1527 4976 1675 5032 {osse
1705 4991 1807 5031 suo

225 5066 511 5136 discepolo,
541 5080 576 5120 c
626 5067 728 5120 chc
770 5081 875 5121 non
904 5065 1018 5121 solo
1067 5064 1306 5138 fuggisse
1334 5066 1386 5122 la
1416 5069 1808 5137 persecuzione

226 5155 352 5209 della
404 5156 587 5221 Setta,
622 5170 709 5209 ma
766 5156 867 5209 cbe
894 5156 1146 5222 andasse,
1178 5171 1211 5210 a
1258 5156 1411 5227 guisa
1443 5157 1530 5212 det
1566 5167 1807 5214 maestro

225 5264 314 5304 suo
349 5248 408 5305 S.
434 5248 747 5303 Romualdo
776 5248 919 5319 (anzi
944 5264 1045 5303 con
1071 5263 1168 5304 sua
1207 5250 1584 5315 benedizione,
1618 5266 1649 5306 e
1675 5266 1808 5308 cou-

227 5341 571 5404 scntimeuto,
603 5354 760 5394 come
786 5354 857 5392 un
897 5339 1037 5395 altro
1082 5338 1142 5394 S.
1171 5339 1295 5395 Gio.
1335 5339 1652 5413 Gualberto)
1678 5356 1803 5396 cer-

228 5432 385 5485 caudo
430 5430 623 5501 luogbi
668 5430 917 5493 solitarii,
970 5446 1001 5485 e
1029 5431 1222 5486 remoti
1263 5432 1330 5485 da
1387 5433 1514 5501 ogui
1570 5433 1804 5502 strepitu

228 5522 574 5585 wolaruscu,
610 5536 707 5589 per
725 5521 871 5589 quivi
910 5522 1211 5577 fertnarvisi
1238 5524 1323 5579 col
1351 5540 1449 5578 suo
1480 5538 1803 5597 compagno,

228 5613 284 5665 ed
312 5613 429 5667 altri
459 5614 635 5667 tirarc
659 5611 711 5665 al
737 5613 963 5665 scrviziv
1000 5614 1052 5668 di
1082 5614 1199 5679 Dio,
1249 5616 1452 5684 perclu“
1478 5616 1530 5670 in
1566 5617 1683 5671 loro
1709 5634 1801 5671 cra

232 5717 290 5752 un
321 5704 549 5756 ardente
582 5702 857 5755 desiderio
884 5703 1015 5756 della
1063 5703 1237 5758 salute
1265 5703 1389 5758 dell'
1412 5707 1611 5770 auiute,
1644 5726 1661 5757 ›
1694 5719 1797 5761 etc.

232 5788 339 5845 liter
368 5791 586 5856 Minius,
624 5792 711 5861 qui
749 5802 802 5845 ct
832 5793 961 5845 inira
1005 5792 1182 5849 addit:
1213 5814 1229 5845 ι
1280 5796 1318 5849 li
1349 5812 1444 5865 per
1484 5798 1800 5853 t'urrnmt‘a-

1985 4707 2098 4762 Xll.
2142 4710 2410 4765 Caeterum
2439 4712 2485 4767 si
2537 4713 2606 4769 ad
2652 4714 2919 4771 certiores
2963 4718 3202 4775 calculos
3240 4722 3517 4780 Avellante

1911 4802 2136 4857 exordia
2159 4802 2397 4858 debeant
2427 4807 2695 4872 revocari,
2723 4809 3165 4880 quandoquidem
3195 4812 3519 4886 Ludulphus

1911 4906 2057 4948 anno
2092 4893 2231 4951 1009
2268 4896 2335 4949 ad
2359 4895 2702 4967 Eugubinam
2727 4901 3045 4956 cathedram
3073 4912 3157 4958 est
3176 4917 3513 4977 assumptus,

1910 4991 2129 5053 Oportet
2154 4999 2267 5045 eos,
2299 4986 2393 5054 qui
2442 4987 2722 5057 trigesimo
2764 5000 2888 5060 post
2933 5008 3103 5048 sacrm
3152 4994 3298 5051 illius
3327 4998 3519 5052 solitu-

1912 5077 2056 5132 dinis
2105 5080 2575 5134 constructionem
2630 5096 2777 5135 anno
2825 5083 2895 5137 ad
2954 5085 3265 5155 episcopale
3317 5104 3516 5145 munus

1912 5168 2088 5237 ipsum
2120 5178 2373 5223 vocatum
2418 5170 2586 5226 fuisse
2632 5171 2997 5238 arbitrantur,
3050 5178 3118 5232 ad
3164 5194 3367 5234 annum
3410 5180 3516 5237 979

1912 5258 2179 5329 ejusmodi
2214 5258 2589 5315 l‘mulationcm
2624 5265 2925 5330 retrahere,
2974 5266 3028 5321 id
3060 5269 3206 5337 quod
3260 5272 3515 5343 preprius

1910 5349 2066 5403 abest
2096 5348 2165 5403 ab
2194 5365 2339 5403 anno
2395 5350 2500 5405 976
2529 5367 2628 5421 per
2670 5352 3004 5410 Ludovicum
3056 5357 3407 5428 Jacobillum,
3460 5372 3515 5418 et

1914 5439 2169 5493 abbatem
2220 5439 2544 5495 Lucentiutn
2589 5458 2753 5512 supra
2787 5444 3017 5500 relatum
3046 5462 3329 5516 expresso.
3362 5451 3513 5506 Unde

1914 5530 2003 5598 qui
2038 5545 2185 5585 anno
2214 5530 2505 5587 millesimo
2553 5534 2977 5592 Avellaucnsem
3030 5554 3278 5595 eremum
3324 5542 3513 5597 condi-

1914 5630 2024 5674 tam
2050 5621 2256 5685 voluut,
2284 5632 2378 5675 aut
2400 5624 2465 5676 de
2503 5624 2675 5693 ipsius
2708 5626 2939 5684 :edificio
2965 5631 3032 5685 ad
3063 5632 3355 5686 certiorem
3392 5650 3515 5690 ere-

1914 5712 2008 5775 mi,
2045 5722 2140 5765 aut.
2168 5714 2401 5768 σςουιιοιιίἰ
2451 5715 2682 5770 formant
2711 5721 3053 5787 postmodum
3085 5723 3306 5780 redacto
3345 5725 3508 5781 intel~

1915 5805 2114 5872 Ῑιξξιῖνιῖί
2172 5814 2315 5869 siml.
2350 5818 2440 5861 "ut
2470 5807 2533 5862 de
2588 5812 2791 5876 vprcba
2827 5828 2934 5866 non
2978 5814 3200 5869 urzecisc
3250 5816 3509 5871 determi-
