4040 6382
267 455 327 513 29

1112 425 1650 488 PROLEGOMENA.
1688 454 1761 466 —
1798 420 1889 477 DE
1927 415 2303 475 INSTITUTO
2343 412 2725 472 CAMALDUL
3475 406 3547 462 30

280 565 613 626 latitudinem
645 560 870 631 fugiens,
895 549 1258 609 moxiervido
1297 545 1511 617 spiritu.
1543 538 1752 597 cellulae
1776 550 1835 591 se
1865 538 1912 597 Α
1939 535 2056 590 hmo
2081 533 2225 589 aliud
2265 531 2393 602 quid
2435 529 2674 593 additur,
2720 526 3027 595 perfectum
3072 522 3355 594 ieiunium.
3393 523 3542 592 (sive,

277 654 630 719 careeralibus
656 645 918 719 angustiis
940 642 1268 699 iuelusisset.
1292 656 1311 690 ι

330 746 411 805 lV.
451 745 665 799 Rursus
687 734 1137 810 quemadmodum
1170 728 1470 801 praecipuas
1505 738 1617 780 sum
1642 720 1842 778 sollici-

271 839 458 899 tudinis
493 844 680 906 partes
702 847 767 886 eo
813 828 1012 885 direxit
1039 823 1393 884 Romualdus,
1447 826 1509 873 ut
1559 814 1838 879 eremitas,

268 937 381 992 olim
409 944 509 984 suo
533 928 771 997 ipsorum
800 919 1027 977 arbitrio
1050 917 1296 971 viventes
1330 912 1398 967 ad
1428 907 1685 966 salutaris
1715 905 1840 961 obe-

271 1021 473 1082 dientir‘e
498 1016 692 1088 jugum
724 1019 1022 1076 revocaret,
1056 1022 1157 1063 nec
1180 1006 1299 1061 sine
1323 1001 1533 1075 prmlati
1571 998 1840 1069 iussione,

266 1125 350 1172 aut
372 1123 665 1170 consensu,
695 1117 887 1175 magna
920 1096 1269 1171 quantumvis
1297 1108 1465 1164 opera
1490 1089 1595 1147 sibi
1626 1088 1695 1143 ad
1723 1101 1841 1141 me-

266 1206 417 1261 ritum
469 1198 754 1269 profutura
807 1198 1115 1264 sperarent,
1161 1196 1230 1244 ut
1271 1187 1467 1243 disser.
1519 1200 1570 1249 ι,
1600 1196 1721 1252 cap.
1774 1179 1840 1247 5,

264 1310 403 1352 num.
434 1292 472 1346 6
498 1299 551 1345 et
576 1302 729 1359 seqq.
759 1284 1157 1356 explicuimus:
1187 1282 1260 1336 ita
1283 1278 1417 1334 nihil
1446 1276 1640 1347 magis,
1677 1289 1842 1344 quam

266 1386 398 1441 hanc
432 1381 609 1451 ipsam
639 1375 960 1433 obedientize
1015 1373 1268 1427 virtutem
1319 1367 1565 1425 eremitis
1609 1363 1846 1419 inculcat

260 1477 444 1533 Petrus
478 1471 749 1537 Damiani,
780 1468 849 1524 de
870 1482 974 1537 qua
1006 1480 1196 1536 opusc.
1220 1478 1313 1527 xv,
1346 1476 1466 1531 cap.
1502 1460 1568 1517 18
1594 1458 1711 1514 haec
1738 1457 1841 1511 ha-

260 1567 345 1623 bet
371 1584 383 1619 :
414 1582 432 1615 ι
472 1563 607 1617 illud
629 1560 789 1632 plane
817 1571 1165 1624 sunqupere
1188 1563 1269 1609 est
1298 1551 1619 1616 cavendum,
1644 1564 1713 1604 ne
1740 1548 1842 1604 sub

259 1661 429 1717 colore
460 1657 586 1726 quis
634 1652 925 1709 eremiticae
966 1651 1112 1713 vitae,
1159 1647 1349 1720 jugum
1390 1646 1659 1700 detrectet
1712 1641 1842 1697 obe-

258 1751 508 1815 dientize;
573 1749 682 1803 imo
737 1754 887 1800 tanto
941 1760 1001 1799 se
1070 1740 1295 1797 arctiori
1346 1736 1675 1794 obedientize
1723 1733 1844 1805 lege

258 1842 607 1912 constringat,
658 1846 863 1908 quanto
894 1836 1036 1890 hanc
1088 1829 1482 1887 institutionem
1516 1838 1842 1895 superexce-

1948 640 2005 685 ut
2032 628 2182 683 habet
2212 643 2395 697 opusc.
2427 640 2515 690 xv,
2555 640 2672 692 cap.
2709 621 2765 687 6,
2802 622 2855 675 in
2884 620 3081 674 Eremo
3110 616 3409 697 Jejunium)
3439 630 3546 669 non

1945 731 2191 777 vocatur.
2220 738 2245 795 _s
2282 719 2471 788 itaque
2502 716 2645 771 idem
2680 722 2839 770 sonat
2877 713 3019 784 apud
3048 710 3400 781 Rodnlphum
3429 708 3551 763 abs-

1945 811 2181 866 tinentia:
2213 823 2439 871 nomen,
2482 806 2628 876 quod
2662 804 2804 876 apud
2839 803 3163 859 Damianum
3202 800 3401 872 jejunii
3430 814 3553 870 per—

1944 905 2097 971 !ecti,
2131 904 2247 959 sive
2297 899 2569 958 eremitiei
2603 896 2930 954 vocabulum
2967 915 2979 950 :
3016 894 3106 950 ubi
3135 909 3264 948 vero
3292 892 3548 964 pulmen-

1944 1002 2058 1050 tum
2102 994 2356 1065 quodvis,
2399 992 2562 1046 uniea
2595 989 2897 1047 refectione
2926 995 3165 1047 servata.
3195 983 3492 1045 amittitur,
3517 995 3549 1035 a

1946 1086 2235 1156 Bodulpho
2263 1082 2489 1153 simplex
2534 1081 2828 1152 jejunium,
2866 1094 2896 1133 a
2920 1078 3087 1132 Petro
3114 1073 3363 1130 Damiani
3393 1072 3550 1125 unica

1946 1177 2165 1247 refectio
2200 1183 2571 1244 nuncupatur.
2626 1170 2839 1226 Rursus
2884 1170 3114 1239 quinque
3173 1166 3381 1219 dierum
3456 1174 3552 1231 per

1943 1268 2327 1323 hebdomadam
2353 1266 2624 1336 jejunium
2679 1263 2822 1332 apud
2852 1261 3075 1315 Petrum
3122 1253 3372 1312 Damiani
3402 1253 3547 1307 idem

1943 1367 2127 1423 sonat,
2156 1357 2301 1428 quod
2344 1355 2623 1419 triduana,
2675 1362 2730 1408 et
2761 1352 2995 1406 biduana
3028 1345 3347 1403 abstinentia
3380 1356 3551 1414 penes

1944 1449 2332 1520 Rodulphnm;
2374 1462 2521 1511 nam,
2560 1453 2621 1501 ut
2667 1444 2843 1515 inquit
2889 1440 3090 1497 Paulus
3117 1436 3463 1494 Justinianus
3494 1434 3550 1488 in

1943 1541 2148 1613 Regula
2181 1541 2306 1596 vitae
2355 1539 2652 1594 eremiticze
2705 1550 2826 1605 cap.
2856 1535 2925 1589 27
2958 1544 3025 1589 τ’(
3057 1530 3323 1594 Biduana,
3371 1536 3428 1582 et
3454 1526 3552 1580 tri-

1944 1633 2135 1687 duana.
2157 1640 2285 1687 tunc
2314 1630 2660 1686 vocabantur
2701 1626 2932 1697 jejuuia,
2962 1639 3086 1680 cum
3118 1621 3254 1677 feria
3282 1617 3547 1681 secunda,

1945 1723 2131 1789 tertia,
2164 1732 2219 1777 et
2257 1729 2479 1791 quarta,
2526 1728 2582 1775 et
2623 1730 2811 1790 postea
2842 1728 2993 1773 sexta
3025 1715 3189 1781 feria,
3219 1723 3273 1769 et
3305 1711 3549 1767 Sabbato

1945 1818 1998 1871 in
2031 1832 2191 1888 pane,
2248 1824 2304 1871 et
2358 1830 2498 1884 aqua
2541 1812 2868 1882 jejunabant
2900 1829 2913 1864 :
2940 1819 2998 1864 ut
3047 1808 3293 1880 priorum
3339 1802 3551 1861 scilicet

256 1933 377 1989 dere
404 1896 805 1987 cmiiobitalrum
831 1925 1073 1992 regulam
1109 1938 1216 1977 non
1249 1921 1481 1991 ignorat.
1513 1914 1839 1972 Ohedientia
1870 1896 1915 1955 Β
1946 1909 2110 1964 trium
2160 1908 2372 1963 dierum
2424 1907 2697 1970 triduana,
2741 1904 3099 1974 sequentium.
3142 1916 3275 1955 vero
3316 1898 3549 1953 duorum

257 2024 467 2095 quippe,
501 2030 559 2077 et
610 2020 749 2075 bona
798 2026 985 2072 nostra
1013 2013 1374 2077 commendat,
1403 2018 1457 2065 et
1499 2006 1841 2077 negligentia:

252 2094 478 2171 olensas
518 2119 762 2165 excusat.
794 2108 862 2164 Ut
889 2122 1019 2177 ergo
1064 2115 1249 2159 nostra
1279 2103 1351 2157 sit
1373 2100 1624 2162 remotio,
1649 2096 1735 2151 vel
1759 2094 1839 2149 af-

250 2204 408 2261 ﬂictio
436 2203 737 2264 fructuosa,
792 2197 1082 2254 salutifera:
1131 2195 1202 2250 sit
1245 2206 1464 2262 semper
1509 2186 1839 2245 obedientia:

249 2295 357 2351 sale
385 2294 609 2350 condita
637 2309 650 2345 :
692 2300 746 2345 et
774 2302 1126 2361 quoscunque
1147 2284 1274 2341 boni
1296 2282 1479 2355 operis
1509 2280 1620 2335 vita
1652 2287 1837 2332 nostra

250 2403 424 2444 mnos
448 2385 745 2455 expandat,
810 2383 864 2437 in
918 2380 1103 2435 radice
1141 2390 1360 2447 semper
1386 2373 1709 2431 obedientia:
1738 2386 1834 2426 ne-

249 2493 392 2533 cesse
428 2484 519 2531 est
567 2474 858 2529 coalescat.
899 2490 917 2523 ι
950 2471 1079 2538 Qua
1127 2470 1286 2540 plane
1323 2480 1567 2522 consona
1596 2472 1723 2520 sunt
1771 2462 1835 2517 Β.

248 2566 511 2637 Rodnlphi
539 2565 737 2636 prioris
757 2561 1187 2619 Camaldulensis
1210 2558 1454 2623 monitis,
1471 2559 1524 2612 in
1550 2556 1833 2613 constitut.

248 2659 369 2713 anni
400 2656 567 2721 1080,
593 2670 715 2725 cap.
756 2654 845 2719 40,
876 2654 957 2709 sic
986 2652 1256 2722 loquentis
1295 2666 1311 2705 :
1350 2670 1367 2702 ι
1405 2649 1531 2705 Haec
1547 2650 1722 2703 virtus
1749 2662 1838 2703 so-

248 2750 438 2806 litariis
466 2749 627 2804 valde
670 2748 979 2803 necessaria
1016 2744 1141 2811 est,
1186 2754 1246 2799 ut
1270 2759 1377 2814 quo
1412 2744 1690 2799 duriorem
1739 2742 1839 2798 du-

247 2853 370 2897 cunt
400 2842 595 2910 vitam,
626 2856 692 2895 eo
744 2840 1041 2910 pleniorem
1102 2839 1397 2894 observent
1443 2835 1833 2891 obedientiam.

248 2932 470 3001 Quidam
500 2946 759 3002 namque,
788 2933 889 2987 sub
918 2930 1139 2987 obtentu
1165 2930 1455 2986 sanctioris
1476 2929 1621 2993 vitae,
1645 2928 1834 2999 jngum

248 3032 502 3080 recusant
535 3022 860 3078 obedientia:
893 3039 905 3073 :
934 3030 1123 3091 putant
1152 3020 1298 3075 enim
1323 3034 1383 3075 se
1424 3019 1542 3091 lege
1580 3018 1836 3073 obedien-

248 3116 297 3169 di
327 3115 558 3176 solutos,
604 3129 669 3168 eo
696 3113 838 3184 quod
889 3114 1109 3169 arctiori
1166 3113 1464 3169 eretuitieae
1498 3113 1622 3167 vitae
1652 3110 1835 3166 studio

247 3224 301 3263 se
327 3216 525 3262 norunt
560 3208 831 3262 astrictos.
857 3207 964 3262 Sed
1022 3208 1093 3261 ibi
1124 3216 1275 3262 certe
1302 3206 1479 3275 major
1523 3203 1685 3259 debet
1713 3218 1835 3259 esse

1944 2000 2180 2055 biduana
2228 2000 2507 2053 diceretur
2550 1986 2908 2052 abstinentia.
2946 2014 2965 2046 ι
2998 1994 3130 2061 Quae
3180 1990 3403 2061 quidem
3436 2002 3553 2042 mc—

1942 2093 2130 2147 nuisse
2156 2090 2421 2161 oportuit,
2476 2104 2544 2145 ue
2586 2103 2652 2143 ex
2706 2086 3031 2142 diversitate
3069 2081 3189 2138 soni
3231 2077 3549 2143 verborum,

1942 2199 2200 2240 sensuum
2228 2182 2557 2253 quandoque
2588 2180 2823 2235 varietas
2846 2183 3193 2248 argueretur.

2016 2276 2125 2331 VII.
2181 2275 2336 2329 Nune
2367 2290 2476 2344 quo
2523 2273 2650 2327 anni
2685 2283 2930 2341 tempore
2972 2269 3088 2323 haec
3142 2264 3331 2327 tridui,
3364 2262 3549 2318 bidui-

1940 2385 2067 2440 que,
2103 2384 2196 2425 seu
2221 2368 2464 2437 quinque
2492 2381 2589 2435 per
2606 2364 3003 2420 hebdomadam
3028 2361 3238 2416 dierum
3270 2356 3551 2412 abstinen-

1942 2464 2015 2518 tia
2044 2464 2135 2533 (cx
2163 2461 2324 2516 dictis
2367 2460 2590 2514 dissert.
2623 2474 2663 2523 ι.
2694 2471 2816 2528 cap.
2860 2455 2915 2521 5,
2944 2470 3095 2508 num.
3129 2451 3184 2516 3,
3216 2449 3287 2505 ab
3322 2449 3555 2520 ipsemet

1939 2552 2244 2609 Romualdo
2269 2549 2488 2607 cunctis
2519 2548 2817 2604 eremiticae
2861 2560 2974 2599 suae
3030 2541 3336 2611 disciplina:
3372 2544 3553 2594 secta—

1941 2646 2150 2701 toribus
2179 2643 2425 2715 pradixa)
2457 2640 2600 2712 apud
2632 2638 2969 2695 Avellanitas
3004 2635 3305 2697 obtineret,
3353 2646 3421 2685 ex
3450 2629 3551 2684 Pe-

1940 2738 2010 2792 tri
2050 2736 2296 2792 Damiani
2326 2748 2515 2804 opusc.
2574 2747 2666 2786 xtv
2717 2739 2775 2785 et
2801 2746 2893 2795 xv,
2948 2744 3069 2798 cap.
3117 2727 3174 2791 6,
3225 2725 3550 2781 discamus:

1944 2847 1963 2881 ι
1991 2828 2071 2882 Ab
2102 2826 2305 2890 Idibus,
2354 2824 2558 2895 inquit,
2611 2822 2984 2892 Septembris,
3011 2833 3184 2889 usque
3218 2818 3294 2892 ad
3348 2816 3557 2870 Resur-

1939 2918 2242 2973 rectionem
2299 2915 2666 2981 Dominicam,
2715 2913 2960 2985 quinque
3002 2926 3101 2983 per
3148 2908 3549 2964 hebdomadam

1939 3010 2136 3065 diebus
2185 3014 2402 3063 tenetur
2467 3006 2558 3061 hic
2612 3020 2678 3059 ex
2737 2993 2899 3059 more
2916 3001 3207 3074 jejunium.
3242 3018 3261 3051 ι
3298 2996 3551 3065 Quandiu

1938 3116 2070 3158 vero
2122 3101 2177 3156 id
2227 3100 2591 3155 observarent
2633 3094 3104 3158 Camaldulcnses,
3155 3089 3403 3147 docetB.
3442 3087 3554 3143 Ro-

1940 3195 2174 3264 dulphus
2214 3196 2365 3264 prior
2411 3194 2466 3247 in
2500 3193 2786 3246 constitut.
2832 3190 2952 3254 eit.,
2982 3204 3103 3259 cap.
3152 3187 3241 3250 ll,
3292 3184 3383 3239 ubi
3423 3183 3501 3238 ait
3535 3200 3548 3236 :

248 3252 301 3263 .,-
560 3252 831 3262 "um--.
859 3252 964 3262 ..ν-
1022 3252 1093 3261 .-.
1128 3252 1275 3262 η.--
1302 3252 1467 3275 ....,--
1526 3252 1684 3259 π---
1717 3252 1834 3259 --η
2036 3252 2049 3264 .
2217 3252 2228 3264 .
2942 3252 2947 3254 .
3051 3252 3066 3259 -

248 3299 531 3354 obediendi
563 3297 913 3353 observantia
967 3297 1059 3352 ubi
1105 3296 1448 3362 fervientior,
1477 3304 1534 3349 et
1562 3293 1835 3350 austerior
1863 3252 1908 3314 Ο
1948 3307 1967 3338 ι
2011 3290 2052 3341 Α
2084 3287 2353 3357 Ιπὶῐιοίρὶο
2390 3284 2612 3353 maioris
2651 3282 3117 3352 Ωυειάτεηξεεὶηιεεν
3154 3293 3329 3350 “5‘1ne
3360 3278 3413 3331 ίη
3444 3276 3550 3331 Pa‘

244 3389 561 3445 estvivendi
594 3389 828 3443 cultura.
870 3407 887 3439 ι
1135 3433 1137 3435 ,

313 3477 376 3535 ν.
411 3478 539 3539 Sed,
570 3487 630 3535 ttt
652 3478 716 3533 ad
766 3477 1019 3550 specialia
1054 3478 1468 3544 deseendamus,
1494 3476 1834 3542 conferatur,

244 3573 488 3634 obsecro,
524 3570 839 3635 Romualdi,
893 3571 1306 3640 priscorumque
1339 3569 1838 3625 Cantaldulensium

246 3664 561 3735 disciplina,
590 3680 711 3719 eum
752 3663 900 3717 Petri
944 3663 1213 3727 Damiani,
1239 3662 1840 3732 veterumque‘Avella-

243 3754 477 3809 uitarnm
512 3754 727 3809 vivendi
766 3752 969 3817 forma;
1020 3770 1083 3809 ae
1113 3753 1603 3822 deprehendemus,
1634 3751 1710 3806 ita
1762 3751 1839 3805 al-

245 3846 338 3899 teri
365 3845 593 3914 penitus
617 3845 925 3909 couvenire,
955 3852 1014 3899 ut
1036 3859 1174 3913 pene
1199 3843 1389 3898 eodem
1428 3844 1662 3910 calamo,
1689 3856 1838 3901 certe

242 3936 426 3989 eodem
470 3935 693 4005 spiritu,
747 3936 946 3990 dictata
995 3944 1229 4005 utraque
1258 3935 1547 3989 videatur:
1578 3944 1633 3990 et
1658 3935 1703 3990 si
1727 3949 1836 4006 qua

243 4028 456 4081 intersit
480 4025 811 4090 differentia,
843 4026 988 4081 illam
1042 4027 1179 4083 adeo
1230 4036 1446 4081 tenuem
1477 4041 1619 4092 esse,
1644 4034 1704 4080 ut
1750 4026 1839 4082 vix

243 4115 379 4170 inter
408 4117 662 4185 ejusdem
691 4116 974 4171 individua:
1000 4116 1438 4188 congregationis
1465 4116 1677 4171 diversa
1722 4132 1837 4173 mo-

243 4207 479 4260 nasteria
521 4206 700 4260 levius
729 4206 1022 4262 discrimen
1076 4208 1253 4261 notari
1284 4214 1467 4276 queat,
1516 4220 1620 4261 nec
1665 4206 1839 4276 major

242 4311 334 4365 pro
371 4297 699 4352 diversitate
725 4296 983 4360 locorum.
1017 4298 1188 4368 possit
1211 4296 1491 4352 observari
1528 4299 1834 4354 consensio.

242 4386 481 4457 Longum
508 4396 657 4445 esset
698 4386 904 4457 singula
933 4388 1187 4458 prosequi
1220 4405 1233 4442 :
1267 4402 1366 4443 nos
1392 4402 1604 4442 summa
1653 4402 1835 4443 rerum

243 4478 413 4545 capita
441 4490 855 4546 percurremus,
890 4492 1012 4546 quae
1046 4492 1168 4532 eum
1220 4477 1448 4532 totidem
1482 4492 1622 4547 pene
1651 4477 1835 4532 verbis

1939 3378 2180 3435 sebalem
2213 3378 2640 3440 solenmitatem,
2668 3390 2766 3445 per
2794 3372 3037 3444 singulas
3058 3369 3433 3427 hebdomadas
3458 3367 3554 3421 tri-

1939 3470 2142 3535 duana,
2168 3478 2222 3525 et
2250 3467 2488 3524 biduana
2519 3468 2571 3521 in
2606 3468 2710 3521 hae
2742 3480 2930 3521 eremo
2968 3462 3178 3519 servari
3210 3460 3350 3517 solet
3381 3459 3552 3513 absti-

1940 3560 2149 3616 nentia.
2190 3578 2207 3611 ι
2240 3558 2343 3626 Qui
2373 3566 2427 3613 et
2462 3572 2586 3627 cap.
2618 3557 2685 3611 14
2729 3556 2915 3611 subdit
2946 3572 3001 3608 ει
3035 3551 3081 3608 Α
3108 3550 3456 3608 solemnitate
3482 3547 3545 3603 Β.

1940 3650 2186 3714 Martini,
2216 3664 2391 3719 usque
2438 3648 2507 3703 ad
2558 3646 2910 3701 Nativitatem
2952 3630 3276 3707 Salvatoris,
3310 3640 3551 3711 quadra-

1939 3740 2219 3811 gesimalis
2246 3740 2306 3794 lit
2334 3738 2712 3803 observantia,
2751 3737 2895 3792 sicut
2923 3736 2975 3790 in
3006 3732 3200 3803 majori
3225 3732 3548 3801 Quadrage-

1940 3836 2080 3891 sima
2111 3834 2392 3905 pra-missa
2446 3842 2550 3887 est.
2583 3850 2602 3884 ι
2636 3830 2703 3886 Et
2772 3831 2825 3885 in
2876 3825 3377 3885 Constitutionibus
3420 3821 3549 3878 anni

1940 3926 2119 3982 1085:
2161 3945 2180 3976 ε
2233 3924 2291 3978 ln
2342 3923 2446 3986 his,
2504 3922 2702 3990 inquit,
2748 3919 3029 3990 praedictis
3079 3911 3551 3986 Quadragesimis,

1939 4022 2181 4092 quinque
2213 4020 2331 4075 dies
2364 4018 2417 4073 iu
2441 4032 2598 4088 pane,
2628 4025 2683 4071 et
2707 4030 2870 4084 aqua,
2900 4022 2955 4070 et
2993 4012 3128 4074 sale,
3158 4025 3278 4066 mos
3307 4018 3390 4064 est
3407 4005 3551 4078 jeju-

1942 4127 2093 4165 nare.
2128 4131 2145 4162 ι
2181 4110 2370 4180 Itaque
2400 4107 2625 4178 propius
2652 4107 2843 4171 etiam,
2874 4120 3040 4175 quam
3080 4100 3549 4165 Camalduleuses,

1939 4201 2275 4259 accedebant
2308 4199 2631 4255 Avellanitae
2657 4200 2714 4253 in
2774 4198 2878 4253 hoc
2924 4195 3206 4267 proposito
3232 4188 3299 4248 ad
3335 4192 3401 4245 D.
3436 4189 3549 4245 Ro-

1938 4292 2139 4347 mualdi
2173 4291 2507 4354 institutum,
2533 4289 2661 4342 dum
2686 4288 2989 4357 perfectum
3018 4284 3365 4341 eremitieum
3409 4279 3554 4351 jejuo

1938 4381 2087 4435 nium
2112 4396 2140 4434 a
2166 4379 2226 4434 S.
2256 4379 2417 4434 Patre
2448 4380 2534 4450 (ex
2573 4376 2691 4447 ejus
2714 4376 2836 4432 Vita
2867 4377 3049 4448 eap.9)
3080 4376 3132 4431 in
3161 4376 3405 4447 quinque
3454 4374 3551 4429 be-

1936 4470 2220 4527 bdomadte
2247 4472 2363 4525 dies
2385 4485 2483 4540 per
2506 4469 3143 4523 triduanasethiduanas
3170 4467 3548 4531 distributum,

244 4565 468 4619 invicem
498 4566 608 4621 sibi
665 4567 990 4636 respondere
1034 4568 1388 4632 constiterit,,
1420 4569 1565 4623 haud
1624 4569 1829 4624 difﬁcili
1862 4594 1911 4652 ο
1940 4564 2134 4617 nedum
2168 4562 2221 4615 iu
2274 4571 2508 4630 utraque
2548 4559 2980 4631 Quadragesima
3015 4558 3098 4631 (ut
3127 4556 3322 4627 nostri)
3354 4556 3549 4611 obser-

245 4656 456 4722 ncgotio
480 4655 552 4710 de
586 4657 800 4710 caeteris
828 4655 1001 4711 lector
1038 4656 1311 4726 eonjiciet,
1336 4673 1455 4728 quae
1482 4658 1677 4712 saltem
1710 4674 1835 4713 seu-

242 4762 296 4797 su
322 4746 698 4811 conveniunt;
727 4758 782 4801 et
803 4732 1019 4817 quidem
1039 4748 1107 4803 ab
1132 4748 1497 4815 abstinentiae,
1527 4764 1619 4804 seu
1641 4747 1833 4818 jejunii

242 4834 547 4906 disciplina,
580 4851 703 4906 qua
725 4837 864 4893 inter
891 4839 1200 4894 eremiticas
1228 4840 1648 4896 consuetudines
1696 4857 1835 4911 pra:-

243 4928 390 4996 cipua
411 4937 522 4995 est,
555 4929 770 4983 initium
806 4929 1095 4998 ducemus;
1136 4931 1231 4986 sed
1268 4932 1443 5001 primo
1474 4935 1829 4990 terminorum

242 5017 592 5074 deﬁnitiones
628 5020 879 5089 utrinque
921 5020 1115 5077 allatas
1140 5023 1443 5089 audiamus,
1480 5033 1591 5078 tum
1618 5028 1831 5097 reliqua

239 5123 302 5162 ex
328 5110 525 5164 ordine
550 5122 965 5180 prosequemur.

307 5196 392 5253 Vl.
424 5199 523 5254 Ait
568 5214 704 5271 ergo
749 5199 810 5253 Β.
861 5199 1425 5273 Rodulphusquartus
1453 5204 1835 5261 Camaldulen-

243 5288 373 5344 sium
401 5292 559 5360 prior
608 5291 663 5345 in
710 5292 1188 5349 constitutionibus
1214 5295 1343 5349 anni
1382 5296 1538 5362 1080,
1561 5312 1681 5367 cap.
1717 5298 1773 5351 ll
1818 5316 1830 5352 :

246 5395 265 5429 ι
293 5380 646 5436 Abstinentia
694 5382 749 5437 in
807 5382 911 5439 hoc
962 5383 1081 5439 loco
1111 5395 1238 5440 tunc
1284 5386 1503 5453 dicitur,
1545 5403 1669 5443 eum
1700 5388 1833 5443 nihil

242 5479 431 5538 pra-ter
466 5486 694 5542 panem,
722 5480 777 5527 et
822 5488 1019 5543 aquam
1071 5460 1165 5529 aui
1217 5474 1405 5547 (sicui
1454 5478 1654 5549 placet)
1707 5478 1835 5533 salis

244 5562 627 5635 adjectiouem,
657 5564 941 5621 edentibus
967 5567 1327 5633 ministratur,
1369 5588 1387 5621 ι
1430 5568 1625 5626 Petrus
1652 5580 1832 5627 autem

244 5650 487 5711 Damiani
517 5670 718 5726 opusc.
780 5672 889 5723 ην,
950 5658 1023 5713 De
1047 5658 1230 5714 ordine
1255 5661 1593 5716 eremitarum
1642 5661 1835 5719 Fontis

246 5745 501 5813 suum,
535 5750 718 5820 inquit
753 5768 765 5802 :
802 5767 821 5801 ς
856 5749 1112 5821 Jejunare
1158 5762 1341 5808 autem
1395 5754 1520 5810 illos
1577 5755 1831 5822 dicimus,

244 5835 326 5903 qui
350 5853 550 5909 panem
579 5853 711 5894 cum
743 5840 878 5907 sale,
900 5849 952 5897 et
975 5857 1115 5913 aqua
1142 5844 1443 5914 percipiunt
1472 5861 1487 5911 ;
1512 5844 1601 5900 ubi
1634 5856 1830 5916 [metor

1946 4654 2164 4715 valiant,
2195 4652 2291 4707 sed
2344 4650 2581 4721 amplius
2634 4666 2733 4720 per
2758 4652 2893 4705 duos
2925 4665 3143 4705 menses
3188 4657 3318 4703 ante
3348 4646 3549 4701 festum

1946 4745 2003 4800 S.
2031 4741 2268 4804 Martini,
2301 4752 2356 4798 et
2385 4743 2645 4811 deinceps
2666 4742 2736 4795 ab
2765 4751 2956 4796 octava
2984 4739 3302 4800 Nativitatis
3332 4736 3549 4793 Domini

1944 4835 2131 4906 (quam
2164 4834 2387 4905 quidem
2417 4853 2446 4887 a
2473 4833 2685 4902 jejunio
2712 4844 3024 4904 exemptam
3049 4832 3295 4899 voluere,
3324 4838 3384 4885 ut
3410 4829 3549 4885 infra

1940 4927 2169 5000 patebit)
2202 4927 2268 4982 ad
2299 4926 2515 4980 initium
2566 4924 2792 4995 majoris
2820 4925 3290 4995 Quadragesimze.
3340 4922 3551 4977 scilicet

1940 5020 2167 5077 omnino
2194 5020 2258 5074 ab
2306 5019 2494 5073 Idibus
2537 5018 2862 5088 Septembris
2888 5034 3050 5088 usque
3096 5018 3166 5079 ad
3196 5008 3408 5069 Pascha
3442 5013 3548 5067 Do-

1940 5112 2094 5176 mini,
2125 5110 2470 5165 abstinentia:
2505 5109 2665 5177 hujus
2700 5109 2863 5179 rigori
2895 5110 3365 5179 supponehantur.

2012 5202 2147 5258 Vill.
2186 5201 2322 5256 Tres
2358 5216 2524 5271 porro
2552 5201 2789 5261 Octava;
2828 5199 3292 5260 llesurrectiouis,
3326 5204 3381 5250 et
3434 5194 3542 5250 Na-

1943 5296 2069 5351 talis
2096 5295 2333 5361 Domini,
2384 5311 2447 5350 ae
2480 5295 2853 5357 Pentecostcs,
2891 5300 2947 5345 et
3000 5293 3083 5345 ha:
3131 5289 3352 5360 quidem
3398 5286 3544 5349 solas,

1902 5400 1907 5403 '
1939 5396 2048 5442 tam
2078 5389 2218 5458 apud
2248 5387 2605 5449 Avellanitas,
2627 5401 2792 5457 quam
2837 5383 3303 5449 Camaldulenses,
3341 5397 3370 5434 a
3398 5395 3548 5435 eom-

1938 5479 2088 5533 muni
2119 5477 2470 5542 abstinentia,
2502 5487 2552 5531 et
2572 5476 2782 5544 jejunio
2804 5473 3089 5530 eremitieo
3116 5471 3503 5526 eximebantur
3527 5486 3542 5521 :

1936 5570 2004 5624 de
2024 5568 2217 5639 primis
2238 5568 2382 5622 enim
2416 5567 2488 5620 ita
2513 5565 2705 5620 scribit
2736 5564 2931 5618 Petrus
2960 5560 3205 5617 Damiani
3237 5574 3425 5630 epusc.
3452 5571 3545 5611 xiv

1937 5671 1995 5715 et
2018 5676 2108 5725 xv,
2140 5675 2259 5729 cap.
2285 5659 2318 5713 5
2349 5675 2361 5711 :
2407 5677 2425 5709 ι
2459 5656 2595 5711 Tres
2627 5665 2808 5711 autem
2834 5654 3175 5709 solummodo
3208 5661 3415 5706 octava:
3446 5663 3545 5717 per

1937 5769 2141 5808 annum
2169 5754 2241 5807 ita
2270 5751 2640 5813 celebrantur,
2694 5757 2753 5803 ut
2788 5746 3039 5819 jejunare
3068 5746 3157 5801 hic
3188 5758 3349 5799 nemo
3373 5756 3541 5813 coga-

1938 5853 2046 5912 tu‘r,
2077 5844 2129 5900 id
2155 5856 2238 5902 est
2270 5843 2565 5899 Dominica:
2605 5840 3069 5907 Resurrectionis,
3093 5845 3147 5894 et
3168 5846 3371 5893 saneta:
3404 5836 3541 5890 Pen-
