4040 6372
506 398 567 453 si
1351 401 1407 455 s.
1442 400 1716 456 vernus
1754 370 2107 457 natamus
2143 399 2201 456 s.
2227 400 2292 455 Β.
2334 400 2395 456 E.
2422 400 2848 457 CARDINALIS.
3676 395 3751 453 ss

505 521 765 575 tecostes,
802 521 961 584 atque
996 514 1198 568 Natalis
1236 515 1440 569 Domini
1469 534 1814 590 ;lquanquam
1841 523 1891 574 in
1924 531 2068 574 octa-
2099 525 2145 581 Α
2177 535 2344 589 usque
2381 519 2446 572 ad
2479 519 2600 574 ldus
2659 519 3010 590 Septembris,
3060 517 3244 582 tertia,
3293 526 3348 572 et
3393 526 3580 587 quinta
3612 516 3744 571 feria

505 601 586 654 vis
606 601 970 665 Pentecostes,
995 615 1048 657 et
1086 607 1449 662 ecclesiastica
1489 611 1726 673 traditio,
1756 622 1808 664 et
1850 612 2068 665 Patrum

505 687 763 742 decernat
802 692 1092 746 auctoritas
1120 694 1232 760 (pro
1279 707 1506 764 quatuor
1533 715 1708 768 nempe
1737 702 2068 768 temporibus)

499 774 875 844 jejunandum,
924 781 975 833 in
1029 781 1252 851 reliquis
1289 799 1416 838 vero
1465 787 1670 841 octavis
1711 788 2073 856 quarumlibet

503 862 883 932 festivitatnm,
922 869 1348 926 ecclesiasticum
1396 874 1632 942 quidem,
1663 885 1817 945 prout
1855 877 2070 947 regula-

504 954 580 1006 ris
624 958 757 1010 ordo
809 961 1062 1027 postulat,
1100 971 1341 1018 tenemus
1384 964 1640 1030 oﬂicium,
1675 974 1913 1021 tenorem
1942 984 2072 1023 vero

503 1047 746 1097 consueti
772 1044 959 1114 jejunii
1001 1065 1104 1103 non
1140 1059 1429 1106 mutamus.
1466 1072 1483 1103 ι
1541 1054 1615 1106 De
1645 1055 1896 1110 secundis
1943 1071 2073 1112 vero

507 1131 570 1184 Β.
597 1133 906 1204 Rodulphns
937 1141 1084 1205 prior
1117 1140 1166 1192 in
1197 1141 1420 1196 Constit.
1463 1145 1589 1197 anni
1643 1146 1799 1208 1085,
1857 1147 1934 1201 sic
1965 1156 2074 1203 tra-

506 1221 621 1273 dit:
662 1239 680 1272 ‹
727 1222 841 1278 Mos
905 1237 988 1280 est
1039 1243 1137 1296 per
1182 1245 1616 1303 unamquamque
1661 1235 2070 1303 hebdomadam,

504 1309 709 1378 absque
757 1322 947 1369 octava
1012 1316 1218 1373 Natalis
1275 1321 1507 1384 Domini,
1549 1322 1772 1393 ejusque
1815 1324 2077 1380 Resurre-

504 1396 720 1462 ctionis,
746 1409 800 1454 et
825 1401 1186 1468 Pentecostes,
1219 1409 1270 1460 in
1300 1424 1459 1478 pane,
1493 1421 1548 1465 et
1577 1427 1736 1481 aqua,
1765 1425 1822 1468 et
1855 1415 1966 1471 sale
1987 1416 2073 1480 je-

499 1485 691 1554 junare
717 1506 730 1542 :
759 1492 991 1547 etaliam
1036 1497 1235 1551 nullam
1263 1509 1509 1556 octavam
1546 1504 1623 1558 sic
1654 1505 1948 1571 celebrare,
1973 1507 2074 1562 nisi

504 1577 602 1632 has
634 1588 764 1646 tres,
791 1598 926 1651 quas
951 1602 1107 1656 supra
1140 1590 1226 1644 hic
1249 1593 1406 1646 modo
1437 1593 1691 1650 diximus.
1730 1616 1748 1648 ι
1786 1597 1850 1651 Et
1871 1599 1923 1651 in
1957 1601 2074 1654 aliis

502 1667 794 1726 Constitut.
825 1678 953 1730 anni
990 1678 1146 1744 1080,
1171 1697 1288 1751 cap.
1322 1684 1407 1749 12,
1451 1686 1563 1741 haec
1588 1688 1748 1744 habet
1780 1707 1792 1742 :
1833 1711 1850 1741 ι
1879 1691 1934 1744 1η
1978 1691 2076 1745 Pa-

503 1761 672 1814 schali
708 1780 835 1818 vero
862 1767 1216 1836 hebdomada,
1269 1789 1373 1828 non
1402 1777 1576 1832 solum
1609 1780 1883 1835 relaxatur
1907 1783 2073 1836 absti-

2173 614 2294 667 bina
2343 611 2566 666 refectio
2615 630 2666 666 ni
2717 613 2803 666 die
2837 619 3066 675 tenetur,
3097 609 3318 678 reliquis
3341 623 3468 664 vero
3519 618 3749 677 quatuor

2175 706 2363 760 diebus
2387 705 2655 776 jejunium
2683 722 2747 760 ex
2803 721 2951 760 more
2977 712 3241 759 servetur.
3279 723 3298 756 ι
3326 702 3421 758 Cui
3451 702 3528 756 sic
3553 716 3748 765 conso-

2173 793 2338 848 natB.
2370 795 2681 865 Rodnlphus
2709 797 2824 851 loco
2865 797 2982 861 cit.,
3009 811 3128 864 cap.
3162 795 3226 848 13
3261 808 3275 846 :
3317 813 3334 845 ι
3370 793 3633 861 Deinceps
3652 806 3750 845 au-

2175 894 2279 938 tem
2323 885 2408 954 (ab
2445 896 2627 938 octava
2661 885 3012 955 Pentecostn)
3043 898 3213 953 usque
3233 883 3285 937 in
3315 881 3663 938 festivitatem
3689 879 3748 934 S.

2172 971 2417 1037 Joannis,
2449 987 2680 1042 quatuor
2701 975 2888 1030 diebus
2912 974 2963 1028 in
2994 973 3328 1029 hebdomada
3353 972 3625 1041 deputatis
3658 971 3752 1026 ab-

2173 1066 2462 1130 stinentiaz,
2490 1069 2644 1120 tertia
2685 1066 2819 1120 feria
2864 1064 3179 1134 simpliciter
3223 1063 3521 1132 jejunatur,
3562 1061 3752 1130 quinta

2174 1169 2300 1208 vero
2331 1156 2636 1223 geminatur
2667 1157 2910 1213 refectio.
2950 1157 3023 1211 De
3067 1166 3264 1212 caetero
3297 1170 3468 1225 usque
3493 1153 3619 1208 Idus
3657 1151 3755 1208 Se-

2173 1245 2434 1312 ptembris
2461 1247 2646 1300 eadem
2666 1255 2898 1316 quatuor
2912 1248 3119 1302 dierum
3146 1243 3753 1317 servaturjabstinentia,

2177 1334 2329 1386 tertia
2351 1334 2606 1401 ctquiuta
2641 1336 2773 1389 feria
2801 1336 3026 1406 gemina:
3065 1334 3348 1390 refectioni
3399 1331 3690 1402 deputatis.
3729 1348 3750 1383 ι

2245 1418 2334 1473 XI.
2367 1420 2500 1474 Cum
2533 1423 2695 1489 igitur
2721 1423 2980 1492 ejusmodi
3013 1423 3284 1478 obtineret
3307 1421 3446 1490 apud
3485 1419 3757 1474 Avellani-

2176 1521 2276 1575 tas,
2306 1520 2466 1580 atque
2500 1512 2935 1569 Camaldulenses
2965 1529 3058 1582 per
3091 1523 3258 1568 totum
3277 1513 3401 1566 anni
3425 1510 3754 1575 curriculum

2176 1603 2465 1658 cremitica:
2492 1604 2831 1658 abstinentia:
2868 1622 2896 1658 a
2929 1604 2986 1660 S.
3022 1604 3328 1660 Romualdo
3357 1604 3619 1658 instituta:
3646 1602 3756 1657 dis-

2178 1693 2422 1757 tributio,
2466 1694 2581 1762 pari
2646 1694 3029 1750 moderationis
3087 1706 3274 1748 tenore
3323 1693 3610 1762 utrobique
3658 1692 3756 1750 0b-

2181 1794 2418 1848 scrvato,
2471 1801 2577 1853 qua
2621 1786 2962 1841 districtione
3021 1785 3251 1856 duplicis
3313 1783 3757 1853 Quadragesimz

501 1852 704 1949 υθῐξῑίει,
738 1858 831 1909 sed
865 1859 1027 1912 etiam
1074 1863 1337 1930 jejunium
1366 1866 1610 1922 solvitur.
1660 1869 1717 1923 ln
1756 1870 2074 1926 Pentecoste
2110 1863 2149 1919 Β
2179 1892 2391 1929 cursum
2419 1885 2523 1929 tam
2551 1877 2624 1942 hi,
2649 1893 2809 1946 quam
2840 1878 2913 1932 illi
2963 1893 3224 1949 peragere
3257 1877 3653 1938 consueverint,
3679 1874 3760 1928 vi-

501 1938 687 1992 eadem
725 1943 997 2002 observari
1037 1952 1253 2019 debent,
1285 1971 1403 2024 quae
1451 1956 1502 2010 in
1541 1957 1786 2014 Paschali
1818 1961 2072 2016 solemni-

503 2035 612 2081 tate
635 2045 1052 2094 commemorata
1103 2053 1249 2108 sunt,
1305 2057 1529 2116 excepto
1555 2050 1694 2117 quod
1720 2049 1923 2118 jejunia
1947 2066 2080 2121 qua-

505 2123 631 2169 tuor
661 2127 958 2190 temporum
1006 2129 1056 2184 in
1099 2131 1199 2186 hac
1229 2134 1580 2200 ltebdomada,
1609 2148 1759 2192 sexta
1791 2140 1920 2195 feria
1959 2143 2078 2196 abs—

502 2205 742 2262 tinentire
765 2211 1038 2282 deputata,
1085 2221 1188 2272 ritu
1224 2222 1600 2280 Ecclesiastico
1639 2228 1952 2296 simpliciter
1985 2232 2076 2285 ob-

501 2310 803 2386 serventur.
844 2323 861 2354 »
896 2306 957 2359 Et
1009 2324 1130 2362 mox
1161 2327 1281 2381 cap.
1312 2313 1374 2367 15
1407 2331 1420 2367 :
1463 2332 1480 2366 ι
1521 2316 1616 2370 Die
1649 2332 1862 2386 quoque
1913 2319 2078 2384 ipsius

502 2383 814 2448 Nativitatis
835 2396 1100 2465 jejunium
1129 2402 1376 2468 solvitur,
1395 2407 1608 2460 cmleris
1623 2423 1752 2461 vero
1773 2409 1962 2462 diebus
1987 2426 2078 2462 aer

504 2486 668 2533 totam
693 2482 948 2541 Octavam
981 2491 1091 2542 sola
1123 2492 1445 2549 abstinentia
1474 2496 1766 2551 relaxatur.
1801 2517 1818 2548 ι

579 2591 670 2646 1x.
705 2595 931 2664 Rursus,
969 2610 1077 2656 toto
1125 2604 1368 2660 Paschali
1427 2616 1664 2677 tempore
1715 2619 1948 2678 quatuor
1985 2626 2080 2679 per

504 2679 893 2739 hebdomadam
925 2689 1109 2744 diebus
1139 2693 1420 2759 duntaxat,
1446 2696 1710 2766 tumapud
1739 2698 2075 2762 Avellanam,

465 2826 468 2828 _
504 2776 618 2825 tum
648 2776 786 2841 apud
835 2777 1225 2846 Camaldulnm,
1253 2782 1441 2852 jejunii
1473 2801 1701 2841 censura
1739 2791 2075 2853 servabatur,

507 2863 683 2924 tertia,
709 2872 763 2916 et
789 2867 973 2933 quinta
1017 2868 1169 2931 feria,
1204 2882 1400 2940 praeter
1430 2874 1768 2928 Dominicum
1797 2878 1960 2940 diem,
1988 2893 2080 2949 ge-

505 2951 666 3004 minae
704 2953 981 3009 refectioni
1033 2959 1323 3028 deputatis.
1380 2961 1532 3018 Unde
1585 2963 1778 3019 Petrus
1833 2966 2077 3021 Damiani

503 3039 636 3094 locis
665 3058 824 3110 supra
877 3048 1058 3101 citatis
1081 3051 1157 3102 ait
1193 3069 1206 3104 :
1239 3071 1256 3102 ‹
1289 3053 1370 3106 Ab
1399 3053 1617 3108 Octavis
1664 3072 1856 3127 nempe
1896 3060 2075 3113 Domi-

503 3127 638 3181 nica:
668 3129 1120 3199 liesurrectionis,
1165 3154 1334 3208 usque
1379 3141 1442 3194 ad
1474 3142 1612 3197 diem
1663 3155 1906 3199 sanctum
1940 3145 2078 3199 Pen-

2177 1965 2416 2018 deamus.
2450 1965 2524 2019 De
2559 1965 2615 2019 S.
2650 1965 2937 2022 Romualdi
2983 1967 3262 2036 discipulis
3294 1967 3524 2036 legimus
3551 1966 3605 2019 in
3643 1963 3761 2032 ejus

2178 2054 2322 2119 Vita,
2350 2069 2468 2122 cap.
2497 2055 2550 2118 9,
2579 2057 2720 2124 quod
2749 2075 2760 2109 :
2793 2075 2811 2106 ι
2863 2056 2920 2110 ln
2967 2057 3178 2112 duabus
3217 2055 3343 2110 anni
3390 2053 3760 2126 Quadragesl-

2179 2146 2304 2209 mis,
2335 2161 2438 2199 non
2475 2147 2646 2201 solum
2698 2149 2813 2217 ipse
2851 2147 3219 2219 (Romualdus)
3251 2149 3343 2202 sed
3389 2146 3636 2217 plerique
3676 2143 3770 2202 Iul

2177 2235 2461 2305 discipuli,
2487 2239 2651 2293 totius
2685 2239 3035 2294 hebdomade
3079 2238 3221 2294 soliti
3249 2247 3404 2294 erant
3442 2239 3765 2294 continuare

2173 2323 2456 2391 jejunium.
2488 2345 2506 2377 ι
2537 2326 2770 2397 ldipsum
2803 2331 2868 2384 de
2913 2329 3186 2384 nonnullis
3232 2345 3330 2384 suo
3362 2339 3604 2399 tempore
3648 2329 3763 2383 Ca-

2180 2413 2603 2470 malduleusibus
2618 2420 2860 2473 eremitis
2891 2428 3121 2473 testatur
3142 2420 3205 2474 Β.
3256 2419 3571 2488 Rodulphus
3611 2420 3767 2490 prior

2187 2505 2238 2558 in
2263 2504 2751 2563 Constitutiouibus
2774 2509 2902 2562 anni
2936 2507 3093 2574 1085,
3117 2518 3172 2564 et
3197 2509 3391 2566 Petrus
3411 2509 3658 2564 Damiani
3695 2510 3765 2567 de

2178 2599 2514 2665 Avellanitis,
2541 2603 2797 2670 opusculo
2829 2617 2939 2666 xiv,
2971 2603 3049 2657 sic
3089 2601 3365 2671 loquitur:
3398 2621 3416 2654 ι
3450 2603 3526 2658 De
3552 2603 3763 2659 duabus

2180 2689 2284 2744 illis
2301 2690 2760 2760 Quadragesimis,
2785 2709 2904 2762 quae
2919 2693 3001 2748 vel
3020 2692 3262 2749 Natalem
3280 2694 3510 2756 Domini,
3531 2693 3615 2748 vel
3636 2709 3760 2749 san-

2179 2789 2324 2832 ctum
2349 2780 2552 2835 Pascha
2581 2783 2910 2850 prmcedunt,
2936 2784 3061 2838 licet
3078 2799 3178 2853 ego
3205 2792 3436 2848 taceam,
3455 2801 3552 2839 vos
3579 2793 3761 2840 tamen

2181 2871 2354 2932 scitis,
2379 2873 2504 2939 quia
2541 2874 2780 2926 nonnulli
2809 2874 2896 2928 hic
2926 2885 3073 2940 sunt,
3097 2876 3186 2944 qui
3215 2875 3625 2944 absqucdiebus
3653 2876 3764 2931 Do-

2183 2959 2415 3024 minicis,
2439 2959 2633 3028 duplex
2662 2961 2788 3015 illud
2818 2961 3291 3032 Quadragesimale
3317 2965 3550 3034 spatium
3575 2976 3751 3022 totum

2173 3049 2468 3117 jejunando
2509 3061 2883 3107 transcurrere
2925 3054 3122 3118 solent,
3177 3055 3419 3123 exceptis
3469 3055 3641 3111 tribus
3675 3071 3766 3112 so-

2182 3139 2566 3205 lemnitatibus,
2593 3141 2920 3198 S.videlicet
2949 3143 3199 3209 Andreae,
3221 3154 3274 3198 et
3301 3143 3359 3198 S.
3377 3143 3676 3211 Benedicti,
3705 3153 3764 3201 et

505 3221 758 3283 tecostes,
803 3233 1031 3289 quatuor
1077 3226 1190 3281 dies
1227 3244 1318 3296 per
1374 3231 1760 3286 hebdomadam
1783 3232 2072 3303 jejuuatis;

2180 3229 2603 3285 Annuntiatione
2655 3232 2954 3287 Dominica.
2995 3253 3012 3284 ι
3048 3233 3114 3287 Et
3180 3248 3364 3302 opusc.
3397 3249 3487 3297 xv,
3519 3249 3639 3303 cap.
3663 3209 3761 3290 V6:

506 3316 700 3374 praeter
731 3309 1067 3367 Dominirum
1104 3332 1230 3371 vero
1263 3319 1425 3383 diem,
1471 3324 1535 3375 de
1579 3323 1729 3392 cujus
1776 3328 2076 3378 reverentia

504 3393 682 3449 nullus
710 3399 1010 3468 addubitat,
1044 3407 1199 3458 tertia
1234 3407 1387 3471 feria,
1416 3418 1470 3462 et
1512 3411 1698 3479 quinta
1730 3412 1863 3467 feria
1896 3415 1979 3467 his
2023 3416 2076 3469 in

505 3482 592 3538 die
621 3485 912 3542 reficitis.»
957 3491 1179 3548 Sabbati
1230 3507 1403 3552 tamen
1455 3499 1719 3568 jejunium
1752 3517 1854 3556 non
1903 3505 2079 3572 perfe-

506 3583 673 3640 ctum,
700 3579 790 3632 sed
816 3581 1038 3651 simplex
1071 3595 1210 3650 erat,
1243 3589 1398 3642 unica
1438 3605 1629 3660 nempe
1657 3590 1950 3648 refectione
1974 3595 2078 3648 cir-

509 3671 916 3738 cumscriptum,
948 3678 1040 3729 sed
1091 3679 1232 3739 vino,
1263 3690 1316 3734 ct
1347 3681 1620 3749 pulmento
1670 3686 1910 3740 eremitis
1957 3703 2078 3755 per-

507 3757 694 3821 misso,
755 3769 808 3814 et
855 3764 998 3817 enim
1060 3768 1353 3824 Bamianns
1407 3787 1593 3839 Opusc.
1647 3790 1734 3838 xv,
1793 3791 1909 3844 cap.
1963 3778 2076 3831 15:

513 3867 530 3898 ι
569 3848 682 3904 Non
713 3869 874 3920 grave
914 3857 1162 3912 videatur
1191 3861 1343 3915 fratri
1374 3864 1535 3916 etiam
1579 3863 1816 3919 Sabbato
1841 3866 2082 3921 refectio-

509 3954 630 3992 nem
659 3943 724 3995 ad
751 3960 946 4000 nonam
984 3949 1170 4004 horam
1205 3967 1373 4020 usque
1401 3951 1617 4007 differre
1646 3973 1656 4006 :
1685 3965 1743 4008 ut
1775 3956 1942 4011 semel
1963 3956 2080 4025 qui-

510 4028 629 4082 dem
688 4033 800 4102 ipso
845 4036 930 4090 die
984 4040 1279 4104 reﬁciatnr,
1314 4043 1406 4096 sed
1452 4053 1645 4097 tamem
1681 4045 1888 4110 viuum,
1920 4053 2081 4114 atque

509 4121 842 4185 pulmentum
883 4129 1157 4198 percipere
1207 4148 1268 4183 ex
1303 4133 1460 4198 hujus
1494 4145 1689 4186 nostrae
1732 4134 2082 4189 institutionis

513 4208 840 4279 indulgentia
896 4232 999 4269 non
1052 4227 1279 4272 vetetur.
1321 4239 1339 4271 ι
1391 4221 1541 4286 Quod
1586 4221 1759 4290 ipsum
1790 4223 1848 4275 Β.
1883 4223 2084 4277 Rodul-

511 4299 649 4364 phus
676 4302 826 4368 prior
855 4305 906 4357 in
959 4307 1250 4362 Constitut.
1296 4311 1412 4374 cit.,
1450 4327 1568 4382 cap.
1624 4313 1710 4377 12,
1741 4314 1821 4368 sic
1866 4315 2082 4371 brevius

510 4391 762 4456 exprimit
798 4413 810 4445 :
852 4414 868 4445 ι
904 4395 1248 4452 Postmodum
1278 4416 1406 4454 vero
1453 4402 1538 4471 (ab
1568 4413 1745 4457 octava
1781 4402 2080 4476 Prisc/tatis)

513 4479 686 4532 tribus
737 4483 786 4534 in
843 4484 1174 4541 he'alomada
1205 4490 1392 4543 diebus
1416 4494 1628 4561 (nempe
1653 4493 1784 4546 feria
1822 4499 2077 4563 secunda,

511 4580 725 4635 quarta,
759 4583 811 4626 et
839 4578 1012 4643 sexta)
1041 4593 1207 4646 usque
1238 4579 1590 4635 Pentecosten
1620 4586 1883 4652 repetitur
1911 4587 2078 4640 εὼς,ιί-

513 4661 725 4725 nentia;
764 4662 995 4719 Sahbata
1028 4683 1154 4721 vero
1180 4669 1408 4738 simplici
1432 4670 1637 4739 jejunio
1660 4675 1964 4742 deputatur.
2019 4695 2036 4726 ι

583 4749 650 4801 Χ.
669 4751 782 4804 Jam
812 4755 878 4807 ab
900 4766 1089 4810 octava
1122 4757 1490 4825 Pentecostes,
1518 4777 1686 4831 usque
1710 4765 1777 4817 ad
1813 4763 2078 4816 Nativita-

515 4849 618 4893 tem
647 4841 701 4894 S.
726 4841 947 4900 Joannis
978 4847 1227 4918 Baptista:
1278 4864 1508 4920 quatuor
1536 4855 1751 4923 quidem
1806 4856 1937 4910 solis
1967 4857 2080 4910 die-

514 4933 613 4988 bus
645 4936 989 5004 abstinentia,
1023 4957 1112 4994 sen
1163 4945 1456 5012 perfectum
1501 4946 1761 5015 jejunium
1796 4951 2081 5018 utrobique

517 5025 568 5078 in
599 5042 693 5080 usu
723 5027 918 5090 fuerat,
946 5032 1036 5084 sed
1069 5043 1328 5100 prmterea
1379 5035 1513 5090 feria
1550 5040 1705 5093 tertia
1752 5040 1980 5108 simplici
2002 5041 2082 5108 je-

511 5115 663 5182 junio
688 5122 1131 5187 consecrabatur,
1159 5139 1278 5192 quae
1318 5125 1573 5197 deinceps
1594 5146 1622 5182 a
1662 5131 1798 5184 festo
1832 5129 1890 5183 S.
1922 5130 2082 5186 Joan-

518 5209 622 5270 nis,
658 5225 823 5276 usquc
871 5215 933 5267 ad
984 5214 1106 5269 ldus
1154 5216 1485 5286 Septembris
1534 5221 1758 5289 gemina:
1802 5223 2080 5277 refectioni

517 5300 729 5353 addicta
782 5312 917 5367 erat,
963 5322 1180 5373 prorsus
1212 5317 1268 5362 ut
1310 5309 1554 5362 Paschali
1585 5321 1823 5380 tempore
1855 5328 2082 5368 consue-

516 5394 657 5448 vissc
678 5397 996 5450 notavimus.
1027 5397 1102 5450 En
1127 5399 1268 5453 Petrl
1301 5400 1543 5456 Damiani
1569 5405 1730 5458 verba
1771 5421 1958 5473 opusc.
1994 5421 2082 5458 xtv

517 5495 572 5537 et
603 5500 690 5547 xv,
721 5501 840 5555 cap.
871 5488 902 5540 6
939 5507 949 5540 :
987 5508 1003 5538 ‹
1037 5491 1117 5543 Ab
1139 5501 1323 5543 octava
1356 5507 1482 5547 vero
1510 5476 1876 5558 Penteco‘stes,
1912 5507 2084 5566 usque

520 5577 585 5630 ad
615 5575 958 5632 Nativitatem
1009 5580 1065 5633 Β.
1099 5577 1340 5646 Jcanuis,
1372 5585 1526 5638 tertia
1557 5586 1772 5654 quidem
1805 5586 1938 5640 feria
1971 5586 2086 5654 pul-

522 5680 759 5722 mentum
809 5669 1068 5726 fratribus
1101 5673 1230 5726 hora
1261 5669 1408 5726 'nona
1435 5675 1704 5739 tribuitur,
1735 5665 1919 5743 quinta
1959 5689 2086 5728 vero

523 5759 655 5814 feria
690 5763 910 5819 refectio
943 5764 1186 5818 iteratur.
1219 5764 1385 5820 Porro
1411 5784 1436 5818 a
1463 5766 1750 5822 festivitate
1775 5768 1829 5822 S.
1865 5768 2088 5822 Joannis

2184 3338 2201 3370 ‹
2242 3321 2458 3374 Duabus
2487 3335 2664 3374 autem
2693 3321 2796 3376 illis
2830 3322 3286 3393 Quadragesimis,
3312 3338 3432 3392 qua:
3457 3323 3540 3378 vel
3569 3322 3764 3380 Natale

2179 3410 2411 3473 Domini,
2441 3411 2519 3464 vel
2578 3422 2822 3465 sanctum.
2880 3412 3081 3466 Pascha
3133 3414 3467 3481 praecedunt,
3513 3413 3760 3468 nonnulli

2178 3501 2374 3556 fratres
2403 3501 2487 3554 hic
2517 3510 2663 3565 sunt,
2697 3504 2786 3571 qui
2837 3514 3003 3557 totam
3037 3504 3428 3558 hebdomadam
3471 3504 3767 3572 jejunando

2179 3597 2579 3654 transcurrunt,
2627 3600 2681 3644 et
2710 3592 2970 3660 quotidie,
3024 3593 3266 3661 exceptis
3311 3593 3497 3648 diebus
3529 3594 3768 3648 Domini-

2178 3680 2275 3742 cis,
2307 3681 2359 3733 in
2390 3697 2551 3750 pane,
2576 3692 2630 3736 et
2656 3699 2796 3751 aqua
2833 3684 3036 3736 vivunt.
3078 3701 3096 3735 ι

2252 3771 2362 3824 XII.
2401 3773 2608 3841 Reliqui
2639 3783 2843 3837 autem,
2874 3775 2963 3842 qui
2996 3784 3102 3827 tam
3135 3773 3295 3844 rigidi
3332 3773 3522 3842 jejunii
3578 3774 3760 3828 contio

2182 3863 2492 3918 nuationem
2524 3864 2666 3918 ferre
2691 3883 2793 3919 nou
2820 3875 3092 3935 poterant,
3137 3867 3250 3920 sola
3286 3867 3554 3931 triduana,
3605 3876 3660 3920 et
3685 3868 3767 3921 bi-

2182 3951 2362 4005 duana
2398 3954 2721 4008 abstinentia
2750 3957 3014 4016 contenti,
3051 3976 3067 4004 ι
3099 3956 3268 4020 olera,
3293 3957 3373 4008 vel
3403 3958 3769 4028 quodcunque

2180 4043 2447 4112 liquamen
2481 4064 2496 4094 ι
2532 4044 2663 4098 feria
2696 4047 2903 4115 quinta,
2935 4056 2988 4100 et
3030 4046 3322 4099 Dominicis
3341 4045 3529 4099 diebus
3559 4049 3764 4102 utrius-

2187 4151 2289 4202 que
2319 4136 2754 4206 Quadragesimte
2798 4139 2864 4191 ad
2902 4139 3249 4191 refectionem
3288 4137 3556 4190 addebant
3588 4156 3599 4188 :
3631 4153 3659 4190 a
3686 4137 3774 4206 pi-

2183 4226 2362 4279 scibus
2405 4236 2604 4291 tamen,
2657 4238 2710 4280 et
2771 4229 2914 4289 vino,
2956 4227 3373 4280 solemnioribus
3443 4227 3765 4294 quibusdam

2184 4318 2372 4372 diebus
2394 4319 2652 4386 exceptis,
2683 4326 2793 4370 tum
2822 4317 3156 4380 Avellanitre,
3186 4326 3296 4368 tum
3328 4315 3768 4372 Camaldulenses

2183 4423 2370 4462 omnes
2420 4407 2622 4476 pariter
2659 4407 3026 4460 abstinebant.
3085 4405 3159 4457 De
3197 4405 3383 4472 primis
3416 4405 3556 4458 enim
3592 4407 3768 4475 inquit

2185 4499 2380 4550 Petrus
2430 4497 2670 4550 Damiani
2710 4505 2820 4548 tum
2852 4510 3038 4564 Opusc.
3091 4509 3201 4557 xw,
3244 4502 3352 4546 tum
3405 4509 3492 4558 xv,
3539 4510 3660 4563 cap.
3689 4499 3721 4550 6
3748 4535 3765 4552 .

2189 4606 2204 4636 ς
2240 4587 2296 4639 1η
2331 4586 2604 4655 prazdictis
2630 4585 2837 4638 duabus
2860 4583 3301 4652 Quadragesimis
3325 4585 3661 4638 consuetudo
3691 4595 3770 4640 te-

2183 4677 2316 4741 nuit,
2344 4685 2401 4729 ut
2427 4691 2596 4744 neque
2621 4674 2923 4738 monachis,
2948 4688 3122 4742 neque
3153 4672 3306 4726 laicis
3336 4673 3466 4735 vini,
3496 4673 3579 4727 vel
3602 4674 3765 4727 etiam

2183 4767 2348 4834 piscis
2408 4765 2681 4834 perceptio
2733 4763 3083 4826 concedatur,
3126 4761 3367 4829 exceptis
3407 4763 3490 4815 his
3537 4773 3768 4830 quatuor

2184 4853 2588 4917 festivitatibus,
2623 4852 2793 4907 sancti
2822 4851 3028 4906 scilicet
3079 4852 3328 4914 Andreze,
3353 4860 3404 4905 et
3435 4850 3497 4907 Β.
3539 4852 3767 4906 Benedi-

2186 4947 2278 5010 cti,
2303 4955 2355 4999 et
2378 4945 2654 4998 Dominica
2683 4944 3013 5009 Palmarum,
3043 4952 3097 4997 et
3117 4943 3282 4997 Coena
3318 4943 3544 5006 Domini,
3570 4945 3768 5012 quibus

2184 5038 2436 5091 nimirum
2465 5035 2846 5090 sacratissimis
2894 5035 3084 5089 diebus
3126 5035 3319 5103 pisces,
3355 5045 3409 5088 et
3434 5035 3637 5099 vinum,
3665 5049 3766 5089 ex-

2183 5129 2493 5183 cellentium
2539 5127 2938 5181 solenmitatum
3022 5125 3206 5178 laetitia
3259 5124 3542 5189 invitante,
3591 5127 3766 5195 perci-

2187 5219 2358 5286 piunt.
2397 5235 2414 5268 ι
2453 5218 2524 5270 De
2563 5216 2812 5270 secundis
2842 5224 3021 5268 autem
3069 5215 3130 5269 Β.
3186 5214 3502 5283 Rodulphus
3529 5217 3680 5284 prior
3709 5218 3765 5270 in

2185 5308 2414 5361 Constit.
2448 5306 2571 5358 anni
2597 5306 2752 5369 1085,
2787 5306 2958 5372 inquit
2996 5322 3006 5355 :
3052 5323 3068 5353 ι
3106 5304 3218 5357 Mos
3243 5313 3325 5357 est
3366 5304 3418 5357 in
3449 5304 3589 5359 binis
3613 5306 3765 5372 Qua-

2188 5397 2506 5468 dragcsimis
2559 5397 2731 5464 pisces
2784 5396 3084 5448 nullatenus
3130 5395 3311 5458 edere,
3344 5395 3426 5450 vel
3457 5396 3643 5448 vinum
3678 5397 3763 5450 bi-

2186 5491 2335 5556 bere,
2368 5490 2467 5542 nisi
2489 5488 2541 5541 in
2567 5487 2905 5541 solemnitate
2937 5487 2992 5540 S.
3026 5487 3274 5549 Andrem,
3299 5496 3351 5540 et
3391 5488 3564 5541 sancti
3597 5488 3768 5543 Bene—

2188 5581 2338 5644 dicti,
2363 5590 2416 5632 et
2463 5589 2661 5634 sanctze
2693 5579 2891 5641 Mariae,
2933 5586 2984 5631 et
3040 5577 3314 5631 Dominica
3369 5579 3419 5631 in
3467 5578 3688 5643 Palmis,
3719 5582 3765 5634 si

2191 5673 2365 5742 aliqua
2389 5688 2449 5726 ex
2486 5680 2640 5741 parte
2681 5670 2937 5724 Dominus
2981 5669 3366 5733 transmiserit,
3411 5680 3465 5722 et
3509 5670 3560 5723 in
3595 5670 3767 5724 C(ena

2195 5763 2422 5818 Domini.
2488 5783 2504 5814 ν
2574 5761 2938 5829 Similiterque
2994 5761 3047 5815 in
3116 5759 3235 5815 aliis
3277 5759 3768 5817 Constitutionibus

3969 437 3971 582 |
