  <div class='ocr_page' id='page_1' title='image "/cluster/home/n/w/nwhite01/storage/ocr_20150623/144-145/uc1.31175001639262/024.png"; bbox 0 0 4040 6380; ppageno 0'>
   <div class='ocr_carea' id='block_1_1' title="bbox 272 337 3576 427">
    <p class='ocr_par' dir='ltr' id='par_1_1' title="bbox 272 337 3576 427">
     <span class='ocr_line' id='line_1_1' title="bbox 272 337 3576 427; baseline -0.01 -9"><span class='ocrx_word' id='word_1_1' title='bbox 272 370 336 427; x_wconf 69' lang='grc'><strong>33</strong></span> <span class='ocrx_word' id='word_1_2' title='bbox 1162 346 1695 409; x_wconf 77' lang='lat' dir='ltr'><strong>PROLEGOMENA.</strong></span> <span class='ocrx_word' id='word_1_3' title='bbox 1721 375 1792 386; x_wconf 83' lang='lat'><strong>—-</strong></span> <span class='ocrx_word' id='word_1_4' title='bbox 1831 341 1921 399; x_wconf 85' lang='lat' dir='ltr'><strong>DE</strong></span> <span class='ocrx_word' id='word_1_5' title='bbox 1957 340 2332 399; x_wconf 82' lang='lat' dir='ltr'><strong>INSTITUTO</strong></span> <span class='ocrx_word' id='word_1_6' title='bbox 2370 337 2770 398; x_wconf 82' lang='lat' dir='ltr'><strong>CAMALDUL.</strong></span> <span class='ocrx_word' id='word_1_7' title='bbox 3503 343 3576 400; x_wconf 66' lang='grc' dir='ltr'>δι</span> 
     </span>
    </p>
   </div>
   <div class='ocr_carea' id='block_1_2' title="bbox 274 451 3574 544">
    <p class='ocr_par' dir='ltr' id='par_1_2' title="bbox 274 451 3574 544">
     <span class='ocr_line' id='line_1_2' title="bbox 274 451 3574 544; baseline -0.006 -6"><span class='ocrx_word' id='word_1_8' title='bbox 274 481 395 538; x_wconf 86' lang='lat' dir='ltr'><strong>anni</strong></span> <span class='ocrx_word' id='word_1_9' title='bbox 441 477 604 542; x_wconf 83' lang='grc'><strong>1080,</strong></span> <span class='ocrx_word' id='word_1_10' title='bbox 648 487 768 544; x_wconf 85' lang='lat' dir='ltr'><strong>cap.</strong></span> <span class='ocrx_word' id='word_1_11' title='bbox 797 471 884 537; x_wconf 81' lang='grc'><strong>11,</strong></span> <span class='ocrx_word' id='word_1_12' title='bbox 921 467 1029 522; x_wconf 81' lang='lat' dir='ltr'><strong>ait:</strong></span> <span class='ocrx_word' id='word_1_13' title='bbox 1063 484 1081 517; x_wconf 76' lang='grc' dir='ltr'>ι</span> <span class='ocrx_word' id='word_1_14' title='bbox 1119 465 1314 521; x_wconf 81' lang='lat' dir='ltr'><strong>Vinum</strong></span> <span class='ocrx_word' id='word_1_15' title='bbox 1355 476 1572 532; x_wconf 88' lang='lat' dir='ltr'><strong>quoque</strong></span> <span class='ocrx_word' id='word_1_16' title='bbox 1610 465 1732 529; x_wconf 89' lang='lat' dir='ltr'><strong>post</strong></span> <span class='ocrx_word' id='word_1_17' title='bbox 1763 456 1865 510; x_wconf 85' lang='lat' dir='ltr'><strong>ini-</strong></span> <span class='ocrx_word' id='word_1_18' title='bbox 1892 456 1942 515; x_wconf 77' lang='grc' dir='ltr'><strong>Α</strong></span> <span class='ocrx_word' id='word_1_19' title='bbox 1972 451 2172 510; x_wconf 88' lang='lat' dir='ltr'><strong>Statim</strong></span> <span class='ocrx_word' id='word_1_20' title='bbox 2199 454 2534 510; x_wconf 83' lang='lat' dir='ltr'><strong>Romualdus</strong></span> <span class='ocrx_word' id='word_1_21' title='bbox 2585 453 2868 526; x_wconf 79' lang='lat' dir='ltr'><strong>fragilitati</strong></span> <span class='ocrx_word' id='word_1_22' title='bbox 2908 453 2996 524; x_wconf 88' lang='lat' dir='ltr'><strong>pie</strong></span> <span class='ocrx_word' id='word_1_23' title='bbox 3039 456 3405 526; x_wconf 84' lang='lat' dir='ltr'><strong>compatiens,</strong></span> <span class='ocrx_word' id='word_1_24' title='bbox 3432 474 3574 518; x_wconf 79' lang='lat' dir='ltr'><strong>con-</strong></span> 
     </span>
    </p>
   </div>
   <div class='ocr_carea' id='block_1_3' title="bbox 275 551 1863 638">
    <p class='ocr_par' dir='ltr' id='par_1_3' title="bbox 275 551 1863 638">
     <span class='ocr_line' id='line_1_3' title="bbox 275 551 1863 638; baseline -0.015 -10"><span class='ocrx_word' id='word_1_25' title='bbox 275 574 406 627; x_wconf 88' lang='lat' dir='ltr'><strong>tium</strong></span> <span class='ocrx_word' id='word_1_26' title='bbox 435 565 875 638; x_wconf 73' lang='lat' dir='ltr'><strong>Quadragesimae</strong></span> <span class='ocrx_word' id='word_1_27' title='bbox 900 573 1126 630; x_wconf 58' lang='lat' dir='ltr'><strong>magnae,</strong></span> <span class='ocrx_word' id='word_1_28' title='bbox 1157 571 1220 610; x_wconf 90' lang='lat' dir='ltr'><strong>ac</strong></span> <span class='ocrx_word' id='word_1_29' title='bbox 1250 554 1414 610; x_wconf 91' lang='lat' dir='ltr'><strong>etiam</strong></span> <span class='ocrx_word' id='word_1_30' title='bbox 1443 552 1724 606; x_wconf 77' lang='lat' dir='ltr'><strong>Adventus</strong></span> <span class='ocrx_word' id='word_1_31' title='bbox 1755 551 1863 605; x_wconf 89' lang='lat' dir='ltr'><strong>Do-</strong></span> 
     </span>
    </p>
   </div>
   <div class='ocr_carea' id='block_1_4' title="bbox 275 643 1866 720">
    <p class='ocr_par' dir='ltr' id='par_1_4' title="bbox 275 643 1866 720">
     <span class='ocr_line' id='line_1_4' title="bbox 275 643 1866 720; baseline -0.014 0"><span class='ocrx_word' id='word_1_32' title='bbox 275 665 402 720; x_wconf 85' lang='lat' dir='ltr'><strong>mini</strong></span> <span class='ocrx_word' id='word_1_33' title='bbox 428 679 534 717; x_wconf 91' lang='lat' dir='ltr'><strong>non</strong></span> <span class='ocrx_word' id='word_1_34' title='bbox 567 661 726 714; x_wconf 86' lang='lat' dir='ltr'><strong>datur</strong></span> <span class='ocrx_word' id='word_1_35' title='bbox 769 655 871 711; x_wconf 84' lang='lat' dir='ltr'><strong>nisi</strong></span> <span class='ocrx_word' id='word_1_36' title='bbox 897 655 950 708; x_wconf 92' lang='lat' dir='ltr'><strong>in</strong></span> <span class='ocrx_word' id='word_1_37' title='bbox 971 649 1247 707; x_wconf 90' lang='lat' dir='ltr'><strong>Dominica</strong></span> <span class='ocrx_word' id='word_1_38' title='bbox 1267 647 1601 710; x_wconf 85' lang='lat' dir='ltr'><strong>Palniarum,</strong></span> <span class='ocrx_word' id='word_1_39' title='bbox 1634 653 1689 699; x_wconf 92' lang='lat' dir='ltr'><strong>et</strong></span> <span class='ocrx_word' id='word_1_40' title='bbox 1713 643 1866 698; x_wconf 84' lang='lat' dir='ltr'><strong>festis</strong></span> 
     </span>
    </p>
   </div>
   <div class='ocr_carea' id='block_1_5' title="bbox 275 734 1860 817">
    <p class='ocr_par' dir='ltr' id='par_1_5' title="bbox 275 734 1860 817">
     <span class='ocr_line' id='line_1_5' title="bbox 275 734 1860 817; baseline -0.013 -8"><span class='ocrx_word' id='word_1_41' title='bbox 275 751 581 817; x_wconf 70' lang='lat' dir='ltr'><strong>declaratis,</strong></span> <span class='ocrx_word' id='word_1_42' title='bbox 618 758 673 805; x_wconf 90' lang='lat' dir='ltr'><strong>et</strong></span> <span class='ocrx_word' id='word_1_43' title='bbox 703 749 756 803; x_wconf 92' lang='lat' dir='ltr'><strong>in</strong></span> <span class='ocrx_word' id='word_1_44' title='bbox 803 747 971 802; x_wconf 65' lang='lat' dir='ltr'><strong>Coena</strong></span> <span class='ocrx_word' id='word_1_45' title='bbox 1014 741 1230 797; x_wconf 92' lang='lat' dir='ltr'><strong>Domini</strong></span> <span class='ocrx_word' id='word_1_46' title='bbox 1279 739 1335 795; x_wconf 93' lang='lat' dir='ltr'><strong>in</strong></span> <span class='ocrx_word' id='word_1_47' title='bbox 1383 737 1778 794; x_wconf 89' lang='lat' dir='ltr'><strong>festivitatibus</strong></span> <span class='ocrx_word' id='word_1_48' title='bbox 1801 734 1860 788; x_wconf 89' lang='grc' dir='ltr'><strong>Β.</strong></span> 
     </span>
    </p>
   </div>
   <div class='ocr_carea' id='block_1_6' title="bbox 275 833 1166 908">
    <p class='ocr_par' dir='ltr' id='par_1_6' title="bbox 275 833 1166 908">
     <span class='ocr_line' id='line_1_6' title="bbox 275 833 1166 908; baseline -0.017 -8"><span class='ocrx_word' id='word_1_49' title='bbox 275 845 478 908; x_wconf 67' lang='lat' dir='ltr'><strong>Mariae,</strong></span> <span class='ocrx_word' id='word_1_50' title='bbox 503 840 787 908; x_wconf 81' lang='lat' dir='ltr'><strong>sanctique</strong></span> <span class='ocrx_word' id='word_1_51' title='bbox 802 833 1105 891; x_wconf 85' lang='lat' dir='ltr'><strong>Benedicti.</strong></span> <span class='ocrx_word' id='word_1_52' title='bbox 1148 851 1166 884; x_wconf 77' lang='grc' dir='ltr'><strong><em>ι</em></strong></span> 
     </span>
    </p>
   </div>
   <div class='ocr_carea' id='block_1_7' title="bbox 342 917 1865 999">
    <p class='ocr_par' dir='ltr' id='par_1_7' title="bbox 342 917 1865 999">
     <span class='ocr_line' id='line_1_7' title="bbox 342 917 1865 999; baseline -0.011 -13"><span class='ocrx_word' id='word_1_53' title='bbox 342 930 476 986; x_wconf 81' lang='lat' dir='ltr'><strong>Xlll.</strong></span> <span class='ocrx_word' id='word_1_54' title='bbox 518 929 808 999; x_wconf 84' lang='lat' dir='ltr'><strong>Speciatim</strong></span> <span class='ocrx_word' id='word_1_55' title='bbox 839 935 1018 980; x_wconf 89' lang='lat' dir='ltr'><strong>tamen</strong></span> <span class='ocrx_word' id='word_1_56' title='bbox 1049 923 1104 978; x_wconf 85' lang='lat' dir='ltr'><strong>in</strong></span> <span class='ocrx_word' id='word_1_57' title='bbox 1135 921 1375 976; x_wconf 88' lang='lat' dir='ltr'><strong>Sabbato</strong></span> <span class='ocrx_word' id='word_1_58' title='bbox 1402 927 1593 975; x_wconf 92' lang='lat' dir='ltr'><strong>sancto</strong></span> <span class='ocrx_word' id='word_1_59' title='bbox 1644 925 1701 974; x_wconf 91' lang='lat' dir='ltr'><strong>et</strong></span> <span class='ocrx_word' id='word_1_60' title='bbox 1725 917 1865 988; x_wconf 78' lang='lat' dir='ltr'><strong>vigi-</strong></span> 
     </span>
    </p>
   </div>
   <div class='ocr_carea' id='block_1_8' title="bbox 272 1011 1867 1079">
    <p class='ocr_par' dir='ltr' id='par_1_8' title="bbox 272 1011 1867 1079">
     <span class='ocr_line' id='line_1_8' title="bbox 272 1011 1867 1079; baseline -0.009 -2"><span class='ocrx_word' id='word_1_61' title='bbox 272 1023 340 1078; x_wconf 87' lang='lat' dir='ltr'><strong>lia</strong></span> <span class='ocrx_word' id='word_1_62' title='bbox 369 1020 574 1076; x_wconf 81' lang='lat' dir='ltr'><strong>Natalis</strong></span> <span class='ocrx_word' id='word_1_63' title='bbox 602 1017 813 1073; x_wconf 89' lang='lat' dir='ltr'><strong>Domini</strong></span> <span class='ocrx_word' id='word_1_64' title='bbox 832 1016 1133 1072; x_wconf 87' lang='lat' dir='ltr'><strong>oblaborcs</strong></span> <span class='ocrx_word' id='word_1_65' title='bbox 1159 1011 1338 1074; x_wconf 85' lang='lat' dir='ltr'><strong>chori,</strong></span> <span class='ocrx_word' id='word_1_66' title='bbox 1372 1012 1558 1065; x_wconf 87' lang='lat' dir='ltr'><strong>vinum</strong></span> <span class='ocrx_word' id='word_1_67' title='bbox 1587 1018 1642 1064; x_wconf 91' lang='lat' dir='ltr'><strong>et</strong></span> <span class='ocrx_word' id='word_1_68' title='bbox 1669 1022 1867 1079; x_wconf 90' lang='lat' dir='ltr'><strong>panem</strong></span> 
     </span>
    </p>
   </div>
   <div class='ocr_carea' id='block_1_9' title="bbox 278 1098 1870 1180">
    <p class='ocr_par' dir='ltr' id='par_1_9' title="bbox 278 1098 1870 1180">
     <span class='ocr_line' id='line_1_9' title="bbox 278 1098 1870 1180; baseline -0.008 -15"><span class='ocrx_word' id='word_1_69' title='bbox 278 1106 498 1180; x_wconf 77' lang='lat' dir='ltr'><strong>largiori</strong></span> <span class='ocrx_word' id='word_1_70' title='bbox 551 1119 1063 1162; x_wconf 53' lang='lat' dir='ltr'><strong>mensuraosun‘tere</strong></span> <span class='ocrx_word' id='word_1_71' title='bbox 1106 1102 1393 1170; x_wconf 90' lang='lat' dir='ltr'><strong>utriusque</strong></span> <span class='ocrx_word' id='word_1_72' title='bbox 1446 1100 1548 1156; x_wconf 89' lang='lat' dir='ltr'><strong>loci</strong></span> <span class='ocrx_word' id='word_1_73' title='bbox 1599 1098 1870 1153; x_wconf 85' lang='lat' dir='ltr'><strong>institutio</strong></span> 
     </span>
    </p>
   </div>
   <div class='ocr_carea' id='block_1_10' title="bbox 269 1190 1866 1274">
    <p class='ocr_par' dir='ltr' id='par_1_10' title="bbox 269 1190 1866 1274">
     <span class='ocr_line' id='line_1_10' title="bbox 269 1190 1866 1274; baseline -0.008 -17"><span class='ocrx_word' id='word_1_74' title='bbox 269 1200 621 1274; x_wconf 81' lang='lat' dir='ltr'><strong>permittebat</strong></span> <span class='ocrx_word' id='word_1_75' title='bbox 657 1216 669 1251; x_wconf 91' lang='lat'><strong>:</strong></span> <span class='ocrx_word' id='word_1_76' title='bbox 702 1197 782 1254; x_wconf 82' lang='lat' dir='ltr'><strong>sic</strong></span> <span class='ocrx_word' id='word_1_77' title='bbox 832 1196 978 1252; x_wconf 89' lang='lat' dir='ltr'><strong>enim</strong></span> <span class='ocrx_word' id='word_1_78' title='bbox 1037 1209 1227 1264; x_wconf 90' lang='lat' dir='ltr'><strong>opusc.</strong></span> <span class='ocrx_word' id='word_1_79' title='bbox 1283 1208 1376 1247; x_wconf 75' lang='lat' dir='ltr'><strong>xxv</strong></span> <span class='ocrx_word' id='word_1_80' title='bbox 1427 1202 1483 1248; x_wconf 91' lang='lat' dir='ltr'><strong>et</strong></span> <span class='ocrx_word' id='word_1_81' title='bbox 1531 1207 1626 1256; x_wconf 80' lang='lat' dir='ltr'><strong>xv,</strong></span> <span class='ocrx_word' id='word_1_82' title='bbox 1659 1205 1779 1261; x_wconf 93' lang='lat' dir='ltr'><strong>cap.</strong></span> <span class='ocrx_word' id='word_1_83' title='bbox 1812 1190 1866 1256; x_wconf 89' lang='lat'><strong>6,</strong></span> 
     </span>
    </p>
   </div>
   <div class='ocr_carea' id='block_1_11' title="bbox 272 1279 1871 1364">
    <p class='ocr_par' dir='ltr' id='par_1_11' title="bbox 272 1279 1871 1364">
     <span class='ocr_line' id='line_1_11' title="bbox 272 1279 1871 1364; baseline -0.009 -16"><span class='ocrx_word' id='word_1_84' title='bbox 272 1293 514 1364; x_wconf 83' lang='lat' dir='ltr'><strong>loquitur</strong></span> <span class='ocrx_word' id='word_1_85' title='bbox 563 1291 630 1347; x_wconf 88' lang='lat' dir='ltr'><strong>de</strong></span> <span class='ocrx_word' id='word_1_86' title='bbox 671 1290 785 1346; x_wconf 86' lang='lat' dir='ltr'><strong>suis</strong></span> <span class='ocrx_word' id='word_1_87' title='bbox 829 1286 1154 1343; x_wconf 82' lang='lat' dir='ltr'><strong>Avellanitis</strong></span> <span class='ocrx_word' id='word_1_88' title='bbox 1193 1284 1489 1339; x_wconf 87' lang='lat' dir='ltr'><strong>Damianus</strong></span> <span class='ocrx_word' id='word_1_89' title='bbox 1521 1300 1537 1336; x_wconf 90' lang='lat'><strong>:</strong></span> <span class='ocrx_word' id='word_1_90' title='bbox 1573 1301 1591 1333; x_wconf 73' lang='grc' dir='ltr'>ι</span> <span class='ocrx_word' id='word_1_91' title='bbox 1625 1281 1684 1336; x_wconf 88' lang='lat' dir='ltr'><strong>in</strong></span> <span class='ocrx_word' id='word_1_92' title='bbox 1734 1279 1871 1335; x_wconf 86' lang='lat' dir='ltr'><strong>Sab-</strong></span> 
     </span>
    </p>
   </div>
   <div class='ocr_carea' id='block_1_12' title="bbox 268 1373 1872 1448">
    <p class='ocr_par' dir='ltr' id='par_1_12' title="bbox 268 1373 1872 1448">
     <span class='ocr_line' id='line_1_12' title="bbox 268 1373 1872 1448; baseline -0.008 -6"><span class='ocrx_word' id='word_1_93' title='bbox 268 1386 400 1442; x_wconf 88' lang='lat' dir='ltr'><strong>bato</strong></span> <span class='ocrx_word' id='word_1_94' title='bbox 443 1394 627 1442; x_wconf 88' lang='lat' dir='ltr'><strong>autem</strong></span> <span class='ocrx_word' id='word_1_95' title='bbox 673 1392 887 1448; x_wconf 88' lang='lat' dir='ltr'><strong>sancto,</strong></span> <span class='ocrx_word' id='word_1_96' title='bbox 920 1396 1019 1437; x_wconf 89' lang='lat' dir='ltr'><strong>nec</strong></span> <span class='ocrx_word' id='word_1_97' title='bbox 1075 1395 1185 1434; x_wconf 85' lang='lat' dir='ltr'><strong>non</strong></span> <span class='ocrx_word' id='word_1_98' title='bbox 1234 1387 1289 1433; x_wconf 89' lang='lat' dir='ltr'><strong>et</strong></span> <span class='ocrx_word' id='word_1_99' title='bbox 1327 1377 1509 1448; x_wconf 76' lang='lat' dir='ltr'><strong>vigilia</strong></span> <span class='ocrx_word' id='word_1_100' title='bbox 1563 1373 1872 1430; x_wconf 81' lang='lat' dir='ltr'><strong>Nativitatis</strong></span> 
     </span>
    </p>
   </div>
   <div class='ocr_carea' id='block_1_13' title="bbox 270 1467 1870 1543">
    <p class='ocr_par' dir='ltr' id='par_1_13' title="bbox 270 1467 1870 1543">
     <span class='ocr_line' id='line_1_13' title="bbox 270 1467 1870 1543; baseline -0.009 -9"><span class='ocrx_word' id='word_1_101' title='bbox 270 1477 510 1543; x_wconf 84' lang='lat' dir='ltr'><strong>Domini,</strong></span> <span class='ocrx_word' id='word_1_102' title='bbox 533 1488 595 1532; x_wconf 91' lang='lat' dir='ltr'><strong>ut</strong></span> <span class='ocrx_word' id='word_1_103' title='bbox 622 1476 779 1531; x_wconf 89' lang='lat' dir='ltr'><strong>labor</strong></span> <span class='ocrx_word' id='word_1_104' title='bbox 801 1471 1163 1529; x_wconf 89' lang='lat' dir='ltr'><strong>ecclesiastici</strong></span> <span class='ocrx_word' id='word_1_105' title='bbox 1191 1470 1469 1525; x_wconf 83' lang='lat' dir='ltr'><strong>relevetur</strong></span> <span class='ocrx_word' id='word_1_106' title='bbox 1487 1467 1673 1533; x_wconf 85' lang='lat' dir='ltr'><strong>oflicii,</strong></span> <span class='ocrx_word' id='word_1_107' title='bbox 1693 1475 1870 1522; x_wconf 88' lang='lat' dir='ltr'><strong>totum</strong></span> 
     </span>
    </p>
   </div>
   <div class='ocr_carea' id='block_1_14' title="bbox 267 1560 1870 1642">
    <p class='ocr_par' dir='ltr' id='par_1_14' title="bbox 267 1560 1870 1642">
     <span class='ocr_line' id='line_1_14' title="bbox 267 1560 1870 1642; baseline -0.009 -15"><span class='ocrx_word' id='word_1_108' title='bbox 267 1586 467 1642; x_wconf 86' lang='lat' dir='ltr'><strong>panem</strong></span> <span class='ocrx_word' id='word_1_109' title='bbox 494 1570 588 1640; x_wconf 88' lang='lat' dir='ltr'><strong>qui</strong></span> <span class='ocrx_word' id='word_1_110' title='bbox 616 1567 904 1633; x_wconf 86' lang='lat' dir='ltr'><strong>voluerint,</strong></span> <span class='ocrx_word' id='word_1_111' title='bbox 959 1565 1278 1628; x_wconf 88' lang='lat' dir='ltr'><strong>comedunt,</strong></span> <span class='ocrx_word' id='word_1_112' title='bbox 1321 1562 1488 1617; x_wconf 91' lang='lat' dir='ltr'><strong>alium</strong></span> <span class='ocrx_word' id='word_1_113' title='bbox 1523 1577 1655 1617; x_wconf 90' lang='lat' dir='ltr'><strong>vero</strong></span> <span class='ocrx_word' id='word_1_114' title='bbox 1688 1560 1870 1616; x_wconf 84' lang='lat' dir='ltr'><strong>cibum</strong></span> 
     </span>
    </p>
   </div>
   <div class='ocr_carea' id='block_1_15' title="bbox 269 1655 1866 1728">
    <p class='ocr_par' dir='ltr' id='par_1_15' title="bbox 269 1655 1866 1728">
     <span class='ocr_line' id='line_1_15' title="bbox 269 1655 1866 1728; baseline -0.008 -10"><span class='ocrx_word' id='word_1_115' title='bbox 269 1663 389 1718; x_wconf 83' lang='lat' dir='ltr'><strong>sive</strong></span> <span class='ocrx_word' id='word_1_116' title='bbox 431 1662 581 1726; x_wconf 90' lang='lat' dir='ltr'><strong>laici,</strong></span> <span class='ocrx_word' id='word_1_117' title='bbox 613 1661 728 1716; x_wconf 85' lang='lat' dir='ltr'><strong>sive</strong></span> <span class='ocrx_word' id='word_1_118' title='bbox 764 1657 1042 1723; x_wconf 87' lang='lat' dir='ltr'><strong>monachi,</strong></span> <span class='ocrx_word' id='word_1_119' title='bbox 1075 1657 1297 1728; x_wconf 86' lang='lat' dir='ltr'><strong>penitus</strong></span> <span class='ocrx_word' id='word_1_120' title='bbox 1350 1671 1457 1710; x_wconf 89' lang='lat' dir='ltr'><strong>non</strong></span> <span class='ocrx_word' id='word_1_121' title='bbox 1492 1655 1806 1709; x_wconf 89' lang='lat' dir='ltr'><strong>admittunt.</strong></span> <span class='ocrx_word' id='word_1_122' title='bbox 1845 1670 1866 1704; x_wconf 72' lang='grc' dir='ltr'><strong><em>ι</em></strong></span> 
     </span>
    </p>
   </div>
   <div class='ocr_carea' id='block_1_16' title="bbox 271 1741 1870 1820">
    <p class='ocr_par' dir='ltr' id='par_1_16' title="bbox 271 1741 1870 1820">
     <span class='ocr_line' id='line_1_16' title="bbox 271 1741 1870 1820; baseline -0.007 -13"><span class='ocrx_word' id='word_1_123' title='bbox 271 1751 342 1807; x_wconf 79' lang='lat' dir='ltr'><strong>Et</strong></span> <span class='ocrx_word' id='word_1_124' title='bbox 363 1752 428 1806; x_wconf 84' lang='grc' dir='ltr'><strong>Β.</strong></span> <span class='ocrx_word' id='word_1_125' title='bbox 455 1750 772 1820; x_wconf 80' lang='lat' dir='ltr'><strong>Rodulphus</strong></span> <span class='ocrx_word' id='word_1_126' title='bbox 793 1749 944 1818; x_wconf 90' lang='lat' dir='ltr'><strong>prior</strong></span> <span class='ocrx_word' id='word_1_127' title='bbox 965 1748 1030 1801; x_wconf 89' lang='lat' dir='ltr'><strong>de</strong></span> <span class='ocrx_word' id='word_1_128' title='bbox 1073 1743 1581 1801; x_wconf 85' lang='lat' dir='ltr'><strong>Camaldulensibus</strong></span> <span class='ocrx_word' id='word_1_129' title='bbox 1619 1741 1870 1798; x_wconf 89' lang='lat' dir='ltr'><strong>eremitis</strong></span> 
     </span>
    </p>
   </div>
   <div class='ocr_carea' id='block_1_17' title="bbox 271 1809 1948 1909">
    <p class='ocr_par' dir='ltr' id='par_1_17' title="bbox 271 1809 1948 1909">
     <span class='ocr_line' id='line_1_17' title="bbox 271 1809 1948 1909; baseline -0.008 -12"><span class='ocrx_word' id='word_1_130' title='bbox 271 1843 355 1898; x_wconf 87' lang='lat' dir='ltr'><strong>sic</strong></span> <span class='ocrx_word' id='word_1_131' title='bbox 379 1840 572 1896; x_wconf 87' lang='lat' dir='ltr'><strong>statuit</strong></span> <span class='ocrx_word' id='word_1_132' title='bbox 597 1809 716 1894; x_wconf 78' lang='lat' dir='ltr'><strong>loco</strong></span> <span class='ocrx_word' id='word_1_133' title='bbox 741 1809 990 1909; x_wconf 66' lang='lat' dir='ltr'><strong>proxime</strong></span> <span class='ocrx_word' id='word_1_134' title='bbox 1019 1835 1187 1891; x_wconf 92' lang='lat' dir='ltr'><strong>citato</strong></span> <span class='ocrx_word' id='word_1_135' title='bbox 1217 1850 1339 1905; x_wconf 87' lang='lat' dir='ltr'><strong>cap.</strong></span> <span class='ocrx_word' id='word_1_136' title='bbox 1372 1834 1431 1887; x_wconf 91' lang='grc'><strong>11</strong></span> <span class='ocrx_word' id='word_1_137' title='bbox 1462 1849 1476 1885; x_wconf 93' lang='lat'>:</span> <span class='ocrx_word' id='word_1_138' title='bbox 1511 1853 1529 1884; x_wconf 72' lang='grc' dir='ltr'>ι</span> <span class='ocrx_word' id='word_1_139' title='bbox 1567 1832 1869 1888; x_wconf 89' lang='lat' dir='ltr'><strong>Sabbatum</strong></span> <span class='ocrx_word' id='word_1_140' title='bbox 1902 1809 1948 1868; x_wconf 79' lang='grc' dir='ltr'><strong><em>Β</em></strong></span> 
     </span>
    </p>
   </div>
   <div class='ocr_carea' id='block_1_18' title="bbox 276 1923 1872 2004">
    <p class='ocr_par' dir='ltr' id='par_1_18' title="bbox 276 1923 1872 2004">
     <span class='ocr_line' id='line_1_18' title="bbox 276 1923 1872 2004; baseline -0.007 -16"><span class='ocrx_word' id='word_1_141' title='bbox 276 1947 408 1989; x_wconf 78' lang='lat' dir='ltr'><strong>vero</strong></span> <span class='ocrx_word' id='word_1_142' title='bbox 439 1929 724 2004; x_wconf 73' lang='lat' dir='ltr'><strong>(sanctum)</strong></span> <span class='ocrx_word' id='word_1_143' title='bbox 768 1929 910 1985; x_wconf 84' lang='lat' dir='ltr'><strong>sacri</strong></span> <span class='ocrx_word' id='word_1_144' title='bbox 943 1926 1198 1998; x_wconf 80' lang='lat' dir='ltr'><strong>baptismi</strong></span> <span class='ocrx_word' id='word_1_145' title='bbox 1246 1924 1591 1994; x_wconf 69' lang='lat' dir='ltr'><strong>abstinentia:</strong></span> <span class='ocrx_word' id='word_1_146' title='bbox 1623 1923 1872 1994; x_wconf 88' lang='lat' dir='ltr'><strong>deputari</strong></span> 
     </span>
    </p>
   </div>
   <div class='ocr_carea' id='block_1_19' title="bbox 271 2013 1872 2092">
    <p class='ocr_par' dir='ltr' id='par_1_19' title="bbox 271 2013 1872 2092">
     <span class='ocr_line' id='line_1_19' title="bbox 271 2013 1872 2092; baseline -0.008 -11"><span class='ocrx_word' id='word_1_147' title='bbox 271 2026 457 2089; x_wconf 84' lang='lat' dir='ltr'><strong>debet,</strong></span> <span class='ocrx_word' id='word_1_148' title='bbox 488 2021 581 2078; x_wconf 89' lang='lat' dir='ltr'><strong>sed</strong></span> <span class='ocrx_word' id='word_1_149' title='bbox 624 2037 722 2092; x_wconf 88' lang='lat' dir='ltr'><strong>pro</strong></span> <span class='ocrx_word' id='word_1_150' title='bbox 750 2021 937 2076; x_wconf 88' lang='lat' dir='ltr'><strong>labore</strong></span> <span class='ocrx_word' id='word_1_151' title='bbox 971 2017 1131 2075; x_wconf 82' lang='lat' dir='ltr'><strong>officii</strong></span> <span class='ocrx_word' id='word_1_152' title='bbox 1175 2016 1454 2086; x_wconf 87' lang='lat' dir='ltr'><strong>sequentis</strong></span> <span class='ocrx_word' id='word_1_153' title='bbox 1476 2016 1725 2080; x_wconf 63' lang='lat' dir='ltr'><strong>Pascha}.</strong></span> <span class='ocrx_word' id='word_1_154' title='bbox 1755 2013 1872 2068; x_wconf 88' lang='lat' dir='ltr'><strong>bis-</strong></span> 
     </span>
    </p>
   </div>
   <div class='ocr_carea' id='block_1_20' title="bbox 273 2105 1875 2184">
    <p class='ocr_par' dir='ltr' id='par_1_20' title="bbox 273 2105 1875 2184">
     <span class='ocr_line' id='line_1_20' title="bbox 273 2105 1875 2184; baseline -0.008 -14"><span class='ocrx_word' id='word_1_155' title='bbox 273 2123 465 2170; x_wconf 89' lang='lat' dir='ltr'><strong>coctus</strong></span> <span class='ocrx_word' id='word_1_156' title='bbox 516 2113 690 2184; x_wconf 88' lang='lat' dir='ltr'><strong>panis,</strong></span> <span class='ocrx_word' id='word_1_157' title='bbox 739 2126 863 2166; x_wconf 90' lang='lat' dir='ltr'><strong>cum</strong></span> <span class='ocrx_word' id='word_1_158' title='bbox 914 2109 1095 2165; x_wconf 88' lang='lat' dir='ltr'><strong>sobria</strong></span> <span class='ocrx_word' id='word_1_159' title='bbox 1129 2107 1480 2178; x_wconf 86' lang='lat' dir='ltr'><strong>perceptione</strong></span> <span class='ocrx_word' id='word_1_160' title='bbox 1519 2105 1665 2170; x_wconf 90' lang='lat' dir='ltr'><strong>vini,</strong></span> <span class='ocrx_word' id='word_1_161' title='bbox 1693 2111 1875 2174; x_wconf 86' lang='lat' dir='ltr'><strong>potest</strong></span> 
     </span>
    </p>
   </div>
   <div class='ocr_carea' id='block_1_21' title="bbox 274 2193 1874 2273">
    <p class='ocr_par' dir='ltr' id='par_1_21' title="bbox 274 2193 1874 2273">
     <span class='ocr_line' id='line_1_21' title="bbox 274 2193 1874 2273; baseline -0.005 -17"><span class='ocrx_word' id='word_1_162' title='bbox 274 2201 544 2257; x_wconf 89' lang='lat' dir='ltr'><strong>fratribus</strong></span> <span class='ocrx_word' id='word_1_163' title='bbox 584 2199 882 2273; x_wconf 67' lang='lat' dir='ltr'><strong>indulgeri;</strong></span> <span class='ocrx_word' id='word_1_164' title='bbox 919 2217 938 2250; x_wconf 72' lang='grc' dir='ltr'><strong><em>ι</em></strong></span> <span class='ocrx_word' id='word_1_165' title='bbox 973 2207 1029 2252; x_wconf 91' lang='lat' dir='ltr'><strong>et</strong></span> <span class='ocrx_word' id='word_1_166' title='bbox 1057 2212 1182 2251; x_wconf 79' lang='lat' dir='ltr'><strong>mox</strong></span> <span class='ocrx_word' id='word_1_167' title='bbox 1219 2211 1339 2266; x_wconf 90' lang='lat' dir='ltr'><strong>cap.</strong></span> <span class='ocrx_word' id='word_1_168' title='bbox 1374 2196 1464 2260; x_wconf 71' lang='grc'><strong>14,</strong></span> <span class='ocrx_word' id='word_1_169' title='bbox 1495 2195 1609 2248; x_wconf 88' lang='lat' dir='ltr'><strong>ait:</strong></span> <span class='ocrx_word' id='word_1_170' title='bbox 1639 2212 1658 2245; x_wconf 72' lang='grc' dir='ltr'><strong><em>ι</em></strong></span> <span class='ocrx_word' id='word_1_171' title='bbox 1691 2193 1749 2248; x_wconf 88' lang='lat' dir='ltr'><strong>in</strong></span> <span class='ocrx_word' id='word_1_172' title='bbox 1793 2194 1874 2248; x_wconf 81' lang='lat' dir='ltr'><strong>vi-</strong></span> 
     </span>
    </p>
   </div>
   <div class='ocr_carea' id='block_1_22' title="bbox 273 2284 1875 2365">
    <p class='ocr_par' dir='ltr' id='par_1_22' title="bbox 273 2284 1875 2365">
     <span class='ocr_line' id='line_1_22' title="bbox 273 2284 1875 2365; baseline -0.005 -19"><span class='ocrx_word' id='word_1_173' title='bbox 273 2293 406 2365; x_wconf 74' lang='lat' dir='ltr'><strong>gilia</strong></span> <span class='ocrx_word' id='word_1_174' title='bbox 434 2307 565 2346; x_wconf 92' lang='lat' dir='ltr'><strong>vero</strong></span> <span class='ocrx_word' id='word_1_175' title='bbox 597 2290 894 2345; x_wconf 64' lang='lat' dir='ltr'><strong>Dominiete</strong></span> <span class='ocrx_word' id='word_1_176' title='bbox 939 2287 1251 2341; x_wconf 85' lang='lat' dir='ltr'><strong>Nativitatis</strong></span> <span class='ocrx_word' id='word_1_177' title='bbox 1300 2284 1875 2341; x_wconf 86' lang='lat' dir='ltr'><strong>idemobservandum</strong></span> 
     </span>
    </p>
   </div>
   <div class='ocr_carea' id='block_1_23' title="bbox 275 2377 1800 2452">
    <p class='ocr_par' dir='ltr' id='par_1_23' title="bbox 275 2377 1800 2452">
     <span class='ocr_line' id='line_1_23' title="bbox 275 2377 1800 2452; baseline -0.009 -12"><span class='ocrx_word' id='word_1_178' title='bbox 275 2394 379 2446; x_wconf 90' lang='lat' dir='ltr'><strong>est,</strong></span> <span class='ocrx_word' id='word_1_179' title='bbox 411 2383 558 2452; x_wconf 86' lang='lat' dir='ltr'><strong>quod</strong></span> <span class='ocrx_word' id='word_1_180' title='bbox 586 2383 640 2436; x_wconf 92' lang='lat' dir='ltr'><strong>in</strong></span> <span class='ocrx_word' id='word_1_181' title='bbox 677 2381 917 2436; x_wconf 86' lang='lat' dir='ltr'><strong>Sabbato</strong></span> <span class='ocrx_word' id='word_1_182' title='bbox 945 2387 1140 2434; x_wconf 87' lang='lat' dir='ltr'><strong>sancto</strong></span> <span class='ocrx_word' id='word_1_183' title='bbox 1173 2378 1412 2432; x_wconf 78' lang='lat' dir='ltr'><strong>diximus</strong></span> <span class='ocrx_word' id='word_1_184' title='bbox 1440 2377 1740 2433; x_wconf 82' lang='lat' dir='ltr'><strong>observari.</strong></span> <span class='ocrx_word' id='word_1_185' title='bbox 1780 2395 1800 2427; x_wconf 69' lang='grc' dir='ltr'><strong><em>ι</em></strong></span> 
     </span>
    </p>
   </div>
   <div class='ocr_carea' id='block_1_24' title="bbox 349 2467 1877 2541">
    <p class='ocr_par' dir='ltr' id='par_1_24' title="bbox 349 2467 1877 2541">
     <span class='ocr_line' id='line_1_24' title="bbox 349 2467 1877 2541; baseline -0.003 -13"><span class='ocrx_word' id='word_1_186' title='bbox 349 2473 491 2529; x_wconf 73' lang='lat' dir='ltr'><strong>XIV.</strong></span> <span class='ocrx_word' id='word_1_187' title='bbox 531 2472 654 2527; x_wconf 85' lang='lat' dir='ltr'><strong>ideo</strong></span> <span class='ocrx_word' id='word_1_188' title='bbox 674 2481 853 2526; x_wconf 87' lang='lat' dir='ltr'><strong>autem</strong></span> <span class='ocrx_word' id='word_1_189' title='bbox 878 2480 1043 2525; x_wconf 82' lang='lat' dir='ltr'><strong>totum</strong></span> <span class='ocrx_word' id='word_1_190' title='bbox 1071 2487 1264 2541; x_wconf 80' lang='lat' dir='ltr'><strong>panem</strong></span> <span class='ocrx_word' id='word_1_191' title='bbox 1301 2471 1566 2539; x_wconf 81' lang='lat' dir='ltr'><strong>integrum</strong></span> <span class='ocrx_word' id='word_1_192' title='bbox 1585 2467 1877 2523; x_wconf 88' lang='lat' dir='ltr'><strong>Damianus</strong></span> 
     </span>
    </p>
   </div>
   <div class='ocr_carea' id='block_1_25' title="bbox 275 2559 1877 2636">
    <p class='ocr_par' dir='ltr' id='par_1_25' title="bbox 275 2559 1877 2636">
     <span class='ocr_line' id='line_1_25' title="bbox 275 2559 1877 2636; baseline -0.003 -18"><span class='ocrx_word' id='word_1_193' title='bbox 275 2581 454 2636; x_wconf 66' lang='lat' dir='ltr'><strong>mque,</strong></span> <span class='ocrx_word' id='word_1_194' title='bbox 503 2580 568 2618; x_wconf 87' lang='lat' dir='ltr'><strong>ac</strong></span> <span class='ocrx_word' id='word_1_195' title='bbox 604 2563 917 2633; x_wconf 79' lang='lat' dir='ltr'><strong>Rodulphus</strong></span> <span class='ocrx_word' id='word_1_196' title='bbox 959 2561 1242 2633; x_wconf 87' lang='lat' dir='ltr'><strong>speciatim</strong></span> <span class='ocrx_word' id='word_1_197' title='bbox 1277 2568 1468 2616; x_wconf 90' lang='lat' dir='ltr'><strong>notant</strong></span> <span class='ocrx_word' id='word_1_198' title='bbox 1511 2559 1717 2628; x_wconf 62' lang='lat' dir='ltr'><strong>praevio</strong></span> <span class='ocrx_word' id='word_1_199' title='bbox 1767 2559 1877 2613; x_wconf 77' lang='lat' dir='ltr'><strong>Re-</strong></span> 
     </span>
    </p>
   </div>
   <div class='ocr_carea' id='block_1_26' title="bbox 275 2654 1876 2726">
    <p class='ocr_par' dir='ltr' id='par_1_26' title="bbox 275 2654 1876 2726">
     <span class='ocr_line' id='line_1_26' title="bbox 275 2654 1876 2726; baseline -0.006 -9"><span class='ocrx_word' id='word_1_200' title='bbox 275 2661 660 2726; x_wconf 75' lang='lat' dir='ltr'><strong>surrectionis,</strong></span> <span class='ocrx_word' id='word_1_201' title='bbox 717 2669 772 2714; x_wconf 91' lang='lat' dir='ltr'><strong>et</strong></span> <span class='ocrx_word' id='word_1_202' title='bbox 802 2657 1009 2712; x_wconf 79' lang='lat' dir='ltr'><strong>Natalis</strong></span> <span class='ocrx_word' id='word_1_203' title='bbox 1039 2654 1307 2710; x_wconf 91' lang='lat' dir='ltr'><strong>Domiuiei</strong></span> <span class='ocrx_word' id='word_1_204' title='bbox 1340 2654 1428 2709; x_wconf 86' lang='lat' dir='ltr'><strong>die</strong></span> <span class='ocrx_word' id='word_1_205' title='bbox 1457 2654 1724 2709; x_wconf 78' lang='lat' dir='ltr'><strong>duntaxat</strong></span> <span class='ocrx_word' id='word_1_206' title='bbox 1749 2667 1876 2723; x_wconf 91' lang='lat' dir='ltr'><strong>per—</strong></span> 
     </span>
    </p>
   </div>
   <div class='ocr_carea' id='block_1_27' title="bbox 276 2743 1879 2818">
    <p class='ocr_par' dir='ltr' id='par_1_27' title="bbox 276 2743 1879 2818">
     <span class='ocr_line' id='line_1_27' title="bbox 276 2743 1879 2818; baseline -0.005 -14"><span class='ocrx_word' id='word_1_207' title='bbox 276 2751 534 2814; x_wconf 90' lang='lat' dir='ltr'><strong>missum,</strong></span> <span class='ocrx_word' id='word_1_208' title='bbox 559 2749 684 2818; x_wconf 86' lang='lat' dir='ltr'><strong>quia</strong></span> <span class='ocrx_word' id='word_1_209' title='bbox 715 2746 928 2803; x_wconf 63' lang='lat' dir='ltr'><strong>caeteris</strong></span> <span class='ocrx_word' id='word_1_210' title='bbox 952 2745 1143 2817; x_wconf 91' lang='lat' dir='ltr'><strong>jejunii</strong></span> <span class='ocrx_word' id='word_1_211' title='bbox 1167 2743 1361 2798; x_wconf 91' lang='lat' dir='ltr'><strong>diebus</strong></span> <span class='ocrx_word' id='word_1_212' title='bbox 1391 2743 1634 2813; x_wconf 86' lang='lat' dir='ltr'><strong>quinque</strong></span> <span class='ocrx_word' id='word_1_213' title='bbox 1665 2749 1879 2796; x_wconf 91' lang='lat' dir='ltr'><strong>tantum</strong></span> 
     </span>
    </p>
   </div>
   <div class='ocr_carea' id='block_1_28' title="bbox 273 2833 1882 2911">
    <p class='ocr_par' dir='ltr' id='par_1_28' title="bbox 273 2833 1882 2911">
     <span class='ocr_line' id='line_1_28' title="bbox 273 2833 1882 2911; baseline -0.006 -16"><span class='ocrx_word' id='word_1_214' title='bbox 273 2842 435 2911; x_wconf 89' lang='lat' dir='ltr'><strong>panis</strong></span> <span class='ocrx_word' id='word_1_215' title='bbox 475 2849 736 2902; x_wconf 86' lang='lat' dir='ltr'><strong>oetantes,</strong></span> <span class='ocrx_word' id='word_1_216' title='bbox 769 2845 915 2892; x_wconf 88' lang='lat' dir='ltr'><strong>certa</strong></span> <span class='ocrx_word' id='word_1_217' title='bbox 948 2850 1224 2900; x_wconf 87' lang='lat' dir='ltr'><strong>mensura,</strong></span> <span class='ocrx_word' id='word_1_218' title='bbox 1273 2833 1608 2903; x_wconf 72' lang='lat' dir='ltr'><strong>prmlixoque</strong></span> <span class='ocrx_word' id='word_1_219' title='bbox 1638 2833 1882 2902; x_wconf 88' lang='lat' dir='ltr'><strong>pondere</strong></span> 
     </span>
    </p>
   </div>
   <div class='ocr_carea' id='block_1_29' title="bbox 279 2923 1882 2996">
    <p class='ocr_par' dir='ltr' id='par_1_29' title="bbox 279 2923 1882 2996">
     <span class='ocr_line' id='line_1_29' title="bbox 279 2923 1882 2996; baseline -0.006 -9"><span class='ocrx_word' id='word_1_220' title='bbox 279 2934 538 2995; x_wconf 89' lang='lat' dir='ltr'><strong>libratos,</strong></span> <span class='ocrx_word' id='word_1_221' title='bbox 569 2932 744 2986; x_wconf 78' lang='lat' dir='ltr'><strong>unica:</strong></span> <span class='ocrx_word' id='word_1_222' title='bbox 781 2944 892 2984; x_wconf 69' lang='lat' dir='ltr'><strong>sua:</strong></span> <span class='ocrx_word' id='word_1_223' title='bbox 937 2926 1221 2983; x_wconf 91' lang='lat' dir='ltr'><strong>refectioni</strong></span> <span class='ocrx_word' id='word_1_224' title='bbox 1270 2925 1674 2996; x_wconf 88' lang='lat' dir='ltr'><strong>impendebant.</strong></span> <span class='ocrx_word' id='word_1_225' title='bbox 1725 2923 1882 2979; x_wconf 88' lang='lat' dir='ltr'><strong>Unde</strong></span> 
     </span>
    </p>
   </div>
   <div class='ocr_carea' id='block_1_30' title="bbox 291 3017 1882 3090">
    <p class='ocr_par' dir='ltr' id='par_1_30' title="bbox 291 3017 1882 3090">
     <span class='ocr_line' id='line_1_30' title="bbox 291 3017 1882 3090; baseline -0.005 -12"><span class='ocrx_word' id='word_1_226' title='bbox 291 3023 496 3078; x_wconf 87' lang='lat' dir='ltr'><strong>Petrus</strong></span> <span class='ocrx_word' id='word_1_227' title='bbox 527 3021 771 3077; x_wconf 87' lang='lat' dir='ltr'><strong>Damiani</strong></span> <span class='ocrx_word' id='word_1_228' title='bbox 799 3035 986 3090; x_wconf 86' lang='lat' dir='ltr'><strong>opusc.</strong></span> <span class='ocrx_word' id='word_1_229' title='bbox 1019 3035 1110 3084; x_wconf 84' lang='lat' dir='ltr'><strong>xv,</strong></span> <span class='ocrx_word' id='word_1_230' title='bbox 1142 3033 1263 3088; x_wconf 88' lang='lat' dir='ltr'><strong>cap.</strong></span> <span class='ocrx_word' id='word_1_231' title='bbox 1294 3017 1349 3084; x_wconf 93' lang='lat'><strong>8,</strong></span> <span class='ocrx_word' id='word_1_232' title='bbox 1380 3018 1456 3072; x_wconf 89' lang='lat' dir='ltr'><strong>ait</strong></span> <span class='ocrx_word' id='word_1_233' title='bbox 1485 3035 1499 3072; x_wconf 90' lang='lat'><strong>:</strong></span> <span class='ocrx_word' id='word_1_234' title='bbox 1537 3035 1557 3070; x_wconf 74' lang='grc' dir='ltr'><em>α</em></span> <span class='ocrx_word' id='word_1_235' title='bbox 1587 3017 1752 3072; x_wconf 90' lang='lat' dir='ltr'><strong>Panis</strong></span> <span class='ocrx_word' id='word_1_236' title='bbox 1780 3032 1882 3071; x_wconf 91' lang='lat' dir='ltr'><strong>au-</strong></span> 
     </span>
    </p>
   </div>
   <div class='ocr_carea' id='block_1_31' title="bbox 279 3109 1881 3179">
    <p class='ocr_par' dir='ltr' id='par_1_31' title="bbox 279 3109 1881 3179">
     <span class='ocr_line' id='line_1_31' title="bbox 279 3109 1881 3179; baseline -0.006 -8"><span class='ocrx_word' id='word_1_237' title='bbox 279 3125 392 3171; x_wconf 82' lang='lat' dir='ltr'><strong>tem</strong></span> <span class='ocrx_word' id='word_1_238' title='bbox 417 3116 612 3170; x_wconf 88' lang='lat' dir='ltr'><strong>eadem</strong></span> <span class='ocrx_word' id='word_1_239' title='bbox 641 3113 694 3167; x_wconf 92' lang='lat' dir='ltr'><strong>in</strong></span> <span class='ocrx_word' id='word_1_240' title='bbox 725 3127 932 3175; x_wconf 92' lang='lat' dir='ltr'><strong>eremo,</strong></span> <span class='ocrx_word' id='word_1_241' title='bbox 965 3125 1086 3179; x_wconf 61' lang='lat' dir='ltr'><strong>qua:</strong></span> <span class='ocrx_word' id='word_1_242' title='bbox 1109 3118 1164 3165; x_wconf 88' lang='lat' dir='ltr'><strong>et</strong></span> <span class='ocrx_word' id='word_1_243' title='bbox 1183 3111 1235 3163; x_wconf 93' lang='lat' dir='ltr'><strong>in</strong></span> <span class='ocrx_word' id='word_1_244' title='bbox 1261 3109 1592 3164; x_wconf 88' lang='lat' dir='ltr'><strong>monasterio</strong></span> <span class='ocrx_word' id='word_1_245' title='bbox 1617 3117 1702 3164; x_wconf 91' lang='lat' dir='ltr'><strong>est</strong></span> <span class='ocrx_word' id='word_1_246' title='bbox 1730 3123 1881 3163; x_wconf 91' lang='lat' dir='ltr'><strong>men-</strong></span> 
     </span>
    </p>
   </div>
   <div class='ocr_carea' id='block_1_32' title="bbox 276 3173 1956 3271">
    <p class='ocr_par' dir='ltr' id='par_1_32' title="bbox 276 3173 1956 3271">
     <span class='ocr_line' id='line_1_32' title="bbox 276 3173 1956 3271; baseline -0.004 -8"><span class='ocrx_word' id='word_1_247' title='bbox 276 3222 444 3271; x_wconf 83' lang='lat' dir='ltr'><strong>sura;</strong></span> <span class='ocrx_word' id='word_1_248' title='bbox 482 3207 585 3260; x_wconf 91' lang='lat' dir='ltr'><strong>bac</strong></span> <span class='ocrx_word' id='word_1_249' title='bbox 615 3213 796 3260; x_wconf 82' lang='lat' dir='ltr'><strong>tamen</strong></span> <span class='ocrx_word' id='word_1_250' title='bbox 849 3203 1174 3258; x_wconf 88' lang='lat' dir='ltr'><strong>discretione</strong></span> <span class='ocrx_word' id='word_1_251' title='bbox 1219 3211 1461 3266; x_wconf 87' lang='lat' dir='ltr'><strong>servata,</strong></span> <span class='ocrx_word' id='word_1_252' title='bbox 1501 3209 1562 3256; x_wconf 92' lang='lat' dir='ltr'><strong>ut</strong></span> <span class='ocrx_word' id='word_1_253' title='bbox 1590 3202 1648 3256; x_wconf 92' lang='lat' dir='ltr'><strong>in</strong></span> <span class='ocrx_word' id='word_1_254' title='bbox 1685 3201 1880 3256; x_wconf 89' lang='lat' dir='ltr'><strong>diebus</strong></span> <span class='ocrx_word' id='word_1_255' title='bbox 1909 3173 1956 3237; x_wconf 68' lang='grc' dir='ltr'>ο</span> 
     </span>
    </p>
   </div>
   <div class='ocr_carea' id='block_1_33' title="bbox 277 3291 1882 3368">
    <p class='ocr_par' dir='ltr' id='par_1_33' title="bbox 277 3291 1882 3368">
     <span class='ocr_line' id='line_1_33' title="bbox 277 3291 1882 3368; baseline -0.003 -17"><span class='ocrx_word' id='word_1_256' title='bbox 277 3296 510 3368; x_wconf 80' lang='lat' dir='ltr'><strong>quidem</strong></span> <span class='ocrx_word' id='word_1_257' title='bbox 542 3293 877 3357; x_wconf 89' lang='lat' dir='ltr'><strong>rcfectionis,</strong></span> <span class='ocrx_word' id='word_1_258' title='bbox 904 3294 1018 3347; x_wconf 87' lang='lat' dir='ltr'><strong>sive</strong></span> <span class='ocrx_word' id='word_1_259' title='bbox 1033 3291 1282 3363; x_wconf 65' lang='lat' dir='ltr'><strong>singulae,</strong></span> <span class='ocrx_word' id='word_1_260' title='bbox 1303 3291 1417 3346; x_wconf 92' lang='lat' dir='ltr'><strong>sive</strong></span> <span class='ocrx_word' id='word_1_261' title='bbox 1439 3291 1603 3356; x_wconf 79' lang='lat' dir='ltr'><strong>binae,</strong></span> <span class='ocrx_word' id='word_1_262' title='bbox 1631 3293 1676 3347; x_wconf 91' lang='lat' dir='ltr'><strong>si</strong></span> <span class='ocrx_word' id='word_1_263' title='bbox 1709 3300 1882 3347; x_wconf 90' lang='lat' dir='ltr'><strong>totum</strong></span> 
     </span>
    </p>
   </div>
   <div class='ocr_carea' id='block_1_34' title="bbox 276 3382 1886 3454">
    <p class='ocr_par' dir='ltr' id='par_1_34' title="bbox 276 3382 1886 3454">
     <span class='ocr_line' id='line_1_34' title="bbox 276 3382 1886 3454; baseline -0.004 -12"><span class='ocrx_word' id='word_1_264' title='bbox 276 3387 402 3442; x_wconf 80' lang='lat' dir='ltr'><strong>vult</strong></span> <span class='ocrx_word' id='word_1_265' title='bbox 464 3385 637 3440; x_wconf 88' lang='lat' dir='ltr'><strong>frater</strong></span> <span class='ocrx_word' id='word_1_266' title='bbox 684 3385 993 3451; x_wconf 88' lang='lat' dir='ltr'><strong>comedere,</strong></span> <span class='ocrx_word' id='word_1_267' title='bbox 1038 3383 1452 3454; x_wconf 84' lang='lat' dir='ltr'><strong>reprehensioni</strong></span> <span class='ocrx_word' id='word_1_268' title='bbox 1509 3398 1617 3437; x_wconf 91' lang='lat' dir='ltr'><strong>non</strong></span> <span class='ocrx_word' id='word_1_269' title='bbox 1672 3382 1886 3453; x_wconf 77' lang='lat' dir='ltr'><strong>cogitur</strong></span> 
     </span>
    </p>
   </div>
   <div class='ocr_carea' id='block_1_35' title="bbox 275 3472 1886 3548">
    <p class='ocr_par' dir='ltr' id='par_1_35' title="bbox 275 3472 1886 3548">
     <span class='ocr_line' id='line_1_35' title="bbox 275 3472 1886 3548; baseline -0.004 -14"><span class='ocrx_word' id='word_1_270' title='bbox 275 3477 592 3548; x_wconf 72' lang='lat' dir='ltr'><strong>subiacere.</strong></span> <span class='ocrx_word' id='word_1_271' title='bbox 633 3475 692 3530; x_wconf 90' lang='lat' dir='ltr'><strong>in</strong></span> <span class='ocrx_word' id='word_1_272' title='bbox 716 3476 906 3530; x_wconf 87' lang='lat' dir='ltr'><strong>diebus</strong></span> <span class='ocrx_word' id='word_1_273' title='bbox 943 3489 1070 3530; x_wconf 83' lang='lat' dir='ltr'><strong>vero</strong></span> <span class='ocrx_word' id='word_1_274' title='bbox 1105 3472 1320 3542; x_wconf 88' lang='lat' dir='ltr'><strong>jejunii,</strong></span> <span class='ocrx_word' id='word_1_275' title='bbox 1353 3473 1480 3541; x_wconf 90' lang='lat' dir='ltr'><strong>quia</strong></span> <span class='ocrx_word' id='word_1_276' title='bbox 1509 3472 1886 3541; x_wconf 88' lang='lat' dir='ltr'><strong>unusquisque</strong></span> 
     </span>
    </p>
   </div>
   <div class='ocr_carea' id='block_1_36' title="bbox 277 3563 1886 3633">
    <p class='ocr_par' dir='ltr' id='par_1_36' title="bbox 277 3563 1886 3633">
     <span class='ocr_line' id='line_1_36' title="bbox 277 3563 1886 3633; baseline -0.002 -11"><span class='ocrx_word' id='word_1_277' title='bbox 277 3568 466 3624; x_wconf 90' lang='lat' dir='ltr'><strong>frater</strong></span> <span class='ocrx_word' id='word_1_278' title='bbox 495 3571 678 3622; x_wconf 87' lang='lat' dir='ltr'><strong>lances</strong></span> <span class='ocrx_word' id='word_1_279' title='bbox 706 3567 868 3621; x_wconf 89' lang='lat' dir='ltr'><strong>habet</strong></span> <span class='ocrx_word' id='word_1_280' title='bbox 897 3567 952 3620; x_wconf 91' lang='lat' dir='ltr'><strong>in</strong></span> <span class='ocrx_word' id='word_1_281' title='bbox 979 3564 1135 3629; x_wconf 73' lang='lat' dir='ltr'><strong>cella,</strong></span> <span class='ocrx_word' id='word_1_282' title='bbox 1169 3564 1276 3619; x_wconf 89' lang='lat' dir='ltr'><strong>illis</strong></span> <span class='ocrx_word' id='word_1_283' title='bbox 1304 3579 1520 3632; x_wconf 90' lang='lat' dir='ltr'><strong>semper</strong></span> <span class='ocrx_word' id='word_1_284' title='bbox 1549 3563 1712 3619; x_wconf 86' lang='lat' dir='ltr'><strong>librat</strong></span> <span class='ocrx_word' id='word_1_285' title='bbox 1741 3565 1886 3633; x_wconf 88' lang='lat' dir='ltr'><strong>quod</strong></span> 
     </span>
    </p>
   </div>
   <div class='ocr_carea' id='block_1_37' title="bbox 274 3654 1888 3726">
    <p class='ocr_par' dir='ltr' id='par_1_37' title="bbox 274 3654 1888 3726">
     <span class='ocr_line' id='line_1_37' title="bbox 274 3654 1888 3726; baseline -0.002 -12"><span class='ocrx_word' id='word_1_286' title='bbox 274 3658 511 3714; x_wconf 84' lang='lat' dir='ltr'><strong>sibimet</strong></span> <span class='ocrx_word' id='word_1_287' title='bbox 534 3667 847 3713; x_wconf 70' lang='lat' dir='ltr'><strong>cmuaturus</strong></span> <span class='ocrx_word' id='word_1_288' title='bbox 870 3663 1128 3726; x_wconf 89' lang='lat' dir='ltr'><strong>apponat.</strong></span> <span class='ocrx_word' id='word_1_289' title='bbox 1156 3654 1410 3710; x_wconf 83' lang='lat' dir='ltr'><strong>Mensura</strong></span> <span class='ocrx_word' id='word_1_290' title='bbox 1427 3664 1612 3710; x_wconf 89' lang='lat' dir='ltr'><strong>autem</strong></span> <span class='ocrx_word' id='word_1_291' title='bbox 1637 3655 1724 3709; x_wconf 90' lang='lat' dir='ltr'><strong>illa</strong></span> <span class='ocrx_word' id='word_1_292' title='bbox 1742 3655 1888 3711; x_wconf 86' lang='lat' dir='ltr'><strong>hunc</strong></span> 
     </span>
    </p>
   </div>
   <div class='ocr_carea' id='block_1_38' title="bbox 283 3745 1889 3816">
    <p class='ocr_par' dir='ltr' id='par_1_38' title="bbox 283 3745 1889 3816">
     <span class='ocr_line' id='line_1_38' title="bbox 283 3745 1889 3816; baseline -0.004 -10"><span class='ocrx_word' id='word_1_293' title='bbox 283 3751 467 3807; x_wconf 86' lang='lat' dir='ltr'><strong>habet</strong></span> <span class='ocrx_word' id='word_1_294' title='bbox 515 3749 758 3812; x_wconf 90' lang='lat' dir='ltr'><strong>modum,</strong></span> <span class='ocrx_word' id='word_1_295' title='bbox 828 3756 890 3801; x_wconf 89' lang='lat' dir='ltr'><strong>ut</strong></span> <span class='ocrx_word' id='word_1_296' title='bbox 969 3747 1320 3816; x_wconf 85' lang='lat' dir='ltr'><strong>superaddite</strong></span> <span class='ocrx_word' id='word_1_297' title='bbox 1389 3746 1611 3814; x_wconf 78' lang='lat' dir='ltr'><strong>quadra:</strong></span> <span class='ocrx_word' id='word_1_298' title='bbox 1661 3745 1889 3800; x_wconf 90' lang='lat' dir='ltr'><strong>dimidio</strong></span> 
     </span>
    </p>
   </div>
   <div class='ocr_carea' id='block_1_39' title="bbox 277 3835 1888 3911">
    <p class='ocr_par' dir='ltr' id='par_1_39' title="bbox 277 3835 1888 3911">
     <span class='ocr_line' id='line_1_39' title="bbox 277 3835 1888 3911; baseline -0.003 -16"><span class='ocrx_word' id='word_1_299' title='bbox 277 3842 427 3911; x_wconf 89' lang='lat' dir='ltr'><strong>(hoc</strong></span> <span class='ocrx_word' id='word_1_300' title='bbox 459 3849 547 3894; x_wconf 87' lang='lat' dir='ltr'><strong>est</strong></span> <span class='ocrx_word' id='word_1_301' title='bbox 602 3847 795 3893; x_wconf 89' lang='lat' dir='ltr'><strong>octava</strong></span> <span class='ocrx_word' id='word_1_302' title='bbox 845 3837 1033 3908; x_wconf 86' lang='lat' dir='ltr'><strong>parte)</strong></span> <span class='ocrx_word' id='word_1_303' title='bbox 1097 3836 1381 3890; x_wconf 87' lang='lat' dir='ltr'><strong>dimidium</strong></span> <span class='ocrx_word' id='word_1_304' title='bbox 1424 3835 1683 3892; x_wconf 73' lang='lat' dir='ltr'><strong>buccella:</strong></span> <span class='ocrx_word' id='word_1_305' title='bbox 1722 3837 1888 3891; x_wconf 89' lang='lat' dir='ltr'><strong>totius</strong></span> 
     </span>
    </p>
   </div>
   <div class='ocr_carea' id='block_1_40' title="bbox 275 3925 1890 4000">
    <p class='ocr_par' dir='ltr' id='par_1_40' title="bbox 275 3925 1890 4000">
     <span class='ocr_line' id='line_1_40' title="bbox 275 3925 1890 4000; baseline -0.001 -16"><span class='ocrx_word' id='word_1_306' title='bbox 275 3929 590 4000; x_wconf 88' lang='lat' dir='ltr'><strong>appendat,</strong></span> <span class='ocrx_word' id='word_1_307' title='bbox 634 3929 842 3997; x_wconf 87' lang='lat' dir='ltr'><strong>quadra</strong></span> <span class='ocrx_word' id='word_1_308' title='bbox 889 3925 1138 3981; x_wconf 83' lang='lat' dir='ltr'><strong>videlicet</strong></span> <span class='ocrx_word' id='word_1_309' title='bbox 1198 3935 1517 3981; x_wconf 91' lang='lat' dir='ltr'><strong>remanente</strong></span> <span class='ocrx_word' id='word_1_310' title='bbox 1566 3927 1776 3997; x_wconf 81' lang='lat' dir='ltr'><strong>integra</strong></span> <span class='ocrx_word' id='word_1_311' title='bbox 1802 3941 1890 3982; x_wconf 75' lang='lat' dir='ltr'><strong>se-</strong></span> 
     </span>
    </p>
   </div>
   <div class='ocr_carea' id='block_1_41' title="bbox 271 4017 1891 4087">
    <p class='ocr_par' dir='ltr' id='par_1_41' title="bbox 271 4017 1891 4087">
     <span class='ocr_line' id='line_1_41' title="bbox 271 4017 1891 4087; baseline -0.001 -13"><span class='ocrx_word' id='word_1_312' title='bbox 271 4021 384 4074; x_wconf 88' lang='lat' dir='ltr'><strong>mis</strong></span> <span class='ocrx_word' id='word_1_313' title='bbox 429 4039 450 4070; x_wconf 77' lang='grc' dir='ltr'><strong><em>ι</em></strong></span> <span class='ocrx_word' id='word_1_314' title='bbox 503 4021 640 4087; x_wconf 71' lang='grc' dir='ltr'><strong>ζιιοο</strong></span> <span class='ocrx_word' id='word_1_315' title='bbox 667 4027 750 4073; x_wconf 82' lang='lat' dir='ltr'><strong>est</strong></span> <span class='ocrx_word' id='word_1_316' title='bbox 797 4017 971 4072; x_wconf 89' lang='lat' dir='ltr'><strong>tribus</strong></span> <span class='ocrx_word' id='word_1_317' title='bbox 1018 4017 1330 4071; x_wconf 83' lang='lat' dir='ltr'><strong>octantibus</strong></span> <span class='ocrx_word' id='word_1_318' title='bbox 1389 4017 1646 4070; x_wconf 82' lang='lat' dir='ltr'><strong>residuis.</strong></span> <span class='ocrx_word' id='word_1_319' title='bbox 1683 4035 1700 4068; x_wconf 85' lang='grc'><em>‹</em></span> <span class='ocrx_word' id='word_1_320' title='bbox 1741 4018 1809 4071; x_wconf 86' lang='lat' dir='ltr'><strong>Et</strong></span> <span class='ocrx_word' id='word_1_321' title='bbox 1834 4027 1891 4073; x_wconf 93' lang='lat' dir='ltr'><strong>ut</strong></span> 
     </span>
    </p>
   </div>
   <div class='ocr_carea' id='block_1_42' title="bbox 271 4107 1886 4177">
    <p class='ocr_par' dir='ltr' id='par_1_42' title="bbox 271 4107 1886 4177">
     <span class='ocr_line' id='line_1_42' title="bbox 271 4107 1886 4177; baseline -0.002 -12"><span class='ocrx_word' id='word_1_322' title='bbox 271 4111 432 4165; x_wconf 88' lang='lat' dir='ltr'><strong>nulla</strong></span> <span class='ocrx_word' id='word_1_323' title='bbox 463 4109 723 4163; x_wconf 88' lang='lat' dir='ltr'><strong>dubietas</strong></span> <span class='ocrx_word' id='word_1_324' title='bbox 754 4123 918 4177; x_wconf 87' lang='lat' dir='ltr'><strong>super</strong></span> <span class='ocrx_word' id='word_1_325' title='bbox 952 4107 1262 4175; x_wconf 89' lang='lat' dir='ltr'><strong>hujusmodi</strong></span> <span class='ocrx_word' id='word_1_326' title='bbox 1301 4121 1558 4161; x_wconf 87' lang='lat' dir='ltr'><strong>mensura</strong></span> <span class='ocrx_word' id='word_1_327' title='bbox 1586 4119 1886 4174; x_wconf 87' lang='lat' dir='ltr'><strong>remaneat,</strong></span> 
     </span>
    </p>
   </div>
   <div class='ocr_carea' id='block_1_43' title="bbox 271 4200 1891 4264">
    <p class='ocr_par' dir='ltr' id='par_1_43' title="bbox 271 4200 1891 4264">
     <span class='ocr_line' id='line_1_43' title="bbox 271 4200 1891 4264; baseline -0.001 -7"><span class='ocrx_word' id='word_1_328' title='bbox 271 4217 488 4258; x_wconf 84' lang='lat' dir='ltr'><strong>novem</strong></span> <span class='ocrx_word' id='word_1_329' title='bbox 523 4201 792 4264; x_wconf 91' lang='lat' dir='ltr'><strong>ornicum,</strong></span> <span class='ocrx_word' id='word_1_330' title='bbox 825 4200 910 4255; x_wconf 87' lang='lat' dir='ltr'><strong>vel</strong></span> <span class='ocrx_word' id='word_1_331' title='bbox 963 4202 1067 4253; x_wconf 83' lang='lat' dir='ltr'><strong>tria</strong></span> <span class='ocrx_word' id='word_1_332' title='bbox 1098 4215 1354 4255; x_wconf 90' lang='lat' dir='ltr'><strong>anserum</strong></span> <span class='ocrx_word' id='word_1_333' title='bbox 1385 4215 1486 4254; x_wconf 87' lang='lat' dir='ltr'><strong>ova</strong></span> <span class='ocrx_word' id='word_1_334' title='bbox 1527 4200 1742 4255; x_wconf 89' lang='lat' dir='ltr'><strong>libratis</strong></span> <span class='ocrx_word' id='word_1_335' title='bbox 1770 4201 1891 4256; x_wconf 89' lang='lat' dir='ltr'><strong>lan-</strong></span> 
     </span>
    </p>
   </div>
   <div class='ocr_carea' id='block_1_44' title="bbox 273 4291 1893 4364">
    <p class='ocr_par' dir='ltr' id='par_1_44' title="bbox 273 4291 1893 4364">
     <span class='ocr_line' id='line_1_44' title="bbox 273 4291 1893 4364; baseline 0.001 -17"><span class='ocrx_word' id='word_1_336' title='bbox 273 4294 440 4347; x_wconf 85' lang='lat' dir='ltr'><strong>cibus</strong></span> <span class='ocrx_word' id='word_1_337' title='bbox 484 4291 823 4348; x_wconf 85' lang='lat' dir='ltr'><strong>.antumdem</strong></span> <span class='ocrx_word' id='word_1_338' title='bbox 877 4306 1004 4360; x_wconf 71' lang='lat' dir='ltr'><strong>pens</strong></span> <span class='ocrx_word' id='word_1_339' title='bbox 1071 4301 1122 4346; x_wconf 72' lang='grc' dir='ltr'><strong>ιι.</strong></span> <span class='ocrx_word' id='word_1_340' title='bbox 1156 4311 1174 4344; x_wconf 74' lang='grc' dir='ltr'><strong><em>ι</em></strong></span> <span class='ocrx_word' id='word_1_341' title='bbox 1211 4293 1275 4347; x_wconf 83' lang='grc' dir='ltr'><strong>Ει</strong></span> <span class='ocrx_word' id='word_1_342' title='bbox 1311 4293 1370 4346; x_wconf 88' lang='grc' dir='ltr'><strong>Β.</strong></span> <span class='ocrx_word' id='word_1_343' title='bbox 1402 4293 1719 4363; x_wconf 83' lang='lat' dir='ltr'><strong>Rodulphus</strong></span> <span class='ocrx_word' id='word_1_344' title='bbox 1741 4295 1893 4364; x_wconf 87' lang='lat' dir='ltr'><strong>prior</strong></span> 
     </span>
    </p>
   </div>
   <div class='ocr_carea' id='block_1_45' title="bbox 274 4381 1893 4454">
    <p class='ocr_par' dir='ltr' id='par_1_45' title="bbox 274 4381 1893 4454">
     <span class='ocr_line' id='line_1_45' title="bbox 274 4381 1893 4454; baseline 0.002 -18"><span class='ocrx_word' id='word_1_345' title='bbox 274 4385 330 4436; x_wconf 90' lang='lat' dir='ltr'><strong>iu</strong></span> <span class='ocrx_word' id='word_1_346' title='bbox 359 4382 603 4437; x_wconf 82' lang='lat' dir='ltr'><strong>constit.</strong></span> <span class='ocrx_word' id='word_1_347' title='bbox 635 4381 761 4434; x_wconf 86' lang='lat' dir='ltr'><strong>anni</strong></span> <span class='ocrx_word' id='word_1_348' title='bbox 808 4381 946 4436; x_wconf 81' lang='grc'><strong>1085</strong></span> <span class='ocrx_word' id='word_1_349' title='bbox 991 4398 1008 4434; x_wconf 63' lang='grc' dir='ltr'>ξ</span> <span class='ocrx_word' id='word_1_350' title='bbox 1064 4382 1242 4436; x_wconf 59' lang='lat' dir='ltr'><strong>uiliter</strong></span> <span class='ocrx_word' id='word_1_351' title='bbox 1293 4383 1411 4436; x_wconf 90' lang='lat' dir='ltr'><strong>ait:</strong></span> <span class='ocrx_word' id='word_1_352' title='bbox 1448 4402 1466 4434; x_wconf 76' lang='grc' dir='ltr'>ι</span> <span class='ocrx_word' id='word_1_353' title='bbox 1507 4383 1893 4454; x_wconf 86' lang='lat' dir='ltr'><strong>Unusquisque</strong></span> 
     </span>
    </p>
   </div>
   <div class='ocr_carea' id='block_1_46' title="bbox 274 4473 1891 4546">
    <p class='ocr_par' dir='ltr' id='par_1_46' title="bbox 274 4473 1891 4546">
     <span class='ocr_line' id='line_1_46' title="bbox 274 4473 1891 4546; baseline 0.002 -19"><span class='ocrx_word' id='word_1_354' title='bbox 274 4474 463 4528; x_wconf 63' lang='lat' dir='ltr'><strong>frater</strong></span> <span class='ocrx_word' id='word_1_355' title='bbox 491 4474 682 4527; x_wconf 88' lang='lat' dir='ltr'><strong>lances</strong></span> <span class='ocrx_word' id='word_1_356' title='bbox 713 4473 765 4526; x_wconf 92' lang='lat' dir='ltr'><strong>in</strong></span> <span class='ocrx_word' id='word_1_357' title='bbox 795 4473 930 4527; x_wconf 86' lang='lat' dir='ltr'><strong>cella</strong></span> <span class='ocrx_word' id='word_1_358' title='bbox 961 4474 992 4528; x_wconf 91' lang='lat' dir='ltr'><strong>h</strong></span> <span class='ocrx_word' id='word_1_359' title='bbox 1057 4482 1144 4540; x_wconf 57' lang='lat' dir='ltr'><strong>tet,</strong></span> <span class='ocrx_word' id='word_1_360' title='bbox 1175 4490 1297 4528; x_wconf 91' lang='lat' dir='ltr'><strong>eum</strong></span> <span class='ocrx_word' id='word_1_361' title='bbox 1329 4476 1526 4544; x_wconf 88' lang='lat' dir='ltr'><strong>quibus</strong></span> <span class='ocrx_word' id='word_1_362' title='bbox 1557 4485 1751 4546; x_wconf 87' lang='lat' dir='ltr'><strong>pensat</strong></span> <span class='ocrx_word' id='word_1_363' title='bbox 1781 4487 1891 4533; x_wconf 90' lang='lat' dir='ltr'><strong>tres</strong></span> 
     </span>
    </p>
   </div>
   <div class='ocr_carea' id='block_1_47' title="bbox 273 4542 1976 4637">
    <p class='ocr_par' dir='ltr' id='par_1_47' title="bbox 273 4542 1976 4637">
     <span class='ocr_line' id='line_1_47' title="bbox 273 4542 1976 4637; baseline 0.002 -18"><span class='ocrx_word' id='word_1_364' title='bbox 273 4581 478 4636; x_wconf 86' lang='lat' dir='ltr'><strong>panes,</strong></span> <span class='ocrx_word' id='word_1_365' title='bbox 509 4579 653 4635; x_wconf 89' lang='lat' dir='ltr'><strong>quos</strong></span> <span class='ocrx_word' id='word_1_366' title='bbox 675 4564 871 4634; x_wconf 89' lang='lat' dir='ltr'><strong>accipit</strong></span> <span class='ocrx_word' id='word_1_367' title='bbox 893 4579 1083 4619; x_wconf 82' lang='lat' dir='ltr'><strong>omnes</strong></span> <span class='ocrx_word' id='word_1_368' title='bbox 1121 4566 1236 4620; x_wconf 89' lang='lat' dir='ltr'><strong>dies</strong></span> <span class='ocrx_word' id='word_1_369' title='bbox 1259 4542 1587 4623; x_wconf 78' lang='lat' dir='ltr'><strong>Dominicos.</strong></span> <span class='ocrx_word' id='word_1_370' title='bbox 1614 4577 1668 4621; x_wconf 92' lang='lat' dir='ltr'><strong>et</strong></span> <span class='ocrx_word' id='word_1_371' title='bbox 1703 4568 1894 4637; x_wconf 89' lang='lat' dir='ltr'><strong>quinta</strong></span> <span class='ocrx_word' id='word_1_372' title='bbox 1922 4542 1976 4603; x_wconf 78' lang='grc' dir='ltr'><strong>Ῑ)</strong></span> 
     </span>
    </p>
   </div>
   <div class='ocr_carea' id='block_1_48' title="bbox 276 4655 1891 4724">
    <p class='ocr_par' dir='ltr' id='par_1_48' title="bbox 276 4655 1891 4724">
     <span class='ocr_line' id='line_1_48' title="bbox 276 4655 1891 4724; baseline 0.004 -15"><span class='ocrx_word' id='word_1_373' title='bbox 276 4657 447 4712; x_wconf 86' lang='lat' dir='ltr'><strong>feria.</strong></span> <span class='ocrx_word' id='word_1_374' title='bbox 495 4675 517 4708; x_wconf 76' lang='grc' dir='ltr'><strong><em>ι</em></strong></span> <span class='ocrx_word' id='word_1_375' title='bbox 566 4655 720 4722; x_wconf 86' lang='lat' dir='ltr'><strong>Quod</strong></span> <span class='ocrx_word' id='word_1_376' title='bbox 751 4655 926 4724; x_wconf 90' lang='lat' dir='ltr'><strong>ipsum</strong></span> <span class='ocrx_word' id='word_1_377' title='bbox 952 4665 1217 4711; x_wconf 90' lang='lat' dir='ltr'><strong>testantur</strong></span> <span class='ocrx_word' id='word_1_378' title='bbox 1253 4659 1421 4711; x_wconf 85' lang='lat' dir='ltr'><strong>etiam</strong></span> <span class='ocrx_word' id='word_1_379' title='bbox 1473 4658 1673 4714; x_wconf 83' lang='lat' dir='ltr'><strong>Paulus</strong></span> <span class='ocrx_word' id='word_1_380' title='bbox 1718 4659 1891 4716; x_wconf 79' lang='lat' dir='ltr'><strong>Justi-</strong></span> 
     </span>
    </p>
   </div>
   <div class='ocr_carea' id='block_1_49' title="bbox 276 4745 1893 4820">
    <p class='ocr_par' dir='ltr' id='par_1_49' title="bbox 276 4745 1893 4820">
     <span class='ocr_line' id='line_1_49' title="bbox 276 4745 1893 4820; baseline 0.004 -19"><span class='ocrx_word' id='word_1_381' title='bbox 276 4750 486 4802; x_wconf 88' lang='lat' dir='ltr'><strong>nianus</strong></span> <span class='ocrx_word' id='word_1_382' title='bbox 514 4747 576 4801; x_wconf 92' lang='lat' dir='ltr'><strong>in</strong></span> <span class='ocrx_word' id='word_1_383' title='bbox 602 4745 808 4816; x_wconf 81' lang='lat' dir='ltr'><strong>Regula</strong></span> <span class='ocrx_word' id='word_1_384' title='bbox 838 4747 961 4801; x_wconf 70' lang='lat' dir='ltr'><strong>vita:</strong></span> <span class='ocrx_word' id='word_1_385' title='bbox 1003 4749 1299 4803; x_wconf 81' lang='lat' dir='ltr'><strong>eremiticae</strong></span> <span class='ocrx_word' id='word_1_386' title='bbox 1345 4765 1464 4820; x_wconf 80' lang='lat' dir='ltr'><strong>cap.</strong></span> <span class='ocrx_word' id='word_1_387' title='bbox 1491 4750 1584 4816; x_wconf 77' lang='lat'><strong>29,</strong></span> <span class='ocrx_word' id='word_1_388' title='bbox 1617 4761 1670 4806; x_wconf 91' lang='lat' dir='ltr'><strong>et</strong></span> <span class='ocrx_word' id='word_1_389' title='bbox 1697 4752 1893 4808; x_wconf 87' lang='lat' dir='ltr'><strong>Fortu-</strong></span> 
     </span>
    </p>
   </div>
   <div class='ocr_carea' id='block_1_50' title="bbox 276 4836 1894 4910">
    <p class='ocr_par' dir='ltr' id='par_1_50' title="bbox 276 4836 1894 4910">
     <span class='ocr_line' id='line_1_50' title="bbox 276 4836 1894 4910; baseline 0.003 -18"><span class='ocrx_word' id='word_1_390' title='bbox 276 4839 405 4892; x_wconf 89' lang='lat' dir='ltr'><strong>nius</strong></span> <span class='ocrx_word' id='word_1_391' title='bbox 439 4837 598 4892; x_wconf 82' lang='lat' dir='ltr'><strong>Hist.</strong></span> <span class='ocrx_word' id='word_1_392' title='bbox 630 4836 871 4891; x_wconf 87' lang='lat' dir='ltr'><strong>Camald.</strong></span> <span class='ocrx_word' id='word_1_393' title='bbox 901 4852 954 4907; x_wconf 92' lang='lat' dir='ltr'><strong>p.</strong></span> <span class='ocrx_word' id='word_1_394' title='bbox 986 4853 1024 4903; x_wconf 82' lang='grc' dir='ltr'><strong>ι,</strong></span> <span class='ocrx_word' id='word_1_395' title='bbox 1051 4837 1088 4890; x_wconf 91' lang='lat' dir='ltr'><strong>l.</strong></span> <span class='ocrx_word' id='word_1_396' title='bbox 1115 4854 1152 4905; x_wconf 87' lang='grc' dir='ltr'><strong>ι,</strong></span> <span class='ocrx_word' id='word_1_397' title='bbox 1177 4854 1227 4892; x_wconf 93' lang='lat' dir='ltr'><strong>c.</strong></span> <span class='ocrx_word' id='word_1_398' title='bbox 1271 4839 1362 4894; x_wconf 81' lang='lat'><strong>58.</strong></span> <span class='ocrx_word' id='word_1_399' title='bbox 1416 4840 1581 4910; x_wconf 87' lang='lat' dir='ltr'><strong>idque</strong></span> <span class='ocrx_word' id='word_1_400' title='bbox 1627 4851 1799 4896; x_wconf 90' lang='lat' dir='ltr'><strong>totum</strong></span> <span class='ocrx_word' id='word_1_401' title='bbox 1827 4859 1894 4897; x_wconf 78' lang='lat' dir='ltr'><strong>ex</strong></span> 
     </span>
    </p>
   </div>
   <div class='ocr_carea' id='block_1_51' title="bbox 278 4929 1895 5004">
    <p class='ocr_par' dir='ltr' id='par_1_51' title="bbox 278 4929 1895 5004">
     <span class='ocr_line' id='line_1_51' title="bbox 278 4929 1895 5004; baseline 0.004 -18"><span class='ocrx_word' id='word_1_402' title='bbox 278 4930 339 4986; x_wconf 88' lang='lat' dir='ltr'><strong>S.</strong></span> <span class='ocrx_word' id='word_1_403' title='bbox 371 4930 439 4986; x_wconf 91' lang='lat' dir='ltr'><strong>P.</strong></span> <span class='ocrx_word' id='word_1_404' title='bbox 472 4929 775 4984; x_wconf 82' lang='lat' dir='ltr'><strong>Romualdi</strong></span> <span class='ocrx_word' id='word_1_405' title='bbox 797 4929 1136 4987; x_wconf 88' lang='lat' dir='ltr'><strong>institutione</strong></span> <span class='ocrx_word' id='word_1_406' title='bbox 1165 4930 1456 4987; x_wconf 87' lang='lat' dir='ltr'><strong>deductum</strong></span> <span class='ocrx_word' id='word_1_407' title='bbox 1480 4943 1584 4999; x_wconf 88' lang='lat' dir='ltr'><strong>est,</strong></span> <span class='ocrx_word' id='word_1_408' title='bbox 1612 4936 1703 5004; x_wconf 92' lang='lat' dir='ltr'><strong>qui</strong></span> <span class='ocrx_word' id='word_1_409' title='bbox 1729 4936 1804 4990; x_wconf 89' lang='lat' dir='ltr'><strong>ita</strong></span> <span class='ocrx_word' id='word_1_410' title='bbox 1827 4937 1895 4992; x_wconf 89' lang='lat' dir='ltr'><strong>ad</strong></span> 
     </span>
    </p>
   </div>
   <div class='ocr_carea' id='block_1_52' title="bbox 278 5020 1893 5093">
    <p class='ocr_par' dir='ltr' id='par_1_52' title="bbox 278 5020 1893 5093">
     <span class='ocr_line' id='line_1_52' title="bbox 278 5020 1893 5093; baseline 0.002 -15"><span class='ocrx_word' id='word_1_411' title='bbox 278 5032 501 5078; x_wconf 78' lang='lat' dir='ltr'><strong>certam</strong></span> <span class='ocrx_word' id='word_1_412' title='bbox 550 5036 866 5076; x_wconf 87' lang='lat' dir='ltr'><strong>mensuram</strong></span> <span class='ocrx_word' id='word_1_413' title='bbox 897 5020 1260 5092; x_wconf 90' lang='lat' dir='ltr'><strong>jejunantium</strong></span> <span class='ocrx_word' id='word_1_414' title='bbox 1294 5036 1655 5079; x_wconf 86' lang='lat' dir='ltr'><strong>commeatum</strong></span> <span class='ocrx_word' id='word_1_415' title='bbox 1696 5027 1893 5093; x_wconf 79' lang='lat' dir='ltr'><strong>exerit,</strong></span> 
     </span>
    </p>
   </div>
   <div class='ocr_carea' id='block_1_53' title="bbox 280 5113 1897 5187">
    <p class='ocr_par' dir='ltr' id='par_1_53' title="bbox 280 5113 1897 5187">
     <span class='ocr_line' id='line_1_53' title="bbox 280 5113 1897 5187; baseline 0.002 -18"><span class='ocrx_word' id='word_1_416' title='bbox 280 5125 340 5169; x_wconf 91' lang='lat' dir='ltr'><strong>ut</strong></span> <span class='ocrx_word' id='word_1_417' title='bbox 368 5115 530 5170; x_wconf 79' lang='lat' dir='ltr'><strong>intra</strong></span> <span class='ocrx_word' id='word_1_418' title='bbox 569 5113 780 5167; x_wconf 85' lang='lat' dir='ltr'><strong>dimidii</strong></span> <span class='ocrx_word' id='word_1_419' title='bbox 813 5114 1090 5182; x_wconf 75' lang='lat' dir='ltr'><strong>paximatii</strong></span> <span class='ocrx_word' id='word_1_420' title='bbox 1119 5114 1235 5185; x_wconf 90' lang='lat' dir='ltr'><strong>(seu</strong></span> <span class='ocrx_word' id='word_1_421' title='bbox 1281 5115 1438 5185; x_wconf 88' lang='lat' dir='ltr'><strong>panis</strong></span> <span class='ocrx_word' id='word_1_422' title='bbox 1483 5117 1735 5187; x_wconf 87' lang='lat' dir='ltr'><strong>biscocti)</strong></span> <span class='ocrx_word' id='word_1_423' title='bbox 1782 5133 1897 5174; x_wconf 87' lang='lat' dir='ltr'><strong>me-</strong></span> 
     </span>
    </p>
   </div>
   <div class='ocr_carea' id='block_1_54' title="bbox 283 5202 1899 5274">
    <p class='ocr_par' dir='ltr' id='par_1_54' title="bbox 283 5202 1899 5274">
     <span class='ocr_line' id='line_1_54' title="bbox 283 5202 1899 5274; baseline 0.003 -14"><span class='ocrx_word' id='word_1_424' title='bbox 283 5207 564 5260; x_wconf 83' lang='lat' dir='ltr'><strong>dietatem</strong></span> <span class='ocrx_word' id='word_1_425' title='bbox 604 5218 730 5258; x_wconf 89' lang='lat' dir='ltr'><strong>suos</strong></span> <span class='ocrx_word' id='word_1_426' title='bbox 764 5202 1057 5274; x_wconf 87' lang='lat' dir='ltr'><strong>discipulos</strong></span> <span class='ocrx_word' id='word_1_427' title='bbox 1082 5205 1259 5274; x_wconf 89' lang='lat' dir='ltr'><strong>primo</strong></span> <span class='ocrx_word' id='word_1_428' title='bbox 1288 5206 1613 5272; x_wconf 89' lang='lat' dir='ltr'><strong>contineret,</strong></span> <span class='ocrx_word' id='word_1_429' title='bbox 1641 5216 1750 5262; x_wconf 90' lang='lat' dir='ltr'><strong>tum</strong></span> <span class='ocrx_word' id='word_1_430' title='bbox 1772 5210 1899 5265; x_wconf 87' lang='lat' dir='ltr'><strong>ube-</strong></span> 
     </span>
    </p>
   </div>
   <div class='ocr_carea' id='block_1_55' title="bbox 285 5295 1902 5370">
    <p class='ocr_par' dir='ltr' id='par_1_55' title="bbox 285 5295 1902 5370">
     <span class='ocr_line' id='line_1_55' title="bbox 285 5295 1902 5370; baseline 0.001 -17"><span class='ocrx_word' id='word_1_431' title='bbox 285 5299 421 5353; x_wconf 89' lang='lat' dir='ltr'><strong>riori</strong></span> <span class='ocrx_word' id='word_1_432' title='bbox 474 5297 617 5352; x_wconf 87' lang='lat' dir='ltr'><strong>cibo</strong></span> <span class='ocrx_word' id='word_1_433' title='bbox 643 5295 1010 5366; x_wconf 79' lang='lat' dir='ltr'><strong>indigentibus</strong></span> <span class='ocrx_word' id='word_1_434' title='bbox 1056 5296 1416 5365; x_wconf 88' lang='lat' dir='ltr'><strong>quadrantem</strong></span> <span class='ocrx_word' id='word_1_435' title='bbox 1461 5296 1702 5364; x_wconf 86' lang='lat' dir='ltr'><strong>ejusdem</strong></span> <span class='ocrx_word' id='word_1_436' title='bbox 1744 5302 1902 5370; x_wconf 90' lang='lat' dir='ltr'><strong>panis</strong></span> 
     </span>
    </p>
   </div>
   <div class='ocr_carea' id='block_1_56' title="bbox 288 5385 1901 5459">
    <p class='ocr_par' dir='ltr' id='par_1_56' title="bbox 288 5385 1901 5459">
     <span class='ocr_line' id='line_1_56' title="bbox 288 5385 1901 5459; baseline 0.003 -16"><span class='ocrx_word' id='word_1_437' title='bbox 288 5389 523 5459; x_wconf 88' lang='lat' dir='ltr'><strong>insuper</strong></span> <span class='ocrx_word' id='word_1_438' title='bbox 553 5385 866 5452; x_wconf 87' lang='lat' dir='ltr'><strong>indulserit,</strong></span> <span class='ocrx_word' id='word_1_439' title='bbox 892 5389 1344 5457; x_wconf 85' lang='lat' dir='ltr'><strong>quemadmodum</strong></span> <span class='ocrx_word' id='word_1_440' title='bbox 1390 5388 1449 5442; x_wconf 85' lang='grc' dir='ltr'><strong>Β.</strong></span> <span class='ocrx_word' id='word_1_441' title='bbox 1480 5389 1641 5446; x_wconf 71' lang='lat' dir='ltr'><strong>Petro</strong></span> <span class='ocrx_word' id='word_1_442' title='bbox 1673 5391 1901 5448; x_wconf 89' lang='lat' dir='ltr'><strong>Urseolo</strong></span> 
     </span>
    </p>
   </div>
   <div class='ocr_carea' id='block_1_57' title="bbox 291 5478 1899 5554">
    <p class='ocr_par' dir='ltr' id='par_1_57' title="bbox 291 5478 1899 5554">
     <span class='ocr_line' id='line_1_57' title="bbox 291 5478 1899 5554; baseline 0.001 -16"><span class='ocrx_word' id='word_1_443' title='bbox 291 5482 550 5554; x_wconf 72' lang='lat' dir='ltr'><strong>contigit.</strong></span> <span class='ocrx_word' id='word_1_444' title='bbox 592 5478 732 5534; x_wconf 79' lang='lat' dir='ltr'><strong>Nam</strong></span> <span class='ocrx_word' id='word_1_445' title='bbox 764 5489 1046 5551; x_wconf 86' lang='lat' dir='ltr'><strong>postquam</strong></span> <span class='ocrx_word' id='word_1_446' title='bbox 1076 5480 1122 5534; x_wconf 91' lang='lat' dir='ltr'><strong>is</strong></span> <span class='ocrx_word' id='word_1_447' title='bbox 1154 5479 1212 5535; x_wconf 91' lang='lat' dir='ltr'><strong>S.</strong></span> <span class='ocrx_word' id='word_1_448' title='bbox 1247 5479 1428 5537; x_wconf 87' lang='lat' dir='ltr'><strong>Patris</strong></span> <span class='ocrx_word' id='word_1_449' title='bbox 1476 5483 1705 5552; x_wconf 88' lang='lat' dir='ltr'><strong>pedibus</strong></span> <span class='ocrx_word' id='word_1_450' title='bbox 1731 5485 1899 5540; x_wconf 86' lang='lat' dir='ltr'><strong>advo-</strong></span> 
     </span>
    </p>
   </div>
   <div class='ocr_carea' id='block_1_58' title="bbox 291 5572 1901 5645">
    <p class='ocr_par' dir='ltr' id='par_1_58' title="bbox 291 5572 1901 5645">
     <span class='ocr_line' id='line_1_58' title="bbox 291 5572 1901 5645; baseline 0.002 -19"><span class='ocrx_word' id='word_1_451' title='bbox 291 5574 439 5630; x_wconf 87' lang='lat' dir='ltr'><strong>lutus</strong></span> <span class='ocrx_word' id='word_1_452' title='bbox 469 5572 876 5628; x_wconf 87' lang='lat' dir='ltr'><strong>necessitatem</strong></span> <span class='ocrx_word' id='word_1_453' title='bbox 923 5587 1074 5627; x_wconf 89' lang='lat' dir='ltr'><strong>suam</strong></span> <span class='ocrx_word' id='word_1_454' title='bbox 1125 5572 1379 5642; x_wconf 88' lang='lat' dir='ltr'><strong>aperuit:</strong></span> <span class='ocrx_word' id='word_1_455' title='bbox 1419 5591 1439 5623; x_wconf 69' lang='grc' dir='ltr'><strong><em>ι</em></strong></span> <span class='ocrx_word' id='word_1_456' title='bbox 1477 5572 1659 5640; x_wconf 87' lang='lat' dir='ltr'><strong>Pater,</strong></span> <span class='ocrx_word' id='word_1_457' title='bbox 1706 5577 1901 5645; x_wconf 90' lang='lat' dir='ltr'><strong>inquit,</strong></span> 
     </span>
    </p>
   </div>
   <div class='ocr_carea' id='block_1_59' title="bbox 296 5665 1899 5736">
    <p class='ocr_par' dir='ltr' id='par_1_59' title="bbox 296 5665 1899 5736">
     <span class='ocr_line' id='line_1_59' title="bbox 296 5665 1899 5736; baseline 0.001 -16"><span class='ocrx_word' id='word_1_458' title='bbox 296 5665 421 5736; x_wconf 88' lang='lat' dir='ltr'><strong>quia</strong></span> <span class='ocrx_word' id='word_1_459' title='bbox 456 5679 733 5731; x_wconf 78' lang='lat' dir='ltr'><strong>magnum</strong></span> <span class='ocrx_word' id='word_1_460' title='bbox 764 5679 959 5734; x_wconf 91' lang='lat' dir='ltr'><strong>corpus</strong></span> <span class='ocrx_word' id='word_1_461' title='bbox 1014 5665 1187 5720; x_wconf 80' lang='lat' dir='ltr'><strong>habeo</strong></span> <span class='ocrx_word' id='word_1_462' title='bbox 1218 5680 1316 5735; x_wconf 90' lang='lat' dir='ltr'><strong>pro</strong></span> <span class='ocrx_word' id='word_1_463' title='bbox 1362 5668 1603 5735; x_wconf 88' lang='lat' dir='ltr'><strong>peccatis</strong></span> <span class='ocrx_word' id='word_1_464' title='bbox 1652 5668 1807 5732; x_wconf 84' lang='lat' dir='ltr'><strong>meis,</strong></span> <span class='ocrx_word' id='word_1_465' title='bbox 1837 5684 1899 5721; x_wconf 75' lang='lat' dir='ltr'><strong>ex</strong></span> 
     </span>
    </p>
   </div>
   <div class='ocr_carea' id='block_1_60' title="bbox 297 5760 1902 5833">
    <p class='ocr_par' dir='ltr' id='par_1_60' title="bbox 297 5760 1902 5833">
     <span class='ocr_line' id='line_1_60' title="bbox 297 5760 1902 5833; baseline -0.001 -15"><span class='ocrx_word' id='word_1_466' title='bbox 297 5763 400 5819; x_wconf 81' lang='lat' dir='ltr'><strong>hac</strong></span> <span class='ocrx_word' id='word_1_467' title='bbox 436 5762 740 5833; x_wconf 76' lang='lat' dir='ltr'><strong>paximatii</strong></span> <span class='ocrx_word' id='word_1_468' title='bbox 773 5760 1056 5817; x_wconf 85' lang='lat' dir='ltr'><strong>medietate</strong></span> <span class='ocrx_word' id='word_1_469' title='bbox 1087 5770 1393 5818; x_wconf 80' lang='lat' dir='ltr'><strong>sustentare</strong></span> <span class='ocrx_word' id='word_1_470' title='bbox 1409 5777 1493 5818; x_wconf 82' lang='lat' dir='ltr'><strong>me</strong></span> <span class='ocrx_word' id='word_1_471' title='bbox 1521 5779 1624 5818; x_wconf 89' lang='lat' dir='ltr'><strong>non</strong></span> <span class='ocrx_word' id='word_1_472' title='bbox 1659 5779 1902 5833; x_wconf 87' lang='lat' dir='ltr'><strong>possum.</strong></span> 
     </span>
    </p>
   </div>
   <div class='ocr_carea' id='block_1_61' title="bbox 1972 545 3579 618">
    <p class='ocr_par' dir='ltr' id='par_1_61' title="bbox 1972 545 3579 618">
     <span class='ocr_line' id='line_1_61' title="bbox 1972 545 3579 618; baseline 0.007 -19"><span class='ocrx_word' id='word_1_473' title='bbox 1972 554 2142 599; x_wconf 60' lang='lat' dir='ltr'><strong>suetae</strong></span> <span class='ocrx_word' id='word_1_474' title='bbox 2163 561 2435 601; x_wconf 72' lang='lat' dir='ltr'><strong>mensura:</strong></span> <span class='ocrx_word' id='word_1_475' title='bbox 2468 546 2736 616; x_wconf 87' lang='lat' dir='ltr'><strong>quadram</strong></span> <span class='ocrx_word' id='word_1_476' title='bbox 2767 545 3051 615; x_wconf 81' lang='lat' dir='ltr'><strong>paximatii</strong></span> <span class='ocrx_word' id='word_1_477' title='bbox 3091 550 3490 618; x_wconf 89' lang='lat' dir='ltr'><strong>superaddidit,</strong></span> <span class='ocrx_word' id='word_1_478' title='bbox 3523 565 3579 611; x_wconf 90' lang='lat' dir='ltr'><strong>et</strong></span> 
     </span>
    </p>
   </div>
   <div class='ocr_carea' id='block_1_62' title="bbox 1969 634 3575 707">
    <p class='ocr_par' dir='ltr' id='par_1_62' title="bbox 1969 634 3575 707">
     <span class='ocr_line' id='line_1_62' title="bbox 1969 634 3575 707; baseline 0.007 -19"><span class='ocrx_word' id='word_1_479' title='bbox 1969 634 2050 690; x_wconf 88' lang='lat' dir='ltr'><strong>sie</strong></span> <span class='ocrx_word' id='word_1_480' title='bbox 2071 635 2274 690; x_wconf 83' lang='lat' dir='ltr'><strong>labenti</strong></span> <span class='ocrx_word' id='word_1_481' title='bbox 2298 634 2413 704; x_wconf 90' lang='lat' dir='ltr'><strong>jam</strong></span> <span class='ocrx_word' id='word_1_482' title='bbox 2469 636 2652 702; x_wconf 69' lang='lat' dir='ltr'><strong>fratri,</strong></span> <span class='ocrx_word' id='word_1_483' title='bbox 2686 651 2755 690; x_wconf 89' lang='lat' dir='ltr'><strong>ne</strong></span> <span class='ocrx_word' id='word_1_484' title='bbox 2780 636 3005 692; x_wconf 90' lang='lat' dir='ltr'><strong>omnino</strong></span> <span class='ocrx_word' id='word_1_485' title='bbox 3040 637 3319 707; x_wconf 86' lang='lat' dir='ltr'><strong>deficeret,</strong></span> <span class='ocrx_word' id='word_1_486' title='bbox 3356 643 3575 700; x_wconf 85' lang='lat' dir='ltr'><strong>miseri-</strong></span> 
     </span>
    </p>
   </div>
   <div class='ocr_carea' id='block_1_63' title="bbox 1970 727 3581 798">
    <p class='ocr_par' dir='ltr' id='par_1_63' title="bbox 1970 727 3581 798">
     <span class='ocr_line' id='line_1_63' title="bbox 1970 727 3581 798; baseline 0.006 -16"><span class='ocrx_word' id='word_1_487' title='bbox 1970 727 2170 782; x_wconf 57' lang='lat' dir='ltr'><strong>cordia;</strong></span> <span class='ocrx_word' id='word_1_488' title='bbox 2199 742 2420 782; x_wconf 91' lang='lat' dir='ltr'><strong>manum</strong></span> <span class='ocrx_word' id='word_1_489' title='bbox 2467 729 2719 795; x_wconf 85' lang='lat' dir='ltr'><strong>tetendit,</strong></span> <span class='ocrx_word' id='word_1_490' title='bbox 2755 747 2773 781; x_wconf 70' lang='grc' dir='ltr'><strong><em>ι</em></strong></span> <span class='ocrx_word' id='word_1_491' title='bbox 2806 737 2936 785; x_wconf 91' lang='lat' dir='ltr'><strong>etc..</strong></span> <span class='ocrx_word' id='word_1_492' title='bbox 2970 738 3030 784; x_wconf 93' lang='lat' dir='ltr'><strong>ut</strong></span> <span class='ocrx_word' id='word_1_493' title='bbox 3083 730 3316 798; x_wconf 70' lang='lat' dir='ltr'><strong>legimus</strong></span> <span class='ocrx_word' id='word_1_494' title='bbox 3367 736 3423 790; x_wconf 93' lang='lat' dir='ltr'><strong>in</strong></span> <span class='ocrx_word' id='word_1_495' title='bbox 3473 737 3581 792; x_wconf 73' lang='lat' dir='ltr'><strong>lio-</strong></span> 
     </span>
    </p>
   </div>
   <div class='ocr_carea' id='block_1_64' title="bbox 1971 818 2560 890">
    <p class='ocr_par' dir='ltr' id='par_1_64' title="bbox 1971 818 2560 890">
     <span class='ocr_line' id='line_1_64' title="bbox 1971 818 2560 890; baseline 0 -16"><span class='ocrx_word' id='word_1_496' title='bbox 1971 818 2174 874; x_wconf 89' lang='lat' dir='ltr'><strong>mualdi</strong></span> <span class='ocrx_word' id='word_1_497' title='bbox 2206 821 2328 875; x_wconf 83' lang='lat' dir='ltr'><strong>Vita</strong></span> <span class='ocrx_word' id='word_1_498' title='bbox 2356 835 2476 890; x_wconf 90' lang='lat' dir='ltr'><strong>cap.</strong></span> <span class='ocrx_word' id='word_1_499' title='bbox 2506 821 2560 876; x_wconf 90' lang='lat'><strong>8.</strong></span> 
     </span>
    </p>
   </div>
   <div class='ocr_carea' id='block_1_65' title="bbox 2042 923 3581 1003">
    <p class='ocr_par' dir='ltr' id='par_1_65' title="bbox 2042 923 3581 1003">
     <span class='ocr_line' id='line_1_65' title="bbox 2042 923 3581 1003; baseline 0.006 -17"><span class='ocrx_word' id='word_1_500' title='bbox 2042 932 2164 987; x_wconf 83' lang='lat' dir='ltr'><strong>XV.</strong></span> <span class='ocrx_word' id='word_1_501' title='bbox 2206 931 2399 989; x_wconf 88' lang='lat' dir='ltr'><strong>Obiter</strong></span> <span class='ocrx_word' id='word_1_502' title='bbox 2424 942 2608 988; x_wconf 88' lang='lat' dir='ltr'><strong>autem</strong></span> <span class='ocrx_word' id='word_1_503' title='bbox 2650 933 2831 989; x_wconf 88' lang='lat' dir='ltr'><strong>notari</strong></span> <span class='ocrx_word' id='word_1_504' title='bbox 2860 931 3039 1003; x_wconf 77' lang='lat' dir='ltr'><strong>juvat,</strong></span> <span class='ocrx_word' id='word_1_505' title='bbox 3075 949 3141 990; x_wconf 76' lang='lat' dir='ltr'><strong>ex</strong></span> <span class='ocrx_word' id='word_1_506' title='bbox 3181 923 3428 994; x_wconf 86' lang='lat' dir='ltr'><strong>Damiani</strong></span> <span class='ocrx_word' id='word_1_507' title='bbox 3459 940 3581 996; x_wconf 91' lang='lat' dir='ltr'><strong>loco</strong></span> 
     </span>
    </p>
   </div>
   <div class='ocr_carea' id='block_1_66' title="bbox 1972 1023 3585 1101">
    <p class='ocr_par' dir='ltr' id='par_1_66' title="bbox 1972 1023 3585 1101">
     <span class='ocr_line' id='line_1_66' title="bbox 1972 1023 3585 1101; baseline 0.007 -23"><span class='ocrx_word' id='word_1_508' title='bbox 1972 1023 2139 1096; x_wconf 89' lang='lat' dir='ltr'><strong>paulo</strong></span> <span class='ocrx_word' id='word_1_509' title='bbox 2166 1035 2328 1080; x_wconf 88' lang='lat' dir='ltr'><strong>antea</strong></span> <span class='ocrx_word' id='word_1_510' title='bbox 2357 1025 2579 1080; x_wconf 86' lang='lat' dir='ltr'><strong>laudato</strong></span> <span class='ocrx_word' id='word_1_511' title='bbox 2604 1026 2722 1081; x_wconf 91' lang='lat' dir='ltr'><strong>erui</strong></span> <span class='ocrx_word' id='word_1_512' title='bbox 2743 1041 2904 1096; x_wconf 90' lang='lat' dir='ltr'><strong>posse</strong></span> <span class='ocrx_word' id='word_1_513' title='bbox 2927 1029 3212 1096; x_wconf 68' lang='lat' dir='ltr'><strong>praecisum</strong></span> <span class='ocrx_word' id='word_1_514' title='bbox 3237 1031 3396 1101; x_wconf 89' lang='lat' dir='ltr'><strong>panis</strong></span> <span class='ocrx_word' id='word_1_515' title='bbox 3427 1049 3585 1088; x_wconf 89' lang='lat' dir='ltr'><strong>meu-</strong></span> 
     </span>
    </p>
   </div>
   <div class='ocr_carea' id='block_1_67' title="bbox 1972 1115 3588 1193">
    <p class='ocr_par' dir='ltr' id='par_1_67' title="bbox 1972 1115 3588 1193">
     <span class='ocr_line' id='line_1_67' title="bbox 1972 1115 3588 1193; baseline 0.005 -20"><span class='ocrx_word' id='word_1_516' title='bbox 1972 1132 2157 1173; x_wconf 88' lang='lat' dir='ltr'><strong>suram</strong></span> <span class='ocrx_word' id='word_1_517' title='bbox 2184 1132 2214 1170; x_wconf 89' lang='lat' dir='ltr'><strong>a</strong></span> <span class='ocrx_word' id='word_1_518' title='bbox 2245 1115 2305 1172; x_wconf 89' lang='lat' dir='ltr'><strong>S.</strong></span> <span class='ocrx_word' id='word_1_519' title='bbox 2333 1116 2396 1171; x_wconf 95' lang='lat' dir='ltr'><strong>P.</strong></span> <span class='ocrx_word' id='word_1_520' title='bbox 2430 1117 2729 1172; x_wconf 83' lang='lat' dir='ltr'><strong>Benedicto</strong></span> <span class='ocrx_word' id='word_1_521' title='bbox 2783 1133 2904 1188; x_wconf 86' lang='lat' dir='ltr'><strong>cap.</strong></span> <span class='ocrx_word' id='word_1_522' title='bbox 2957 1117 3027 1174; x_wconf 74' lang='lat'><strong>59</strong></span> <span class='ocrx_word' id='word_1_523' title='bbox 3080 1119 3300 1192; x_wconf 65' lang='lat' dir='ltr'><strong>Regulae</strong></span> <span class='ocrx_word' id='word_1_524' title='bbox 3332 1127 3588 1193; x_wconf 55' lang='lat' dir='ltr'><strong>prescri-</strong></span> 
     </span>
    </p>
   </div>
   <div class='ocr_carea' id='block_1_68' title="bbox 1971 1206 3585 1281">
    <p class='ocr_par' dir='ltr' id='par_1_68' title="bbox 1971 1206 3585 1281">
     <span class='ocr_line' id='line_1_68' title="bbox 1971 1206 3585 1281; baseline 0.006 -20"><span class='ocrx_word' id='word_1_525' title='bbox 1971 1215 2123 1278; x_wconf 87' lang='lat' dir='ltr'><strong>ptam</strong></span> <span class='ocrx_word' id='word_1_526' title='bbox 2157 1207 2262 1263; x_wconf 91' lang='lat' dir='ltr'><strong>ibi:</strong></span> <span class='ocrx_word' id='word_1_527' title='bbox 2289 1227 2308 1259; x_wconf 84' lang='grc'><strong><em>‹</em></strong></span> <span class='ocrx_word' id='word_1_528' title='bbox 2338 1206 2505 1263; x_wconf 89' lang='lat' dir='ltr'><strong>Panis</strong></span> <span class='ocrx_word' id='word_1_529' title='bbox 2534 1207 2671 1264; x_wconf 87' lang='lat' dir='ltr'><strong>libra</strong></span> <span class='ocrx_word' id='word_1_530' title='bbox 2701 1223 2807 1262; x_wconf 91' lang='lat' dir='ltr'><strong>una</strong></span> <span class='ocrx_word' id='word_1_531' title='bbox 2830 1223 3102 1279; x_wconf 89' lang='lat' dir='ltr'><strong>propensa</strong></span> <span class='ocrx_word' id='word_1_532' title='bbox 3134 1209 3369 1267; x_wconf 80' lang='lat' dir='ltr'><strong>suﬂiciat</strong></span> <span class='ocrx_word' id='word_1_533' title='bbox 3389 1213 3444 1268; x_wconf 92' lang='lat' dir='ltr'><strong>in</strong></span> <span class='ocrx_word' id='word_1_534' title='bbox 3474 1216 3585 1281; x_wconf 92' lang='lat' dir='ltr'><strong>die,</strong></span> 
     </span>
    </p>
   </div>
   <div class='ocr_carea' id='block_1_69' title="bbox 1971 1298 3588 1372">
    <p class='ocr_par' dir='ltr' id='par_1_69' title="bbox 1971 1298 3588 1372">
     <span class='ocr_line' id='line_1_69' title="bbox 1971 1298 3588 1372; baseline 0.004 -17"><span class='ocrx_word' id='word_1_535' title='bbox 1971 1299 2092 1355; x_wconf 87' lang='lat' dir='ltr'><strong>sive</strong></span> <span class='ocrx_word' id='word_1_536' title='bbox 2118 1315 2226 1353; x_wconf 90' lang='lat' dir='ltr'><strong>una</strong></span> <span class='ocrx_word' id='word_1_537' title='bbox 2257 1299 2328 1354; x_wconf 92' lang='lat' dir='ltr'><strong>sit</strong></span> <span class='ocrx_word' id='word_1_538' title='bbox 2361 1298 2610 1360; x_wconf 82' lang='lat' dir='ltr'><strong>refectio,</strong></span> <span class='ocrx_word' id='word_1_539' title='bbox 2636 1298 2757 1354; x_wconf 91' lang='lat' dir='ltr'><strong>sive</strong></span> <span class='ocrx_word' id='word_1_540' title='bbox 2789 1300 3026 1369; x_wconf 88' lang='lat' dir='ltr'><strong>prandii,</strong></span> <span class='ocrx_word' id='word_1_541' title='bbox 3057 1308 3112 1355; x_wconf 89' lang='lat' dir='ltr'><strong>et</strong></span> <span class='ocrx_word' id='word_1_542' title='bbox 3133 1317 3327 1358; x_wconf 69' lang='lat' dir='ltr'><strong>edente.</strong></span> <span class='ocrx_word' id='word_1_543' title='bbox 3371 1324 3389 1356; x_wconf 76' lang='grc' dir='ltr'><strong><em>ι</em></strong></span> <span class='ocrx_word' id='word_1_544' title='bbox 3429 1305 3588 1372; x_wconf 89' lang='lat' dir='ltr'><strong>Quod</strong></span> 
     </span>
    </p>
   </div>
   <div class='ocr_carea' id='block_1_70' title="bbox 1974 1389 3585 1461">
    <p class='ocr_par' dir='ltr' id='par_1_70' title="bbox 1974 1389 3585 1461">
     <span class='ocr_line' id='line_1_70' title="bbox 1974 1389 3585 1461; baseline 0.006 -18"><span class='ocrx_word' id='word_1_545' title='bbox 1974 1391 2192 1461; x_wconf 90' lang='lat' dir='ltr'><strong>quidem</strong></span> <span class='ocrx_word' id='word_1_546' title='bbox 2221 1389 2374 1446; x_wconf 72' lang='lat' dir='ltr'><strong>libra:</strong></span> <span class='ocrx_word' id='word_1_547' title='bbox 2416 1390 2625 1460; x_wconf 91' lang='lat' dir='ltr'><strong>pondus</strong></span> <span class='ocrx_word' id='word_1_548' title='bbox 2672 1391 2834 1445; x_wconf 87' lang='lat' dir='ltr'><strong>simul</strong></span> <span class='ocrx_word' id='word_1_549' title='bbox 2861 1408 2987 1446; x_wconf 92' lang='lat' dir='ltr'><strong>eum</strong></span> <span class='ocrx_word' id='word_1_550' title='bbox 3038 1409 3296 1449; x_wconf 89' lang='lat' dir='ltr'><strong>mensura</strong></span> <span class='ocrx_word' id='word_1_551' title='bbox 3347 1395 3585 1452; x_wconf 73' lang='lat' dir='ltr'><strong>bernium</strong></span> 
     </span>
    </p>
   </div>
   <div class='ocr_carea' id='block_1_71' title="bbox 1971 1478 3584 1545">
    <p class='ocr_par' dir='ltr' id='par_1_71' title="bbox 1971 1478 3584 1545">
     <span class='ocr_line' id='line_1_71' title="bbox 1971 1478 3584 1545; baseline 0.005 -12"><span class='ocrx_word' id='word_1_552' title='bbox 1971 1479 2107 1545; x_wconf 90' lang='lat' dir='ltr'><strong>vini,</strong></span> <span class='ocrx_word' id='word_1_553' title='bbox 2146 1480 2290 1535; x_wconf 92' lang='lat' dir='ltr'><strong>idem</strong></span> <span class='ocrx_word' id='word_1_554' title='bbox 2327 1478 2385 1535; x_wconf 91' lang='lat' dir='ltr'><strong>S.</strong></span> <span class='ocrx_word' id='word_1_555' title='bbox 2425 1478 2756 1534; x_wconf 89' lang='lat' dir='ltr'><strong>Benedictus</strong></span> <span class='ocrx_word' id='word_1_556' title='bbox 2791 1479 2852 1533; x_wconf 88' lang='grc' dir='ltr'><strong>Β.</strong></span> <span class='ocrx_word' id='word_1_557' title='bbox 2897 1478 3089 1536; x_wconf 82' lang='lat' dir='ltr'><strong>Mauro</strong></span> <span class='ocrx_word' id='word_1_558' title='bbox 3149 1483 3202 1536; x_wconf 87' lang='lat' dir='ltr'><strong>in</strong></span> <span class='ocrx_word' id='word_1_559' title='bbox 3262 1483 3471 1541; x_wconf 82' lang='lat' dir='ltr'><strong>Gallias</strong></span> <span class='ocrx_word' id='word_1_560' title='bbox 3499 1488 3584 1541; x_wconf 84' lang='lat' dir='ltr'><strong>di-</strong></span> 
     </span>
    </p>
   </div>
   <div class='ocr_carea' id='block_1_72' title="bbox 1973 1570 3584 1645">
    <p class='ocr_par' dir='ltr' id='par_1_72' title="bbox 1973 1570 3584 1645">
     <span class='ocr_line' id='line_1_72' title="bbox 1973 1570 3584 1645; baseline 0.007 -20"><span class='ocrx_word' id='word_1_561' title='bbox 1973 1570 2140 1625; x_wconf 88' lang='lat' dir='ltr'><strong>misso</strong></span> <span class='ocrx_word' id='word_1_562' title='bbox 2172 1570 2532 1642; x_wconf 79' lang='lat' dir='ltr'><strong>consignavit,</strong></span> <span class='ocrx_word' id='word_1_563' title='bbox 2593 1579 2651 1623; x_wconf 92' lang='lat' dir='ltr'><strong>ut</strong></span> <span class='ocrx_word' id='word_1_564' title='bbox 2697 1581 2886 1625; x_wconf 87' lang='lat' dir='ltr'><strong>narrat</strong></span> <span class='ocrx_word' id='word_1_565' title='bbox 2929 1571 3169 1629; x_wconf 85' lang='lat' dir='ltr'><strong>Faustus</strong></span> <span class='ocrx_word' id='word_1_566' title='bbox 3201 1575 3256 1628; x_wconf 88' lang='lat' dir='ltr'><strong>in</strong></span> <span class='ocrx_word' id='word_1_567' title='bbox 3305 1578 3427 1645; x_wconf 90' lang='lat' dir='ltr'><strong>ejus</strong></span> <span class='ocrx_word' id='word_1_568' title='bbox 3459 1580 3584 1635; x_wconf 88' lang='lat' dir='ltr'><strong>Vita</strong></span> 
     </span>
    </p>
   </div>
   <div class='ocr_carea' id='block_1_73' title="bbox 1975 1659 3587 1741">
    <p class='ocr_par' dir='ltr' id='par_1_73' title="bbox 1975 1659 3587 1741">
     <span class='ocr_line' id='line_1_73' title="bbox 1975 1659 3587 1741; baseline 0.008 -26"><span class='ocrx_word' id='word_1_569' title='bbox 1975 1660 2115 1731; x_wconf 87' lang='lat' dir='ltr'><strong>apud</strong></span> <span class='ocrx_word' id='word_1_570' title='bbox 2148 1659 2372 1715; x_wconf 89' lang='lat' dir='ltr'><strong>Surium</strong></span> <span class='ocrx_word' id='word_1_571' title='bbox 2405 1677 2418 1713; x_wconf 93' lang='lat'>:</span> <span class='ocrx_word' id='word_1_572' title='bbox 2457 1661 2555 1716; x_wconf 85' lang='lat' dir='ltr'><strong>sed</strong></span> <span class='ocrx_word' id='word_1_573' title='bbox 2588 1659 3022 1719; x_wconf 84' lang='lat' dir='ltr'><strong>etCassiuenses</strong></span> <span class='ocrx_word' id='word_1_574' title='bbox 3049 1667 3329 1734; x_wconf 82' lang='lat' dir='ltr'><strong>monachi,</strong></span> <span class='ocrx_word' id='word_1_575' title='bbox 3367 1668 3587 1741; x_wconf 80' lang='lat' dir='ltr'><strong>Longo-</strong></span> 
     </span>
    </p>
   </div>
   <div class='ocr_carea' id='block_1_74' title="bbox 1973 1751 3591 1830">
    <p class='ocr_par' dir='ltr' id='par_1_74' title="bbox 1973 1751 3591 1830">
     <span class='ocr_line' id='line_1_74' title="bbox 1973 1751 3591 1830; baseline 0.009 -22"><span class='ocrx_word' id='word_1_576' title='bbox 1973 1752 2273 1808; x_wconf 90' lang='lat' dir='ltr'><strong>bardorum</strong></span> <span class='ocrx_word' id='word_1_577' title='bbox 2309 1751 2683 1808; x_wconf 87' lang='lat' dir='ltr'><strong>incursionem</strong></span> <span class='ocrx_word' id='word_1_578' title='bbox 2738 1753 3031 1825; x_wconf 81' lang='lat' dir='ltr'><strong>fugientes,</strong></span> <span class='ocrx_word' id='word_1_579' title='bbox 3085 1757 3227 1822; x_wconf 86' lang='lat' dir='ltr'><strong>idem</strong></span> <span class='ocrx_word' id='word_1_580' title='bbox 3274 1763 3504 1830; x_wconf 88' lang='lat' dir='ltr'><strong>pondus,</strong></span> <span class='ocrx_word' id='word_1_581' title='bbox 3531 1775 3591 1822; x_wconf 87' lang='lat' dir='ltr'><strong>et</strong></span> 
     </span>
    </p>
   </div>
   <div class='ocr_carea' id='block_1_75' title="bbox 1977 1846 3588 1919">
    <p class='ocr_par' dir='ltr' id='par_1_75' title="bbox 1977 1846 3588 1919">
     <span class='ocr_line' id='line_1_75' title="bbox 1977 1846 3588 1919; baseline 0.008 -19"><span class='ocrx_word' id='word_1_582' title='bbox 1977 1861 2292 1901; x_wconf 90' lang='lat' dir='ltr'><strong>mensuram</strong></span> <span class='ocrx_word' id='word_1_583' title='bbox 2340 1862 2529 1901; x_wconf 87' lang='lat' dir='ltr'><strong>secum</strong></span> <span class='ocrx_word' id='word_1_584' title='bbox 2582 1846 2814 1902; x_wconf 78' lang='lat' dir='ltr'><strong>Romam</strong></span> <span class='ocrx_word' id='word_1_585' title='bbox 2865 1861 3242 1919; x_wconf 87' lang='lat' dir='ltr'><strong>asportarunt,</strong></span> <span class='ocrx_word' id='word_1_586' title='bbox 3302 1870 3372 1910; x_wconf 81' lang='lat' dir='ltr'><strong>ex</strong></span> <span class='ocrx_word' id='word_1_587' title='bbox 3401 1855 3588 1913; x_wconf 82' lang='lat' dir='ltr'><strong>Leone</strong></span> 
     </span>
    </p>
   </div>
   <div class='ocr_carea' id='block_1_76' title="bbox 1980 1938 3587 2018">
    <p class='ocr_par' dir='ltr' id='par_1_76' title="bbox 1980 1938 3587 2018">
     <span class='ocr_line' id='line_1_76' title="bbox 1980 1938 3587 2018; baseline 0.006 -23"><span class='ocrx_word' id='word_1_588' title='bbox 1980 1938 2224 1995; x_wconf 89' lang='lat' dir='ltr'><strong>Ostiensi</strong></span> <span class='ocrx_word' id='word_1_589' title='bbox 2251 1939 2306 1994; x_wconf 92' lang='lat' dir='ltr'><strong>in</strong></span> <span class='ocrx_word' id='word_1_590' title='bbox 2331 1938 2608 1996; x_wconf 87' lang='lat' dir='ltr'><strong>Chronico</strong></span> <span class='ocrx_word' id='word_1_591' title='bbox 2653 1940 2856 1996; x_wconf 88' lang='lat' dir='ltr'><strong>tnonlis</strong></span> <span class='ocrx_word' id='word_1_592' title='bbox 2904 1940 3142 2009; x_wconf 90' lang='lat' dir='ltr'><strong>Cassini,</strong></span> <span class='ocrx_word' id='word_1_593' title='bbox 3173 1943 3268 2002; x_wconf 92' lang='lat' dir='ltr'><strong>lib.</strong></span> <span class='ocrx_word' id='word_1_594' title='bbox 3307 1963 3345 2011; x_wconf 82' lang='grc' dir='ltr'><strong>ι,</strong></span> <span class='ocrx_word' id='word_1_595' title='bbox 3378 1964 3499 2018; x_wconf 88' lang='lat' dir='ltr'><strong>cap.</strong></span> <span class='ocrx_word' id='word_1_596' title='bbox 3528 1951 3587 2016; x_wconf 72' lang='lat'><strong>2,</strong></span> 
     </span>
    </p>
   </div>
   <div class='ocr_carea' id='block_1_77' title="bbox 1977 2028 3586 2103">
    <p class='ocr_par' dir='ltr' id='par_1_77' title="bbox 1977 2028 3586 2103">
     <span class='ocr_line' id='line_1_77' title="bbox 1977 2028 3586 2103; baseline 0.007 -18"><span class='ocrx_word' id='word_1_597' title='bbox 1977 2029 2316 2101; x_wconf 80' lang='lat' dir='ltr'><strong>Regiuonel.</strong></span> <span class='ocrx_word' id='word_1_598' title='bbox 2367 2047 2407 2084; x_wconf 81' lang='grc' dir='ltr'><strong>ι.</strong></span> <span class='ocrx_word' id='word_1_599' title='bbox 2468 2028 2676 2086; x_wconf 90' lang='lat' dir='ltr'><strong>Chron.</strong></span> <span class='ocrx_word' id='word_1_600' title='bbox 2730 2031 3020 2103; x_wconf 76' lang='lat' dir='ltr'><strong>Sigebcrto</strong></span> <span class='ocrx_word' id='word_1_601' title='bbox 3055 2037 3123 2089; x_wconf 90' lang='lat' dir='ltr'><strong>ad</strong></span> <span class='ocrx_word' id='word_1_602' title='bbox 3151 2051 3354 2092; x_wconf 89' lang='lat' dir='ltr'><strong>annum</strong></span> <span class='ocrx_word' id='word_1_603' title='bbox 3383 2039 3586 2097; x_wconf 88' lang='lat' dir='ltr'><strong>Christi</strong></span> 
     </span>
    </p>
   </div>
   <div class='ocr_carea' id='block_1_78' title="bbox 1978 2119 3591 2189">
    <p class='ocr_par' dir='ltr' id='par_1_78' title="bbox 1978 2119 3591 2189">
     <span class='ocr_line' id='line_1_78' title="bbox 1978 2119 3591 2189; baseline 0.007 -14"><span class='ocrx_word' id='word_1_604' title='bbox 1978 2120 2102 2177; x_wconf 83' lang='lat'><strong>596.</strong></span> <span class='ocrx_word' id='word_1_605' title='bbox 2134 2119 2248 2176; x_wconf 83' lang='lat' dir='ltr'><strong>Nec</strong></span> <span class='ocrx_word' id='word_1_606' title='bbox 2301 2136 2414 2176; x_wconf 92' lang='lat' dir='ltr'><strong>non</strong></span> <span class='ocrx_word' id='word_1_607' title='bbox 2478 2123 2736 2178; x_wconf 88' lang='lat' dir='ltr'><strong>monachi</strong></span> <span class='ocrx_word' id='word_1_608' title='bbox 2776 2139 2806 2178; x_wconf 91' lang='lat' dir='ltr'><strong>a</strong></span> <span class='ocrx_word' id='word_1_609' title='bbox 2863 2123 3246 2183; x_wconf 85' lang='lat' dir='ltr'><strong>Theodemaro</strong></span> <span class='ocrx_word' id='word_1_610' title='bbox 3275 2129 3591 2189; x_wconf 88' lang='lat' dir='ltr'><strong>Cassinensi</strong></span> 
     </span>
    </p>
   </div>
   <div class='ocr_carea' id='block_1_79' title="bbox 1979 2210 3594 2286">
    <p class='ocr_par' dir='ltr' id='par_1_79' title="bbox 1979 2210 3594 2286">
     <span class='ocr_line' id='line_1_79' title="bbox 1979 2210 3594 2286; baseline 0.006 -20"><span class='ocrx_word' id='word_1_611' title='bbox 1979 2210 2180 2267; x_wconf 88' lang='lat' dir='ltr'><strong>abbate</strong></span> <span class='ocrx_word' id='word_1_612' title='bbox 2203 2211 2359 2266; x_wconf 88' lang='lat' dir='ltr'><strong>missi</strong></span> <span class='ocrx_word' id='word_1_613' title='bbox 2388 2211 2457 2266; x_wconf 88' lang='lat' dir='ltr'><strong>ad</strong></span> <span class='ocrx_word' id='word_1_614' title='bbox 2503 2211 2764 2268; x_wconf 84' lang='lat' dir='ltr'><strong>Carolum</strong></span> <span class='ocrx_word' id='word_1_615' title='bbox 2811 2213 3066 2286; x_wconf 72' lang='lat' dir='ltr'><strong>Magnum</strong></span> <span class='ocrx_word' id='word_1_616' title='bbox 3104 2217 3158 2272; x_wconf 91' lang='lat' dir='ltr'><strong>in</strong></span> <span class='ocrx_word' id='word_1_617' title='bbox 3209 2218 3436 2285; x_wconf 86' lang='lat' dir='ltr'><strong>Gallias,</strong></span> <span class='ocrx_word' id='word_1_618' title='bbox 3475 2241 3594 2281; x_wconf 87' lang='lat' dir='ltr'><strong>mo-</strong></span> 
     </span>
    </p>
   </div>
   <div class='ocr_carea' id='block_1_80' title="bbox 1979 2301 3579 2379">
    <p class='ocr_par' dir='ltr' id='par_1_80' title="bbox 1979 2301 3579 2379">
     <span class='ocr_line' id='line_1_80' title="bbox 1979 2301 3579 2379; baseline 0.008 -23"><span class='ocrx_word' id='word_1_619' title='bbox 1979 2302 2205 2357; x_wconf 76' lang='lat' dir='ltr'><strong>nastiea:</strong></span> <span class='ocrx_word' id='word_1_620' title='bbox 2235 2301 2540 2373; x_wconf 84' lang='lat' dir='ltr'><strong>disciplinae</strong></span> <span class='ocrx_word' id='word_1_621' title='bbox 2588 2303 2963 2362; x_wconf 65' lang='lat' dir='ltr'><strong>instauranda:</strong></span> <span class='ocrx_word' id='word_1_622' title='bbox 3009 2324 3196 2374; x_wconf 83' lang='lat' dir='ltr'><strong>causa,</strong></span> <span class='ocrx_word' id='word_1_623' title='bbox 3220 2313 3432 2379; x_wconf 84' lang='lat' dir='ltr'><strong>pondus</strong></span> <span class='ocrx_word' id='word_1_624' title='bbox 3459 2314 3493 2368; x_wconf 71' lang='grc'>4</span> <span class='ocrx_word' id='word_1_625' title='bbox 3525 2315 3579 2369; x_wconf 88' lang='lat' dir='ltr'><strong>li-</strong></span> 
     </span>
    </p>
   </div>
   <div class='ocr_carea' id='block_1_81' title="bbox 1979 2393 3594 2465">
    <p class='ocr_par' dir='ltr' id='par_1_81' title="bbox 1979 2393 3594 2465">
     <span class='ocr_line' id='line_1_81' title="bbox 1979 2393 3594 2465; baseline 0.009 -17"><span class='ocrx_word' id='word_1_626' title='bbox 1979 2393 2227 2457; x_wconf 87' lang='lat' dir='ltr'><strong>brarum,</strong></span> <span class='ocrx_word' id='word_1_627' title='bbox 2261 2409 2662 2464; x_wconf 89' lang='lat' dir='ltr'><strong>mensurasque</strong></span> <span class='ocrx_word' id='word_1_628' title='bbox 2710 2397 2953 2465; x_wconf 88' lang='lat' dir='ltr'><strong>prandii,</strong></span> <span class='ocrx_word' id='word_1_629' title='bbox 2991 2408 3047 2454; x_wconf 91' lang='lat' dir='ltr'><strong>et</strong></span> <span class='ocrx_word' id='word_1_630' title='bbox 3077 2415 3251 2457; x_wconf 67' lang='lat' dir='ltr'><strong>edente</strong></span> <span class='ocrx_word' id='word_1_631' title='bbox 3280 2419 3467 2460; x_wconf 87' lang='lat' dir='ltr'><strong>secum</strong></span> <span class='ocrx_word' id='word_1_632' title='bbox 3497 2408 3594 2463; x_wconf 90' lang='lat' dir='ltr'><strong>dc-</strong></span> 
     </span>
    </p>
   </div>
   <div class='ocr_carea' id='block_1_82' title="bbox 1981 2482 3593 2561">
    <p class='ocr_par' dir='ltr' id='par_1_82' title="bbox 1981 2482 3593 2561">
     <span class='ocr_line' id='line_1_82' title="bbox 1981 2482 3593 2561; baseline 0.01 -26"><span class='ocrx_word' id='word_1_633' title='bbox 1981 2482 2243 2536; x_wconf 90' lang='lat' dir='ltr'><strong>tulerunt.</strong></span> <span class='ocrx_word' id='word_1_634' title='bbox 2303 2483 2461 2538; x_wconf 88' lang='lat' dir='ltr'><strong>Licet</strong></span> <span class='ocrx_word' id='word_1_635' title='bbox 2508 2493 2694 2540; x_wconf 90' lang='lat' dir='ltr'><strong>autem</strong></span> <span class='ocrx_word' id='word_1_636' title='bbox 2753 2486 2809 2541; x_wconf 91' lang='lat' dir='ltr'><strong>in</strong></span> <span class='ocrx_word' id='word_1_637' title='bbox 2871 2487 3304 2561; x_wconf 75' lang='lat' dir='ltr'><strong>Aquisgranensi</strong></span> <span class='ocrx_word' id='word_1_638' title='bbox 3361 2498 3593 2553; x_wconf 84' lang='lat' dir='ltr'><strong>concilio</strong></span> 
     </span>
    </p>
   </div>
   <div class='ocr_carea' id='block_1_83' title="bbox 1981 2574 3593 2654">
    <p class='ocr_par' dir='ltr' id='par_1_83' title="bbox 1981 2574 3593 2654">
     <span class='ocr_line' id='line_1_83' title="bbox 1981 2574 3593 2654; baseline 0.012 -26"><span class='ocrx_word' id='word_1_639' title='bbox 1981 2589 2104 2628; x_wconf 88' lang='lat' dir='ltr'><strong>can.</strong></span> <span class='ocrx_word' id='word_1_640' title='bbox 2134 2574 2203 2629; x_wconf 84' lang='lat'><strong>57</strong></span> <span class='ocrx_word' id='word_1_641' title='bbox 2227 2575 2473 2631; x_wconf 89' lang='lat' dir='ltr'><strong>decisum</strong></span> <span class='ocrx_word' id='word_1_642' title='bbox 2525 2577 2714 2644; x_wconf 86' lang='lat' dir='ltr'><strong>fuerit,</strong></span> <span class='ocrx_word' id='word_1_643' title='bbox 2745 2599 2764 2630; x_wconf 73' lang='grc' dir='ltr'><strong>ε</strong></span> <span class='ocrx_word' id='word_1_644' title='bbox 2811 2579 2882 2636; x_wconf 90' lang='lat' dir='ltr'><strong>Ut</strong></span> <span class='ocrx_word' id='word_1_645' title='bbox 2930 2581 3068 2638; x_wconf 87' lang='lat' dir='ltr'><strong>libra</strong></span> <span class='ocrx_word' id='word_1_646' title='bbox 3111 2587 3269 2654; x_wconf 90' lang='lat' dir='ltr'><strong>panis</strong></span> <span class='ocrx_word' id='word_1_647' title='bbox 3295 2587 3366 2641; x_wconf 83' lang='grc'><strong>50</strong></span> <span class='ocrx_word' id='word_1_648' title='bbox 3397 2591 3593 2648; x_wconf 88' lang='lat' dir='ltr'><strong>solidis</strong></span> 
     </span>
    </p>
   </div>
   <div class='ocr_carea' id='block_1_84' title="bbox 1979 2665 3592 2738">
    <p class='ocr_par' dir='ltr' id='par_1_84' title="bbox 1979 2665 3592 2738">
     <span class='ocr_line' id='line_1_84' title="bbox 1979 2665 3592 2738; baseline 0.012 -20"><span class='ocrx_word' id='word_1_649' title='bbox 1979 2680 2079 2735; x_wconf 91' lang='lat' dir='ltr'><strong>per</strong></span> <span class='ocrx_word' id='word_1_650' title='bbox 2106 2665 2170 2720; x_wconf 74' lang='grc'><strong>12</strong></span> <span class='ocrx_word' id='word_1_651' title='bbox 2215 2667 2471 2723; x_wconf 90' lang='lat' dir='ltr'><strong>denarios</strong></span> <span class='ocrx_word' id='word_1_652' title='bbox 2501 2669 2778 2736; x_wconf 88' lang='lat' dir='ltr'><strong>metiatur,</strong></span> <span class='ocrx_word' id='word_1_653' title='bbox 2814 2690 2832 2722; x_wconf 66' lang='grc' dir='ltr'>ι</span> <span class='ocrx_word' id='word_1_654' title='bbox 2865 2673 2993 2727; x_wconf 92' lang='lat' dir='ltr'><strong>dum</strong></span> <span class='ocrx_word' id='word_1_655' title='bbox 3041 2683 3224 2731; x_wconf 91' lang='lat' dir='ltr'><strong>tamen</strong></span> <span class='ocrx_word' id='word_1_656' title='bbox 3271 2681 3592 2738; x_wconf 87' lang='lat' dir='ltr'><strong>eorumdem</strong></span> 
     </span>
    </p>
   </div>
   <div class='ocr_carea' id='block_1_85' title="bbox 1983 2748 3595 2836">
    <p class='ocr_par' dir='ltr' id='par_1_85' title="bbox 1983 2748 3595 2836">
     <span class='ocr_line' id='line_1_85' title="bbox 1983 2748 3595 2836; baseline 0.009 -24"><span class='ocrx_word' id='word_1_657' title='bbox 1983 2757 2283 2812; x_wconf 88' lang='lat' dir='ltr'><strong>solidorum</strong></span> <span class='ocrx_word' id='word_1_658' title='bbox 2313 2758 2526 2827; x_wconf 90' lang='lat' dir='ltr'><strong>pondus</strong></span> <span class='ocrx_word' id='word_1_659' title='bbox 2561 2775 2669 2815; x_wconf 89' lang='lat' dir='ltr'><strong>non</strong></span> <span class='ocrx_word' id='word_1_660' title='bbox 2721 2761 3033 2828; x_wconf 91' lang='lat' dir='ltr'><strong>innotescit,</strong></span> <span class='ocrx_word' id='word_1_661' title='bbox 3087 2782 3242 2836; x_wconf 72' lang='lat' dir='ltr'><strong>teque</strong></span> <span class='ocrx_word' id='word_1_662' title='bbox 3273 2769 3324 2822; x_wconf 92' lang='lat' dir='ltr'><strong>in</strong></span> <span class='ocrx_word' id='word_1_663' title='bbox 3355 2748 3595 2828; x_wconf 84' lang='lat' dir='ltr'><strong>obscuro</strong></span> 
     </span>
    </p>
   </div>
   <div class='ocr_carea' id='block_1_86' title="bbox 1985 2853 3594 2926">
    <p class='ocr_par' dir='ltr' id='par_1_86' title="bbox 1985 2853 3594 2926">
     <span class='ocr_line' id='line_1_86' title="bbox 1985 2853 3594 2926; baseline 0.011 -23"><span class='ocrx_word' id='word_1_664' title='bbox 1985 2859 2232 2904; x_wconf 89' lang='lat' dir='ltr'><strong>remanet</strong></span> <span class='ocrx_word' id='word_1_665' title='bbox 2261 2859 2475 2910; x_wconf 86' lang='lat' dir='ltr'><strong>vetusta</strong></span> <span class='ocrx_word' id='word_1_666' title='bbox 2503 2853 2590 2906; x_wconf 90' lang='lat' dir='ltr'><strong>illa</strong></span> <span class='ocrx_word' id='word_1_667' title='bbox 2618 2856 2908 2910; x_wconf 87' lang='lat' dir='ltr'><strong>monastici</strong></span> <span class='ocrx_word' id='word_1_668' title='bbox 2939 2858 3100 2926; x_wconf 86' lang='lat' dir='ltr'><strong>panis</strong></span> <span class='ocrx_word' id='word_1_669' title='bbox 3125 2875 3406 2917; x_wconf 90' lang='lat' dir='ltr'><strong>mensura.</strong></span> <span class='ocrx_word' id='word_1_670' title='bbox 3432 2865 3502 2918; x_wconf 81' lang='lat' dir='ltr'><strong>At</strong></span> <span class='ocrx_word' id='word_1_671' title='bbox 3525 2883 3594 2920; x_wconf 71' lang='lat' dir='ltr'><strong>ex</strong></span> 
     </span>
    </p>
   </div>
   <div class='ocr_carea' id='block_1_87' title="bbox 1983 2942 3590 3026">
    <p class='ocr_par' dir='ltr' id='par_1_87' title="bbox 1983 2942 3590 3026">
     <span class='ocr_line' id='line_1_87' title="bbox 1983 2942 3590 3026; baseline 0.012 -31"><span class='ocrx_word' id='word_1_672' title='bbox 1983 2942 2270 3011; x_wconf 77' lang='lat' dir='ltr'><strong>pranuisso</strong></span> <span class='ocrx_word' id='word_1_673' title='bbox 2300 2942 2448 2998; x_wconf 88' lang='lat' dir='ltr'><strong>Petri</strong></span> <span class='ocrx_word' id='word_1_674' title='bbox 2497 2944 2747 3001; x_wconf 90' lang='lat' dir='ltr'><strong>Damiani</strong></span> <span class='ocrx_word' id='word_1_675' title='bbox 2783 2957 2955 3015; x_wconf 82' lang='lat' dir='ltr'><strong>textu,</strong></span> <span class='ocrx_word' id='word_1_676' title='bbox 2986 2951 3089 3006; x_wconf 91' lang='lat' dir='ltr'><strong>hoc</strong></span> <span class='ocrx_word' id='word_1_677' title='bbox 3127 2952 3324 3009; x_wconf 90' lang='lat' dir='ltr'><strong>saltem</strong></span> <span class='ocrx_word' id='word_1_678' title='bbox 3347 2957 3590 3026; x_wconf 91' lang='lat' dir='ltr'><strong>elicitur,</strong></span> 
     </span>
    </p>
   </div>
   <div class='ocr_carea' id='block_1_88' title="bbox 1984 3034 3600 3109">
    <p class='ocr_par' dir='ltr' id='par_1_88' title="bbox 1984 3034 3600 3109">
     <span class='ocr_line' id='line_1_88' title="bbox 1984 3034 3600 3109; baseline 0.011 -21"><span class='ocrx_word' id='word_1_679' title='bbox 1984 3034 2103 3103; x_wconf 88' lang='lat' dir='ltr'><strong>ejus</strong></span> <span class='ocrx_word' id='word_1_680' title='bbox 2132 3044 2378 3104; x_wconf 89' lang='lat' dir='ltr'><strong>tempore</strong></span> <span class='ocrx_word' id='word_1_681' title='bbox 2414 3037 2657 3108; x_wconf 91' lang='lat' dir='ltr'><strong>quinque</strong></span> <span class='ocrx_word' id='word_1_682' title='bbox 2716 3039 3030 3109; x_wconf 90' lang='lat' dir='ltr'><strong>hujusmodi</strong></span> <span class='ocrx_word' id='word_1_683' title='bbox 3080 3042 3250 3099; x_wconf 91' lang='lat' dir='ltr'><strong>libras</strong></span> <span class='ocrx_word' id='word_1_684' title='bbox 3292 3047 3409 3103; x_wconf 90' lang='lat' dir='ltr'><strong>ovis</strong></span> <span class='ocrx_word' id='word_1_685' title='bbox 3440 3065 3600 3106; x_wconf 87' lang='lat' dir='ltr'><strong>anse—</strong></span> 
     </span>
    </p>
   </div>
   <div class='ocr_carea' id='block_1_89' title="bbox 1987 3127 3594 3204">
    <p class='ocr_par' dir='ltr' id='par_1_89' title="bbox 1987 3127 3594 3204">
     <span class='ocr_line' id='line_1_89' title="bbox 1987 3127 3594 3204; baseline 0.01 -24"><span class='ocrx_word' id='word_1_686' title='bbox 1987 3143 2108 3181; x_wconf 84' lang='lat' dir='ltr'><strong>rum</strong></span> <span class='ocrx_word' id='word_1_687' title='bbox 2136 3127 2207 3181; x_wconf 65' lang='lat'><strong>‘24</strong></span> <span class='ocrx_word' id='word_1_688' title='bbox 2234 3129 2430 3197; x_wconf 67' lang='lat' dir='ltr'><strong>mquali</strong></span> <span class='ocrx_word' id='word_1_689' title='bbox 2469 3131 2712 3200; x_wconf 85' lang='lat' dir='ltr'><strong>pondere</strong></span> <span class='ocrx_word' id='word_1_690' title='bbox 2771 3135 3217 3204; x_wconf 86' lang='lat' dir='ltr'><strong>correspoudisse</strong></span> <span class='ocrx_word' id='word_1_691' title='bbox 3247 3154 3259 3189; x_wconf 89' lang='lat'><strong><em>:</em></strong></span> <span class='ocrx_word' id='word_1_692' title='bbox 3292 3152 3416 3192; x_wconf 92' lang='lat' dir='ltr'><strong>cum</strong></span> <span class='ocrx_word' id='word_1_693' title='bbox 3446 3141 3594 3196; x_wconf 86' lang='lat' dir='ltr'><strong>enim</strong></span> 
     </span>
    </p>
   </div>
   <div class='ocr_carea' id='block_1_90' title="bbox 1989 3221 3592 3300">
    <p class='ocr_par' dir='ltr' id='par_1_90' title="bbox 1989 3221 3592 3300">
     <span class='ocr_line' id='line_1_90' title="bbox 1989 3221 3592 3300; baseline 0.011 -30"><span class='ocrx_word' id='word_1_694' title='bbox 1989 3225 2220 3273; x_wconf 86' lang='lat' dir='ltr'><strong>testetnr</strong></span> <span class='ocrx_word' id='word_1_695' title='bbox 2250 3258 2264 3282; x_wconf 99' lang='lat'><strong>,</strong></span> <span class='ocrx_word' id='word_1_696' title='bbox 2302 3238 2320 3269; x_wconf 85' lang='grc'>‹</span> <span class='ocrx_word' id='word_1_697' title='bbox 2354 3221 2603 3275; x_wconf 89' lang='lat' dir='ltr'><strong>eamdem</strong></span> <span class='ocrx_word' id='word_1_698' title='bbox 2639 3221 2818 3291; x_wconf 81' lang='lat' dir='ltr'><strong>(extra</strong></span> <span class='ocrx_word' id='word_1_699' title='bbox 2861 3221 3060 3292; x_wconf 90' lang='lat' dir='ltr'><strong>jejunii</strong></span> <span class='ocrx_word' id='word_1_700' title='bbox 3113 3226 3252 3292; x_wconf 91' lang='lat' dir='ltr'><strong>dies)</strong></span> <span class='ocrx_word' id='word_1_701' title='bbox 3282 3245 3335 3283; x_wconf 84' lang='grc' dir='ltr'><strong>ιη</strong></span> <span class='ocrx_word' id='word_1_702' title='bbox 3383 3246 3592 3300; x_wconf 88' lang='lat' dir='ltr'><strong>eremo,</strong></span> 
     </span>
    </p>
   </div>
   <div class='ocr_carea' id='block_1_91' title="bbox 1986 3311 3595 3393">
    <p class='ocr_par' dir='ltr' id='par_1_91' title="bbox 1986 3311 3595 3393">
     <span class='ocr_line' id='line_1_91' title="bbox 1986 3311 3595 3393; baseline 0.012 -30"><span class='ocrx_word' id='word_1_703' title='bbox 1986 3326 2108 3380; x_wconf 78' lang='lat' dir='ltr'><strong>qua:</strong></span> <span class='ocrx_word' id='word_1_704' title='bbox 2132 3311 2184 3365; x_wconf 94' lang='lat' dir='ltr'><strong>in</strong></span> <span class='ocrx_word' id='word_1_705' title='bbox 2217 3313 2554 3367; x_wconf 89' lang='lat' dir='ltr'><strong>monasterio</strong></span> <span class='ocrx_word' id='word_1_706' title='bbox 2583 3329 2899 3370; x_wconf 90' lang='lat' dir='ltr'><strong>mensuram</strong></span> <span class='ocrx_word' id='word_1_707' title='bbox 2917 3318 3076 3386; x_wconf 87' lang='lat' dir='ltr'><strong>panis</strong></span> <span class='ocrx_word' id='word_1_708' title='bbox 3098 3338 3116 3369; x_wconf 76' lang='grc' dir='ltr'><strong><em>ι</em></strong></span> <span class='ocrx_word' id='word_1_709' title='bbox 3155 3320 3209 3373; x_wconf 92' lang='lat' dir='ltr'><strong>in</strong></span> <span class='ocrx_word' id='word_1_710' title='bbox 3247 3336 3348 3377; x_wconf 91' lang='lat' dir='ltr'><strong>usu</strong></span> <span class='ocrx_word' id='word_1_711' title='bbox 3403 3323 3595 3393; x_wconf 85' lang='lat' dir='ltr'><strong>fuisse,</strong></span> 
     </span>
    </p>
   </div>
   <div class='ocr_carea' id='block_1_92' title="bbox 1989 3401 3600 3483">
    <p class='ocr_par' dir='ltr' id='par_1_92' title="bbox 1989 3401 3600 3483">
     <span class='ocr_line' id='line_1_92' title="bbox 1989 3401 3600 3483; baseline 0.01 -28"><span class='ocrx_word' id='word_1_712' title='bbox 1989 3409 2152 3470; x_wconf 86' lang='lat' dir='ltr'><strong>atque</strong></span> <span class='ocrx_word' id='word_1_713' title='bbox 2179 3403 2340 3468; x_wconf 89' lang='lat' dir='ltr'><strong>hanc,</strong></span> <span class='ocrx_word' id='word_1_714' title='bbox 2370 3401 2702 3472; x_wconf 85' lang='lat' dir='ltr'><strong>jejuniorum</strong></span> <span class='ocrx_word' id='word_1_715' title='bbox 2735 3414 3004 3476; x_wconf 87' lang='lat' dir='ltr'><strong>tempore,</strong></span> <span class='ocrx_word' id='word_1_716' title='bbox 3038 3423 3147 3462; x_wconf 93' lang='lat' dir='ltr'><strong>uno</strong></span> <span class='ocrx_word' id='word_1_717' title='bbox 3191 3412 3520 3483; x_wconf 85' lang='lat' dir='ltr'><strong>quadrante,</strong></span> <span class='ocrx_word' id='word_1_718' title='bbox 3544 3427 3600 3471; x_wconf 90' lang='lat' dir='ltr'><strong>et</strong></span> 
     </span>
    </p>
   </div>
   <div class='ocr_carea' id='block_1_93' title="bbox 1989 3493 3604 3567">
    <p class='ocr_par' dir='ltr' id='par_1_93' title="bbox 1989 3493 3604 3567">
     <span class='ocr_line' id='line_1_93' title="bbox 1989 3493 3604 3567; baseline 0.011 -20"><span class='ocrx_word' id='word_1_719' title='bbox 1989 3493 2216 3548; x_wconf 89' lang='lat' dir='ltr'><strong>dimidio</strong></span> <span class='ocrx_word' id='word_1_720' title='bbox 2241 3494 2589 3550; x_wconf 87' lang='lat' dir='ltr'><strong>imminutam</strong></span> <span class='ocrx_word' id='word_1_721' title='bbox 2641 3515 2660 3548; x_wconf 72' lang='grc' dir='ltr'>ι</span> <span class='ocrx_word' id='word_1_722' title='bbox 2692 3496 2937 3567; x_wconf 88' lang='lat' dir='ltr'><strong>(quadra</strong></span> <span class='ocrx_word' id='word_1_723' title='bbox 2991 3500 3240 3558; x_wconf 90' lang='lat' dir='ltr'><strong>videlicet</strong></span> <span class='ocrx_word' id='word_1_724' title='bbox 3283 3519 3604 3565; x_wconf 87' lang='lat' dir='ltr'><strong>remanente</strong></span> 
     </span>
    </p>
   </div>
   <div class='ocr_carea' id='block_1_94' title="bbox 1990 3585 3602 3664">
    <p class='ocr_par' dir='ltr' id='par_1_94' title="bbox 1990 3585 3602 3664">
     <span class='ocr_line' id='line_1_94' title="bbox 1990 3585 3602 3664; baseline 0.008 -24"><span class='ocrx_word' id='word_1_725' title='bbox 1990 3586 2205 3656; x_wconf 81' lang='lat' dir='ltr'><strong>integra</strong></span> <span class='ocrx_word' id='word_1_726' title='bbox 2233 3585 2424 3656; x_wconf 89' lang='lat' dir='ltr'><strong>semis)</strong></span> <span class='ocrx_word' id='word_1_727' title='bbox 2463 3607 2482 3640; x_wconf 74' lang='grc' dir='ltr'><strong><em>ι</em></strong></span> <span class='ocrx_word' id='word_1_728' title='bbox 2517 3603 2616 3642; x_wconf 90' lang='lat' dir='ltr'><strong>seu</strong></span> <span class='ocrx_word' id='word_1_729' title='bbox 2646 3590 2714 3642; x_wconf 88' lang='lat' dir='ltr'><strong>ad</strong></span> <span class='ocrx_word' id='word_1_730' title='bbox 2744 3589 2988 3660; x_wconf 87' lang='lat' dir='ltr'><strong>quinque</strong></span> <span class='ocrx_word' id='word_1_731' title='bbox 3019 3601 3271 3651; x_wconf 82' lang='lat' dir='ltr'><strong>octautes</strong></span> <span class='ocrx_word' id='word_1_732' title='bbox 3304 3598 3602 3664; x_wconf 89' lang='lat' dir='ltr'><strong>redactam,</strong></span> 
     </span>
    </p>
   </div>
   <div class='ocr_carea' id='block_1_95' title="bbox 1999 3676 3598 3753">
    <p class='ocr_par' dir='ltr' id='par_1_95' title="bbox 1999 3676 3598 3753">
     <span class='ocr_line' id='line_1_95' title="bbox 1999 3676 3598 3753; baseline 0.008 -25"><span class='ocrx_word' id='word_1_733' title='bbox 1999 3694 2016 3728; x_wconf 74' lang='grc' dir='ltr'><strong><em>ι</em></strong></span> <span class='ocrx_word' id='word_1_734' title='bbox 2051 3676 2391 3731; x_wconf 83' lang='lat' dir='ltr'><strong>tantumdem</strong></span> <span class='ocrx_word' id='word_1_735' title='bbox 2418 3691 2482 3732; x_wconf 87' lang='lat' dir='ltr'><strong>ac</strong></span> <span class='ocrx_word' id='word_1_736' title='bbox 2509 3677 2615 3732; x_wconf 91' lang='lat' dir='ltr'><strong>tria</strong></span> <span class='ocrx_word' id='word_1_737' title='bbox 2642 3693 2903 3734; x_wconf 89' lang='lat' dir='ltr'><strong>anserum</strong></span> <span class='ocrx_word' id='word_1_738' title='bbox 2921 3694 3021 3734; x_wconf 81' lang='lat' dir='ltr'><strong>ova</strong></span> <span class='ocrx_word' id='word_1_739' title='bbox 3053 3683 3307 3750; x_wconf 85' lang='lat' dir='ltr'><strong>pendisse</strong></span> <span class='ocrx_word' id='word_1_740' title='bbox 3322 3688 3552 3753; x_wconf 90' lang='lat' dir='ltr'><strong>asserit;</strong></span> <span class='ocrx_word' id='word_1_741' title='bbox 3579 3707 3598 3740; x_wconf 77' lang='grc' dir='ltr'><strong><em>ι</em></strong></span> 
     </span>
    </p>
   </div>
   <div class='ocr_carea' id='block_1_96' title="bbox 1992 3768 3600 3846">
    <p class='ocr_par' dir='ltr' id='par_1_96' title="bbox 1992 3768 3600 3846">
     <span class='ocr_line' id='line_1_96' title="bbox 1992 3768 3600 3846; baseline 0.007 -25"><span class='ocrx_word' id='word_1_742' title='bbox 1992 3769 2181 3837; x_wconf 90' lang='lat' dir='ltr'><strong>utique</strong></span> <span class='ocrx_word' id='word_1_743' title='bbox 2220 3783 2534 3831; x_wconf 88' lang='lat' dir='ltr'><strong>mensuram</strong></span> <span class='ocrx_word' id='word_1_744' title='bbox 2570 3768 2718 3823; x_wconf 91' lang='lat' dir='ltr'><strong>illam</strong></span> <span class='ocrx_word' id='word_1_745' title='bbox 2758 3771 3030 3838; x_wconf 72' lang='lat' dir='ltr'><strong>integram</strong></span> <span class='ocrx_word' id='word_1_746' title='bbox 3068 3775 3307 3843; x_wconf 89' lang='lat' dir='ltr'><strong>pondere</strong></span> <span class='ocrx_word' id='word_1_747' title='bbox 3333 3777 3600 3846; x_wconf 69' lang='lat' dir='ltr'><strong>aequalem</strong></span> 
     </span>
    </p>
   </div>
   <div class='ocr_carea' id='block_1_97' title="bbox 1993 3859 3602 3942">
    <p class='ocr_par' dir='ltr' id='par_1_97' title="bbox 1993 3859 3602 3942">
     <span class='ocr_line' id='line_1_97' title="bbox 1993 3859 3602 3942; baseline 0.006 -27"><span class='ocrx_word' id='word_1_748' title='bbox 1993 3859 2164 3916; x_wconf 89' lang='lat' dir='ltr'><strong>fuisse</strong></span> <span class='ocrx_word' id='word_1_749' title='bbox 2217 3861 2424 3917; x_wconf 91' lang='lat' dir='ltr'><strong>indicat</strong></span> <span class='ocrx_word' id='word_1_750' title='bbox 2486 3862 2729 3932; x_wconf 84' lang='lat' dir='ltr'><strong>quinque</strong></span> <span class='ocrx_word' id='word_1_751' title='bbox 2803 3863 3118 3933; x_wconf 89' lang='lat' dir='ltr'><strong>hujusmodi</strong></span> <span class='ocrx_word' id='word_1_752' title='bbox 3187 3869 3332 3934; x_wconf 91' lang='lat' dir='ltr'><strong>ovis,</strong></span> <span class='ocrx_word' id='word_1_753' title='bbox 3385 3872 3602 3942; x_wconf 89' lang='lat' dir='ltr'><strong>dempta</strong></span> 
     </span>
    </p>
   </div>
   <div class='ocr_carea' id='block_1_98' title="bbox 1993 3953 3604 4030">
    <p class='ocr_par' dir='ltr' id='par_1_98' title="bbox 1993 3953 3604 4030">
     <span class='ocr_line' id='line_1_98' title="bbox 1993 3953 3604 4030; baseline 0.007 -24"><span class='ocrx_word' id='word_1_754' title='bbox 1993 3961 2149 4024; x_wconf 90' lang='lat' dir='ltr'><strong>parte</strong></span> <span class='ocrx_word' id='word_1_755' title='bbox 2186 3953 2350 4007; x_wconf 91' lang='lat' dir='ltr'><strong>unius</strong></span> <span class='ocrx_word' id='word_1_756' title='bbox 2379 3954 2568 4022; x_wconf 92' lang='lat' dir='ltr'><strong>quinta</strong></span> <span class='ocrx_word' id='word_1_757' title='bbox 2612 3971 2623 4006; x_wconf 89' lang='lat'><strong>:</strong></span> <span class='ocrx_word' id='word_1_758' title='bbox 2661 3955 2907 4024; x_wconf 87' lang='lat' dir='ltr'><strong>adeoque</strong></span> <span class='ocrx_word' id='word_1_759' title='bbox 2933 3957 3176 4027; x_wconf 85' lang='lat' dir='ltr'><strong>integras</strong></span> <span class='ocrx_word' id='word_1_760' title='bbox 3207 3961 3450 4030; x_wconf 90' lang='lat' dir='ltr'><strong>quinque</strong></span> <span class='ocrx_word' id='word_1_761' title='bbox 3488 3979 3604 4018; x_wconf 91' lang='lat' dir='ltr'><strong>mo-</strong></span> 
     </span>
    </p>
   </div>
   <div class='ocr_carea' id='block_1_99' title="bbox 1995 4046 3604 4120">
    <p class='ocr_par' dir='ltr' id='par_1_99' title="bbox 1995 4046 3604 4120">
     <span class='ocr_line' id='line_1_99' title="bbox 1995 4046 3604 4120; baseline 0.007 -22"><span class='ocrx_word' id='word_1_762' title='bbox 1995 4047 2237 4100; x_wconf 89' lang='lat' dir='ltr'><strong>nasticas</strong></span> <span class='ocrx_word' id='word_1_763' title='bbox 2268 4046 2426 4116; x_wconf 90' lang='lat' dir='ltr'><strong>panis</strong></span> <span class='ocrx_word' id='word_1_764' title='bbox 2455 4062 2745 4103; x_wconf 87' lang='lat' dir='ltr'><strong>mensuras</strong></span> <span class='ocrx_word' id='word_1_765' title='bbox 2761 4050 2880 4103; x_wconf 83' lang='lat' dir='ltr'><strong>ovis</strong></span> <span class='ocrx_word' id='word_1_766' title='bbox 2901 4049 2968 4103; x_wconf 74' lang='grc'><strong>21</strong></span> <span class='ocrx_word' id='word_1_767' title='bbox 3000 4050 3392 4120; x_wconf 79' lang='lat' dir='ltr'><strong>aequivalentes</strong></span> <span class='ocrx_word' id='word_1_768' title='bbox 3416 4052 3604 4119; x_wconf 85' lang='lat' dir='ltr'><strong>fuisse,</strong></span> 
     </span>
    </p>
   </div>
   <div class='ocr_carea' id='block_1_100' title="bbox 1996 4134 3604 4212">
    <p class='ocr_par' dir='ltr' id='par_1_100' title="bbox 1996 4134 3604 4212">
     <span class='ocr_line' id='line_1_100' title="bbox 1996 4134 3604 4212; baseline 0.007 -25"><span class='ocrx_word' id='word_1_769' title='bbox 1996 4144 2058 4189; x_wconf 92' lang='lat' dir='ltr'><strong>ut</strong></span> <span class='ocrx_word' id='word_1_770' title='bbox 2088 4134 2251 4189; x_wconf 89' lang='lat' dir='ltr'><strong>facile</strong></span> <span class='ocrx_word' id='word_1_771' title='bbox 2286 4136 2552 4191; x_wconf 85' lang='lat' dir='ltr'><strong>subducto</strong></span> <span class='ocrx_word' id='word_1_772' title='bbox 2582 4138 2797 4192; x_wconf 91' lang='lat' dir='ltr'><strong>calculo</strong></span> <span class='ocrx_word' id='word_1_773' title='bbox 2845 4150 3104 4194; x_wconf 88' lang='lat' dir='ltr'><strong>constare</strong></span> <span class='ocrx_word' id='word_1_774' title='bbox 3163 4150 3366 4212; x_wconf 90' lang='lat' dir='ltr'><strong>potest.</strong></span> <span class='ocrx_word' id='word_1_775' title='bbox 3404 4143 3604 4198; x_wconf 82' lang='lat' dir='ltr'><strong>Verum</strong></span> 
     </span>
    </p>
   </div>
   <div class='ocr_carea' id='block_1_101' title="bbox 2000 4225 3470 4298">
    <p class='ocr_par' dir='ltr' id='par_1_101' title="bbox 2000 4225 3470 4298">
     <span class='ocr_line' id='line_1_101' title="bbox 2000 4225 3470 4298; baseline 0.007 -20"><span class='ocrx_word' id='word_1_776' title='bbox 2000 4226 2067 4281; x_wconf 91' lang='lat' dir='ltr'><strong>ad</strong></span> <span class='ocrx_word' id='word_1_777' title='bbox 2097 4225 2222 4292; x_wconf 90' lang='lat' dir='ltr'><strong>alia,</strong></span> <span class='ocrx_word' id='word_1_778' title='bbox 2249 4238 2531 4297; x_wconf 82' lang='lat' dir='ltr'><strong>resumpto</strong></span> <span class='ocrx_word' id='word_1_779' title='bbox 2557 4229 2824 4298; x_wconf 90' lang='lat' dir='ltr'><strong>tantisper</strong></span> <span class='ocrx_word' id='word_1_780' title='bbox 2847 4231 3066 4298; x_wconf 88' lang='lat' dir='ltr'><strong>spiritu,</strong></span> <span class='ocrx_word' id='word_1_781' title='bbox 3100 4240 3470 4290; x_wconf 87' lang='lat' dir='ltr'><strong>transeamus.</strong></span> 
     </span>
    </p>
   </div>
   <div class='ocr_carea' id='block_1_102' title="bbox 2623 4382 2984 4442">
    <p class='ocr_par' dir='ltr' id='par_1_102' title="bbox 2623 4382 2984 4442">
     <span class='ocr_line' id='line_1_102' title="bbox 2623 4382 2984 4442; baseline 0.003 -3"><span class='ocrx_word' id='word_1_782' title='bbox 2623 4382 2854 4440; x_wconf 79' lang='lat' dir='ltr'><strong>CAPUT</strong></span> <span class='ocrx_word' id='word_1_783' title='bbox 2893 4386 2984 4442; x_wconf 72' lang='grc' dir='ltr'><strong>ιν.</strong></span> 
     </span>
    </p>
   </div>
   <div class='ocr_carea' id='block_1_103' title="bbox 2075 4507 3538 4591">
    <p class='ocr_par' dir='ltr' id='par_1_103' title="bbox 2075 4507 3538 4591">
     <span class='ocr_line' id='line_1_103' title="bbox 2075 4507 3538 4591; baseline 0.007 -30"><span class='ocrx_word' id='word_1_784' title='bbox 2075 4507 2209 4563; x_wconf 72' lang='lat' dir='ltr'><strong>Alite</strong></span> <span class='ocrx_word' id='word_1_785' title='bbox 2256 4509 2788 4591; x_wconf 27' lang='lat' dir='ltr'><strong>Avellanilarumnct</strong></span> <span class='ocrx_word' id='word_1_786' title='bbox 2833 4511 3326 4590; x_wconf 77' lang='lat' dir='ltr'><strong>Camaldulensium</strong></span> <span class='ocrx_word' id='word_1_787' title='bbox 3352 4532 3538 4571; x_wconf 81' lang='lat' dir='ltr'><strong>conve-</strong></span> 
     </span>
    </p>
   </div>
   <div class='ocr_carea' id='block_1_104' title="bbox 2690 4592 2902 4636">
    <p class='ocr_par' dir='ltr' id='par_1_104' title="bbox 2690 4592 2902 4636">
     <span class='ocr_line' id='line_1_104' title="bbox 2690 4592 2902 4636; baseline 0.009 -2"><span class='ocrx_word' id='word_1_788' title='bbox 2690 4592 2902 4636; x_wconf 74' lang='lat' dir='ltr'><strong>mentm:</strong></span> 
     </span>
    </p>
   </div>
   <div class='ocr_carea' id='block_1_105' title="bbox 2003 4694 3618 4764">
    <p class='ocr_par' dir='ltr' id='par_1_105' title="bbox 2003 4694 3618 4764">
     <span class='ocr_line' id='line_1_105' title="bbox 2003 4694 3618 4764; baseline 0.003 -13"><span class='ocrx_word' id='word_1_789' title='bbox 2003 4694 2564 4752; x_wconf 72' lang='lat' dir='ltr'><strong>Svuorsrs.—Similis</strong></span> <span class='ocrx_word' id='word_1_790' title='bbox 2577 4694 2719 4764; x_wconf 87' lang='lat' dir='ltr'><strong>apud</strong></span> <span class='ocrx_word' id='word_1_791' title='bbox 2733 4695 3090 4758; x_wconf 76' lang='lat' dir='ltr'><strong>Avellanitas,</strong></span> <span class='ocrx_word' id='word_1_792' title='bbox 3105 4703 3160 4751; x_wconf 88' lang='lat' dir='ltr'><strong>et</strong></span> <span class='ocrx_word' id='word_1_793' title='bbox 3172 4698 3618 4756; x_wconf 80' lang='lat' dir='ltr'><strong>Camalduieuses</strong></span> 
     </span>
    </p>
   </div>
   <div class='ocr_carea' id='block_1_106' title="bbox 2074 4765 3613 4839">
    <p class='ocr_par' dir='ltr' id='par_1_106' title="bbox 2074 4765 3613 4839">
     <span class='ocr_line' id='line_1_106' title="bbox 2074 4765 3613 4839; baseline 0.004 -20"><span class='ocrx_word' id='word_1_794' title='bbox 2074 4766 2180 4839; x_wconf 54' lang='lat' dir='ltr'><strong>vini</strong></span> <span class='ocrx_word' id='word_1_795' title='bbox 2198 4766 2544 4839; x_wconf 71' lang='lat' dir='ltr'><strong>abstinentia.</strong></span> <span class='ocrx_word' id='word_1_796' title='bbox 2567 4765 2754 4839; x_wconf 73' lang='lat' dir='ltr'><strong>NumJ</strong></span> <span class='ocrx_word' id='word_1_797' title='bbox 2771 4767 2992 4839; x_wconf 85' lang='lat' dir='ltr'><strong>.Eadcm</strong></span> <span class='ocrx_word' id='word_1_798' title='bbox 3007 4781 3288 4839; x_wconf 78' lang='lat' dir='ltr'><strong>servorum</strong></span> <span class='ocrx_word' id='word_1_799' title='bbox 3306 4769 3613 4839; x_wconf 81' lang='lat' dir='ltr'><strong>disciplina.</strong></span> 
     </span>
    </p>
   </div>
   <div class='ocr_carea' id='block_1_107' title="bbox 2071 4835 3617 4907">
    <p class='ocr_par' dir='ltr' id='par_1_107' title="bbox 2071 4835 3617 4907">
     <span class='ocr_line' id='line_1_107' title="bbox 2071 4835 3617 4907; baseline 0.003 -16"><span class='ocrx_word' id='word_1_800' title='bbox 2071 4838 2122 4891; x_wconf 73' lang='grc'><strong>2.</strong></span> <span class='ocrx_word' id='word_1_801' title='bbox 2153 4836 2257 4890; x_wconf 88' lang='lat' dir='ltr'><strong>Par</strong></span> <span class='ocrx_word' id='word_1_802' title='bbox 2298 4835 2606 4907; x_wconf 79' lang='lat' dir='ltr'><strong>vigiliarum</strong></span> <span class='ocrx_word' id='word_1_803' title='bbox 2661 4837 3030 4891; x_wconf 76' lang='lat' dir='ltr'><strong>observantia.</strong></span> <span class='ocrx_word' id='word_1_804' title='bbox 3067 4839 3122 4892; x_wconf 80' lang='grc'><strong>5.</strong></span> <span class='ocrx_word' id='word_1_805' title='bbox 3174 4837 3306 4892; x_wconf 86' lang='lat' dir='ltr'><strong>item</strong></span> <span class='ocrx_word' id='word_1_806' title='bbox 3352 4835 3617 4896; x_wconf 73' lang='lat' dir='ltr'><strong>festorum</strong></span> 
     </span>
    </p>
   </div>
   <div class='ocr_carea' id='block_1_108' title="bbox 2074 4905 3619 4979">
    <p class='ocr_par' dir='ltr' id='par_1_108' title="bbox 2074 4905 3619 4979">
     <span class='ocr_line' id='line_1_108' title="bbox 2074 4905 3619 4979; baseline 0.001 -16"><span class='ocrx_word' id='word_1_807' title='bbox 2074 4905 2570 4972; x_wconf 36' lang='lat' dir='ltr'><strong>discretim—4.01:3</strong></span> <span class='ocrx_word' id='word_1_808' title='bbox 2596 4907 2647 4979; x_wconf 86' lang='lat' dir='ltr'><strong>in</strong></span> <span class='ocrx_word' id='word_1_809' title='bbox 2673 4907 2829 4979; x_wconf 80' lang='lat' dir='ltr'><strong>fes_tis</strong></span> <span class='ocrx_word' id='word_1_810' title='bbox 2849 4907 3242 4962; x_wconf 87' lang='lat' dir='ltr'><strong>transferendis</strong></span> <span class='ocrx_word' id='word_1_811' title='bbox 3272 4912 3414 4979; x_wconf 85' lang='lat' dir='ltr'><strong>apud</strong></span> <span class='ocrx_word' id='word_1_812' title='bbox 3441 4921 3619 4966; x_wconf 84' lang='lat' dir='ltr'><strong>utros-</strong></span> 
     </span>
    </p>
   </div>
   <div class='ocr_carea' id='block_1_109' title="bbox 2076 4977 3619 5049">
    <p class='ocr_par' dir='ltr' id='par_1_109' title="bbox 2076 4977 3619 5049">
     <span class='ocr_line' id='line_1_109' title="bbox 2076 4977 3619 5049; baseline 0.003 -17"><span class='ocrx_word' id='word_1_813' title='bbox 2076 4996 2183 5049; x_wconf 86' lang='lat' dir='ltr'><strong>que</strong></span> <span class='ocrx_word' id='word_1_814' title='bbox 2219 4978 2573 5034; x_wconf 88' lang='lat' dir='ltr'><strong>consuetudo.</strong></span> <span class='ocrx_word' id='word_1_815' title='bbox 2710 4977 2959 5046; x_wconf 55' lang='lat' dir='ltr'><strong>{Equalis</strong></span> <span class='ocrx_word' id='word_1_816' title='bbox 2995 4980 3271 5049; x_wconf 91' lang='lat' dir='ltr'><strong>nudipedii</strong></span> <span class='ocrx_word' id='word_1_817' title='bbox 3301 4977 3534 5035; x_wconf 84' lang='lat' dir='ltr'><strong>cultura.</strong></span> <span class='ocrx_word' id='word_1_818' title='bbox 3563 4985 3619 5036; x_wconf 83' lang='lat' dir='ltr'><strong>ti.</strong></span> 
     </span>
    </p>
   </div>
   <div class='ocr_carea' id='block_1_110' title="bbox 2078 5049 3616 5120">
    <p class='ocr_par' dir='ltr' id='par_1_110' title="bbox 2078 5049 3616 5120">
     <span class='ocr_line' id='line_1_110' title="bbox 2078 5049 3616 5120; baseline 0 -14"><span class='ocrx_word' id='word_1_819' title='bbox 2078 5051 2188 5106; x_wconf 82' lang='lat' dir='ltr'><strong>Nec</strong></span> <span class='ocrx_word' id='word_1_820' title='bbox 2212 5067 2318 5104; x_wconf 89' lang='lat' dir='ltr'><strong>non</strong></span> <span class='ocrx_word' id='word_1_821' title='bbox 2337 5057 2724 5120; x_wconf 70' lang='lat' dir='ltr'><strong>mctanmarum</strong></span> <span class='ocrx_word' id='word_1_822' title='bbox 2745 5049 3066 5120; x_wconf 64' lang='lat' dir='ltr'><strong>disciplina),</strong></span> <span class='ocrx_word' id='word_1_823' title='bbox 3090 5050 3376 5120; x_wconf 90' lang='lat' dir='ltr'><strong>etcapituli</strong></span> <span class='ocrx_word' id='word_1_824' title='bbox 3395 5067 3543 5106; x_wconf 91' lang='lat' dir='ltr'><strong>usus.</strong></span> <span class='ocrx_word' id='word_1_825' title='bbox 3564 5054 3616 5106; x_wconf 85' lang='lat'><strong>7.</strong></span> 
     </span>
    </p>
   </div>
   <div class='ocr_carea' id='block_1_111' title="bbox 2081 5119 3621 5191">
    <p class='ocr_par' dir='ltr' id='par_1_111' title="bbox 2081 5119 3621 5191">
     <span class='ocr_line' id='line_1_111' title="bbox 2081 5119 3621 5191; baseline 0.001 -16"><span class='ocrx_word' id='word_1_826' title='bbox 2081 5119 2550 5191; x_wconf 81' lang='lat' dir='ltr'><strong>Flagellationuni,</strong></span> <span class='ocrx_word' id='word_1_827' title='bbox 2582 5119 2924 5191; x_wconf 84' lang='lat' dir='ltr'><strong>aliorumque</strong></span> <span class='ocrx_word' id='word_1_828' title='bbox 2944 5119 3621 5186; x_wconf 80' lang='lat' dir='ltr'><strong>ejusmodiexercitiorunt</strong></span> 
     </span>
    </p>
   </div>
   <div class='ocr_carea' id='block_1_112' title="bbox 2084 5189 3618 5260">
    <p class='ocr_par' dir='ltr' id='par_1_112' title="bbox 2084 5189 3618 5260">
     <span class='ocr_line' id='line_1_112' title="bbox 2084 5189 3618 5260; baseline 0 -14"><span class='ocrx_word' id='word_1_829' title='bbox 2084 5189 2340 5246; x_wconf 80' lang='lat' dir='ltr'><strong>mensura</strong></span> <span class='ocrx_word' id='word_1_830' title='bbox 2369 5189 2706 5260; x_wconf 87' lang='lat' dir='ltr'><strong>singulorum</strong></span> <span class='ocrx_word' id='word_1_831' title='bbox 2735 5189 2962 5260; x_wconf 86' lang='lat' dir='ltr'><strong>arbitrio</strong></span> <span class='ocrx_word' id='word_1_832' title='bbox 2989 5193 3281 5259; x_wconf 89' lang='lat' dir='ltr'><strong>utrobique</strong></span> <span class='ocrx_word' id='word_1_833' title='bbox 3319 5191 3531 5248; x_wconf 89' lang='lat' dir='ltr'><strong>relicta.</strong></span> <span class='ocrx_word' id='word_1_834' title='bbox 3566 5196 3618 5248; x_wconf 89' lang='lat'><strong>8.</strong></span> 
     </span>
    </p>
   </div>
   <div class='ocr_carea' id='block_1_113' title="bbox 2085 5259 3625 5333">
    <p class='ocr_par' dir='ltr' id='par_1_113' title="bbox 2085 5259 3625 5333">
     <span class='ocr_line' id='line_1_113' title="bbox 2085 5259 3625 5333; baseline 0 -17"><span class='ocrx_word' id='word_1_835' title='bbox 2085 5264 2356 5333; x_wconf 83' lang='lat' dir='ltr'><strong>Discreta,</strong></span> <span class='ocrx_word' id='word_1_836' title='bbox 2376 5271 2429 5316; x_wconf 92' lang='lat' dir='ltr'><strong>et</strong></span> <span class='ocrx_word' id='word_1_837' title='bbox 2459 5259 2670 5333; x_wconf 84' lang='lat' dir='ltr'><strong>occulta</strong></span> <span class='ocrx_word' id='word_1_838' title='bbox 2703 5275 2856 5333; x_wconf 71' lang='lat' dir='ltr'><strong>erga__</strong></span> <span class='ocrx_word' id='word_1_839' title='bbox 2878 5259 3084 5333; x_wconf 74' lang='lat' dir='ltr'><strong>debiles</strong></span> <span class='ocrx_word' id='word_1_840' title='bbox 3119 5262 3385 5316; x_wconf 80' lang='lat' dir='ltr'><strong>relaxatio</strong></span> <span class='ocrx_word' id='word_1_841' title='bbox 3423 5265 3625 5333; x_wconf 84' lang='lat' dir='ltr'><strong>pariter</strong></span> 
     </span>
    </p>
   </div>
   <div class='ocr_carea' id='block_1_114' title="bbox 2087 5329 3625 5404">
    <p class='ocr_par' dir='ltr' id='par_1_114' title="bbox 2087 5329 3625 5404">
     <span class='ocr_line' id='line_1_114' title="bbox 2087 5329 3625 5404; baseline -0.001 -16"><span class='ocrx_word' id='word_1_842' title='bbox 2087 5344 2322 5402; x_wconf 84' lang='lat' dir='ltr'><strong>recepta.</strong></span> <span class='ocrx_word' id='word_1_843' title='bbox 2339 5332 2390 5386; x_wconf 87' lang='lat'><strong>9.</strong></span> <span class='ocrx_word' id='word_1_844' title='bbox 2411 5331 2702 5404; x_wconf 73' lang='lat' dir='ltr'><strong>Disciplina</strong></span> <span class='ocrx_word' id='word_1_845' title='bbox 2727 5329 2994 5404; x_wconf 77' lang='lat' dir='ltr'><strong>psallendi</strong></span> <span class='ocrx_word' id='word_1_846' title='bbox 3012 5331 3362 5404; x_wconf 75' lang='lat' dir='ltr'><strong>aRomualdo</strong></span> <span class='ocrx_word' id='word_1_847' title='bbox 3379 5329 3625 5404; x_wconf 74' lang='lat' dir='ltr'><strong>uirisque</strong></span> 
     </span>
    </p>
   </div>
   <div class='ocr_carea' id='block_1_115' title="bbox 2086 5346 3626 5485">
    <p class='ocr_par' dir='ltr' id='par_1_115' title="bbox 2086 5346 3626 5485">
     <span class='ocr_line' id='line_1_115' title="bbox 2087 5346 3625 5454; baseline -0.001 -66"><span class='ocrx_word' id='word_1_848' title='bbox 2087 5346 2322 5402; x_wconf 87' lang='lat' dir='ltr'><strong>recepta.</strong></span> <span class='ocrx_word' id='word_1_849' title='bbox 2339 5346 2390 5386; x_wconf 76' lang='grc' dir='ltr'><strong>υ.</strong></span> <span class='ocrx_word' id='word_1_850' title='bbox 2411 5346 2702 5454; x_wconf 55' lang='grc' dir='ltr'><strong>υιδωὲἐιιιῧ</strong></span> <span class='ocrx_word' id='word_1_851' title='bbox 2727 5346 2984 5400; x_wconf 77' lang='lat' dir='ltr'><strong>psauenui</strong></span> <span class='ocrx_word' id='word_1_852' title='bbox 3012 5349 3040 5384; x_wconf 88' lang='lat' dir='ltr'><strong>a</strong></span> <span class='ocrx_word' id='word_1_853' title='bbox 3057 5346 3362 5388; x_wconf 77' lang='lat' dir='ltr'><strong>nomuatuo</strong></span> <span class='ocrx_word' id='word_1_854' title='bbox 3379 5346 3625 5404; x_wconf 81' lang='lat' dir='ltr'><strong>utrisque</strong></span> 
     </span>
     <span class='ocr_line' id='line_1_116' title="bbox 2086 5400 3626 5485; baseline 0.001 -27"><span class='ocrx_word' id='word_1_855' title='bbox 2086 5405 2423 5485; x_wconf 64' lang='lat' dir='ltr'><strong>praescripta.</strong></span> <span class='ocrx_word' id='word_1_856' title='bbox 2453 5403 2536 5483; x_wconf 69' lang='lat' dir='ltr'><strong>l0.</strong></span> <span class='ocrx_word' id='word_1_857' title='bbox 2610 5442 2623 5453; x_wconf 93' lang='lat'><strong>.</strong></span> <span class='ocrx_word' id='word_1_858' title='bbox 2656 5401 3088 5485; x_wconf 52' lang='lat' dir='ltr'><strong>Mariaevirginis</strong></span> <span class='ocrx_word' id='word_1_859' title='bbox 3131 5400 3377 5485; x_wconf 64' lang='lat' dir='ltr'><strong>Olllcium</strong></span> <span class='ocrx_word' id='word_1_860' title='bbox 3403 5419 3435 5459; x_wconf 86' lang='lat' dir='ltr'><strong>a</strong></span> <span class='ocrx_word' id='word_1_861' title='bbox 3462 5405 3626 5485; x_wconf 67' lang='lat' dir='ltr'><strong>Petro</strong></span> 
     </span>
    </p>
   </div>
   <div class='ocr_carea' id='block_1_116' title="bbox 2083 5472 3626 5544">
    <p class='ocr_par' dir='ltr' id='par_1_116' title="bbox 2083 5472 3626 5544">
     <span class='ocr_line' id='line_1_117' title="bbox 2083 5472 3626 5544; baseline -0.001 -12"><span class='ocrx_word' id='word_1_862' title='bbox 2083 5472 2328 5532; x_wconf 88' lang='lat' dir='ltr'><strong>Damiani</strong></span> <span class='ocrx_word' id='word_1_863' title='bbox 2363 5473 2611 5544; x_wconf 83' lang='lat' dir='ltr'><strong>utrisque</strong></span> <span class='ocrx_word' id='word_1_864' title='bbox 2630 5473 2985 5544; x_wconf 57' lang='lat' dir='ltr'><strong>prOpositnrn.</strong></span> <span class='ocrx_word' id='word_1_865' title='bbox 3030 5474 3116 5526; x_wconf 85' lang='grc'><strong>11.</strong></span> <span class='ocrx_word' id='word_1_866' title='bbox 3179 5472 3286 5528; x_wconf 84' lang='lat' dir='ltr'><strong>Par</strong></span> <span class='ocrx_word' id='word_1_867' title='bbox 3335 5475 3626 5544; x_wconf 78' lang='lat' dir='ltr'><strong>utrobique</strong></span> 
     </span>
    </p>
   </div>
   <div class='ocr_carea' id='block_1_117' title="bbox 2083 5540 3623 5616">
    <p class='ocr_par' dir='ltr' id='par_1_117' title="bbox 2083 5540 3623 5616">
     <span class='ocr_line' id='line_1_118' title="bbox 2083 5540 3623 5616; baseline -0.004 -15"><span class='ocrx_word' id='word_1_868' title='bbox 2083 5563 2208 5616; x_wconf 83' lang='lat' dir='ltr'><strong>erga</strong></span> <span class='ocrx_word' id='word_1_869' title='bbox 2240 5540 2534 5616; x_wconf 78' lang='lat' dir='ltr'><strong>defunctos</strong></span> <span class='ocrx_word' id='word_1_870' title='bbox 2567 5540 2757 5616; x_wconf 62' lang='lat' dir='ltr'><strong>pietas.</strong></span> <span class='ocrx_word' id='word_1_871' title='bbox 2788 5543 2875 5616; x_wconf 64' lang='lat'><strong>[2.</strong></span> <span class='ocrx_word' id='word_1_872' title='bbox 2908 5540 3098 5616; x_wconf 83' lang='lat' dir='ltr'><strong>Somni</strong></span> <span class='ocrx_word' id='word_1_873' title='bbox 3139 5554 3258 5616; x_wconf 90' lang='lat' dir='ltr'><strong>post</strong></span> <span class='ocrx_word' id='word_1_874' title='bbox 3295 5540 3623 5616; x_wconf 81' lang='lat' dir='ltr'><strong>nocturnum</strong></span> 
     </span>
    </p>
   </div>
   <div class='ocr_carea' id='block_1_118' title="bbox 2085 5612 3627 5687">
    <p class='ocr_par' dir='ltr' id='par_1_118' title="bbox 2085 5612 3627 5687">
     <span class='ocr_line' id='line_1_119' title="bbox 2085 5612 3627 5687; baseline -0.002 -16"><span class='ocrx_word' id='word_1_875' title='bbox 2085 5612 2310 5687; x_wconf 65' lang='lat' dir='ltr'><strong>aequalis</strong></span> <span class='ocrx_word' id='word_1_876' title='bbox 2331 5614 2644 5687; x_wconf 73' lang='lat' dir='ltr'><strong>declinatio.</strong></span> <span class='ocrx_word' id='word_1_877' title='bbox 2676 5615 2761 5666; x_wconf 83' lang='grc'><strong>15.</strong></span> <span class='ocrx_word' id='word_1_878' title='bbox 2799 5612 2943 5667; x_wconf 85' lang='lat' dir='ltr'><strong>Idem</strong></span> <span class='ocrx_word' id='word_1_879' title='bbox 2976 5614 3176 5687; x_wconf 69' lang='lat' dir='ltr'><strong>silentii</strong></span> <span class='ocrx_word' id='word_1_880' title='bbox 3212 5615 3494 5687; x_wconf 41' lang='lat' dir='ltr'><strong>rigogld.</strong></span> <span class='ocrx_word' id='word_1_881' title='bbox 3543 5617 3627 5687; x_wconf 52' lang='grc' dir='ltr'><strong>δί-</strong></span> 
     </span>
    </p>
   </div>
   <div class='ocr_carea' id='block_1_119' title="bbox 2088 5683 3628 5754">
    <p class='ocr_par' dir='ltr' id='par_1_119' title="bbox 2088 5683 3628 5754">
     <span class='ocr_line' id='line_1_120' title="bbox 2088 5683 3628 5754; baseline -0.002 -12"><span class='ocrx_word' id='word_1_882' title='bbox 2088 5683 2230 5742; x_wconf 78' lang='lat' dir='ltr'><strong>rnilis</strong></span> <span class='ocrx_word' id='word_1_883' title='bbox 2286 5683 2676 5754; x_wconf 77' lang='lat' dir='ltr'><strong>instabilitatis,</strong></span> <span class='ocrx_word' id='word_1_884' title='bbox 2711 5692 2764 5737; x_wconf 87' lang='lat' dir='ltr'><strong>et</strong></span> <span class='ocrx_word' id='word_1_885' title='bbox 2809 5684 3114 5754; x_wconf 81' lang='lat' dir='ltr'><strong>vagationis</strong></span> <span class='ocrx_word' id='word_1_886' title='bbox 3151 5684 3296 5753; x_wconf 77' lang='lat' dir='ltr'><strong>fuga.</strong></span> <span class='ocrx_word' id='word_1_887' title='bbox 3349 5685 3628 5754; x_wconf 72' lang='lat' dir='ltr'><strong>15.t‘ellzc</strong></span> 
     </span>
    </p>
   </div>
   <div class='ocr_carea' id='block_1_120' title="bbox 2090 5752 3630 5823">
    <p class='ocr_par' dir='ltr' id='par_1_120' title="bbox 2090 5752 3630 5823">
     <span class='ocr_line' id='line_1_121' title="bbox 2090 5752 3630 5823; baseline -0.001 -13"><span class='ocrx_word' id='word_1_888' title='bbox 2090 5774 2219 5815; x_wconf 88' lang='lat' dir='ltr'><strong>usus</strong></span> <span class='ocrx_word' id='word_1_889' title='bbox 2245 5758 2488 5823; x_wconf 83' lang='lat' dir='ltr'><strong>utrisque</strong></span> <span class='ocrx_word' id='word_1_890' title='bbox 2520 5752 2904 5823; x_wconf 51' lang='lat' dir='ltr'><strong>pariformiter&#39;</strong></span> <span class='ocrx_word' id='word_1_891' title='bbox 2918 5752 3353 5811; x_wconf 82' lang='lat' dir='ltr'><strong>commendatus.</strong></span> <span class='ocrx_word' id='word_1_892' title='bbox 3381 5753 3466 5808; x_wconf 84' lang='grc'><strong>16.</strong></span> <span class='ocrx_word' id='word_1_893' title='bbox 3496 5754 3630 5810; x_wconf 87' lang='lat' dir='ltr'><strong>Per-</strong></span> 
     </span>
    </p>
   </div>
  </div>
