4040 6382
531 363 599 419 δεί
1377 348 1432 403 s.
1474 313 1749 401 ramus
1785 338 2139 397 DMllANUS
2176 338 2236 395 s.
2276 341 2341 394 ιι.
2375 338 2436 393 E.
2476 338 2911 396 canamus.
3698 334 3771 391 se

599 452 1835 533 scvcrantue7pretiumutrisqucumenlcatum:
1865 450 2095 533 l7_.nAlia
2128 458 2172 516 Α
2204 458 2311 505 tum
2357 452 2497 521 apud
2526 450 2918 516 Camaldulum,
2968 458 3079 505 tum
3113 450 3255 520 apud
3293 449 3606 507 Avellanam
3642 466 3773 507 con-

599 520 656 592 S:
686 520 1185 594 Romualdi’mon'ita
1210 527 1314 590 his,
1350 520 1405 579 et
1425 524 1527 578 illis
1556 522 1879 579 communia.
1911 520 1997 573 l8.

597 650 641 705 1.
688 647 941 715 Reliquos
960 651 1197 696 vetemm
1224 637 1643 692 Avellanitarum
1669 648 1864 697 mores,
1890 640 1943 687 et
1971 646 2090 685 cor-

530 738 914 807 respondentcs
946 730 1291 785 eremitarum
1323 723 1810 780 Camaldulensium
1863 734 2094 775 consuc—

532 830 743 883 tudines
793 824 896 878 hoc
962 821 1141 889 capite
1196 830 1619 887 prosequemur;
1688 812 1926 879 illudque
1969 818 2097 863 ante

529 918 709 975 omnia
732 913 1057 974 notabimus,
1086 924 1241 963 usum
1266 905 1374 959 vini
1414 905 1588 973 primo
1611 902 1824 972 penitus
1852 899 2096 967 utrisque

530 1009 791 1078 ignotum,
819 1018 941 1058 mox
966 1000 1142 1055 sobria
1184 1012 1435 1052 mensura
1466 996 1641 1064 (extra
1679 990 1797 1047 dies
1822 989 2096 1044 abstinen-

531 1100 649 1162 tize,
689 1110 782 1151 seu
831 1090 1072 1161 perfecto
1125 1086 1326 1155 jejunio
1380 1083 1605 1146 dicatos,
1662 1080 1727 1135 de
1767 1078 1961 1149 quibus
2006 1092 2095 1131 su-

526 1188 656 1260 pra)
711 1182 1051 1255 permissum.
1113 1178 1189 1233 De
1236 1177 1290 1231 S.
1350 1172 1631 1229 Romualdi
1684 1168 2092 1260 apudHSitriam

525 1258 799 1343 discipulis
827 1278 1053 1325 testatur
1094 1267 1209 1335 ipse
1255 1264 1551 1319 Damianus
1581 1261 1633 1315 in
1664 1258 1780 1327 ejus
1822 1258 1943 1312 Vita
1971 1272 2089 1325 cap.

525 1366 613 1430 64,
645 1363 785 1434 quod
821 1381 839 1412 ι
880 1360 1070 1412 Vinum
1121 1356 1192 1410 ibi
1241 1369 1397 1409 nemo
1447 1357 1691 1415 noverat,
1727 1362 1828 1403 nec
1855 1347 1899 1409 si
1928 1346 2092 1427 etiam

524 1456 897 1529 gravssimam
956 1449 1075 1519 quis
1135 1446 1504 1516 :egritudinem
1560 1449 1852 1513 pateretur.
1898 1457 1919 1490 ›
1973 1438 2092 1491 Mox

524 1564 554 1601 a
581 1546 643 1600 B.
672 1543 953 1611 ltodulpho
993 1536 1391 1594 Camaldulensi
1434 1536 1613 1605 priore
1640 1533 1691 1586 in
1719 1531 1935 1586 constit.
1966 1529 2090 1583 anni

524 1633 683 1697 1080,
714 1646 833 1699 cap.
863 1630 933 1684 2'5
963 1627 1226 1683 sancitum
1249 1625 1477 1695 legitur:
1510 1642 1527 1673 ι
1555 1620 1755 1675 Vinum
1778 1619 1992 1690 quidem
2025 1618 2091 1671 ab

524 1692 767 1779 crearitis
800 1721 1032 1775 alienum
1057 1731 1175 1773 esse
1195 1715 1560 1786 cognoscitur,
1584 1714 1676 1768 sed
1689 1712 1813 1782 quia
1839 1710 2087 1769 defectio.

2200 548 2514 605 sueverant;
2547 556 2723 611 neque
2774 540 2863 596 illa
2908 540 3192 607 duntaxat,
3216 556 3339 612 qua:
3376 542 3650 596 communi
3700 545 3771 598 ab

2197 629 2446 685 omnibus
2480 630 2686 699 jejunio
2734 630 3096 699 excipiuntur,
3144 630 3238 685 sed
3287 630 3379 683 illa
3422 630 3613 696 etiam,
3644 644 3769 699 qum

2193 721 2468 790 geminam
2512 736 2579 775 ex
2636 721 2887 776 Ecclesia:
2940 731 3206 791 praecepto
3262 720 3609 797 refectionem
3662 736 3773 777 non

2197 812 2501 880 prohibent,
2548 818 2606 865 ut
2651 825 2709 865 se
2736 811 2896 865 habet
2940 811 3121 882 vigilia
3169 812 3499 882 Ενὶριιωιίω,
3530 827 3630 867 nec
3658 827 3767 867 non

2198 898 2301 955 SS.
2340 900 2591 970 Philippi,
2619 908 2674 955 et
2710 898 2894 954 Jacobi
2925 900 3312 969 apostolorum.
3369 900 3516 956 Unde
3557 899 3619 953 Β.
3661 900 3774 956 Ro-

2196 988 2426 1057 dulphus
2458 989 2606 1057 prior
2632 989 2685 1043 in
2708 988 2926 1043 constit.
2961 990 3057 1043 cit.
3100 1005 3220 1059 cap.
3245 990 3334 1054 l7,
3359 989 3533 1059 inquit
3572 1007 3587 1042 :
3623 1006 3641 1040 ι
3679 989 3774 1045 Vi-

2194 1079 2335 1149 giliae
2382 1087 2715 1144 sanctorum,
2744 1094 2863 1147 qtue
2905 1080 2959 1133 in
3006 1079 3245 1135 Ecclesia
3290 1089 3503 1135 statuta:
3533 1088 3684 1148 sunt,
3714 1088 3773 1137 et

2193 1170 2617 1240 Epiphaniorum
2642 1186 2876 1241 quoque,
2904 1179 3066 1240 atque
3103 1180 3413 1224 sanctorum
3441 1170 3693 1241 Philippi,
3717 1182 3775 1228 et

2192 1260 2397 1326 Jacobi,
2427 1261 2550 1317 licet
2595 1262 2649 1315 in
2680 1277 2779 1317 usu
2820 1261 3158 1317 szccularium
3201 1276 3306 1316 non
3354 1263 3680 1325 habeantur,
3715 1263 3771 1317 in

2191 1348 2294 1403 hac
2314 1364 2499 1405 eremo
2544 1350 2998 1421 (Camaldulensi)
3057 1350 3400 1406 abstinentia:
3449 1353 3773 1420 deputanda:

2192 1448 2334 1494 sunt.
2375 1460 2393 1492 ι
2421 1441 2487 1495 Ει
2510 1440 2703 1497 Petrus
2754 1442 2998 1497 Damiani
3031 1452 3159 1496 tom.
3191 1442 3231 1505 Ι,
3272 1442 3364 1497 lib.
3392 1457 3467 1504 vt,
3497 1456 3582 1512 ep.
3608 1443 3679 1497 55
3702 1443 3769 1496 ad

2190 1543 2302 1583 sua:
2326 1530 2767 1601 congregationis
2819 1530 3080 1586 eremitas
3118 1531 3185 1586 de
3212 1540 3335 1585 octo
3364 1532 3666 1601 vigiliarum
3690 1532 3773 1601 je-

2184 1618 2340 1689 jttnio
2372 1623 2642 1687 scribens,
2676 1637 2798 1678 cum
2848 1623 2986 1677 alias
3015 1624 3429 1689 commendans,
3484 1632 3593 1678 tum
3652 1625 3773 1680 illas

2190 1710 2521 1779 Epiphaniae,
2545 1722 2601 1768 et
2630 1711 2730 1767 SS.
2780 1711 3035 1783 Philippi,
3075 1723 3129 1767 et
3152 1712 3337 1768 Jacobi
3363 1714 3651 1784 specialius
3689 1715 3773 1769 in-

520 1826 577 1871 et
605 1814 773 1869 nostri
800 1810 1074 1879 temporis,
1117 1824 1181 1863 ac
1234 1795 1439 1861 naturae
1464 1806 1719 1860 debilitas
1764 1804 1816 1857 id
1871 1800 2090 1856 omnino
2121 1793 2164 1853 Β
2192 1801 2391 1865 culcat,
2421 1803 2606 1857 dicens
2638 1821 2651 1855 :
2684 1821 2702 1853 ι
2736 1804 3159 1873 Epiphaniarum
3202 1819 3418 1874 quoque
3446 1806 3674 1875 vigilias,
3700 1806 3772 1861 ob

520 1922 625 1979 non
656 1903 875 1973 patitur,
908 1897 1307 1967 raro~quidem.
1349 1905 1404 1949 et
1439 1894 1617 1950 Subrie
1653 1890 1956 1961 hujusmodi
1990 1905 2088 1959 po-

522 2006 634 2052 tmn
665 1992 946 2064 percipere
987 1990 1181 2053 solent,
1210 1998 1267 2042 ut
1288 1988 1378 2057 qui
1422 1995 1695 2056 nequeunt
1724 2000 1843 2039 cum
1884 1982 2091 2038 Joanne

520 2084 834 2141 abstemiam
860 2079 1227 2151 frugalitatem
1254 2090 1495 2140 servare,
1538 2074 1622 2128 vel
1660 2090 1781 2129 cum
1810 2072 2092 2127 Timotheo

520 2177 697 2233 sobria
752 2172 1014 2243 parcitate
1064 2178 1304 2222 utantur.
1350 2185 1370 2219 ›
1431 2166 1495 2219 Et
1551 2164 1747 2219 Petrus
1798 2162 2092 2217 Damianus

519 2260 951 2335 congregationis
978 2273 1087 2312 sua:
1133 2257 1378 2311 instituta
1422 2268 1733 2317 recensens,
1759 2262 1869 2306 tum
1899 2266 2087 2321 Opnsc.

519 2370 631 2413 xw.
667 2366 812 2405 num.
849 2348 933 2411 l5,
964 2362 1081 2415 cap.
1108 2347 1140 2399 6
1164 2346 1242 2399 sic
1264 2346 1467 2413 pariter
1496 2342 1691 2398 nabct:
1731 2360 1751 2393 ι
1781 2343 1823 2395 Α
1850 2341 1972 2395 vino
1996 2356 2092 2394 au-

522 2453 649 2506 tem,
677 2448 737 2493 ut
764 2438 953 2500 nostis,
992 2435 1266 2503 aliquanto
1322 2442 1565 2502 tempore
1603 2432 1987 2494 continuimus,
2014 2431 2087 2483 ita

518 2540 575 2585 ut
622 2542 793 2597 neque
848 2525 990 2588 laici,
1045 2537 1221 2591 neque
1283 2524 1619 2576 extrinsecus
1659 2520 1957 2583 venientes,
2006 2518 2092 2571 vel

516 2623 678 2678 etiam
712 2620 764 2674 in
791 2618 995 2672 Pascha
1029 2614 1261 2677 Domini,
1305 2612 1502 2681 aliquid
1531 2612 1619 2665 hic
1666 2620 1862 2679 praeter
1889 2622 2085 2676 aquam
2132 2610 2137 2619 '

514 2713 763 2768 biberent
789 2725 803 2762 :
834 2720 1008 2776 neque
1030 2705 1212 2758 vinum
1257 2703 1367 2767 hic,
1412 2701 1513 2764 nisi
1564 2716 1663 2770 pro
1695 2697 1961 2754 sacriﬁcio
1991 2698 2087 2751 ba—

514 2801 754 2855 bcretur.
803 2795 906 2849 Sed
950 2792 1205 2862 quoniam
1252 2800 1307 2843 et
1352 2790 1441 2844 hic
1480 2797 1761 2842 manentes
1806 2792 2088 2867 cmperunt

516 2894 838 2957 aegrotantes
870 2882 1121 2943 deiicere,
1146 2888 1201 2934 et
1229 2880 1446 2947 quidam
1489 2878 1557 2932 ad
1586 2891 1827 2931 eremum
1854 2876 2086 2929 transire

515 2981 813 3051 cupientes,
839 2976 997 3044 hujus
1030 2969 1636 3042 rigorisobservantiam
1666 2969 1880 3039 penitus
1893 2966 2086 3023 abhor-

513 3086 633 3128 rere
662 3085 678 3125 :
709 3070 980 3131 fraternae,
1009 3066 1142 3128 sive,
1172 3072 1231 3116 ut
1259 3062 1443 3116 verius
1467 3061 1665 3123 dicam,
1689 3058 1960 3113 communi
1986 3058 2085 3109 im-

2191 1892 2612 1989 magnitudiqem
2643 1892 3026 1958 solemuitatis,
3068 1894 3122 1947 in
3172 1910 3279 1965 qua
3307 1895 3558 1950 videlicet
3602 1905 3679 1951 tot
3717 1897 3771 1951 in

2192 1996 2358 2035 unum
2384 1984 2724 2035 sacramenta
2751 1992 3106 2047 concurrunt,
3124 1984 3719 2055 dignomestjejunare;
3747 2004 3767 2039 ο

2191 2080 2249 2125 et
2277 2070 2415 2124 infra
2444 2089 2455 2124 :
2489 2089 2507 2122 ι
2543 2070 2693 2127 Unde
2712 2082 2767 2127 et
2801 2072 2931 2127 illud
2953 2076 3191 2143 graviter
3215 2076 3457 2141 ierimus,
3495 2079 3621 2147 quia
3660 2080 3775 2149 ple-

2192 2160 2348 2229 rique
2369 2160 2591 2225 fratres.
2623 2163 2751 2216 dum
2788 2164 3039 2234 jejunare
3067 2167 3121 2220 in
3169 2170 3454 2224 beatorum
3499 2174 3773 2240 apostolo-

2190 2264 2308 2303 rum
2338 2250 2593 2321 Philippi,
2619 2262 2675 2308 et
2712 2253 2898 2310 Jacobi
2949 2257 3146 2327 vigiliis
3194 2261 3637 2328 perhorrescunt,
3684 2279 3776 2319 so-

2188 2338 2521 2395 lemnitatem
2546 2343 2890 2399 Pentecostes
2920 2346 2973 2399 in
3004 2350 3410 2403 excusationem
3451 2366 3563 2406 sua:
3602 2354 3773 2408 disso-

2190 2427 2409 2483 lutionis
2436 2442 2733 2501 opponunt,
2768 2434 3010 2490 dicentes
3038 2453 3050 2487 :
3080 2452 3187 2491 non
3218 2438 3414 2495 debere
3441 2455 3770 2513 quemquam

2190 2520 2289 2573 sub
2315 2518 2642 2589 jejuniorum
2690 2532 2814 2579 tunc
2858 2540 3087 2581 censura
3117 2530 3435 2600 constringi,
3481 2546 3604 2587 cum
3638 2543 3775 2588 tem-

2188 2626 2290 2681 pus
2315 2613 2501 2678 dictet,
2528 2616 2868 2683 paschalibus
2890 2620 3067 2687 potius
3080 2620 3290 2688 gaudiis
3310 2622 3537 2690 cpulari.
3574 2643 3594 2676 ι
3618 2623 3771 2691 Quod

2187 2701 2354 2755 variis
2379 2703 2717 2769 postmodum
2750 2706 3075 2773 rationibus,
3106 2719 3157 2764 et
3197 2711 3463 2781 exemplis
3490 2712 3549 2767 S.
3583 2714 3774 2769 doctor

2187 2789 2449 2845 confutat.

2257 2884 2345 2940 IV.
2377 2889 2446 2940 At
2490 2888 2534 2943 si
2561 2889 2754 2959 vigilia:
2804 2891 3041 2960 perfecto
3072 2895 3248 2963 panis,
3279 2904 3333 2950 et
3372 2911 3525 2966 aqua:
3562 2896 3771 2966 jejunio

2190 2978 2672 3042 consecrabantur,
2721 2982 2956 3035 vicissim
3010 2984 3133 3037 festi
3191 2984 3307 3039 dies
3356 2986 3423 3040 ab
3474 2990 3623 3041 onmi
3658 2997 3770 3043 tum

2187 3066 2534 3131 abstinentia,
2565 3077 2676 3123 tum
2706 3070 2936 3139 simplici
2961 3070 3166 3139 jejunio
3206 3075 3517 3131 refectionis
3543 3078 3706 3133 unius
3738 3094 3772 3133 a

510 3153 1197 3228 beeillitatidispensatorie
1230 3151 1721 3207 condescendentes
1744 3147 2083 3213 indulsimus,
2113 3156 2161 3221 ο
2187 3154 2452 3212 Paschate
2491 3172 2661 3227 usque
2704 3159 2771 3213 ad
2821 3159 2944 3215 ldus
2976 3160 3327 3231 Septembris,
3359 3166 3766 3233 eximebantur;

514 3262 573 3308 ut
594 3251 778 3304 vinum
804 3247 910 3310 hic,
940 3252 1153 3300 servato
1180 3239 1487 3295 sobrietatis
1513 3236 1901 3299 moderamine.
1928 3235 2081 3289 bibe-

514 3351 709 3399 retur:
738 3335 961 3406 utquod
987 3348 1109 3389 cum
1148 3330 1353 3386 Joanne
1395 3344 1499 3385 non
1545 3342 1832 3398 possumus
1857 3342 1925 3381 ex
1969 3335 2082 3380 toto

514 3431 843 3498 relinquere,
898 3423 1088 3479 saltem
1138 3436 1260 3475 cum
1315 3418 1597 3473 Timotheo
1645 3416 1793 3473 Pauli
1822 3415 2083 3485 discipulo

509 3522 820 3578 studeamus
874 3515 1086 3570 inﬁrmo
1140 3511 1420 3567 stomacho
1471 3512 1669 3576 sobrie,
1716 3520 1770 3566 et
1808 3511 2086 3565 humiliter

515 3614 855 3673 ministrare;
889 3616 944 3662 et
968 3605 1059 3675 qui
1086 3619 1310 3673 prorsus
1341 3602 1588 3658 abstemii
1618 3617 1741 3658 esse
1763 3618 1866 3657 non
1894 3618 2081 3672 possu-

515 3720 656 3769 n.us,
687 3716 805 3756 esse
842 3698 1030 3753 saltem
1067 3694 1233 3749 sobrii
1273 3694 1606 3749 studeamus.
1638 3714 1655 3745 ι

581 3795 647 3848 ll.
686 3793 763 3847 Ne
815 3790 935 3860 quis
980 3802 1107 3843 vero
1127 3787 1386 3851 miretur,
1442 3786 1569 3840 olim
1618 3794 1673 3839 et
1719 3785 1888 3841 laicos
1940 3785 2084 3855 ipsos

516 3888 653 3958 apud
682 3882 994 3937 Avellanam
1022 3896 1052 3933 a
1084 3880 1209 3933 vino
1253 3878 1603 3942 abstinuisse,
1641 3876 2083 3947 quandoquidem

513 3985 571 4031 et
592 3975 657 4030 ad
681 3975 822 4043 ipsos
849 3970 1094 4033 famulos,
1118 3977 1231 4023 tum
1258 3968 1351 4030 ibi,
1382 3976 1491 4021 tum
1512 3968 1650 4037 apud
1675 3966 2079 4031 Romualdinos,

511 4063 697 4134 jejuuii
723 4075 948 4115 censura
978 4057 1453 4127 exporrigebatur;
1497 4072 1620 4109 nam
1655 4057 1707 4109 in
1735 4056 1856 4109 Vita
1887 4054 1946 4110 S.
1975 4056 2083 4110 Ro-

520 4152 715 4209 mualdi
748 4166 865 4219 cap.
894 4148 984 4211 64,
1033 4157 1315 4215 postquam
1360 4146 1664 4199 districtam
1699 4144 2081 4213 discipulorum

518 4243 703 4298 Sitria:
754 4236 966 4292 vivendi
1008 4235 1275 4289 rationem
1332 4234 1707 4303 descripsisset
1769 4233 2080 4296 Damianus,

519 4335 634 4388 hate
664 4329 885 4384 subdit:
925 4344 942 4377 ι
985 4324 1089 4379 Sed
1130 4340 1229 4378 cur
1279 4338 1379 4393 ego
1426 4324 1490 4377 de
1538 4322 1819 4379 monachis
1869 4323 2078 4391 loquor,

514 4438 639 4477 cum
670 4429 724 4474 et
749 4417 849 4486 ipsi
880 4415 1262 4469 monachorum
1288 4412 1497 4477 famuli,
1529 4413 1627 4482 ipsi
1668 4426 1882 4481 quoque
1902 4423 2080 4466 custo-

2182 3245 2251 3299 ab
2276 3242 2456 3300 Idibus
2487 3261 2615 3302 vero
2643 3245 2977 3317 Septembris
3007 3251 3070 3304 ad
3102 3250 3330 3319 Pascha,
3384 3255 3495 3309 sola
3527 3257 3687 3325 panis
3714 3269 3771 3314 et

2184 3350 2337 3405 aqua:
2362 3337 2690 3393 abstinentia
2734 3342 3023 3407 vacabant,
3053 3345 3147 3397 sed
3191 3345 3364 3401 unica:
3404 3356 3583 3403 tamen
3626 3349 3771 3405 refe-

2184 3426 2370 3491 ctioni,
2423 3430 2707 3499 praecipuis
2749 3432 3070 3500 quibusdam
3111 3434 3547 3492 solemnitatibus
3600 3453 3768 3496 exce-

2182 3516 2311 3586 ptis,
2338 3520 2771 3588 deputabuntur;
2805 3523 2881 3577 ait
2903 3524 3045 3578 enim
3072 3526 3128 3580 B.
3174 3527 3491 3597 Rodulphus
3540 3532 3691 3599 prior
3713 3532 3767 3587 in

2182 3610 2401 3663 constit.
2432 3611 2559 3665 anni
2600 3612 2736 3667 1080
2759 3628 2878 3683 cap.
2913 3615 3015 3669 l5:
3052 3636 3070 3668 ι
3103 3617 3159 3671 ln
3197 3618 3582 3677 festivitatibus
3610 3638 3767 3689 vero,

2182 3713 2301 3768 qute
2335 3700 2595 3756 aPascha
2652 3718 2823 3772 usque
2865 3706 2929 3757 ad
2980 3707 3124 3762 hunc
3180 3709 3468 3765 terminum
3536 3713 3767 3783 (Iduum

2185 3790 2539 3862 Septembris)
2594 3805 2909 3859 occurrunt,
2940 3806 2995 3851 et
3038 3799 3364 3854 abstinentia
3421 3804 3645 3870 remitti,
3714 3814 3772 3861 et

2176 3879 2439 3949 jejunium
2472 3883 2609 3938 solet
2636 3884 2861 3939 absolvi.
2893 3886 3019 3940 Post
3067 3890 3186 3944 ldus
3231 3890 3567 3961 Septembris
3590 3910 3767 3966 usque

2183 3971 2252 4024 ad
2272 3969 2776 4049 Quadragesimam,
2803 3989 2925 4043 qua:
2952 3976 3087 4029 infra
3128 3979 3230 4034 hoc
3260 3982 3489 4049 spatium
3513 3986 3771 4040 accidunt

2182 4060 2520 4125 festivitates,
2550 4063 2929 4119 abstinentiam
2955 4068 3174 4136 quidam
3209 4070 3473 4138 relaxant,
3497 4073 3766 4143 jejuniqu

2182 4167 2310 4207 vero
2335 4154 2555 4208 minime
2579 4154 2811 4209 solvunt.
2839 4177 2855 4207 ι
2879 4158 2945 4211 Et
2969 4160 3159 4214 Petrus
3187 4162 3430 4217 Damiani
3455 4182 3644 4233 opusc.
3674 4185 3766 4235 xv,

2182 4256 2301 4311 cap.
2353 4241 2432 4296 6:
2490 4258 2511 4293 ο
2562 4242 2621 4296 ln
2673 4243 3059 4300 festivitatibus
3104 4249 3385 4304 duodecim
3436 4252 3766 4323 lectionum,

2181 4348 2517 4403 quaecunque
2544 4335 2767 4389 veniunt
2810 4336 2877 4390 ab
2922 4336 3100 4393 Idibus
3128 4338 3461 4408 Septembris
3500 4359 3674 4414 usque
3696 4347 3767 4400 ad

2182 4429 2655 4485 Resurreclionem
2686 4431 2919 4494 Domini,
2943 4433 3110 4486 semel
3144 4442 3347 4487 tantum
3381 4436 3629 4491 reficiant
3650 4438 3765 4494 fra-

517 4516 611 4565 ces
632 4522 882 4580 pecorum
926 4504 1262 4574 jejuuarent?
1295 4524 1312 4555 ι
1347 4512 1451 4557 etc.
1484 4505 1666 4571 Deque
1710 4502 2080 4557 Avellanensis

2187 4526 2314 4585 tres,
2344 4519 2583 4586 exceptis
2606 4519 2855 4574 videlicet
2886 4520 2969 4574 his
3017 4522 3471 4589 solemnitatibus,
3518 4529 3765 4582 onmimn

512 4597 682 4653 eremi
723 4594 893 4649 servis
919 4607 1102 4662 opusc.
1134 4608 1218 4655 xv,
1246 4608 1367 4661 cap.
1391 4592 1445 4657 7,
1478 4591 1556 4645 sic
1580 4592 1780 4661 pariter
1809 4591 2073 4660 loquitur:

519 4706 537 4738 ι
576 4682 779 4741 Famuli
808 4696 1043 4751 quoque,
1073 4680 1163 4749 qui
1194 4681 1318 4735 huic
1354 4680 1469 4733 loco
1504 4680 1835 4743 deserviunt,
1858 4681 1925 4735 ab
1947 4682 2079 4734 assi-

513 4784 676 4846 gnato
729 4773 829 4826 sibi
873 4770 1084 4825 vivendi
1126 4770 1314 4824 ordine
1345 4785 1451 4824 non
1478 4770 1734 4823 recedunt
1763 4789 1774 4823 :
1804 4770 1894 4838 qui
1924 4771 2080 4824 nimi-

514 4880 631 4920 rum
684 4878 779 4932 pcr
830 4861 992 4914 totius
1042 4861 1249 4914 annalis
1290 4861 1448 4929 spatii
1502 4876 1718 4916 cursum
1760 4862 1932 4916 tribus
1986 4877 2079 4929 per

514 4954 905 5011 hebdomadam
954 4952 1141 5006 diebus
1192 4962 1374 5007 tenent
1417 4970 1482 5008 ex
1518 4970 1667 5009 more
1703 4954 1983 5025 jejunium.
2020 4957 2077 5011 ln

511 5046 617 5100 illis
640 5054 817 5099 autem
842 5044 1049 5097 duabus
1080 5043 1512 5111 Quadragcsimis
1538 5053 1771 5112 quatuor
1792 5046 1905 5101 dies
1934 5048 2043 5116 jeju
2066 5080 2074 5085 -

514 5137 603 5189 nio
626 5135 893 5197 dedicant,
946 5153 962 5184 ι
998 5143 1102 5187 etc.
1148 5133 1438 5202 Superﬂuit
1474 5146 1651 5190 autem
1700 5138 1892 5192 iterum
1935 5156 2080 5194 com-

514 5239 755 5286 tnonere,
798 5221 994 5291 jejunia
1024 5224 1074 5277 in
1118 5238 1255 5292 pane
1294 5234 1350 5279 et
1382 5242 1519 5294 aqua
1548 5228 1635 5281 hic
1667 5243 1881 5297 semper
1909 5231 2077 5300 signi-

515 5314 683 5395 ficari,
740 5327 845 5365 non
901 5327 1026 5365 vero
1074 5314 1138 5367 de
1180 5316 1333 5371 unica
1365 5317 1626 5372 duntaxat
1673 5319 1866 5373 diurna
1903 5337 2079 5375 come-

510 5414 684 5458 SllOlle
711 5417 1017 5457 sermonem
1040 5419 1177 5457 CSSC.

580 5498 664 5550 lll.
708 5498 776 5551 At
805 5508 997 5567 praeter
1028 5499 1168 5556 illos.
1208 5502 1296 5570 qui
1331 5519 1425 5573 per
1458 5506 1693 5575 singulas
1718 5509 2077 5563 hebdomadas

511 5588 805 5656 pnescripti
838 5587 1069 5651 fuerant,
1116 5590 1377 5658 ejusmodi
1422 5595 1759 5651 abstinentia:
1786 5598 1920 5662 dies,
1954 5614 2077 5651 San-

510 5685 720 5733 ctorum
744 5680 905 5734 etiam
932 5681 1206 5752 pervigilia
1222 5686 1409 5739 eadem
1432 5686 1768 5743 districtione
1790 5691 2074 5745 (cit-brari.

2187 4616 2529 4680 Sanctorum,
2559 4615 2617 4670 S.
2656 4614 2892 4681 Martini,
2918 4636 2940 4669 ι
2977 4627 3081 4674 etc.

2254 4706 2319 4760 ν.
2358 4705 2468 4759 Nec
2501 4716 2678 4760 tamen
2723 4708 2857 4761 adeo
2881 4708 3186 4778 frequentes
3230 4714 3588 4767 occurrebant
3637 4727 3765 4773 tunc

2188 4798 2440 4867 temporis
2468 4796 2790 4851 festivitates
2820 4800 3100 4855 duodecim
3153 4801 3441 4857 lectionum
3469 4805 3645 4859 ollicio
3668 4822 3763 4861 ce-

2184 4886 2474 4948 lebrandae,
2505 4902 2568 4940 ac
2598 4903 2739 4942 nunc
2782 4890 2977 4959 passim
3032 4891 3310 4955 habemus.
3338 4896 3430 4948 sed
3480 4898 3649 4952 multo
3677 4914 3765 4952 ra-

2186 4976 2374 5038 riores,
2406 4983 2568 5044 atque
2594 4976 2673 5031 ha:
2701 4976 2832 5045 ipsa:
2859 4994 2962 5033 non
2986 4993 3199 5049 semper
3224 4983 3277 5037 in
3307 4998 3515 5049 eremo,
3542 4986 3685 5040 sicut
3710 4988 3764 5042 in

2185 5066 2515 5122 monasterio
2559 5068 2850 5124 observare
2900 5085 3312 5138 consueverant,
3343 5077 3437 5129 sed
3477 5077 3543 5131 ad
3568 5076 3763 5144 jejunii

2181 5156 2597 5221 observantiam,
2628 5157 2715 5211 ubi
2741 5160 2792 5212 in
2841 5160 3029 5215 feriam
3059 5163 3400 5220 abstinentia:
3447 5167 3763 5236 deputatam

2182 5244 2506 5307 incidebant,
2536 5248 2587 5299 in
2615 5252 3053 5318 appsirtuniorem
3086 5253 3227 5306 diem
3259 5255 3762 5326 transferebantnr;

2181 5336 2256 5389 ait
2302 5336 2445 5390 enim
2501 5335 2619 5391 loco
2682 5338 2777 5392 cit.
2836 5338 3027 5395 Petrus
3079 5343 3325 5397 Damiani
3356 5363 3368 5399 :
3405 5365 3421 5395 ι
3455 5347 3764 5403 Notandum

2180 5439 2380 5492 autem,
2426 5430 2549 5498 quia
2590 5446 2695 5485 non
2724 5446 2931 5496 omnes,
2966 5449 3086 5501 qua:
3124 5436 3175 5488 in
3212 5439 3560 5498 monasterio,
3592 5442 3762 5495 ctiam

2180 5516 2232 5570 in
2257 5533 2439 5571 eremo
2460 5520 2799 5575 celebrantur
2843 5521 3161 5577 festivitates
3193 5544 3205 5577 :
3240 5544 3292 5580 ea
3329 5528 3428 5583 iam,
3464 5544 3583 5595 quae
3616 5530 3764 5584 illinc

2181 5606 2333 5672 ﬁunt,
2379 5608 2689 5679 plerumque
2740 5621 3185 5682 transuitttantm',
3238 5626 3423 5670 utaut
3471 5618 3520 5671 in
3573 5622 3759 5684 tertia,

2182 5700 2344 5753 autin
2373 5701 2554 5768 quinta
2611 5701 2740 5757 feria
2795 5704 3177 5761 celebrentur:
3208 5708 3450 5776 exceptis
3496 5710 3758 5764 nimirum
