4040 6396
262 381 326 439 ‘57
814 303 819 309 t
1128 357 1671 421 PROLEGOMENA.
1714 386 1785 396 —
1820 354 1906 411 DE
1944 350 2323 410 INSTITUTO
2346 350 2752 409 CAMALDUL.
3480 353 3555 413 δε

269 486 535 568 ρηείριιίε
563 481 969 545 festivitatibus,
996 492 1117 549 quae
1150 478 1221 534 ob
1264 471 1841 568 reverentiam_dig_ni-
1867 483 1913 538 Α
1946 466 2162 568 publice
2318 465 2562 568 capitplo
2608 466 2993 568 suscipiendis,
3048 475 3162 523 tum
3192 468 3452 568 privatim
3490 472 3548 530 ἰῇ

270 563 400 646 latis,
426 578 627 634 mutari
670 590 778 631 non
825 579 1069 644 possunt.
1100 590 1119 623 ι
1157 569 1254 625 Cui
1302 573 1570 623 consonat
1617 564 1679 618 Β.
1730 563 1841 618 Ro.

270 672 480 743 duiphus
510 668 667 738 prior
687 662 926 720 Camald.
954 662 1009 716 in
1036 658 1256 716 constit.
1276 657 1402 713 anni
1430 654 1595 719 1085,
1617 654 1837 709 dicens:

270 785 289 819 ο
320 763 373 819 Si
395 772 539 822 vero,
582 766 643 811 ut
669 754 889 818 assolet,
938 750 1246 816 festivitas,
1278 749 1347 803 de
1397 762 1506 818 qua
1553 744 1840 801 duodecim

266 854 507 913 lectiones
563 862 726 918 agere
755 850 986 915 oportet,
1019 842 1075 896 in
1108 842 1194 896 his
1239 838 1395 894 feriis
1440 837 1666 908 (jejunio
1694 834 1841 890 scili-

264 953 341 999 cet
401 936 696 1007 deputatis)
742 932 974 996 venerit,
1023 944 1175 986 more
1220 928 1382 984 solito
1426 928 1507 982 sic
1539 925 1723 981 facere
1755 932 1841 980 est

260 1026 621 1087 consuetudo:
649 1025 693 1079 si
720 1022 883 1078 fuerit
924 1022 976 1076 in
1009 1021 1251 1075 secunda
1310 1016 1444 1073 feria
1470 1056 1484 1082 ,
1539 1015 1840 1086 perducere

259 1139 370 1178 eam
398 1121 450 1176 in
493 1118 711 1175 tertiam
765 1114 957 1170 feriant
992 1131 1006 1167 :
1040 1114 1087 1168 si
1117 1112 1331 1168 venerit
1367 1112 1422 1165 in
1453 1119 1649 1180 quarta
1678 1108 1835 1174 feria,

258 1214 546 1288 perducere
573 1211 628 1265 in
674 1209 919 1279 quintam
949 1230 962 1261 ;
993 1216 1051 1262 et
1097 1206 1145 1261 si
1184 1204 1351 1260 fuerit
1386 1205 1441 1259 in
1482 1212 1635 1259 sexta
1676 1202 1835 1268 feria,

257 1304 515 1361 deducere
561 1300 615 1354 in
665 1298 998 1363 Sabbatum,
1050 1304 1107 1352 et
1162 1294 1443 1367 pulmento
1468 1293 1566 1356 uti,
1604 1301 1661 1347 et
1689 1292 1836 1347 vino.

258 1396 364 1451 Hoc
390 1401 570 1447 autem
598 1390 799 1446 factum
825 1397 910 1444 est
931 1396 1156 1459 propter
1165 1386 1434 1457 jejunium
1451 1384 1837 1441 celebrandum

254 1487 304 1540 in
331 1481 586 1547 secunda,
610 1489 667 1536 et
691 1488 905 1548 quarta,
943 1486 1000 1532 et
1028 1486 1183 1533 sexta
1222 1476 1384 1531 feria.
1417 1474 1529 1530 Has
1553 1484 1735 1530 autem
1759 1473 1839 1529 fe-

253 1572 532 1635 stivitates,
565 1569 619 1623 id
641 1575 727 1623 est
756 1568 926 1623 sancti
983 1566 1305 1633 Salvatoris,
1334 1574 1570 1637 quatuor
1592 1564 1834 1635 ejusdem

248 1661 553 1723 Genitricis,
581 1669 718 1724 etc.,
749 1674 1028 1729 nunquam
1059 1666 1295 1714 mutare.
1330 1676 1348 1710 ι

314 1753 395 1808 Vl.
419 1753 489 1807 At
510 1751 578 1805 de
603 1750 945 1806 abstinentia:
972 1749 1184 1806 ratione
1204 1748 1360 1806 satis.
1383 1747 1461 1803 De
1483 1746 1710 1818 reliquis
1728 1746 1835 1803 Ca-

1940 560 2134 617 cellula
2162 560 2381 616 sibimet
2408 559 2738 625 inferendis;
2769 560 3057 631 utriusque
3084 561 3258 617 eremi
3308 576 3550 619 consen-

1940 651 2044 716 sio,
2094 650 2355 721 explicari
2412 649 2503 705 vix
2559 658 2763 719 potest.
2813 648 2975 704 Enim
3005 665 3135 706 vero
3181 664 3247 706 ex
3301 650 3547 721 ejusdem

1940 742 2087 798 Petri
2121 742 2376 801 Damiani
2404 741 2672 812 epistolis,
2698 750 2755 799 et
2778 741 3056 812 opusculis
3085 743 3218 797 nihil
3245 745 3420 817 inagis
3456 759 3551 801 ne-

1940 835 2107 902 lucet,
2142 850 2307 911 quam
2340 834 2641 904 disciplinae
2669 834 2751 905 (ut
2780 833 3001 906 vocant)
3030 835 3390 904 consuetudo,
3435 836 3554 893 fer-

1939 930 2081 984 vidis
2130 930 2251 999 ejus
2299 929 2791 996 admonitionibus,
2842 938 3278 999 sanctorumque
3312 930 3554 1000 discipu-

1941 1021 2116 1078 lorum
2140 1037 2388 1088 suorum,
2419 1022 2474 1078 in
2506 1022 2701 1093 primis
2726 1038 2857 1077 vero
2898 1021 3168 1078 Dominici
3196 1020 3462 1089 Lorieati,
3493 1031 3551 1079 et

1939 1114 2209 1185 Rodulphi
2242 1116 2511 1186 Eugubini
2550 1115 2791 1186 episcopi
2832 1113 2921 1185 (de
2948 1115 3147 1185 quibus
3176 1114 3270 1169 lib.
3300 1132 3343 1180 ι,
3382 1114 3549 1186 epist.

1941 1207 2013 1263 ad
2064 1207 2439 1263 Alexandrum
2493 1206 2536 1261 ll
2575 1206 2751 1263 fusius
2797 1206 2931 1278 agit)
2965 1206 3231 1277 exemplis
3281 1208 3549 1274 stabilita,

1940 1297 2165 1354 dilatata
2182 1307 2237 1353 et
2254 1299 2519 1355 adversus
2538 1298 2936 1353 obtrectatores
2951 1297 3225 1367 quoslibet
3248 1298 3549 1365 vindicata,

1940 1388 2453 1446 Camaldulensibus
2476 1404 2608 1445 vero
2639 1389 2783 1444 hanc
2811 1389 3023 1459 pariter
3048 1389 3100 1443 in
3131 1405 3229 1445 usu
3258 1388 3426 1445 fuisse
3455 1405 3554 1460 pa-

1940 1488 2037 1544 tet,
2074 1490 2186 1536 tum
2216 1496 2283 1537 ex
2309 1480 2432 1536 Vita
2458 1481 2515 1536 S.
2562 1480 2849 1536 Romualdi
2880 1496 3001 1551 cap.
3032 1480 3121 1545 38,
3159 1481 3248 1536 ubi
3280 1482 3340 1537 B.
3370 1480 3548 1540 Guido

1947 1587 1965 1621 ι
1993 1567 2185 1638 jussus
2236 1570 2469 1625 fuerata
2519 1570 2705 1640 priore
2752 1570 2944 1626 nescio
2974 1580 3107 1639 quot
3152 1586 3347 1642 scopas
3396 1573 3546 1629 acci-

1943 1675 2106 1731 pere;
2144 1680 2162 1714 »
2194 1669 2251 1716 et
2278 1677 2402 1732 cap.
2431 1660 2501 1717 64
2516 1662 2607 1716 ubi
2638 1661 2723 1717 vel
2758 1679 2776 1711 ι
2800 1661 2902 1731 ipsi
2934 1662 3329 1716 monachorum
3357 1662 3546 1719 famuli

1941 1752 2255 1822 disciplinas
2298 1752 2439 1806 inter
2490 1766 2549 1807 se
2592 1752 2824 1807 invicem
2880 1750 3188 1818 faciebant;
3230 1773 3249 1805 ι
3300 1763 3412 1807 tum
3469 1766 3538 1809 ex

247 1840 650 1898 maldulensium
678 1880 693 1906 ,
742 1839 1288 1909 Avellanitarumque
1352 1839 1633 1895 exercitiis
1693 1852 1833 1893 non-
1865 1849 1911 1907 Β
1940 1843 2424 1897 constitutionibus
2449 1842 2579 1895 anni
2614 1842 2754 1897 l080
2782 1842 2842 1896 Β.
2881 1842 3154 1914 Rodulphi
3186 1844 3388 1913 prioris
3418 1858 3545 1915 cap.

245 1934 381 1989 nulla
421 1932 633 2001 pariter
677 1936 1021 1987 adnotemtxs.
1089 1930 1292 1987 Pedum
1341 1931 1641 1986 nuditatem
1686 1945 1715 1984 a
1754 1930 1837 1985 di-

245 2023 457 2094 scipulis
474 2022 533 2077 S.
558 2022 843 2079 Romualdi
873 2023 1416 2089 observatam,notat
1448 2024 1744 2078 Damianus
1780 2024 1833 2078 in

241 2114 350 2183 ejus
382 2114 538 2176 Vita;
569 2128 694 2167 nam
723 2122 778 2167 et
805 2114 859 2166 in
887 2111 1059 2167 Pereo
1091 2111 1212 2167 illos
1243 2112 1404 2168 nobis
1428 2111 1691 2166 describit
1711 2127 1833 2181 cap.

241 2207 307 2261 26
338 2223 351 2259 :
381 2224 399 2257 ι
428 2203 694 2267 Inclusus,
724 2202 1106 2267 disealceatos,
1141 2203 1405 2267 incultos;
1440 2222 1457 2253 ι
1491 2212 1546 2256 et
1571 2201 1837 2271 αρκαδί-

242 2300 396 2352 triazu
446 2307 465 2349 t
499 2304 678 2349 statur
704 2310 825 2365 cap.
863 2295 932 2348 64
962 2311 975 2347 :
1012 2314 1030 2345 ‹
1063 2293 1269 2349 Omnes
1296 2294 1456 2349 nudis
1485 2293 1713 2364 pedibus
1753 2294 1837 2347 in;

241 2390 515 2451 cedentes,
554 2397 717 2456 atque
765 2386 1000 2441 incultos
1032 2406 1051 2438 ›
1084 2386 1370 2441 mansisse.
1418 2386 1585 2456 quue
1638 2386 1832 2441 reclusi

239 2480 426 2534 saltem
479 2480 727 2533 eremitte
762 2479 829 2534 ad
862 2479 978 2533 haec
1021 2494 1194 2549 usque
1247 2490 1492 2549 tempora
1540 2480 1835 2534 observare

237 2571 489 2639 juLcntur
527 2570 583 2623 in
615 2569 820 2640 Regula
858 2570 994 2625 Vita:
1034 2569 1333 2625 eremitica:
1365 2569 1515 2623 Pauli
1538 2567 1833 2624 Justiuiani

240 2674 352 2728 cap.
382 2658 474 2723 54,
526 2657 602 2712 ibi
634 2676 649 2713 :
687 2676 705 2708 ι
736 2656 908 2713 Nudis
935 2658 1162 2728 pedibus
1198 2672 1415 2726 semper
1456 2667 1833 2728 permaneant,

240 2764 404 2819 usque.
431 2758 615 2803 tamen
644 2761 711 2802 au
745 2748 884 2802 talos
909 2748 1115 2819 caligas
1160 2746 1304 2803 ferre
1331 2755 1606 2818 poterunt,
1638 2749 1683 2803 si
1730 2749 1835 2804 hoc

238 2843 392 2899 fuerit
423 2844 529 2898 sibi
575 2861 605 2898 a
651 2844 856 2915 majore
906 2859 1007 2915 pro
1055 2843 1235 2913 aliqua
1281 2858 1445 2898 causa
1490 2857 1830 2901 concessum.

238 2932 529 2987 dummoJo
582 2931 940 2987 disealceatos
976 2946 1195 3001 semper
1240 2931 1466 2987 omnino
1518 2932 1683 3001 pedes
1730 2932 1832 2987 ha-

236 3021 411 3078 beant.
444 3041 464 3074 ι
513 3022 721 3079 Omnes
750 3038 902 3087 vero,
936 3024 1124 3086 etiam,
1161 3030 1381 3093 apertos
1410 3023 1692 3088 eremitas,
1714 3023 1832 3078 die-

238 3115 334 3171 bus
384 3116 737 3171 abstinentiae
799 3114 1091 3185 deputatis,
1139 3114 1492 3172 refectionem
1550 3116 1834 3187 suscipere

236 3208 589 3264 consuevisse
633 3208 686 3262 in
718 3208 955 3278 propriis
983 3207 1133 3264 cellis
1162 3226 1182 3260 (
1217 3209 1379 3263 nudis
1411 3209 1637 3279 pedibus
1668 3225 1834 3281 super

233 3303 542 3373 pavimento
571 3306 848 3370 sedentes,
883 3323 902 3355 i
947 3306 1105 3360 docet
1153 3304 1215 3358 Β.
1248 3306 1575 3376 Rodulphus
1603 3306 1656 3359 in
1694 3321 1831 3361 con-

235 3395 400 3449 stitut.
434 3395 568 3449 anni
604 3394 760 3459 {080,
796 3409 917 3465 cap.
946 3393 1041 3459 20,
1071 3394 1326 3466 idemque
1361 3394 1704 3451 Jttstinianus
1726 3395 1831 3452 lue.

235 3487 323 3541 cit.
349 3502 470 3557 cap.
502 3487 579 3541 δὲ
626 3498 682 3541 et
720 3487 790 3542 38
837 3486 1145 3542 confirmat.
1177 3485 1257 3543 De
1285 3488 1606 3544 Avellanitis
1650 3496 1833 3544 autem

234 3578 473 3631 eamdem
508 3578 857 3648 disciplinam
891 3580 1057 3635 tradit
1086 3578 1282 3635 Petrus
1318 3578 1615 3636 Damianus
1643 3596 1831 3650 opusc.

235 3682 318 3721 xiv
338 3675 395 3723 et
429 3684 523 3734 xv,
558 3683 681 3738 cap.
714 3670 800 3734 ll,
852 3669 1083 3725 dicens:
1133 3690 1153 3721 ι
1194 3670 1329 3725 Illud
1378 3672 1544 3726 etiam
1588 3687 1695 3728 non
1727 3673 1835 3728 uti-

235 3758 370 3812 nirna
403 3773 540 3829 pars
571 3760 906 3830 pwnitentia:
935 3768 1041 3825 est,
1074 3761 1220 3831 quod
1244 3762 1391 3817 omni
1425 3771 1692 3833 tempore,
1718 3764 1835 3821 sive

235 3857 435 3916 :estate,
468 3851 592 3905 sive
623 3850 821 3914 hieme,
854 3864 961 3905 non
999 3850 1221 3917 calceis,
1254 3866 1361 3907 non
1390 3854 1570 3908 ocreis
1606 3863 1837 3909 utuntur

236 3936 285 3991 in
333 3937 574 4004 cellulis,
609 3939 704 3994 sed
756 3940 915 3995 nudis
962 3954 1179 4011 semper
1208 3942 1463 3998 cruribus
1495 3954 1552 3999 et
1605 3945 1835 4013 pedibus

236 4030 571 4082 consuetudo
617 4038 703 4084 est
743 4044 1085 4099 permanere,
1128 4034 1374 4103 exceptis
1420 4034 1529 4102 his,
1558 4035 1650 4106 qui
1680 4037 1832 4109 gravi

237 4114 479 4171 molestia
512 4118 854 4174 infirmitatis
883 4130 1168 4191 urgentur.
1200 4142 1220 4175 ι

300 4207 406 4263 Vl].
453 4208 517 4264 in
571 4212 852 4268 metanzeis
900 4223 1108 4277 autem,
1155 4215 1429 4283 paltuatis,
1506 4219 1831 4289 disciplinis,

238 4300 461 4371 aliisque
492 4303 606 4373 piis
638 4304 941 4374 hujusmodi
967 4308 1248 4363 exercitiis
1271 4319 1510 4379 quantus
1540 4313 1832 4383 utrobique

240 4389 409 4447 fervor
457 4405 636 4460 esset,
697 4395 1046 4466 intelligimus
1092 4414 1157 4452 ex
1199 4399 1485 4471 fiudulpho
1533 4403 1714 4472 priore
1775 4405 1827 4460 in

244 4481 730 4542 constitutionibus
755 4489 882 4542 anni
923 4489 1055 4544 1085
1085 4490 1152 4545 de
1186 4492 1299 4547 suis
1325 4492 1833 4551 Camaldulcnsibus

1942 1932 2047 1997 19,
2106 1932 2195 1987 ubi
2249 1933 2504 1996 habetur,
2562 1934 2709 2002 quod
2779 1935 3029 1989 eremitis
3098 1934 3550 1993 Camaldulettses

1946 2041 1965 2074 ι
1999 2022 2145 2077 omni
2176 2022 2462 2078 Doutinico
2490 2024 2576 2077 die
2599 2024 2653 2078 in
2686 2025 2931 2095 capitulo
2954 2027 3367 2091 convenientes,
3407 2043 3550 2098 prte-

1942 2114 2107 2168 missa
2134 2114 2519 2170 exhortatione
2545 2114 2812 2180 fraterna,
2841 2130 2900 2171 se
2938 2117 3172 2171 invicem
3204 2118 3405 2173 debent
3453 2135 3549 2176 ae-

1939 2220 2132 2259 eusare
2164 2205 2531 2260 charitative:
2576 2218 2855 2276 postremo
2894 2210 3169 2263 communi
3204 2209 3551 2270 confessione

1938 2296 2241 2365 praemissa,
2293 2298 2581 2353 verberum
2616 2298 2757 2352 ictus
2787 2313 2951 2367 super
2980 2300 3124 2354 nuda
3154 2301 3396 2356 membra
3422 2318 3546 2359 sus-

1938 2386 2179 2456 cipiunt,
2210 2402 2318 2440 non
2352 2397 2462 2441 tam
2494 2403 2659 2443 causa
2684 2387 2967 2442 crueiaudi
2992 2402 3249 2458 corpora,
3286 2405 3413 2446 cum
3439 2391 3546 2448 sibi

1938 2481 2190 2550 graviora
2231 2480 2283 2533 in
2313 2479 2524 2535 cellulis
2553 2480 2818 2549 supplicia
2854 2479 3123 2551 infligant,
3162 2498 3328 2553 quam
3358 2484 3548 2542 studio

1923 2571 2135 2641 divinae
2180 2573 2468 2642 passionis,
2506 2580 2563 2627 et
2606 2574 2937 2628 humilitatis
2984 2573 3233 2645 exempla
3272 2577 3546 2644 sectandi,

1936 2661 2005 2716 ad
2028 2661 2407 2718 confusionem
2438 2662 2601 2725 illius,
2628 2664 2721 2733 qui
2745 2672 2830 2719 est
2859 2680 2954 2718 rex
2984 2666 3296 2736 superbiat;
3337 2685 3360 2721 ι
3395 2668 3547 2723 etde

1934 2754 2118 2826 priore
2148 2753 2582 2811 Cinnaldulensis
2612 2756 2782 2810 eremi
2812 2756 2893 2811 sic
2924 2758 3118 2811 statuit
3144 2773 3265 2829 cap.
3308 2758 3413 2816 53:
3442 2778 3462 2813 c
3487 2757 3548 2817 In

1936 2845 2177 2916 capitulo
2200 2861 2324 2900 eum
2358 2845 2621 2901 fratribus
2645 2862 2789 2918 stupe
2821 2848 3136 2912 conveniat,
3163 2858 3219 2904 et
3250 2850 3552 2919 praemissis

1937 2936 2241 3001 metanaeis,
2270 2950 2399 2991 suos
2426 2935 2755 2991 confiteatur
2777 2952 3064 3000 excessus,
3094 2946 3155 2992 ttt
3190 2939 3307 3009 ipse
3334 2954 3364 2993 a
3400 2940 3550 2999 vitiis

1937 3028 2032 3082 fiat
2057 3026 2398 3093 emendatus,
2426 3036 2481 3082 ει
2508 3027 2629 3083 aliis
2659 3029 3058 3084 emendationis
3093 3028 3326 3085 fortnam
3361 3040 3549 3087 osten-

1936 3118 2048 3173 dat.
2070 3136 2090 3170 ν
2138 3116 2238 3173 Cui
2263 3133 2370 3172 non
2404 3117 2671 3173 dissimile
2696 3128 2781 3174 est
2822 3117 2970 3173 Petri
3000 3120 3245 3176 Damiani
3277 3122 3546 3179 monitum

1860 3198 1905 3261 C
1936 3207 2005 3262 ad
2048 3205 2326 3261 Avellana:
2368 3208 2609 3277 priorem
2653 3222 2845 3278 apuse.
2870 3223 2960 3268 xv.
3006 3226 3130 3281 cap.
3164 3209 3256 3277 5i,
3297 3213 3387 3267 ubi
3419 3213 3496 3267 ait
3530 3231 3547 3268 :

1942 3318 1960 3351 ι
1988 3296 2097 3355 Aut
2133 3315 2437 3370 nunquam,
2471 3309 2567 3355 aut
2596 3316 2723 3357 raro
2773 3301 3073 3372 capitulum
3125 3319 3249 3358 eum
3281 3303 3551 3362 fratribus

1936 3391 2265 3457 celebretur,
2297 3407 2407 3462 quo
2432 3393 2598 3447 missa
2631 3400 2920 3459 metanma,
2954 3400 3009 3448 te
3039 3408 3143 3449 non
3172 3398 3421 3450 accuses.
3453 3415 3472 3448 ι

2010 3484 2144 3542 Vill.
2177 3485 2459 3557 Ejusmodi
2510 3498 2678 3555 porro
2728 3487 2990 3540 exercitia
3033 3487 3283 3557 utrisque
3318 3504 3427 3543 non
3480 3503 3551 3544 ex

1941 3575 2177 3647 imperio
2210 3576 2617 3642 indicebantur,
2648 3576 2742 3631 sed
2767 3575 3011 3646 cujusvis
3044 3578 3277 3634 arbitrio
3306 3578 3545 3650 relinqui

1935 3674 2354 3721 consueverant.
2388 3664 2523 3720 Nam
2552 3666 2620 3722 de
2644 3666 2759 3722 suis
2787 3666 3112 3723 Avellauitis
3134 3668 3207 3720 ait
3241 3668 3544 3726 Damianus

1935 3773 2121 3830 opusc.
2156 3774 2245 3825 xv,
2276 3773 2398 3828 cap.
2430 3760 2499 3815 18
2546 3778 2560 3813 :
2610 3778 2629 3811 ι
2660 3758 2841 3831 Super
2871 3762 3158 3816 metanaais
3191 3776 3343 3828 vero,
3378 3762 3550 3820 disci-

1936 3850 2122 3922 plinis,
2175 3860 2339 3921 atque
2393 3850 2671 3919 palmatis,
2718 3850 2837 3907 sive
2875 3851 3044 3907 etiam
3085 3852 3325 3908 brachiis
3359 3863 3551 3909 exten-

1937 3943 2132 3998 dendis
2192 3943 2247 3997 in
2296 3942 2660 4009 orationibus,
2713 3942 3039 4014 exterisque
3096 3944 3273 3999 sancti
3322 3944 3552 4003 fervoris

1937 4034 2235 4101 exercitiis,
2272 4033 2418 4088 nulla
2468 4032 2693 4089 fratrem
2744 4034 2864 4106 lege
2901 4035 3361 4105 constringimus,
3410 4037 3543 4107 quin

1936 4123 2119 4193 potius
2172 4138 2287 4179 sua:
2335 4124 2728 4179 committenda
2765 4125 3100 4196 provisionis
3150 4126 3552 4195 arbitriojudi-

1938 4232 2149 4272 eamus.
2183 4216 2322 4273 Sunt
2346 4217 2516 4283 enim,
2548 4219 2748 4288 quibus
2769 4219 2966 4273 horum
2995 4218 3191 4289 aliqua:
3215 4235 3321 4274 non
3353 4235 3557 4277 conve-

1936 4308 2132 4373 niunt;
2166 4316 2331 4378 atque
2355 4307 2478 4364 ideo
2515 4315 2690 4363 tutum
2734 4308 2977 4374 videtur,
3005 4317 3171 4380 atque
3203 4309 3445 4375 liberius,
3492 4318 3554 4366 ut

1938 4398 1992 4453 in
2026 4398 2226 4454 talibus
2256 4399 2434 4471 magis
2474 4400 2626 4469 optio
2656 4410 3015 4472 proponatur,
3053 4416 3218 4471 quam
3266 4400 3549 4458 definitiva

1939 4490 2138 4560 regula:
2154 4492 2424 4546 sententia
2449 4492 2860 4561 praeseribatur.
2887 4512 2906 4544 ι
2936 4493 3012 4549 De
3037 4494 3552 4552 Camaldulensibus

243 4576 314 4631 sic
347 4577 617 4647 loquente
649 4597 662 4631 :
717 4598 734 4629 ι
757 4578 890 4633 Nam
923 4582 1044 4649 quis
1072 4583 1234 4651 digne
1267 4600 1494 4639 narrare
1535 4584 1711 4639 valeat
1745 4602 1829 4653 ca,
1863 4558 1911 4620 θ
1942 4594 2069 4635 vero
2100 4581 2242 4637 idem
2287 4581 2607 4653 Rodulpltus
2633 4582 2755 4638 loco
2784 4583 2877 4637 cit.
2911 4598 3033 4653 cap.
3065 4584 3153 4651 55,
3185 4585 3266 4641 sic
3308 4587 3502 4643 scribit
3532 4604 3547 4641 :

239 4682 349 4737 qua:
376 4668 546 4738 hujus
592 4671 762 4726 eremi
811 4670 1005 4728 fratres
1037 4689 1135 4744 per
1181 4691 1344 4731 omne
1396 4686 1611 4747 tempus
1655 4679 1834 4734 solent

240 4773 409 4828 agere,
449 4760 726 4816 bonorum
764 4761 975 4819 scilicet
1020 4779 1281 4835 operum;
1316 4767 1367 4821 id
1410 4778 1495 4821 est
1542 4768 1685 4823 ictus
1710 4784 1832 4823 sco-

239 4861 444 4915 parum,
477 4849 859 4906 diseurrentes
884 4851 1173 4923 lacrymas,
1202 4854 1631 4912 innumerabiles
1664 4869 1834 4913 meta-

241 4950 392 5000 ttzeas,
450 4936 708 4994 cbrdium
761 4942 1017 5012 suspiria,
1071 4945 1392 4999 continuam
1450 4946 1829 5015 psalmodiam,

240 5031 541 5089 orationum
574 5031 913 5101 instantiam,
947 5051 1132 5093 sacras
1160 5038 1415 5107 vigilias?
1451 5058 1469 5090 ι
1509 5048 1617 5095 etc.
1664 5042 1730 5095 Et
1764 5057 1831 5097 ex

240 5119 392 5179 Petro
444 5125 706 5180 Damiani
750 5142 934 5197 opusc.
971 5144 1061 5183 xrv
1099 5129 1165 5184 de
1212 5130 1537 5188 Avellanitis
1576 5134 1655 5190 sic
1699 5136 1836 5189 scri-

242 5212 393 5272 beate
421 5233 439 5271 :
487 5237 507 5271 ε
538 5219 600 5273 In
634 5221 850 5276 ca2tet1's
890 5232 1069 5277 autem
1102 5223 1402 5293 spiritualis
1435 5228 1683 5283 exercitii
1713 5238 1832 5283 stu-

242 5304 356 5370 diis,
383 5324 507 5376 quae
536 5310 613 5363 sit
644 5311 888 5365 continui
944 5313 1173 5369 fervoris
1220 5315 1501 5382 instantia,
1533 5334 1652 5388 quae
1681 5320 1832 5375 solli-

244 5397 434 5464 citudo,
488 5416 661 5470 quam
708 5404 861 5475 vigil,
910 5416 965 5459 et
1017 5421 1244 5476 operosa
1295 5406 1620 5479 frequentia,
1668 5413 1833 5469 timeo

246 5487 539 5546 diecre.....
571 5493 676 5548 hoc
705 5504 883 5550 tamen
915 5499 1046 5553 mihi
1085 5500 1264 5565 liceat,
1300 5502 1425 5571 quia
1470 5512 1617 5558 tanta
1643 5516 1727 5561 est
1755 5506 1835 5561 di-

246 5576 453 5649 ﬁgentia
488 5583 544 5637 in
584 5583 906 5642 flexiouihus
932 5605 1191 5658 genuum,
1223 5592 1275 5645 in
1313 5593 1611 5664 disciplinis
1640 5612 1833 5666 scopa-

247 5685 374 5735 rum,
424 5684 481 5729 ct
538 5678 759 5733 caeteris
805 5679 1131 5748 hujusmodi,
1170 5704 1189 5736 ι
1224 5692 1330 5739 etc.
1372 5687 1665 5756 Speriatiut
1708 5704 1834 5744 vero

247 5772 433 5829 quanta
492 5764 667 5822 fuerit
711 5769 764 5823 in
808 5770 1128 5830 voluntariis
1180 5777 1666 5845 v'erbeietiisitiiiits,
1721 5790 1834 5835 tum

1945 4692 1964 4727 ι
2002 4674 2061 4729 In
2094 4676 2376 4731 mctanceis
2412 4690 2565 4737 vero,
2596 4686 2652 4731 et
2685 4676 2960 4747 palmatis,
2988 4677 3071 4731 vel
3104 4693 3394 4749 scoparum
3427 4680 3543 4735 icti-

1940 4766 2065 4831 bus,
2095 4766 2325 4838 aliisque
2367 4766 2643 4823 similibus
2685 4766 2986 4838 obsequiis,
3031 4768 3114 4823 vel
3148 4768 3424 4838 operibus,
3456 4783 3552 4825 seu

1943 4859 2220 4925 artificiis,
2252 4859 2487 4930 quisque
2519 4861 2681 4916 debet
2709 4862 2977 4926 exerceri,
3008 4870 3171 4930 prout
3203 4860 3433 4917 facultas
3471 4870 3555 4916 tu-

1939 4952 2083 5017 lerit,
2101 4952 2184 5007 vel
2214 4952 2420 5007 utilitas
2451 4954 2709 5017 suaserit,
2740 4969 2834 5008 seu
2860 4953 3551 5025 divinainspiraveritgra-

1942 5047 2015 5100 tia
2044 5065 2055 5099 :
2092 5046 2144 5101 in
2178 5045 2378 5101 talibus
2407 5048 2549 5101 enim
2574 5047 2883 5101 voluntaria
2911 5046 3418 5124 suadeturoblatio,
3443 5061 3550 5101 non

1942 5140 2153 5194 eoaetio
2173 5140 2502 5209 imponitur;
2524 5139 2901 5210 unusquisque
2917 5140 2969 5192 in
2997 5138 3098 5193 hac
3119 5150 3277 5208 parte
3298 5153 3426 5194 suas
3444 5154 3555 5194 me-

1943 5232 2111 5285 tiatur
2129 5232 2290 5297 vircs,
2315 5241 2593 5302 computet
2615 5242 2883 5303 sumptus.
2910 5232 3230 5288 moderetur
3253 5231 3501 5288 affectus.
3528 5251 3548 5284 ι

2012 5320 2105 5375 IX.
2148 5322 2277 5388 Qute
2314 5337 2441 5377 vero
2479 5323 2729 5378 eremitis
2769 5323 3056 5393 utriusque
3108 5323 3555 5395 congregationis

1941 5417 2217 5471 communi
2245 5416 2362 5484 lege
2389 5417 2707 5487 prmacripta
2740 5426 2918 5480 erant,
2948 5417 3141 5470 eadem
3170 5416 3385 5471 nihilon.
3405 5432 3545 5478 nius,

1940 5504 2262 5559 dehiliornm
2294 5516 2567 5580 respectu,
2604 5507 2841 5563 discreta
2870 5507 3281 5577 dispensatione
3319 5522 3417 5577 pro
3456 5522 3550 5559 su-

1940 5595 2171 5666 perioris
2221 5598 2449 5651 arbitrio
2481 5598 2968 5668 temperabanlur:
3018 5598 3233 5653 occulte
3271 5597 3551 5651 hilt'lonti.

1940 5706 2063 5757 nus,
2084 5692 2294 5746 etclam
2319 5693 2551 5759 (τριρτῑε,
2582 5710 2647 5749 ne
2675 5704 2949 5766 receptam
2976 5694 3254 5763 plerisque
3285 5691 3553 5745 sciitariis

1941 5781 2283 5853 disciplinam
2321 5799 2617 5853 paucorum
2646 5786 2913 5855 exemplis
2937 5783 3255 5839 labefactari
3284 5792 3341 5839 et
3376 5785 3429 5836 itt
3458 5784 3551 5836 de-
