4040 6376
550 357 620 412 59
1439 347 1496 403 S.
1534 341 1808 401 PETRUS
1843 335 2194 398 DAMIANUS
2227 335 2284 394 S.
2326 337 2392 392 R.
2433 336 2495 392 Ε.
2523 337 2948 396 CARDINALIS.

550 470 887 528 suetudinem
942 465 1200 536 paulatim
1250 462 1399 516 abire
1445 459 1801 528 contingeret.
1860 455 2123 511 Audialur
2152 458 2198 516 Α
2226 452 2469 524 psalmis,
2501 462 2628 508 tunc
2677 455 2875 508 dicitur
2936 473 2948 506 :

552 560 840 615 Damianus
870 570 1052 625 opusc.
1082 567 1172 616 xv,
1201 565 1319 618 cap.
1365 548 1467 604 16:
1509 567 1526 600 ι
1548 546 1606 602 Si
1662 561 1830 610 unus,
1860 553 1954 598 aut
2009 542 2120 597 for-

550 657 695 704 tasse
723 646 901 715 plures
947 643 1203 712 indigent,
1234 638 1376 708 quod
1405 638 1463 701 ii,
1494 637 1584 705 qui
1634 634 1931 689 incolumes
1975 640 2120 695 sunt,

550 751 770 793 necesse
812 749 916 788 non
960 731 1179 788 habent.
1213 729 1352 783 clam
1395 726 1666 790 videlicet,
1695 733 1750 778 et
1781 721 1989 777 occulte
2045 721 2122 775 sic

549 827 776 884 intimis
803 825 892 895 pia
920 822 1237 878 exhibeatur
1275 818 1603 882 humanitas,
1635 825 1694 870 ut
1717 815 1978 877 valentes,
2005 813 2123 867 sine

549 915 766 971 invidiae
800 915 1034 976 stimulo,
1067 915 1142 965 :in
1193 911 1274 965 sui
1322 908 1516 978 rigoris
1556 912 1910 975 permaneant
1958 903 2122 957 disci-

546 1003 692 1073 plina
722 1022 734 1055 :
770 1016 943 1070 neque
990 1001 1134 1054 enim
1167 1011 1388 1053 necesse
1416 1003 1518 1058 est,
1548 993 1689 1062 quod
1719 993 1808 1045 uni
1838 1005 1996 1046 casus
2044 991 2115 1044 ir-

548 1101 722 1163 rogat,
751 1092 891 1145 illico
921 1089 1164 1159 regulare
1191 1087 1439 1142 omnibus
1481 1083 1592 1138 ﬁat.
1627 1102 1645 1136 ›
1676 1081 1776 1137 Cui
1810 1081 1870 1134 Β.
1916 1079 2117 1134 Rodul-

546 1183 685 1253 phus
716 1181 795 1235 sic
843 1186 1109 1234 consonat
1155 1177 1208 1230 in
1252 1183 1426 1230 coust.
1462 1174 1588 1228 anni
1638 1171 1795 1237 1080,
1846 1185 1966 1238 cap.
2010 1169 2115 1222 50:

552 1291 571 1325 α
609 1273 881 1328 Debilibus
912 1279 1112 1334 autem,
1144 1277 1200 1322 et
1239 1264 1596 1322 tenerioribus
1633 1264 1676 1319 si
1705 1278 1808 1332 qua
1833 1260 2118 1330 dispensa-

548 1367 624 1421 tio
653 1367 708 1419 in
737 1363 1025 1427 alimentis,
1063 1369 1156 1415 aut
1185 1360 1422 1414 vestibus
1453 1355 1756 1411 necessaria
1779 1353 1872 1417 sit,
1905 1353 2120 1422 sapien-

547 1467 630 1513 ter
654 1464 709 1511 et
738 1463 895 1510 caute
925 1453 1043 1508 fieri
1080 1453 1260 1514 debet,
1289 1458 1348 1504 ut
1368 1451 1438 1502 ita
1471 1447 1832 1517 indigentibus
1861 1445 2123 1500 exhibea-

544 1556 636 1602 tur
655 1547 742 1617 pia
771 1543 1041 1606 discretio,
1071 1558 1140 1598 ne
1185 1541 1310 1596 inde
1343 1539 1657 1594 fortioribus
1688 1537 1847 1592 noxia
1898 1550 2120 1606 genere-

544 1646 634 1692 tur
659 1634 942 1690 dissolutio
967 1650 980 1686 :
1019 1648 1143 1687 nam
1174 1629 1445 1700 specialis,
1470 1628 1553 1682 vel
1583 1626 1869 1697 singularis
1899 1639 2120 1680 conces-

545 1726 629 1782 sio
656 1739 760 1778 non
786 1722 941 1777 debet
967 1720 1106 1775 trahi
1135 1720 1201 1774 ad
1224 1717 1661 1785 consequentiam
1688 1723 2032 1777 ceterorum,
2049 1725 2115 1765 ne

3738 346 3812 405 ιο

3021 453 3089 507 Te
3127 452 3294 506 Deum
3339 449 3555 507 Patrem
3605 458 3808 527 ingeni.

2226 555 2354 608 tum,
2386 542 2455 597 Te
2480 542 2676 597 Filium
2694 546 3039 615 unigenitum,
3073 542 3145 598 Te
3166 543 3424 613 Spiritum
3444 556 3687 602 sanetum
3711 566 3809 620 pa-

2227 633 2494 695 racletum,
2514 643 2748 688 sanctam
2763 645 2809 688 et
2827 635 3149 688 individuam
3175 633 3503 700 Trinitatem,
3521 644 3630 691 toto
3650 641 3809 694 corde

2225 733 2272 777 et
2305 740 2394 776 ore
2426 724 2752 792 conﬁtemur,
2799 725 3079 778 laudamus
3105 734 3259 794 atque
3297 725 3682 791 benedicimus,
3710 729 3806 784 tibi

2223 815 2390 885 gloria
2417 816 2468 869 in
2493 816 2706 868 srecula.
2739 821 2922 869 Amen.
2952 814 3196 880 Domine,
3240 814 3379 868 Deus
3402 818 3457 869 in
3478 816 3807 886 adjutorium

2224 919 2395 956 meum
2422 904 2649 968 intende,
2680 903 2902 957 Domine
2945 904 3013 956 ad
3049 903 3406 972 adjuvandum
3455 919 3536 958 me
3565 905 3757 973 festina
3787 923 3805 970 ;

2238 992 2645 1061 Confundantur
2680 1002 2729 1047 et
2776 1003 3108 1047 revereantur
3137 993 3337 1047 inimici
3365 995 3486 1059 mei,
3531 996 3621 1064 qui
3662 1013 3809 1067 qua:-

2223 1095 2342 1136 runt
2370 1085 2600 1136 animam
2632 1099 2819 1137 meam.
2848 1083 3075 1153 Adjutor
3105 1099 3270 1150 meus,
3300 1093 3347 1137 et
3385 1082 3635 1137 liberator
3659 1102 3807 1142 meus

2223 1184 2355 1239 esto,
2384 1175 2626 1240 Domine,
2651 1193 2713 1230 ne
2733 1176 3043 1230 tardaveris.
3071 1173 3255 1230 Gloria
3287 1173 3463 1239 Patri,
3493 1186 3538 1230 et
3565 1173 3731 1243 Filio,
3756 1189 3807 1232 et

2223 1261 2444 1332 Spiritui
2471 1274 2671 1319 sancto.
2720 1264 2837 1332 Quo
2901 1264 3091 1319 finito.
3147 1280 3336 1320 rursus
3371 1265 3572 1322 dicitur
3617 1285 3630 1320 :
3694 1269 3805 1322 Ad-

2212 1350 2476 1420 jutorium
2527 1363 2764 1407 nostrum
2797 1353 2852 1406 in
2896 1353 3103 1410 nomine
3153 1354 3386 1408 Domini.
3443 1353 3570 1410 Haec
3635 1357 3806 1427 igitur

2219 1458 2316 1514 per
2344 1445 2686 1514 quinquenos
2716 1445 2950 1515 psalmos
2989 1445 3300 1501 alternatim
3342 1460 3556 1516 semper
3595 1447 3805 1504 addun-

2223 1541 2330 1600 tur,
2368 1535 2540 1590 donec
2578 1535 2917 1604 psalterium,
2967 1551 3088 1591 cum
3135 1537 3305 1591 tribus
3354 1535 3798 1601 Dominicalibus,

2220 1637 2322 1678 nec
2346 1638 2453 1678 nou
2500 1632 2554 1678 et
2603 1625 2763 1680 totius
2806 1625 3153 1680 hebdomadze
3204 1626 3453 1688 canticis,
3489 1626 3799 1697 expleatur.

2221 1712 2316 1768 His
2349 1714 2514 1768 etiam
2541 1729 2644 1768 non
2673 1713 2949 1784 neglectis,
2981 1729 3102 1783 quae
3124 1715 3180 1769 in
3203 1713 3309 1770 line
3334 1714 3579 1784 psalterii
3612 1715 3805 1771 viden-

545 1813 612 1869 de
637 1813 816 1875 unius,
851 1810 930 1864 vel
977 1822 1270 1879 paucorum
1303 1804 1633 1875 indulgentia
1666 1812 1920 1858 nascatur
1951 1801 2117 1871 pluri-
2147 1798 2192 1858 B
2223 1812 2311 1858 tur
2358 1803 2598 1874 adjecta,
2641 1805 2927 1861 videlicet:
2961 1806 3031 1860 Te
3077 1805 3241 1861 Deum
3279 1805 3594 1873 laudamus;
3643 1807 3804 1862 Nunc

543 1915 757 1957 morum
783 1898 1095 1953 enormitas.
1131 1915 1150 1948 ι

614 1991 682 2045 Χ.
723 1989 841 2046 Non
872 1990 1044 2042 minor
1092 1989 1146 2041 iu
1185 1986 1469 2056 disciplina
1521 1983 1782 2055 psallendi
1834 1982 2116 2038 consensio

544 2085 830 2154 utriusque
853 2081 1069 2135 familia:
1094 2080 1368 2134 observari
1400 2085 1591 2148 potest.
1619 2075 1824 2144 Duplex
1853 2073 1958 2128 illis
1979 2073 2120 2143 psal-

551 2178 729 2233 modia
767 2177 820 2229 in
854 2189 954 2229 usu
985 2183 1122 2236 erat,
1155 2172 1384 2241 privata,
1431 2179 1485 2223 et
1528 2167 1759 2237 publica.
1793 2166 1882 2219 llla
1914 2164 2119 2219 duobus

541 2264 814 2336 psalteriis
826 2261 1223 2325 continebatur,
1241 2272 1468 2328 quorum
1484 2257 1710 2311 alterum
1726 2270 1824 2325 pro
1846 2255 1982 2309 vivis
1995 2268 2116 2308 cum

545 2351 933 2423 adjectionibus
955 2349 1241 2412 nonnullis,
1270 2362 1404 2417 quas
1454 2346 1512 2400 S.
1565 2343 1898 2398 Romualdus
1923 2343 2115 2412 apponi

536 2440 792 2510 iusserat,
819 2437 1058 2507 quotidie
1103 2436 1426 2495 recitabant,
1457 2432 1682 2485 alterum
1705 2447 1803 2500 pro
1829 2430 2116 2493 defunctis,

545 2532 866 2604 quandoque
884 2538 1078 2592 totum,
1091 2526 1412 2596 quandoque
1425 2540 1489 2578 ex
1509 2523 1915 2594 parte,singulis
1931 2522 2119 2576 diebus

545 2623 739 2694 singuli
765 2622 818 2674 in
843 2619 954 2675 suis
983 2617 1189 2672 cellulis
1217 2615 1628 2684 persolvebant;
1665 2613 1741 2664 ait
1761 2614 1904 2666 enim
1926 2611 1990 2664 Β.
2018 2611 2120 2665 Ro-

543 2711 772 2782 dulphus
808 2709 862 2763 in
905 2708 1118 2763 constit.
1151 2706 1276 2759 anui
1314 2703 1468 2768 1080,
1500 2717 1619 2771 cap.
1657 2700 1764 2755 '55:
1807 2718 1824 2750 ι
1858 2699 1973 2754 Duo
2012 2700 2115 2754 ita-

547 2818 651 2874 que
680 2802 930 2872 psalteria
955 2813 1076 2853 cum
1113 2794 1505 2866 adjectionibus
1566 2793 1681 2847 suis
1731 2791 1836 2861 (lue
1871 2791 1999 2859 quid
2035 2806 2120 2845 es-

554 2900 676 2948 sent
697 2907 760 2946 ex
794 2890 1052 2944 Damiano
1084 2886 1224 2940 infra
1257 2882 1634 2953 intelligemus)
1685 2897 1779 2951 per
1840 2890 2118 2950 utramque

547 2981 1020 3058 Quadragesimam
1047 2977 1273 3046 quisque
1295 2975 1461 3029 frater
1481 2988 1579 3044 per
1599 2971 1841 3042 singulos
1862 2972 1975 3027 dies
1997 2987 2123 3040 per-

542 3073 755 3129 solvat:
803 3072 858 3124 in
906 3070 1022 3123 aliis
1053 3083 1181 3123 vero
1234 3066 1584 3135 temporibus,
1637 3079 1801 3118 unum
1845 3078 1942 3132 pro
1980 3062 2117 3116 vivis

2221 1897 2440 1950 dimittis
2485 1913 2687 1951 servum
2732 1907 2912 1964 tuum;
2955 1898 3158 1952 duobus
3187 1896 3483 1967 Symbolis;
3524 1897 3708 1952 Gloria
3745 1900 3804 1953 in

2221 1984 2438 2039 excelsis
2496 1985 2640 2050 Deo;
2703 1985 2866 2040 Pater
2933 1995 3126 2052 noster,
3182 1987 3426 2054 cumﬁde
3499 1987 3801 2053 Catholica,-

2219 2083 2494 2145 postremo
2529 2074 2753 2130 Litaniae
2793 2091 2914 2131 cum
2947 2076 3268 2130 orationibus
3312 2076 3429 2132 lucc
3459 2076 3642 2132 omnia
3676 2092 3806 2132 con-

2222 2173 2376 2219 sueto
2411 2164 2517 2219 line
2540 2165 2885 2220 concludunt.
2929 2197 2946 2217 ι

2291 2255 2380 2310 Kl.
2420 2255 2686 2311 Praeterea
2727 2271 2795 2312 ex
2827 2257 3168 2312 institutione
3217 2257 3456 2328 ejusdem
3505 2256 3652 2312 Petri
3700 2259 3806 2312 Da-

2220 2348 2405 2412 miaui,
2459 2347 2518 2402 Β.
2577 2347 2758 2403 Maria:
2806 2350 3028 2420 virginis
3068 2347 3336 2416 Oll'lcium,
3392 2350 3476 2406 vel
3529 2350 3584 2405 in
3635 2351 3806 2407 choro

2222 2438 2597 2502 communiter,
2624 2437 2708 2491 vel
2746 2441 3113 2508 unusquisque
3137 2442 3390 2510 privatim
3423 2442 3478 2495 in
3515 2456 3612 2496 sua
3641 2442 3802 2508 cella,

2221 2525 2462 2593 quotidie
2532 2526 2830 2581 recitabant
2879 2529 3164 2598 utriusque
3210 2529 3313 2584 loci
3360 2538 3693 2597 sectatores,
3746 2540 3807 2586 ut

2221 2615 2490 2685 colligitur
2533 2631 2598 2671 ex
2629 2615 2871 2682 ejusdem
2919 2617 3167 2674 Damiani
3200 2619 3317 2675 Vita
3346 2635 3468 2690 cap.
3499 2619 3589 2686 15,
3631 2630 3689 2678 et
3735 2638 3804 2679 ex

2219 2708 2357 2777 epist
2380 2706 2588 2761 32libri
2617 2724 2692 2772 vr,
2725 2710 2814 2763 ubi
2840 2718 2895 2763 et
2915 2713 3302 2766 monasterium
3333 2711 3391 2765 S.
3418 2711 3692 2768 Vincentii
3721 2714 3803 2768 di-

2221 2798 2421 2852 vinitus
2451 2797 2704 2852 aﬂlictum
2736 2811 2940 2863 narrat,
2971 2802 3040 2856 ob
3087 2802 3458 2858 intermissum
3507 2803 3567 2858 Β.
3615 2803 3804 2862 Mariae

2222 2889 2446 2957 virginis
2472 2889 2840 2957 quotidianum
2864 2890 3106 2946 OlIicium
3127 2893 3194 2946 ab
3215 2893 3331 2963 ipso
3352 2893 3684 2961 institutum,
3703 2911 3804 2951 nec

2222 2981 2323 3036 nisi
2352 2991 2473 3050 post
2494 2993 2766 3052 peractam
2797 2985 3020 3056 neglecti
3041 2987 3200 3056 hujus
3222 2989 3374 3056 pensi
3399 2991 3800 3058 paenitentiam,

2221 3077 2274 3121 et
2304 3070 2501 3124 seriam
2533 3074 2940 3128 consuetudinis
2987 3074 3145 3143 hujus
3182 3076 3437 3146 deinceps
3469 3078 3803 3134 inviolabili-

545 3165 701 3220 debet
727 3161 1002 3216 celebrare
1033 3158 1366 3228 psalterium,
1400 3171 1498 3225 pro
1524 3154 1791 3211 defunctis
1816 3162 1999 3208 autem
2031 3161 2112 3208 ιο·
2143 3151 2188 3214 C
2223 3167 2304 3214 ter
2330 3159 2680 3216 observanda:
2702 3163 3135 3230 promissionem,
3159 3165 3399 3234 pristinae
3422 3168 3802 3236 tranquillitati

546 3264 683 3316 tum,
711 3261 804 3305 aut
840 3250 1141 3311 dimidium,
1173 3246 1255 3301 vel
1283 3245 1349 3300 ad
1377 3247 1552 3300 minus
1582 3246 1798 3299 tertiam
1829 3254 2058 3314 partem.
2091 3264 2108 3296 ι

545 3345 744 3400 Petrus
766 3350 945 3394 autem
970 3338 1260 3392 Damianus
1293 3351 1478 3406 opusc.
1499 3351 1609 3399 xw,
1642 3336 1721 3390 sic
1750 3337 1915 3389 habet
1939 3352 1952 3387 :
1993 3354 2009 3386 ι
2040 3335 2115 3389 De

542 3434 836 3509 psalmodia
863 3447 989 3486 vero
1017 3429 1348 3484 consuetudo
1389 3437 1490 3493 est,
1523 3438 1581 3480 ut
1617 3442 1738 3482 cum
1777 3427 1881 3480 duo
1924 3426 2116 3481 fratres

542 3528 703 3584 simul
737 3530 1142 3580 commorantur
1169 3521 1220 3573 iu
1264 3519 1419 3583 cella,
1458 3519 1563 3574 duo
1611 3519 1919 3588 persolvant
1944 3520 1996 3575 iu
2031 3519 2117 3573 die

542 3620 820 3692 psalteria,
846 3632 1011 3670 unum
1037 3629 1135 3683 pro
1162 3614 1323 3677 vivis,
1353 3611 1580 3665 alterum
1612 3624 1710 3679 pro
1741 3608 2026 3663 defunctis.
2050 3607 2117 3662 Et

543 3711 674 3765 illud
707 3708 922 3778 quidem
950 3703 1091 3773 quod
1119 3711 1201 3757 est
1225 3703 1471 3755 vivorum
1501 3715 1624 3754 cum
1651 3699 1754 3753 illis
1787 3698 1984 3752 dicitur
2023 3697 2116 3749 ad—

543 3799 872 3860 ditamentis,
902 3810 1019 3863 quae
1041 3792 1099 3846 Β.
1129 3789 1456 3846 R‘omualdus
1499 3789 1780 3858 apposuit:
1819 3789 1960 3856 quod
1989 3800 2115 3840 vero

545 3907 642 3962 pro
664 3887 934 3943 defunctis
961 3901 1081 3939 cum
1117 3897 1304 3936 novem
1333 3880 1654 3935 lectionibus
1682 3878 1900 3941 dicitur,
1944 3878 2114 3932 tribus

545 3978 794 4034 nimirum
827 3990 920 4043 per
950 3973 1353 4041 quinquagenos
1382 3967 1635 4037 psalmos.
1684 3966 1784 4031 Qui
1817 3972 1994 4019 autem
2021 3979 2110 4018 so-

543 4068 627 4120 lus
655 4072 915 4123 moratur,
949 4059 1258 4128 psalterium
1287 4056 1501 4123 quidem
1533 4056 1774 4108 vivorum
1809 4063 1976 4107 totum
2019 4068 2113 4122 per

544 4153 783 4223 singulos
813 4152 927 4204 dies
957 4146 1240 4213 adimplet;
1271 4143 1642 4198 defunctorum
1670 4150 1847 4195 autem
1872 4143 1980 4195 sive
2005 4157 2114 4194 me-

544 4246 712 4306 dium,
741 4242 853 4295 sive
878 4247 1066 4297 totum,
1091 4236 1244 4304 juxta
1272 4234 1413 4301 quod
1440 4233 1632 4285 virium
1665 4231 1996 4300 possibilitas
2022 4232 2114 4283 ad-

543 4335 824 4391 ministrat.
863 4350 880 4381 i
930 4328 1058 4394 Quae
1111 4326 1290 4380 omnia
1334 4325 1530 4394 repetit
1576 4339 1764 4392 opusc.
1799 4339 1887 4388 xv,
1917 4339 2037 4392 cap.
2082 4324 2114 4377 9

544 4427 800 4479 duntaxat
831 4421 1047 4480 uberius
1086 4417 1360 4487 explicans
1396 4416 1763 4470 additamenta
1794 4413 1880 4468 illa
1911 4415 1970 4469 B.
2002 4416 2110 4470 llo-

2219 3251 2527 3307 ctenobium
2587 3254 2853 3310 redditum
2900 3255 3066 3310 fuisse
3131 3268 3445 3325 asseverat;
3482 3269 3646 3330 atque
3695 3262 3800 3318 hoc

2219 3345 2393 3414 ipsum
2422 3345 2674 3398 diurnum
2697 3347 2954 3401 horarum
2979 3347 3038 3400 Β.
3066 3347 3303 3417 Virginis
3328 3363 3579 3418 pensum,
3608 3351 3676 3405 ad
3702 3367 3804 3408 nos

2218 3431 2552 3487 haereditatis
2608 3434 2825 3488 nomine
2875 3436 3286 3500 transmissum,
3361 3438 3648 3493 hodiednm
3702 3443 3801 3496 oh-

2217 3523 2372 3587 tinet,
2402 3523 2467 3576 de
2496 3537 2603 3591 quo
2636 3523 3048 3578 constitutiones
3080 3528 3466 3582 monachorum
3500 3527 3794 3584 Camaldu-

2216 3611 2442 3668 lensium
2486 3615 2587 3668 sub
2641 3614 2737 3668 Pio
2767 3615 2830 3678 V,
2868 3630 2986 3684 cap.
3037 3617 3122 3681 18,
3180 3619 3259 3672 sic
3312 3619 3556 3674 habent:
3608 3640 3624 3671 ι
3657 3620 3797 3676 illud

2219 3712 2341 3759 ante
2371 3706 2556 3760 oculos
2587 3716 2800 3762 nostros
2848 3723 3052 3777 ponere
3101 3709 3290 3764 Patres
3336 3721 3667 3780 statuerunt,
3716 3716 3804 3769 ni-

2217 3796 2411 3849 mirum
2440 3811 2532 3852 eos
2557 3812 2744 3851 omnes
2778 3797 3047 3866 professos
3089 3801 3396 3856 mortaliter
3420 3818 3671 3872 peccare,
3703 3805 3800 3872 qui

2216 3899 2323 3936 nou
2351 3885 2590 3954 legitime
2622 3885 2884 3955 impediti,
2920 3887 3150 3942 cilicium
3203 3898 3310 3943 tam
3350 3892 3518 3960 ipsius
3558 3893 3799 3959 Domini,

2215 3989 2376 4045 quam
2407 3976 2600 4029 matris
2625 3978 2763 4045 ejus,
2785 3977 2868 4032 vel
2893 3978 2945 4030 in
2977 3987 3168 4043 totum,
3197 3981 3282 4034 vel
3307 3981 3359 4034 in
3387 3991 3599 4051 partem
3628 3985 3803 4038 scien-

2217 4073 2299 4117 ter
2327 4064 2507 4118 dicere
2545 4065 2840 4118 omittunt:
2877 4067 2980 4122 hoc
3007 4075 3090 4121 est
3123 4069 3267 4122 enim
3299 4081 3486 4124 contra
3533 4081 3798 4139 veterem,

2216 4163 2272 4207 et
2328 4153 2651 4207 laudabilem
2717 4158 3183 4222 consuetudinem,
3248 4168 3356 4212 tam
3408 4163 3800 4229 eremitarunt,

2217 4257 2378 4312 quam
2407 4245 2793 4297 monachorum
2824 4257 3023 4300 nostra:
3047 4252 3506 4320 congregationis,
3530 4255 3621 4321 qui
3647 4271 3798 4310 sem-

2216 4347 2311 4401 per
2353 4341 2640 4402 utrumque
2667 4332 2897 4387 cilicium
2929 4336 3258 4404 persolvere,
3307 4348 3363 4394 et
3412 4341 3606 4396 devote
3649 4346 3799 4399 cele-

2214 4422 2376 4476 brare
2405 4423 2584 4477 conati
2612 4433 2756 4477 sunt.
2791 4443 2808 4476 ι
2848 4423 2971 4480 llaec
2997 4425 3187 4481 Patres
3217 4429 3410 4494 nostri,
3441 4447 3544 4484 non
3575 4433 3797 4501 quidem

546 4515 765 4577 mualdi,
829 4506 956 4566 sive'
990 4486 1336 4578 adjectiones,
1387 4517 1447 4561 ut
1497 4507 1811 4576 Rodulphus
1856 4508 2108 4578 appellat,
2144 4486 2188 4543 θ
2217 4527 2409 4567 novam
2458 4511 2618 4580 hujus
2647 4513 2829 4567 oneris
2878 4514 3258 4584 obligationem
3299 4486 3658 4586 impatientes,
3701 4527 3799 4579 sed

543 4603 795 4676 psalterio
823 4602 1061 4653 vivorum
1095 4595 1532 4664 coniungendas:
1583 4598 1658 4650 ait
1709 4599 1849 4650 enim
1879 4617 1893 4651 :
1932 4617 1949 4649 ‹
1979 4599 2108 4654 illud

546 4696 758 4765 quidem
794 4688 1150 4761 (psalterium)
1177 4688 1316 4756 quod
1345 4696 1427 4741 est
1450 4687 1716 4751 vivorum,
1753 4703 1873 4741 cum
1904 4689 2006 4742 illis
2031 4689 2109 4743 di-

547 4785 684 4839 citur
715 4778 1105 4841 additameutis,
1139 4792 1256 4845 qua:
1282 4777 1340 4830 Β.
1368 4775 1696 4832 Romualdus
1723 4779 1961 4847 apponit,
1991 4794 2109 4847 quae

546 4872 706 4926 etiam
736 4884 831 4922 nos
861 4882 964 4920 non
999 4882 1283 4936 gravemur
1327 4867 1583 4931 inserere,
1611 4882 1678 4921 ne
1724 4883 1822 4922 nos
1875 4884 2108 4936 conque-

546 4971 695 5018 ratur
726 4958 861 5014 forte
886 4957 1135 5018 novitius,
1168 4972 1284 5024 qua:
1321 4956 1422 5010 sibi
1471 4972 1791 5034 magnopere
1837 4961 2105 5014 noscenda

545 5061 689 5116 sunt,
718 5049 1039 5120 przeterisse.
1086 5048 1334 5101 Decursis
1375 5047 1530 5116 plane
1577 5051 1812 5119 quinque
1863 5052 2102 5122 psalmis,

549 5143 792 5214 protinus
819 5138 1150 5193 subinfertur
1214 5155 1225 5190 :
1277 5137 1458 5192 Gloria
1497 5139 1608 5201 tibi,
1652 5139 1898 5208 Trinitas,
1929 5160 2106 5213 requa-

547 5234 611 5286 lis
633 5248 735 5284 una
774 5230 956 5292 deitas,
983 5239 1027 5282 et
1057 5238 1175 5282 ante
1223 5245 1370 5281 omne
1392 5228 1666 5294 saeculum,
1694 5241 1738 5283 et
1772 5250 1928 5299 nunc,
1971 5244 2018 5288 ct
2049 5235 2101 5289 in

545 5328 876 5390 perpetuum;
922 5315 1079 5370 Orate
1116 5333 1209 5386 pro
1250 5318 1417 5382 nobis,
1470 5335 1645 5372 omnes
1691 5325 1856 5376 sancti
1888 5323 2001 5388 Dei,
2046 5335 2100 5378 ut

546 5409 688 5478 digni
739 5407 1019 5476 ejﬁciamur
1065 5408 1489 5474 promissionibus
1532 5409 1745 5464 Domini
1795 5413 1891 5466 Dei
1939 5419 2103 5470 nostri

545 5502 669 5557 Jesu
696 5499 922 5562 Christi;
953 5495 1112 5551 Pater
1171 5512 1361 5554 noster.
1416 5501 1511 5558 llis
1547 5504 1798 5573 erpletis,
1831 5524 1948 5561 mox
1980 5511 2104 5564 sub-

549 5594 689 5647 ditur
719 5608 732 5644 :
761 5589 1096 5657 Adjutorium
1126 5600 1355 5642 nostrum
1409 5594 1461 5644 in
1522 5594 1726 5649 nomine
1758 5596 1988 5662 Domini,
2018 5603 2104 5668 qui

543 5683 660 5748 fecit
704 5679 904 5744 ccelum,
950 5689 995 5733 et
1047 5688 1257 5733 terram.
1311 5681 1375 5735 Et
1423 5683 1648 5738 evolutis
1693 5686 1812 5742 aliis
1875 5692 2108 5762 quinque

2218 4613 2478 4668 veterem,
2511 4622 2631 4674 quae
2663 4607 2711 4660 vi
2745 4609 2976 4676 autiqum
3004 4612 3433 4676 consuetudinis,
3461 4615 3614 4684 cujus
3646 4615 3800 4672 locu—

2215 4692 2497 4760 pletissimi
2530 4703 2696 4750 testes
2726 4705 2870 4761 sunt,
2907 4697 3227 4763 iuvaluerat,
3259 4701 3569 4758 autltcutica
3614 4706 3798 4760 decla-

2216 4783 2426 4837 ratione
2454 4796 2801 4852 exponentes,
2841 4802 3098 4856 responso
3129 4805 3299 4845 sacra:
3327 4793 3436 4846 Rit.
3490 4810 3678 4864 cungr.
3710 4800 3797 4856 die

2218 4874 2282 4926 1:2
2311 4874 2484 4927 Martii
2508 4875 2646 4928 16l6
2691 4878 2980 4933 novissime
3027 4882 3370 4946 eonlirmata,
3402 4885 3491 4939 ubi
3541 4887 3660 4941 hmc
3689 4890 3794 4945 duo

2215 4962 2612 5018 decernuntur:
2654 4966 2851 5033 primo,
2886 4986 2901 5016 ι
2937 4967 3014 5021 Ex
3046 4971 3520 5029 constitutionibus
3561 4990 3673 5031 suae
3709 4994 3800 5034 re-

2212 5053 2367 5124 gulas,
2401 5056 2499 5109 sub
2527 5070 2685 5125 paena
2734 5059 2942 5125 peccati
2989 5061 3230 5117 mortalis
3282 5067 3447 5119 teneri
3495 5083 3798 5127 monacuos

2209 5142 2650 5198 Camaldulenses
2682 5147 2747 5199 ad
2773 5148 3107 5204 recitandum
3139 5154 3380 5220 quotidie
3408 5155 3639 5211 cilicium
3669 5177 3797 5229 par-

2210 5251 2334 5290 vum
2397 5235 2456 5289 Β.
2507 5236 2688 5291 Maria:
2726 5238 2963 5310 virginis.
3000 5259 3018 5292 ι
3062 5241 3332 5312 Secundo,
3387 5247 3451 5300 ad
3496 5248 3552 5302 id
3615 5254 3792 5307 teneri

2217 5345 2234 5378 ‹
2264 5327 2429 5381 etiam
2478 5337 2600 5398 post
2641 5333 3071 5400 acceptationem
3123 5334 3381 5390 Breviarii
3430 5338 3794 5408 Beucdictiui,

2208 5424 2368 5484 prout
2401 5425 2558 5471 antea
2601 5419 2939 5472 tenebantur.
2977 5440 2992 5471 ι
3038 5420 3145 5475 Nec
3186 5434 3335 5478 certe
3369 5427 3563 5480 minori
3591 5429 3796 5485 sollici—

2212 5505 2398 5560 tudine
2468 5507 2765 5562 Marianum
2816 5510 3045 5566 ofﬁcium
3117 5515 3270 5569 nobis
3356 5519 3595 5585 quotidie
3658 5527 3798 5579 reci-

2215 5602 2433 5655 tandum
2485 5603 2814 5666 ineumbere,
2868 5618 3221 5675 supposuerul
3271 5621 3428 5666 antea
3479 5614 3589 5669 Leo
3637 5617 3684 5672 Χ
3729 5636 3796 5674 ac

2218 5690 2507 5760 ipsummct
2533 5693 2770 5750 divinum
2796 5694 3062 5766 Oﬂicium,
3090 5697 3216 5754 dum
3249 5701 3314 5756 ab
3357 5702 3456 5757 huc
3486 5703 3796 5774 dispensari
