4040 6392
276 364 305 417 Α
316 364 337 418 ι
1184 365 1726 424 PROLOGOMENA.
1766 399 1824 407 —

1933 368 1952 423 ’Σ
1990 370 2363 429 ΙΝδίΊΊἹῙΤΟ
2393 376 2775 432 CAMALUUL
3512 406 3539 445 τι
3552 387 3587 444 ἒ

278 493 439 552 posse
465 494 567 552 per
602 482 775 538 nostri
801 481 1011 538 ordinis
1042 483 1295 554 praelatos
1320 483 1624 549 constituit,
1672 485 1742 539 ab
1784 483 1875 539 illo
1903 487 1950 546 Α
1982 498 2112 548 nox,
2142 485 2226 540 vel
2252 488 2495 558 quolibet
2522 490 2684 546 modo
2708 506 2906 562 graves
2938 494 3193 551 videntur
3215 513 3336 554 esse
3367 502 3581 573 vigilia,

275 586 380 626 non
412 572 544 627 item
577 589 591 626 :
621 572 703 631 sic
725 573 872 627 enim
905 573 1065 629 habet
1091 574 1143 626 in
1170 571 1301 627 bull.
1335 590 1347 626 :
1391 572 1458 626 Et
1490 573 1536 626 si
1581 590 1613 626 α
1643 590 1866 637 suntme,
1979 585 2223 644 repetere
2258 580 2572 636 accubitum
2604 581 2775 649 licet;
2826 594 2948 655 post
2992 597 3321 646 nocturnum
3361 596 3586 653 omnino

275 658 436 734 ΓΙοε
470 680 490 713 ι
524 661 604 716 Ac
631 662 774 731 quod
811 662 884 717 illi
908 679 973 719 ex
994 662 1233 733 praefatis
1256 664 1561 729 monachis,
1597 665 1689 733 qui
1732 664 1868 720 adeo
1970 681 2077 721 non
2117 667 2263 723 licet.
2315 689 2335 723 ι
2372 671 2544 739 Umle,
2577 684 2633 729 et
2671 689 2802 730 tom.
2858 676 2896 741 Ι,
2942 677 3037 733 lib.
3077 696 3153 746 vi,
3201 697 3288 752 ep.
3334 685 3422 754 I7,
3454 690 3531 743 ait
3566 705 3581 743 :

274 752 726 807 monasteriorum
753 768 973 809 suorum
998 753 1189 809 otIiciis
1212 755 1484 825 occupati,
1526 766 1660 822 etc.,
1707 757 1866 812 dnm-
1977 774 1995 807 ι
2024 756 2139 812 Non
2168 774 2430 816 canonem
2463 765 2625 820 solvit
2652 766 2744 835 qui
2776 768 3017 837 psallens
3045 783 3204 829 nocte
3237 777 3522 834 redormit.
3557 800 3576 833 ι

273 844 431 898 modo
458 844 514 898 in
544 845 719 899 sacris
746 861 853 901 non
903 846 1012 900 sint
1059 848 1343 903 ordinibus
1388 848 1695 913 constituti,
1739 849 1865 905 licet
2040 845 2177 903 XIV.
2215 848 2290 906 De
2320 851 2522 909 silentii
2554 871 2810 921 censura,
2847 866 3033 929 utpote
3061 865 3415 942 eremitarum
3448 885 3580 939 pto-

268 930 666 1003 professiouem
719 934 1037 1001 emiserint;
1079 946 1259 991 tamen
1314 938 1395 992 ad
1442 937 1861 1007 persolvendurn

268 1032 440 1080 totum
475 1026 748 1096 integrum
777 1025 1024 1083 Ofﬁcium
1072 1027 1317 1083 divinum
1358 1030 1584 1085 minime
1631 1040 1860 1087 tenean-

262 1128 375 1182 tur,
404 1120 501 1175 sed
518 1136 708 1176 eorum
731 1119 959 1189 praelati,
982 1121 1170 1175 habita
1196 1122 1604 1191 suppositorum
1632 1136 1859 1177 suorum

260 1210 700 1266 consideratione
726 1210 894 1282 (ultra
919 1209 1166 1266 Ofﬁcium
1198 1211 1259 1266 Β.
1292 1212 1475 1267 Maria:
1502 1213 1755 1281 virginis,
1790 1213 1858 1268 ad

265 1304 414 1373 quod
455 1305 680 1376 obligati
708 1306 1049 1377 remaneant)
1079 1304 1234 1373 juxta
1282 1305 1748 1375 dispensationem
1776 1306 1859 1362 eis

257 1396 543 1459 traditam,
592 1398 638 1452 si
686 1411 875 1453 eorum
912 1398 1200 1452 animabus
1244 1398 1501 1468 expedire
1560 1398 1853 1468 videbitur,

250 1484 464 1555 aliquid
488 1485 777 1541 dicendum
826 1484 1104 1556 injungant
1128 1487 1273 1557 quod
1305 1503 1429 1543 cum
1462 1488 1629 1544 animi
1658 1489 1854 1545 alacri-

252 1582 370 1631 tate
400 1576 615 1631 valeant
645 1576 951 1648 adimpleri.
991 1599 1010 1631 ι

323 1665 442 1722 XII.
493 1666 719 1739 Insuper
763 1669 942 1725 debita
988 1686 1115 1742 erga
1146 1674 1380 1743 propriae
1414 1677 1851 1747 congregationis

244 1756 539 1814 defunctos
582 1760 774 1828 pietas,
837 1768 945 1817 tam
994 1763 1135 1831 apud
1176 1762 1641 1832 Camaldulenses,
1683 1782 1847 1836 quam

1964 937 2107 1006 pris,
2159 954 2265 995 non
2300 952 2387 996 cst
2439 945 2584 1013 quod
2625 948 2867 1004 addam:
2925 962 3137 1010 tantum
3182 937 3582 1016 audiaturVRo—

1964 1028 2199 1099 dulphus
2226 1029 2668 1092 Camalduiensis
2709 1040 2862 1109 prior
2896 1042 2950 1097 in
3000 1047 3220 1101 constit.
3252 1051 3379 1104 anni
3416 1051 3576 1117 I030,

1960 1135 2083 1192 cap.
2120 1122 2215 1189 2|,
2255 1124 2335 1180 sic
2364 1127 2771 1199 praecipientis:
2822 1152 2842 1185 ‹
2891 1134 3167 1194 Exeuntes
3198 1140 3265 1195 de
3308 1142 3479 1210 cellis,
3524 1156 3581 1199 et

1959 1216 2027 1268 ad
2059 1215 2206 1285 ipsas
2232 1220 2546 1288 redeuntes,
2571 1225 2764 1281 silendi
2790 1243 3038 1287 censura:
3064 1234 3263 1290 debent
3286 1240 3531 1296 cohiberi
3558 1260 3572 1294 :

1958 1304 2016 1359 In
2064 1309 2338 1375 oratorio,
2391 1319 2444 1365 et
2499 1312 2553 1367 in
2596 1313 2888 1374 refectorio
2929 1323 3115 1394 regula
3165 1325 3367 1383 silentii
3426 1334 3575 1387 omni

1958 1406 2202 1468 tempore
2232 1400 2555 1461 intemerata
2584 1418 2856 1466 servetur.
2894 1432 2913 1465 ι
2951 1414 3050 1470 Cui
3080 1430 3347 1475 consonat
3378 1422 3439 1477 I3.
3470 1424 3575 1481 Pc-

1957 1498 2073 1547 trus
2104 1493 2370 1561 Damiani,
2409 1506 2522 1553 tum
2561 1514 2752 1572 opusc.
2793 1520 2910 1572 xtv,
2959 1518 3073 1564 tum
3117 1527 3208 1577 xv,
3257 1530 3378 1585 cap.
3414 1518 3475 1571 Il
3513 1529 3573 1573 et

1955 1580 2041 1635 I8.
2078 1602 2096 1635 ‹
2142 1584 2197 1639 In
2234 1588 2490 1657 capitulo,
2532 1591 2585 1645 in
2629 1597 2892 1660 oratorio,
2932 1598 2987 1652 in
3021 1601 3311 1661 reiectorio
3352 1608 3569 1677 regula-

1952 1690 2067 1730 rem
2097 1681 2546 1737 cousuetudinem
2578 1700 2684 1740 non
2722 1699 3077 1759 postponant,
3133 1706 3191 1750 ut
3220 1714 3345 1755 cum
3389 1702 3572 1774 hospi-

1954 1767 2097 1822 tibus
2129 1785 2235 1824 non
2276 1771 2604 1843 loquantur;
2645 1788 2810 1849 atque
2842 1782 2966 1839 ideo
2992 1799 3021 1839 a
3054 1787 3263 1852 cellulis
3301 1767 3568 1864 usque-ad

242 1848 587 1905 Avellanitas
633 1852 857 1921 paribus
923 1853 1202 1908 exercitiis
1244 1856 1526 1923 enitebat;
1578 1859 1655 1912 ait
1702 1860 1846 1914 enim
1883 1846 1925 1905 Β
1956 1858 2247 1915 ecclesiam
2285 1862 2401 1917 sive
2434 1867 2740 1936 venientes,
2773 1871 2889 1926 sive
2922 1876 3214 1935 redeuntes
3251 1897 3283 1935 a
3332 1898 3563 1941 censura

242 1936 565 2003 Damianus,
605 1954 793 2008 opusc.
826 1956 916 1995 xiv
942 1949 996 1996 et
1024 1957 1115 2008 xv,
1146 1957 1265 2011 cap.
1302 1944 1410 1998 12:
1461 1967 1479 1997 ς
1515 1945 1649 2000 Cum
1684 1946 1852 2002 frater

245 2028 523 2096 quispiam
554 2044 621 2083 ex
648 2030 851 2084 nostris
875 2031 1092 2095 obierit,
1137 2034 1228 2103 qui
1264 2035 1517 2090 videlicet
1565 2038 1848 2093 nobiscum

240 2117 482 2187 degunt,
528 2134 627 2188 pro
673 2134 740 2175 eo
785 2121 1157 2192 unusquisque
1203 2135 1409 2195 septem
1459 2127 1578 2183 dies
1613 2127 1633 2196 j
1667 2127 1847 2197 junat,

239 2218 456 2279 septem
500 2209 817 2281 disciplinas
849 2226 973 2267 cum
1024 2213 1259 2269 millenis
1308 2231 1595 2286 scoparum
1650 2219 1849 2276 ictibus

236 2300 475 2369 accipit,
530 2302 902 2373 septingentos
943 2313 1245 2360 metanoeas
1282 2306 1440 2374 facit,
1489 2310 1711 2381 triginta
1760 2313 1847 2366 in-

236 2404 403 2459 super
453 2391 716 2459 psalteria
748 2406 815 2447 ex
862 2408 1013 2448 more
1058 2394 1332 2459 decantat,
1370 2408 1426 2451 et
1473 2403 1847 2472 unusquisque

233 2481 497 2535 sacerdos
535 2491 743 2551 septem
789 2483 988 2538 missas
1037 2484 1111 2538 illi
1158 2502 1258 2556 pro
1288 2503 1384 2542 sua
1436 2504 1666 2558 persona
1723 2509 1846 2561 per-

232 2569 433 2636 solvit,
487 2571 636 2628 salvo
682 2588 780 2638 eo,
829 2574 972 2643 quod
1016 2577 1296 2633 continuis
1349 2595 1567 2650 quoque
1621 2583 1842 2653 triginta

231 2659 429 2715 diebus
461 2676 559 2730 pro
590 2677 658 2716 eo
688 2663 978 2718 missarum
1007 2665 1270 2721 solemnia
1303 2668 1354 2722 in
1386 2682 1657 2726 ceuveutu
1694 2689 1843 2727 cum-

226 2751 475 2805 muniter
505 2751 870 2807 celebrantur.
912 2773 929 2805 ι
966 2753 1285 2826 Roduiphus
1312 2768 1494 2813 autem
1532 2760 1586 2815 in
1612 2764 1839 2818 constit.

226 2842 359 2895 anni
392 2841 547 2903 {080,
580 2858 699 2913 cap.
731 2842 821 2910 55,
860 2859 966 2899 non
996 2846 1288 2903 admodum
1323 2850 1535 2907 diversa
1573 2853 1837 2922 decernit,

222 2930 354 2983 dum
381 2931 651 3000 prmeipit,
683 2934 867 3002 quod:
915 2952 933 2985 ι
970 2934 1074 2990 Pro
1102 2939 1430 3008 migratione
1467 2942 1840 3015 cujuscunque

221 3019 417 3075 fratris
448 3021 502 3074 in
544 3036 753 3087 eremo,
789 3023 872 3078 vel
916 3024 969 3080 in
1016 3025 1189 3083 Fonte
1234 3030 1381 3087 bono
1422 3032 1685 3099 defuncti,
1737 3038 1836 3092 tri-

220 3112 374 3181 ginta
411 3113 697 3183 psalteria,
736 3114 817 3169 vel
862 3118 1059 3172 missas
1106 3119 1264 3176 debet
1302 3125 1675 3196 mmsquisque
1706 3144 1832 3198 per-

218 3201 468 3267 solvere;
510 3219 609 3274 pro
652 3203 740 3259 his
767 3221 919 3271 vero,
958 3208 1050 3277 qui
1098 3224 1197 3279 per
1225 3210 1328 3265 alia
1367 3212 1487 3268 loca
1527 3231 1825 3289 congrega-
1859 3205 1903 3265 (ἶ
1936 3232 2094 3298 quasi

219 3291 389 3345 tionis
413 3292 669 3360 obierint,
698 3295 798 3348 tria
821 3298 1076 3366 psalteria
1105 3298 1186 3355 vel
1208 3302 1387 3358 missa:
1411 3304 1480 3359 ab
1502 3321 1828 3379 unoquoque

215 3384 453 3438 dicenda
501 3397 665 3452 sunt;
715 3388 771 3441 in
836 3392 1123 3447 metanmis
1187 3409 1346 3460 vero,
1402 3398 1681 3467 palmatis.
1744 3405 1827 3461 vcl

215 3489 519 3545 scoparum
548 3478 744 3535 ictibus
778 3480 1011 3551 aliisque
1052 3484 1319 3543 similibus
1339 3490 1633 3561 obsequiis,
1678 3496 1827 3566 quis-

214 3580 322 3635 que
354 3566 546 3633 debet,
576 3581 739 3639 prout
763 3569 995 3628 facultas
1028 3574 1228 3642 tulerit,
1270 3583 1538 3637 exerceri.
1587 3603 1606 3635 ο

283 3657 432 3714 ιω.
483 3659 806 3719 Psalmodiae
858 3681 989 3721 vero
1036 3669 1267 3738 publica:
1314 3689 1447 3730 usus
1503 3676 1646 3733 idem
1698 3696 1824 3751 pro-

207 3746 376 3816 fecto,
434 3766 545 3807 non
608 3754 769 3809 modo
809 3756 953 3826 apud
1004 3767 1293 3830 utramque
1343 3763 1487 3820 hanc
1532 3746 1820 3827 Itomdaldi

203 3835 502 3905 familiam,
539 3842 636 3897 sed
678 3846 823 3913 apud
870 3860 1060 3904 omnes
1096 3852 1391 3909 monachos
1428 3854 1553 3926 fuit,
1600 3870 1659 3916 ut
1692 3863 1819 3921 hinc

201 3929 351 3983 nulla
401 3931 659 4002 specialis
688 3937 975 3992 consensio
1014 3939 1273 3997 relueeat.
1324 3942 1685 4007 Nihilominus
1717 3954 1820 4011 hoc

202 4018 399 4075 saltem
448 4022 743 4079 observare
790 4024 935 4093 licet,
980 4031 1124 4099 quod
1176 4040 1235 4086 ut
1262 4032 1618 4106 Romualdus,
1672 4042 1813 4099 refc-

201 4120 360 4169 rente
396 4114 667 4172 Damiano
696 4118 751 4173 in
777 4118 896 4189 ej‘us
933 4120 1051 4177 Vita
1087 4140 1208 4195 cap.
1236 4126 1312 4183 9:
1348 4149 1367 4181 ε
1407 4132 1633 4204 Vigilias
1682 4146 1816 4194 tem-

197 4213 416 4269 perate,
446 4212 505 4259 et
534 4221 658 4261 cum
691 4223 885 4280 magna
914 4212 1242 4272 discretione
1267 4218 1545 4279 faciendas
1577 4230 1812 4286 maxime

198 4292 512 4360 suadebat,
548 4311 618 4352 ne
661 4298 748 4354 cui
797 4298 1029 4359 fortasse
1069 4308 1440 4379 contingeret,
1487 4325 1543 4369 ut
1592 4321 1805 4389 sopori,

194 4384 444 4449 peractis
474 4388 759 4443 nocturnis
783 4388 996 4458 oﬂiciis,
1024 4400 1399 4457 consentiret:
1450 4421 1467 4455 ι
1500 4408 1625 4475 quia
1654 4384 1806 4467 vide;

198 4470 321 4529 licet
358 4494 379 4527 ι
420 4476 694 4549 ejusmodi
729 4496 980 4540 somnum
1004 4488 1089 4542 vir
1118 4504 1337 4549 sanctus
1368 4494 1420 4550 in
1456 4506 1664 4557 tantum
1696 4504 1808 4559 ha-

195 4562 354 4621 bebat
375 4582 636 4635 exosum,
666 4572 781 4628 utsi
812 4576 936 4645 quis
963 4578 1013 4633 ei
1043 4582 1412 4654 confiteretur,
1442 4602 1564 4659 post
1598 4595 1803 4652 duode-

198 4657 298 4710 cim
330 4661 683 4730 psalmorum
712 4667 925 4738 vigilias
952 4680 1007 4726 et
1035 4677 1272 4733 maxime
1304 4680 1449 4737 circa
1489 4684 1802 4755 diluculum,

195 4765 550 4824 nequaquam
590 4769 768 4826 posset
797 4776 864 4815 eo
900 4762 1011 4829 die,
1041 4781 1164 4821 cum
1195 4768 1312 4837 ejus
1353 4772 1589 4843 licentia,
1647 4796 1802 4837 sacra

194 4843 492 4899 missarum
524 4846 783 4904 solemnia
814 4853 1130 4924 celebrare;
1171 4879 1190 4913 ι
1227 4860 1379 4929 Qqu
1416 4867 1516 4923 hoc
1546 4869 1662 4940 ipso
1690 4873 1803 4929 Ito-

192 4937 389 4994 moaldi
441 4941 733 5012 exemplo,
793 4951 1042 5006 eremitis
1096 4953 1335 5012 inculcat
1386 4937 1586 5018 Paulus
1635 4964 1801 5023 Justi-

191 5026 382 5083 nianus
438 5030 500 5083 in
552 5034 732 5103 regula
778 5041 1060 5099 eremitica
1121 5060 1240 5117 cap.
1292 5049 1378 5107 40.
1434 5052 1507 5107 Ita
1558 5056 1790 5115 similem

192 5118 357 5172 somni
384 5118 805 5193 discretionem,
830 5128 1057 5200 ejusque
1096 5146 1218 5204 post
1257 5144 1552 5201 matutinas
1581 5149 1792 5220 vigilias

190 5203 363 5279 fugam
422 5210 756 5271 Avellanitis
808 5222 922 5277 suis
975 5203 1162 5283 indicit
1215 5229 1408 5291 Petrus
1455 5203 1788 5312 Damia‘ims;

1955 1948 2156 2005 silentii
2182 1968 2289 2007 non
2319 1956 2598 2013 recedant.
2638 1978 2657 2011 ι

2026 2038 2141 2094 XV.
2164 2040 2269 2097 Sed
2297 2054 2351 2099 et
2373 2047 2529 2119 quies
2553 2052 2841 2124 omnisque
2867 2059 3173 2129 vagationis
3204 2076 3328 2137 tuga
3354 2073 3562 2126 utrius-

1952 2146 2059 2198 que
2112 2136 2280 2190 eremi
2320 2143 2689 2200 sectatoribus
2732 2149 2849 2217 pari
2906 2153 3196 2211 sedulitate
3236 2158 3557 2234 injungitur,

1949 2229 1980 2274 a
2022 2221 2307 2297 Rodulpho
2337 2232 2556 2300 quidem
2609 2237 2713 2295 loc.
2748 2242 2869 2309 cit.,
2894 2260 3013 2317 cap.
3048 2248 3140 2315 52,
3190 2221 3303 2307 illis
3335 2221 3558 2314 verbis;

1954 2329 1973 2361 ‹
2017 2311 2221 2369 Vitium
2253 2333 2472 2389 quoque
2502 2326 2829 2396 vagationis,
2868 2342 2928 2388 et
2960 2311 3338 2398 instabilitatis
3379 2346 3561 2403 taliter

1948 2399 2139 2472 fugiat,
2172 2415 2231 2459 ut
2255 2416 2361 2463 lion
2392 2412 2568 2468 soluunt
2593 2420 2858 2486 exterius,
2883 2438 3007 2478 cum
3046 2427 3203 2495 Dina,
3239 2432 3343 2487 lilia
3359 2433 3558 2504 Jacob,

1946 2506 2052 2543 non
2088 2492 2247 2551 facile
2278 2500 2593 2571 discurrat;
2629 2509 2724 2563 sed
2754 2512 2923 2568 etiam
2948 2514 3001 2568 in
3031 2515 3144 2587 ipsa
3177 2521 3311 2578 cella
3348 2528 3565 2585 stabilis

1946 2583 2196 2656 fixusque
2264 2607 2614 2661 permaneat:
2668 2612 2855 2670 posset
2920 2606 3064 2662 enim
3114 2610 3257 2666 intra
3306 2620 3559 2675 eamdem

1943 2677 2157 2745 cellam,
2201 2692 2457 2753 tanquam
2489 2690 2774 2760 cujusdam
2820 2695 3056 2767 impulsu
3105 2700 3413 2778 Vertumni,
3462 2727 3555 2766 va—

1936 2771 2284 2841 .gattonisque
2328 2778 2520 2845 spiritu
2565 2791 2675 2836 tota
2708 2785 2796 2841 die
2825 2788 3081 2848 circuire.
3124 2815 3143 2847 ι
3178 2799 3221 2850 Α
3254 2771 3420 2856 Petro
3452 2804 3554 2858 Da-

1944 2860 2124 2915 miano
2154 2875 2356 2932 autem,
2392 2886 2580 2940 opusc.
2623 2892 2723 2943 xtl,
2749 2894 2869 2949 cap.
2902 2881 2973 2936 24
3001 2902 3013 2937 :
3055 2905 3072 2937 ι
3111 2886 3244 2944 Illud
3294 2908 3400 2947 non
3433 2912 3551 2951 me-

1942 2950 2204 3011 diocriter
2257 2960 2543 3031 displicet,
2591 2968 2737 3036 quod
2788 2973 2953 3028 etiam
3003 2977 3135 3047 ipsis
3184 2986 3549 3044 sanctissimis

1939 3047 2182 3102 crearitis
2206 3051 2428 3119 quidam
2472 3057 2724 3114 videntur
2757 3064 2996 3132 admisti,
3028 3085 3164 3139 quos
3197 3073 3338 3129 idem
3377 3080 3546 3146 pesti-

1939 3132 2068 3191 fera:
2098 3142 2401 3211 vagationis
2436 3149 2660 3205 morbus
2689 3156 2951 3223 exagitat,
2978 3132 3130 3229 et-(si
3155 3163 3336 3221 dicere
3363 3132 3547 3240 liceat)

2146 3235 2513 3306 Vertumnus,
2568 3246 2840 3312 quoddam
2893 3250 3106 3307 scilicet
3154 3256 3544 3322 daemoniorum

1935 3339 2127 3393 genus,
2159 3341 2339 3384 vexat.
2374 3332 2655 3390 Vertumni
2690 3338 2958 3409 siquidem
2993 3349 3136 3413 apud
3173 3352 3428 3423 antiquos
3458 3357 3542 3411 di-

1934 3415 2197 3472 cebautur
2238 3420 2537 3489 dminones,
2589 3442 2823 3496 quorum
2874 3432 3137 3491 instinctu
3186 3438 3434 3499 homines
3485 3445 3540 3500 in

1932 3508 2197 3579 vertigine
2242 3514 2402 3581 positi
2448 3514 2817 3575 reddebantur
2845 3522 3146 3584 instabiles.
3202 3549 3220 3583 ι
3256 3532 3322 3588 Ει
3350 3550 3539 3606 opusc.

1931 3612 2021 3664 xv,
2082 3614 2202 3671 cap.
2259 3602 2361 3657 18:
2425 3623 2444 3656 ι
2506 3605 2682 3662 Ponat
2725 3621 2906 3681 autem
2958 3616 3230 3691 (eremita)
3269 3602 3427 3690 juxta
3481 3643 3541 3683 se

1928 3704 2156 3762 quaeque
2201 3695 2303 3749 sibi
2352 3708 2479 3753 sunt
2530 3700 2853 3760 familiarius
2900 3713 3243 3779 necessaria,
3295 3731 3364 3773 ne
3413 3735 3539 3775 cum

1925 3796 2084 3837 usum
2112 3784 2305 3840 horum
2333 3790 2635 3847 necessitas
2654 3796 2913 3863 postulat,
2941 3799 3057 3870 ipse
3078 3803 3146 3857 ad
3170 3807 3536 3866 exhibendum

1924 3873 2024 3928 sibi
2080 3875 2423 3947 frequentius
2471 3894 2679 3957 surgat.
2724 3887 3029 3962 Tantopere
3075 3897 3275 3969 quippe
3316 3906 3537 3974 vagatio

1922 3976 2005 4022 est
2037 3970 2276 4036 vitanda,
2323 3982 2382 4029 ut
2413 3990 2513 4031 nec
2546 3993 2643 4049 per
2674 3981 2845 4050 ipsam
2871 3985 3123 4043 cellulam
3160 3993 3383 4061 spatiari
3420 3996 3537 4051 ina-

1921 4061 2065 4117 niter
2086 4062 2267 4120 liceat.
2308 4086 2328 4120 θ

1991 4151 2129 4209 XVI.
2158 4154 2225 4211 Ut
2254 4174 2381 4214 vero
2405 4160 2619 4220 facinus
2648 4182 2701 4220 m
2733 4163 2868 4224 cella
2898 4172 3183 4243 quiescere
3212 4192 3535 4240 assuescant

1916 4245 2167 4317 solitarii,
2206 4249 2309 4306 hoc
2337 4268 2505 4309 aura)
2536 4258 2743 4313 monito
2770 4259 2891 4317 illos
2920 4262 3242 4337 Itodulphus
3266 4270 3373 4329 loc.
3407 4277 3527 4343 cit.,

1916 4354 2036 4409 cap.
2075 4340 2165 4407 36,
2208 4346 2544 4405 confirmare
2575 4364 2850 4411 conatur:
2907 4368 2926 4410 ἀ
2984 4360 3278 4433 Prteterea,
3311 4374 3530 4429 studeat

1913 4430 2195 4489 solitarius
2223 4435 2276 4489 in
2306 4437 2441 4492 cella
2484 4441 2695 4513 jugem,
2742 4456 2797 4502 et
2829 4452 3144 4511 continuam
3182 4461 3525 4521 sedulitatem

1914 4518 2139 4588 habere,
2183 4532 2240 4577 ut
2285 4540 2383 4595 per
2430 4533 2662 4596 gratiam
2718 4534 2836 4602 Dei,
2882 4547 2937 4593 et
2980 4543 3357 4606 assiduitatem
3412 4571 3526 4610 ma-

1838 4589 2105 4681 Dnendi,
2160 4618 2331 4684 possit
2372 4621 2422 4675 ei
2476 4622 2740 4683 habitatio
2795 4629 2944 4687 cellre
2997 4633 3332 4699 dulcescere.
3384 4644 3520 4702 Nam

1906 4701 2046 4757 sicut
2080 4705 2323 4775 inquieto
2361 4722 2415 4764 et
2448 4713 2667 4770 instaldi
2708 4724 3001 4793 monacho,
3050 4727 3226 4785 instar
3257 4740 3521 4806 carceris,

1903 4809 2123 4864 poenam
2155 4803 2414 4870 ergastuli
2461 4806 2773 4866 alIlictionis
2807 4818 3094 4874 materiam
3132 4803 3389 4895 praestat;
3447 4833 3520 4887 ita

1903 4886 2090 4955 quieto
2138 4901 2193 4944 et
2238 4900 2633 4965 perseveranti,
2685 4906 2977 4963 suavitatis
3025 4912 3390 4986 refrigerium,
3443 4925 3519 4977 si-

1904 4974 2129 5033 lentium
2156 4982 2528 5052 beatitudinis.
2562 4998 2819 5062 tanquam
2841 4974 3399 5067 portionemvcxhibet
3422 5030 3513 5084 pa~

1903 5069 2089 5124 radisi.
2116 5093 2134 5125 »
2157 5073 2308 5141 Quod
2337 5077 2349 5130 i
2377 5079 2479 5133 lem
2504 5096 2819 5141 asseruerat
2848 5088 3164 5161 Damianus,
3189 5113 3377 5169 opusc.
3409 5122 3513 5169 xu,

1901 5175 2019 5229 cap.
2058 5162 2169 5217 25:
2210 5184 2226 5215 ι
2286 5165 2400 5221 lle-3
2445 5173 2671 5236 accedit,
2708 5178 2851 5246 quod
2886 5181 2973 5247 iis,
3018 5187 3107 5254 qui
3141 5190 3307 5246 vitam
3354 5208 3509 5251 suam

1899 5255 1999 5306 sui)
2044 5256 2147 5312 bac
2198 5256 2566 5319 inconstantia
2603 5271 2921 5327 mutationis
2968 5277 3274 5348 alter-naut,
3322 5301 3389 5342 eo
3452 5292 3511 5345 lit

1897 5345 2008 5400 vita
2042 5351 2359 5407 remotionis
2388 5358 2681 5423 austerior.
2714 5376 2822 5431 quo
2870 5366 3058 5423 inolita
3094 5377 3326 5444 vagandi
3377 5396 3509 5436 con-

1899 5438 2185 5494 suetudine
2235 5444 2621 5514 retrahuntur,
2672 5450 2744 5505 ita
2796 5461 2859 5508 nt
2903 5438 3191 5516 eremitica
3233 5466 3508 5526 districtio

1900 5528 2235 5595 gravissima:
2276 5532 2596 5602 diﬂicultati,
2632 5541 2765 5595 cella
2802 5544 2914 5614 ipsa
2954 5548 3059 5605 illis
3088 5552 3341 5612 videatur
3370 5561 3503 5615 hor-

1899 5620 2030 5673 rori.
2060 5619 2411 5679 Consuetudo
2439 5630 2583 5682 enim
2626 5630 2752 5687 facit
2787 5640 3056 5697 monacho
3092 5644 3342 5704 cellulam
3380 5653 3501 5707 dul-

1894 5726 2035 5776 cem,
2092 5718 2309 5785 vagatio
2361 5719 2532 5777 videri
2585 5722 2716 5781 facit
2766 5728 3105 5790 horribilem.
3166 5736 3501 5810 Vagantibus

1894 5803 2083 5858 cellula
2108 5822 2298 5864 carcer
2320 5820 2424 5878 est,
2449 5819 2898 5883 permanentibus
2927 5837 3092 5879 suave
3107 5828 3439 5889 cubiculum.
3471 5852 3489 5887 ι

598 5900 839 5967 Ριτιιοι
908 5913 1182 5995 ρΧωγ.
3011 5959 3051 6019 2

192 5298 374 5354 scribit
398 5301 560 5357 enim
583 5319 767 5374 opusc.
800 5325 888 5377 xv,
921 5328 1040 5384 cap.
1074 5318 1169 5373 I6:
1207 5339 1225 5371 ι
1262 5323 1336 5379 De
1361 5342 1554 5385 somno
1575 5298 1791 5406 quoque

192 5406 289 5445 non
339 5402 455 5461 tam
491 5395 632 5452 dura
669 5403 991 5470 quibusdam
1034 5411 1300 5473 districtio
1333 5429 1640 5483 necessaria
1684 5442 1787 5497 est,

194 5483 379 5541 melius
410 5486 621 5559 quippe
650 5501 733 5547 est
758 5508 1005 5555 somnum
1034 5507 1186 5560 carui
1221 5517 1521 5581 temperata
1555 5483 1787 5588 quadam

195 5572 603 5645 dispensatione
638 5588 939 5645 concedere
974 5600 1031 5647 et
1060 5591 1333 5655 ferventer
1361 5572 1701 5673 postmodum
1736 5613 1788 5667 in

194 5664 276 5723 Ilei
321 5668 592 5725 laudibus
628 5677 917 5734 excubare.
950 5680 1251 5743 Notandum
1291 5664 1471 5750 autem
1500 5700 1625 5769 quia
1662 5664 1787 5760 ante

192 5768 462 5818 nocturna
512 5764 745 5834 synaxis
765 5766 1016 5840 udicium,
1052 5778 1094 5831 si
1128 5780 1210 5835 vel
1248 5784 1567 5854 profundior
1610 5795 1784 5853 adhuc
