4040 6424
550 389 621 443 £3
1436 388 1492 444 S.
1534 390 1810 448 PETRUS
1855 390 2205 448 DAMIANUS
2246 389 2303 447 3.
2340 390 2403 446 II.
2436 390 2498 446 E.
2540 390 2950 449 CARDINALIS
3726 392 3794 447 ιι

621 503 778 560 XVII.
832 502 1067 567 musas,
1119 502 1565 571 quemadmodum
1622 502 1991 569 Romualdus,
2049 519 2114 559 ex
2145 518 2187 573 Α
2218 504 2493 572 utriusque
2542 505 2769 559 instituti
2817 505 3247 561 convenientiam
3295 506 3586 561 ostendunt
3635 517 3790 581 atque

549 594 664 663 ejus
697 592 836 657 \‘ita,
862 608 980 661 cap.
1008 591 1080 648 9:
1109 598 1126 643 ι
1166 591 1612 662 Parvipendebat,
1651 594 1695 647 si
1728 593 1849 662 quis
1886 592 1950 645 ad
1983 602 2113 649 tem-

550 706 649 761 pus
685 702 933 756 niagnum
976 686 1104 757 quid
1156 686 1435 756 inciperet,
1480 686 1524 740 si
1576 702 1681 740 non
1732 686 1893 741 etiam
1945 686 1997 740 in
2053 702 2118 741 eo

550 779 925 849 longanimiter
943 787 1313 849 perseveraret
1339 796 1351 832 :
1388 797 1406 829 ι
1436 780 1506 831 ita
1533 778 1774 833 eamdem
1804 777 2118 833 Avellanitis

547 868 999 940 persevcrantiam
1055 868 1353 922 iuculcabat
1399 866 1719 930 Damianus,
1771 882 1955 935 opuse.
2007 883 2114 932 xv,

549 977 665 1032 cap.
698 960 788 1024 27,
832 961 1017 1014 dicens
1046 977 1058 1012 :
1097 978 1114 1009 ι
1155 960 1288 1013 Vita:
1319 960 1552 1020 modum,
1586 975 1741 1028 quem
1785 960 1949 1013 semel
1981 962 2117 1014 arri-

546 1050 745 1121 pueris,
773 1056 1177 1118 perseveranter
1200 1057 1340 1111 tene,
1373 1056 1685 1101 constanter
1704 1061 2017 1115 exsequere,
2050 1064 2116 1103 ne

544 1140 778 1203 scenica,
810 1138 952 1208 quod
999 1137 1158 1197 absit,
1206 1154 1235 1191 a
1267 1138 1548 1206 temetipso
1587 1138 1817 1191 videaris
1856 1138 2116 1206 vertigine

545 1231 868 1297 discrepare.
898 1228 1187 1283 Persevera
1222 1230 1403 1296 itaque
1436 1230 1486 1281 in
1514 1244 1577 1281 eo
1612 1229 1751 1297 quod
1780 1230 2035 1295 eo‘pcris,
2062 1237 2115 1282 et

543 1328 745 1374 rectam
795 1327 1063 1373 COIISlICkP
1112 1317 1233 1371 vita:
1280 1318 1473 1371 lineam
1520 1326 1657 1380 tene,
1716 1332 1781 1371 ne
1822 1327 1871 1371 te
1919 1333 2110 1371 novum

543 1424 755 1479 semper
774 1409 992 1461 variata:
1020 1409 1140 1462 vita:
1170 1408 1453 1461 diversitas
1475 1408 1679 1468 reddat.
1708 1406 1801 1460 sed
1834 1407 1886 1460 in
1915 1418 2113 1462 sanctzn

538 1497 856 1552 constantia:
904 1495 1251 1550 fundamento
1290 1497 1520 1556 prmum:
1557 1496 1751 1567 regulae
1783 1498 2111 1551 consuetudo

539 1586 797 1640 Italiilial.
834 1605 852 1638 ι

610 1678 791 1733 XVIII.
839 1679 1078 1747 Denique
1117 1677 1374 1748 quidquid
1407 1678 1752 1733 beatissimus
1784 1679 2110 1735 Ilotnualdus

537 1768 791 1821 crcmitas
820 1782 944 1822 Suos
970 1768 1034 1821 ad
1063 1768 1180 1835 ejus
1208 1764 1393 1819 cellam
1423 1767 1474 1817 in
1498 1782 1684 1821 eremo
1708 1766 2106 1822 Catualtlulensi

2219 595 2499 664 utriusque
2540 594 2758 649 familiae
2803 596 3243 659 constitutiones,
3288 605 3471 665 utpote
3507 597 3792 667 similibus,

2219 697 2312 739 aut
2356 700 2544 754 parum
2583 686 2811 741 diversis
2859 686 3142 756 praeceptis
3186 686 3644 756 circumscriptus,
3688 687 3792 744 imo

2219 776 2437 830 totidem
2469 776 2781 845 plerumque
2811 777 3008 840 verbis,
3034 785 3090 829 ct
3117 777 3306 831 iisdem
3338 777 3580 833 formulis
3606 793 3791 834 exara-

2220 872 2331 926 tas,
2370 865 2558 919 eodem
2616 865 2850 919 dictante
2897 866 3087 933 spiritu
3144 875 3473 935 conceptas,
3525 877 3688 937 atque
3728 868 3793 924 ab

2217 954 2401 1009 eodem
2455 955 2735 1008 Itomualdi
2786 955 2933 1010 fonte
2977 957 3246 1011 derivatas
3297 956 3466 1012 fuisse
3518 974 3794 1014 common-
3882 996 3885 997 ν

2216 1052 2406 1098 strant.
2433 1043 2565 1099 Ilinc
2593 1060 2697 1098 non
2728 1046 2996 1097 immerito
3024 1060 3208 1113 parem
3237 1048 3617 1102 auctoritatem
3648 1056 3795 1102 utra-

2216 1149 2320 1202 que
2367 1134 2548 1205 regula
2595 1136 2733 1202 apud
2785 1145 3040 1203 utrosque
3075 1135 3329 1199 obtinuit,
3376 1146 3432 1191 et
3476 1137 3621 1190 nullo
3661 1151 3795 1208 pene

2215 1224 2523 1279 discrimine
2550 1224 2664 1277 sive
2699 1242 2726 1277 a
2761 1225 3077 1289 ltomualdo,
3110 1227 3223 1280 sive
3268 1242 3298 1279 a
3330 1226 3491 1281 Petro
3534 1227 3796 1284 Damiano

2216 1324 2442 1379 statuta,
2485 1317 2775 1371 eremitica:
2802 1316 2924 1370 vitae
2948 1318 3208 1371 rationem
3236 1321 3640 1381 concernentia,
3670 1334 3794 1387 per-

2220 1405 2343 1458 inde
2381 1406 2799 1473 rccipiebantur,
2829 1416 2886 1459 ut
2926 1407 3120 1460 mirmn
3153 1423 3258 1461 non
3290 1409 3360 1461 sit
3410 1408 3793 1477 Hieronymum

2212 1495 2535 1564 Pragensem
2576 1496 2712 1557 loco,
2751 1511 2910 1565 quem
2940 1499 3203 1566 superiori
3244 1499 3440 1567 capite.
3489 1515 3638 1552 num.
3674 1500 3793 1566 nlt.,

2210 1589 2576 1654 allegavimus,
2626 1589 2925 1643 Romualdo
2979 1591 3299 1657 paraenesim
3347 1591 3686 1659 aSCleSI‘iSC,
3728 1606 3794 1646 ev

2210 1678 2628 1732 Avellanitarnm
2666 1679 2848 1750 regula
2890 1680 2953 1732 ad
2985 1679 3205 1733 verbum
3251 1694 3388 1749 pene
3431 1682 3791 1746 ile-sumptam.

2282 1769 2347 1823 ll.
2385 1770 2525 1823 Sane
2563 1770 2702 1823 haud
2751 1770 3083 1839 frequentior
3131 1781 3213 1824 est
3261 1772 3403 1839 apud
3452 1771 3794 1839 Rodulpbum

537 1856 914 1915 convenientes
933 1856 1180 1910 docuisse
1198 1854 1475 1909 diciturab
1498 1854 1823 1926 Hieronymo
1851 1857 2101 1927 Pragensi
2137 1871 2178 1930 Β
2206 1858 2669 1913 Camaldnlcnsem
2701 1861 2933 1927 priorem
2980 1876 3139 1929 quam
3173 1862 3312 1930 apml
3358 1862 3530 1929 ipsum
3582 1860 3795 1915 Danda-

537 1949 676 2019 apud
722 1948 1029 2001 Bollandum
1081 1948 1148 2001 ad
1176 1947 1337 2001 .diem
1380 1946 1409 1999 Ἰ
1464 1946 1789 2010 Februarii,
1839 1949 2002 2002 multa
2052 1950 2105 2001 in

536 2053 786 2093 sermone
821 2041 885 2091 de
926 2036 983 2091 S.
1041 2036 1357 2101 llomualdo,
1388 2052 1507 2104 cap.
1545 2038 1603 2090 ll
1638 2038 2108 2113 (quemadmodum

535 2140 591 2185 et
619 2131 742 2192 alia,
774 2146 889 2198 cap.
913 2130 945 2183 Ο
976 2138 1029 2183 et
1050 2129 1083 2183 9
1107 2129 1351 2197 inserta),
1384 2137 1553 2182 totum
1585 2128 1772 2189 ferme.
1804 2143 1867 2182 ac
1897 2129 2108 2194 iisdem,

533 2221 619 2276 vel
651 2220 914 2274 similibus
956 2218 1202 2272 formulis
1233 2232 1544 2287 expressum
1592 2218 1643 2271 in
1692 2219 1950 2272 Damiano
1984 2233 2111 2272 suos

532 2313 864 2369 Avellanitas
912 2312 1210 2365 instruente
1258 2310 1545 2378 reperitur,
1578 2324 1768 2377 nempe
1804 2309 1945 2378 quod
1985 2325 2105 2377 cap.

532 2407 655 2471 cit.,
683 2421 829 2461 num.
863 2404 964 2467 69,
998 2404 1192 2458 dicitur
1245 2404 1320 2456 De
1371 2403 1573 2472 quiete,
1613 2403 1847 2467 silentio,
1885 2411 1941 2456 et
1975 2403 2112 2473 jeju—

533 2497 628 2552 nio
677 2496 921 2551 eremitis
998 2494 1340 2558 necessario;
1415 2494 1634 2547 totidem
1694 2494 1872 2548 verbis
1951 2494 2114 2549 habet

534 2587 847 2651 Damianus,
877 2600 1063 2654 opuse.
1104 2597 1190 2648 xv,
1236 2599 1356 2653 Cap.
1400 2583 1456 2636 5.
1506 2582 1656 2648 Quod
1704 2583 1900 2637 ibidem
1933 2583 2112 2637 subdit

532 2673 890 2744 Hieronymus
920 2674 1019 2744 (ex
1059 2686 1155 2729 ore
1196 2671 1514 2738 Romnaldi)
1588 2670 1661 2727 De
1708 2671 1933 2725 vestium
1974 2687 2109 2742 pan-

532 2773 763 2835 pertate,
793 2774 849 2819 et
894 2764 1101 2819 vilitate
1164 2764 1417 2827 amanda,
1458 2778 1644 2817 rursus
1699 2762 1889 2817 iisdem
1932 2764 2110 2818 verbis

532 2857 823 2912 Damianus
860 2854 1092 2909 inculcat
1137 2854 1241 2908 Ioc.
1274 2855 1388 2917 cit.,
1434 2869 1553 2923 cap.
1602 2853 1692 2907 21.
1733 2853 1884 2919 Quod
1932 2854 2113 2908 subdit

535 2950 627 3003 ille
686 2965 830 3002 num.
876 2947 964 3012 70,
1018 2947 1091 3001 De
1146 2948 1487 3002 venientibus
1528 2962 1595 3003 ex
1642 2947 1839 3002 sarculo
1883 2948 1951 3003 ad
1993 2962 2111 3003 ere-

533 3053 680 3091 mum
711 3078 726 3101 ,
768 3037 906 3091 idem
967 3038 1263 3105 eodemque
1324 3038 1611 3091 verborum
1668 3047 1873 3104 tenore,
1926 3047 2111 3094 monet

532 3127 623 3181 bic
672 3125 878 3194 ιιι-ηειδιί
941 3125 1184 3196 opusculi
1239 3141 1357 3197 cap.
1411 3126 1500 3181 29.
1551 3127 1701 3193 Quod
1752 3130 1967 3182 demmn
2022 3129 2110 3183 ille

2212 1966 2338 2005 num
2372 1950 2652 2004 Ronmaldi
2684 1952 2906 2013 mentio,
2939 1952 3004 2005 ad
3036 1954 3458 2007 consuetudines
3487 1955 3800 2008 crerniticas

2210 2043 2326 2111 ejus
2355 2044 2678 2097 auctoritate
2716 2044 3007 2096 lirmandas
3040 2061 3054 2097 :
3090 2045 3338 2111 inprimis
3380 2045 3526 2099 enim
3575 2047 3799 2114 privata:

2212 2133 2523 2201 psalmodize
2554 2150 2729 2196 usum,
2761 2142 2818 2187 ut
2848 2148 2964 2200 eap.
2999 2135 3209 2201 praeced
3265 2150 3411 2186 num.
3446 2135 3534 2197 10,
3567 2136 3798 2187 vidimus

2210 2233 2275 2271 ex
2298 2219 2354 2272 S.
2378 2218 2661 2273 Ronmaldi
2694 2220 3035 2293 institutione
3059 2222 3267 2274 derivat
3293 2222 3581 2276 Damianus
3606 2238 3792 2293 Opusc.

2210 2324 2297 2361 ιιν
2328 2324 2341 2360 :
2373 2329 2389 2359 ι
2427 2309 2767 2373 Psalterium,
2798 2313 2941 2381 quod
2979 2321 3061 2365 est
3092 2313 3359 2379 vivorum,
3385 2329 3507 2368 enm
3540 2314 3646 2368 illis
3666 2315 3799 2368 dici-

2214 2406 2299 2450 tur
2324 2398 2701 2454 additamentis
2733 2416 2853 2468 qua:
2898 2401 2958 2455 Β.
2996 2400 3327 2456 Ruinualdus
3357 2405 3605 2474 apposuit
3637 2421 3652 2469 ;
3695 2424 3713 2455 ι
3743 2414 3799 2459 ει

2214 2489 2404 2543 iterum
2435 2505 2621 2559 opusc.
2649 2505 2737 2552 xv,
2761 2506 2879 2559 cap.
2908 2491 2940 2546 9
2968 2511 2979 2545 :
3014 2511 3030 2541 ι
3065 2492 3411 2558 Psalterium,
3443 2494 3585 2562 quod
3606 2504 3692 2549 est
3720 2495 3799 2549 vi-

2210 2592 2398 2633 vorum
2431 2595 2553 2634 eum
2596 2580 2700 2637 illis
2744 2582 2943 2634 dicitur
2982 2582 3383 2645 additamentis,
3423 2598 3543 2653 qua:
3578 2584 3637 2637 ll.
3691 2584 3800 2638 Ilo.

2211 2669 2456 2723 mualdus
2501 2672 2742 2739 apponit,
2787 2690 2804 2723 ι
2858 2688 2978 2741 qua:
3009 2682 3155 2726 tanta
3205 2673 3569 2729 sollicitudine
3610 2676 3801 2729 obser-

2210 2758 2383 2810 vanda
2408 2772 2528 2812 esse
2553 2768 2718 2822 notat,
2747 2769 2803 2813 ut
2832 2761 2971 2813 inter
2998 2776 3111 2826 eas,
3141 2777 3259 2829 qua:
3292 2762 3527 2815 maxime
3549 2763 3800 2817 omnium

2210 2845 2479 2911 intererit,
2507 2856 2563 2901 ut
2587 2850 2865 2903 addiscunt
2892 2850 3100 2916 novitii,
3122 2860 3492 2916 connumeret,
3523 2852 3589 2906 iis
3616 2854 3804 2907 verbis

2212 2936 2392 2989 statim
2417 2939 2910 3006 subsequentibus:
2957 2958 2977 2991 ι
3018 2941 3147 3007 Quae
3187 2942 3350 2995 etiam
3395 2957 3493 2995 nos
3523 2958 3632 2996 non
3674 2958 3799 3014 gra-

2214 3041 2401 3080 vemur
2431 3027 2688 3090 inserere,
2731 3046 2797 3083 ne
2828 3044 2925 3083 nos
2950 3041 3318 3101 conqueratur
3351 3031 3489 3087 forte
3535 3035 3801 3098 novitiue.

2210 3131 2328 3184 qua:
2373 3118 2475 3171 sibi
2517 3133 2837 3188 magnOpcre
2885 3123 3154 3176 noscenda
3207 3132 3351 3188 sunt,
3382 3125 3733 3193 prmteriisse.
3772 3145 3794 3177 ι

531 3233 683 3270 "um,
732 3217 818 3279 Ἠ,
849 3217 1106 3271 decem“.
1162 3216 1236 3271 De
1270 3219 1375 3280 his.
1412 3218 1501 3286 qui
1532 3233 1596 3272 εχ
1625 3220 1943 3274 “mobilia,
1974 3235 2104 3275 εοη-
2134 3219 2178 3279 c
2210 3204 2319 3259 Nec
2364 3208 2586 3261 minoris
2616 3209 2873 3263 momenti
2902 3225 3043 3275 esse,
3076 3211 3141 3264 ad
3183 3214 3533 3267 cremitarum
3571 3230 3801 3269 suorum

528 3305 840 3360 versatione
875 3305 938 3359 ad
966 3320 1204 3359 eremum
1234 3307 1519 3368 accedunt,
1577 3308 1679 3363 iste
1725 3311 1960 3378 pariter,
2012 3311 2101 3365 ubi

530 3411 688 3465 supra
724 3410 843 3462 cap.
883 3395 971 3458 30,
1015 3396 1300 3465 ipsissimis
1331 3396 1551 3451 vocibus
1597 3396 1950 3468 formulisque
1980 3415 2105 3469 pro-

526 3488 700 3555 ponit,
726 3496 779 3539 nt
797 3486 1017 3556 perinde
1032 3487 1123 3550 sit,
1142 3488 1255 3541 sive
1289 3488 1435 3550 hinc,
1462 3488 1579 3542 sive
1609 3488 1730 3542 inde
1751 3490 2101 3554 transcribas,

530 3591 787 3629 emnnon
830 3577 986 3629 modo
1013 3592 1224 3639 sensus,
1256 3578 1350 3631 sed
1381 3579 1543 3631 verba
1591 3586 1646 3630 et
1670 3578 1804 3631 ordo
1833 3578 1944 3647 ipse
1983 3593 2103 3633 ver-

531 3664 721 3717 borum
764 3666 1046 3733 utrobique
1073 3665 1386 3721 immutatus
1411 3676 1673 3720 occurrat.

1149 3801 1376 3856 CAPUT
1414 3801 1476 3855 V.

1183 3908 1445 3946 SYNOPSIS.

602 3982 1101 4043 Cumaldulemium,
1135 3992 1181 4036 et
1218 3982 1628 4035 Avellunitarnm
1667 3982 1890 4051 oﬂinitas
1915 3981 2033 4035 aliis

1018 4051 1286 4105 oramentis
1312 4052 1625 4104 illustratur.

534 4144 806 4199 Srsopsm.
832 4142 1207 4211 —Utriusque
1234 4142 1333 4195 loci
1366 4142 1545 4210 regula
1599 4144 1840 4210 utrisque
1862 4158 2103 4196 commu—

601 4217 699 4267 nis.
729 4215 883 4267 Nnm.
906 4214 957 4265 1.
983 4211 1332 4278 Frequentiur
1362 4213 1499 4278 apud
1530 4212 1745 4266 Petrum
1772 4213 2105 4275 Damianum,

601 4231 699 4267 nis.
729 4228 883 4267 tvnm.
906 4228 957 4265 1.
983 4228 1009 4265 r
1028 4228 1101 4265 rei
1124 4228 1332 4264 uenitur
1362 4228 1499 4278 apnu
1530 4228 1745 4266 r'elrum
1772 4228 2099 4275 uanuanum,

590 4300 757 4351 .qnam
780 4284 919 4351 apud
949 4228 1283 4349 Rodulpbum
1310 4282 2020 4351 prior'cmCamalduleusem
2046 4281 2099 4336 S.

602 4350 881 4407 Ilomualdi
907 4352 1123 4405 mentio.
1137 4350 1189 4403 2.
1209 4351 1517 4404 Auctoritas
1533 4350 1587 4404 S.
1607 4352 1886 4404 lloniualdi
1905 4369 1932 4403 ιι
1948 4350 2107 4405 Petro

602 4423 843 4476 Damiani
858 4436 998 4489 smpc
1022 4430 1294 4489 usurpata.
1314 4422 1364 4475 5.
1385 4419 1509 4474 Vice
1535 4436 1685 4474 versa
1702 4420 1843 4474 Petri
1863 4420 2105 4474 Damiani

607 4492 894 4545 auctoritas
930 4492 979 4542 in
1009 4490 1492 4543 Camaldnlensinm
1525 4492 1742 4544 statutis
1769 4492 2017 4543 adducta.
2046 4491 2101 4543 4.

2209 3296 2638 3361 instructionem,
2664 3296 2912 3367 qualibet
2954 3296 3237 3354 Romualdi
3271 3302 3499 3362 inunita.
3524 3304 3798 3374 exetnpla,

2206 3389 2449 3452 consilia,
2478 3392 2607 3445 satis
2634 3392 2854 3457 indicat,
2875 3393 2998 3447 dum
3037 3395 3277 3463 ejusdem
3299 3397 3542 3465 opusculi
3567 3414 3687 3469 cap.
3709 3399 3801 3461 16.

2206 3478 2271 3531 ad
2302 3479 2682 3534 discretionem
2714 3481 2766 3534 in
2801 3482 3123 3538 moderanda
3154 3484 3491 3539 subditorum
3522 3487 3632 3540 vita
3660 3504 3804 3557 pra:-

2207 3568 2331 3623 Iatis
2369 3568 2771 3639 injungendam,
2819 3572 2876 3625 Il.
2918 3572 3200 3628 Romualdi
3233 3577 3536 3632 sententias
3579 3579 3633 3631 in
3685 3593 3808 3635 me—

2205 3659 2349 3713 dimn
2380 3661 2645 3727 producit,
2685 3676 2852 3729 seque
2890 3662 2995 3717 illis
3024 3665 3301 3720 adhaerere
3341 3666 3560 3721 fatetur.
3617 3686 3639 3719 ι
3689 3668 3809 3724 Non

2206 3750 2564 3817 approbamus
2609 3752 2687 3803 ait
2737 3752 2878 3821 quod
2931 3753 3043 3807 suis
3086 3770 3228 3824 saepe
3272 3756 3550 3826 discipulis
3599 3757 3660 3811 Β.
3699 3760 3807 3815 Ro-

2209 3838 2455 3891 mualdus
2498 3839 2701 3893 dixisse
2756 3842 3071 3911 perhibetur
3109 3860 3124 3898 :
3180 3864 3199 3896 ι
3234 3846 3557 3913 Dummodo,
3599 3851 3805 3921 inquit,

2207 3931 2376 3986 frater
2424 3934 2651 4001 quilibet
2704 3936 2892 3989 cellam
2946 3954 3051 3991 non
3099 3939 3338 4005 deserat,
3388 3942 3552 3996 etiam
3604 3960 3813 3998 carnes

2206 4025 2552 4093 permittatur
2581 4042 2645 4079 ex
2684 4027 3011 4083 discretione
3042 4032 3349 4095 comedere,
3394 4033 3437 4086 si
3483 4042 3590 4086 tam
3623 4036 3805 4090 inevi-

2208 4117 2386 4172 tabilis
2433 4119 2679 4172 videatur
2720 4122 3015 4175 necessitas
3046 4122 3349 4178 itmnincrc.
3386 4143 3404 4175 ι
3435 4125 3685 4180 Addebat
3718 4128 3807 4182 in-

2210 4221 2408 4275 super:
2441 4227 2458 4256 ι
2500 4208 2629 4260 Tale
2657 4211 2800 4261 enim
2848 4214 3234 4278 propemodum
3266 4224 3348 4267 est
3389 4217 3455 4269 de
3500 4231 3689 4270 eremo
3732 4220 3808 4273 ad

2209 4295 2593 4349 monasterium
2627 4297 2840 4359 reverti,
2880 4299 3038 4367 quale
3086 4301 3151 4353 de
3196 4304 3563 4356 monasteriali
3604 4305 3812 4361 ordino

2208 4382 2273 4435 ad
2305 4383 2557 4438 sacculum
2581 4388 2867 4453 asportari.
2893 4405 2910 4436 ι
2937 4387 3003 4440 Et
3028 4388 3187 4457 paulo
3210 4399 3329 4457 post
3355 4392 3535 4445 subdit
3564 4409 3577 4445 :
3606 4412 3625 4443 ι
3661 4394 3809 4449 Nam

2207 4482 2263 4527 et
2304 4473 2441 4527 idem
2480 4472 2539 4527 Β.
2569 4474 2920 4539 Romualdns,
2964 4479 3125 4533 ntsui
3156 4491 3557 4535 consueverunt
3589 4486 3811 4539 referre

606 4560 887 4639 Ercniitica
917 4559 1096 4639 regula
1195 4558 1336 4639 Petri
1355 4560 1593 4639 Damiani
1626 4560 2103 4639 in-eremopanmj-
2137 4569 2183 4627 ι)
2211 4562 2478 4633 discipuli,
2501 4566 2579 4620 sic
2604 4567 2775 4619 mstivi
2802 4569 3059 4637 temporis
3085 4570 3809 4639 hebdomadasalternabat,

601 4630 804 4685 dulensi
827 4629 931 4682 vim
960 4628 1092 4697 legis
1117 4628 1345 4697 obtinuit
1363 4644 1424 4682 ex
1448 4628 1505 4681 ll.
1528 4629 1802 4697 ltodulplio
1826 4630 2018 4697 priore.
2045 4628 2098 4684 5.

605 4700 755 4766 Quod
793 4696 1127 4765 ostenditur.
1157 4696 1190 4750 6
1235 4706 1291 4751 et
1326 4700 1377 4750 7.
1407 4696 1831 4752 Avellanitarum
1880 4715 2099 4766 congre-

604 4772 766 4838 gatio.
814 4784 881 4823 ex
912 4766 1181 4821 Ludovico
1209 4766 1430 4838 duPin,
1464 4769 1670 4838 species
1714 4776 1831 4823 erat
1862 4766 2096 4835 ejusdem

607 4836 949 4891 eremitarnm
982 4838 1191 4904 generis
1222 4852 1249 4889 a
1292 4836 1587 4891 Romualdo
1627 4838 1876 4892 instituti.
1912 4842 1963 4894 ὃ.
2000 4838 2099 4893 Ea-

605 4908 724 4962 dem
758 4905 1059 4967 Romnaldi,
1087 4917 1205 4974 quae
1236 4907 1375 4960 Petri
1406 4906 1648 4961 Damiani
1686 4909 1952 4961 institutio
1972 4948 1986 4971 ,
2032 4923 2097 4963 ex

596 4976 875 5030 Ludovico
924 4974 1292 5045 Ἰίιιοιιιςιεείιια
1332 4976 1385 5031 9.
1434 4976 1549 5045 Ipse
1584 4976 1773 5032 Petrus
1814 4978 2100 5033 Damianns

604 5044 863 5112 ejusmodi
892 5044 1201 5097 afﬁnitatem
1232 5053 1475 5098 testatur.
1520 5046 1602 5098 10.
1638 5047 1880 5114 Ilospitii,
1913 5058 1962 5100 et
1997 5047 2106 5100 suf-

607 5114 899 5183 fragiorum
931 5115 1235 5168 communio
1257 5116 1395 5167 inter
1413 5116 1846 5170 Camaldulenses
1872 5126 1926 5170 et
1952 5116 2106 5171 Avel-

610 5184 799 5237 lanitas
840 5184 1217 5238 vetustissimis
1255 5186 1583 5251 temporibus
1607 5188 1757 5240 inita.
1786 5187 1867 5238 11.
1898 5188 2109 5239 Avella-

600 5253 840 5309 ιῐιὶιςιτιιιιι
868 5255 1078 5306 habitus
1104 5254 1283 5307 colore
1310 5264 1363 5307 et
1407 5254 1575 5307 forma
1618 5254 2104 5309 (Latmildttlensinm

610 5325 848 5377 vestibus
894 5322 1209 5393 simillimus.
1244 5323 1324 5377 12.
1360 5324 1519 5377 Iidem
1558 5326 1787 5393 cingulo.
1832 5334 1885 5377 ut
1915 5328 2105 5389 nostri,

605 5393 913 5447 utebantur.
943 5391 1067 5444 ibid.
1092 5391 1281 5447 Petrus
1308 5394 1547 5447 Damiani
1577 5391 1764 5461 pot—tori
1793 5397 1965 5447 adhuc
1985 5412 2106 5459 iure

605 5476 764 5530 quam
810 5461 987 5515 cmtcri
1024 5462 1350 5523 Avellatttlae,
1395 5465 1459 5514 ad
1506 5464 1966 5518 Canulsulensem
2016 5482 2105 5518 or-

604 5532 785 5586 dinem
820 5541 1065 5599 spectare
1089 5533 1384 5585 ostenditur
1418 5532 1500 5585 15.

604 5621 645 5677 1.
696 5622 823 5689 Qua:
868 5622 1077 5677 duobus
1116 5624 1543 5692 prmcedentibus
1590 5625 1854 5693 capitibus
1907 5628 2105 5680 cursim

534 5710 763 5767 delibata
789 5721 913 5765 sunt
934 5712 1078 5766 circa
1110 5721 1414 5765 nostrorum
1440 5712 1926 5769 Cmnaldulcnsimn
1949 5727 2110 5787 atque

534 5800 954 5858 Avellanitarum
1014 5812 1254 5857 veterum
1304 5802 1517 5857 vivendi
1586 5819 1832 5873 morem,
1899 5806 2109 5863 abunde

2210 4662 2268 4706 ut
2295 4668 2455 4707 unam
2488 4656 2704 4725 quidem
2734 4672 2762 4709 a
2798 4658 3071 4711 Dominica
3103 4660 3155 4712 iu
3188 4659 3523 4717 Dominicam
3548 4664 3601 4717 in
3630 4680 3810 4733 pane,

2208 4754 2263 4799 et
2292 4761 2427 4815 aqua
2453 4746 2744 4813 jejunando
2773 4750 3115 4820 transigeret,
3159 4751 3383 4809 alterius
3426 4770 3557 4809 vero
3588 4756 3813 4814 hebdo-

2211 4836 2379 4890 madze
2406 4836 2736 4906 pulmentum
2766 4838 2950 4906 quinta
2981 4838 3112 4893 feria
3141 4842 3513 4898 manducarct.
3550 4862 3570 4895 ι

2280 4925 2361 4979 Ill.
2418 4926 2679 4982 Similiter
2726 4928 2862 4983 idem
2919 4930 3212 4986 Damianus
3266 4943 3397 4987 tom.
3454 4934 3496 5001 I,
3561 4935 3655 4990 lib.
3719 4954 3811 5004 vi,

2212 5016 2371 5085 epist.
2420 5017 2510 5080 26,
2570 5030 2628 5072 nt
2670 5020 2987 5075 modestiam
3036 5024 3089 5075 in
3135 5022 3461 5079 feminarttm
3512 5026 3817 5097 colloquiis

2212 5105 2417 5161 Marino
2444 5108 2707 5162 tt‘.0ll:lCll0
2730 5110 2956 5178 patrm-li
2986 5127 3083 5165 suo
3101 5117 3463 5175 commendet,
3485 5117 3815 5186 exemplum

2211 5197 2269 5251 Β.
2301 5198 2600 5263 ιὶοιιιιιιιωί,
2632 5201 2719 5269 qui
2746 5200 3061 5269 discipulum
3098 5204 3274 5256 nimia-
3300 5205 3632 5258 curiositatis
3673 5222 3819 5275 pru-

2211 5289 2399 5342 denter
2431 5292 2723 5359 redarguit,
2754 5290 2824 5343 illi
2856 5293 2923 5343 ob
2951 5291 3135 5344 oculos
3162 5293 3331 5362 ponit,
3362 5309 3426 5347 ac
3458 5294 3619 5363 paulo
3650 5306 3817 5365 post,

2212 5390 2271 5432 ut
2319 5381 2385 5433 ad
2438 5379 2780 5433 sobrietatem
2827 5382 3180 5441 servandam,
3235 5391 3290 5435 et
3335 5383 3664 5451 bypuerisim
3716 5386 3820 5437 Iu-

2214 5472 2460 5541 giendam
2503 5472 2749 5524 (’llllitit‘llt
2796 5473 3015 5533 excitet,
3065 5472 3287 5525 subdit:
3345 5492 3362 5523 ι
3429 5472 3541 5528 Nec
3583 5475 3822 5544 ittt‘plt‘s

2215 5563 2448 5630 applices
2486 5582 2503 5613 ι
2544 5564 2641 5616 hoc
2678 5574 2759 5617 est
2799 5580 2902 5617 non
2948 5566 3120 5618 otiose
3151 5566 3361 5625 audias.
3411 5569 3505 5620 sed
3540 5568 3688 5621 serio
3720 5568 3823 5620 in-

2216 5655 2405 5707 lendas
2440 5672 2456 5702 ι
2495 5654 2633 5721 quod
2664 5670 2802 5723 saepe
2852 5656 2962 5708 suis
3000 5654 3278 5724 discipulis
3312 5657 3395 5709 vir
3442 5655 3657 5712 lloniiui
3694 5657 3825 5710 Ilo-

2216 5742 2457 5797 mualdus
2505 5744 2719 5796 aiebat:
2763 5744 3001 5809 Fratres,
3051 5746 3243 5813 inquit,
3276 5762 3397 5799 cum
3449 5747 3501 5798 in
3539 5763 3825 5816 quomin-

2217 5831 2342 5881 libet
2382 5841 2646 5883 conventu
2698 5832 2917 5885 reficitis
2973 5837 3195 5886 ‘Iilrm'is
3240 5835 3303 5885 ίισΙ
3334 5835 3514 5884 cibum
3560 5836 3825 5901 "macris,
