4040 6376
271 389 329 446 rs
1140 381 1683 440 rnomconsaa.
1710 413 1780 424 -
1821 383 1910 440 οε
1942 383 2320 441 INSTITUTO
2345 385 2750 444 CAMALDL’L.
3485 398 3555 455 η

270 506 314 560 in
340 503 446 572 ipso
476 496 788 554 refectiouis
820 495 974 552 initio
995 497 1230 568 parcite;
1262 509 1316 553 et
1347 514 1467 553 cum
1494 499 1608 569 jam
1641 497 1746 551 illis
1777 511 1844 552 ex
1874 502 1922 563 Α
1954 499 2034 554 vel
2059 511 2280 566 extera,
2301 517 2423 570 qua:
2452 502 2612 572 hujus
2635 506 2803 559 eremi
2836 506 3023 564 usibus
3053 512 3307 570 videntur
3332 527 3555 576 contra-

270 603 402 668 parte
437 588 780 644 satisfactum
825 587 1004 648 fuerit.
1043 603 1135 643 vos
1178 588 1450 650 iueboate,
1479 599 1750 657 quatenus
1787 598 1844 642 ct

267 681 552 755 hypocrisis
582 689 764 734 notam
794 680 1014 749 possitis
1039 679 1292 739 evadere,
1330 689 1382 733 ct
1411 681 1723 734 sobrietatis
1757 694 1842 733 re-

263 746 420 845 gulam
456 771 578 824 sine
616 769 914 824 olfensione
945 784 1182 823 servare.
1240 789 1258 821 ›
1297 771 1362 824 Et
1399 771 1585 824 eodem
1625 771 1717 823 lib.
1760 785 1837 834 vr,

262 865 400 934 epist.
422 861 515 923 5t),
538 861 602 913 ad
626 860 969 914 Tln-uzonem
993 862 1299 922 erentitam,
1330 870 1515 914 narrat
1540 861 1840 914 rationibus

261 952 489 1022 sepositis
517 951 585 1003 ad
612 949 991 1004 auctoritatem
1018 950 1075 1003 S.
1111 950 1394 1004 Romualdi
1424 967 1484 1005 sc
1508 952 1836 1021 confugisse,

261 1054 313 1098 ut
355 1043 616 1096 intentum
668 1041 942 1095 evincerct
1001 1059 1014 1095 :
1067 1059 1086 1092 σ
1145 1040 1423 1106 Tamlcm,
1471 1042 1664 1110 inqttit,
1713 1057 1837 1095 cum

256 1135 303 1189 in
325 1141 468 1185 arcto
489 1129 682 1198 positi,
709 1131 1083 1199 tnultiplicium
1111 1129 1476 1197 objectionum
1510 1131 1644 1185 valla
1657 1149 1839 1187 remur

256 1220 522 1291 angustiis,
549 1219 638 1272 ubi
671 1219 1026 1273 ratiocinamli
1057 1223 1213 1289 copia
1245 1233 1533 1290 suppetere
1562 1223 1743 1286 desiit,
1768 1224 1835 1276 ad

252 1320 550 1365 sanctorum
590 1325 712 1363 ntox
743 1309 983 1379 exeazpla
1018 1310 1381 1380 confugiunts,
1416 1323 1473 1364 ut
1507 1311 1614 1366 illis
1638 1314 1833 1367 saltem

241 1402 370 1456 ﬁdes
415 1399 706 1464 habeatur,
749 1416 976 1469 quorum
1009 1401 1307 1454 auctoritas
1347 1403 1412 1454 ad
1455 1403 1834 1470 probationem

242 1493 604 1561 cujuscunque
640 1494 838 1558 negotii
889 1493 1269 1546 incunctanter
1307 1494 1634 1547 admittitur.
1670 1493 1835 1549 Cmn-

240 1603 340 1658 que
385 1602 549 1654 super
595 1587 829 1654 quodam
876 1585 1289 1654 disceptationis
1339 1586 1575 1642 articulo
1621 1587 1678 1641 S.
1728 1587 1832 1642 lto-

243 1679 476 1733 nnraldus
506 1679 558 1730 itt
599 1677 966 1731 testimonium
1000 1678 1310 1739 duceretur,
1347 1697 1364 1728 ›
1399 1689 1508 1732 etc.

303 1769 386 1822 IV.
425 1766 680 1822 Vicissim
711 1783 837 1822 vero
885 1767 1125 1821 Damiani
1173 1770 1475 1824 auctoritas
1525 1770 1578 1823 itt
1607 1771 1830 1826 Camul-

238 1859 532 1914 duleusium
561 1860 782 1913 statutis
817 1860 1010 1929 sa‘pius
1059 1860 1366 1913 invocatur.
1404 1860 1494 1915 Sic
1527 1861 1588 1914 iu-
1613 1864 1824 1916 consti-

233 1953 454 2014 tutione,
486 1968 651 2021 quam
697 1951 945 2006 Placidus
993 1953 1161 2006 eremi
1195 1951 1628 2009 Camaldulcnsis
1651 1957 1820 2024 prior,

238 2052 288 2097 et
317 2041 582 2095 Martinus
616 2042 857 2111 ejusdem
909 2043 1076 2096 eremi
1109 2045 1376 2112 provisor,
1421 2047 1584 2100 unico
1611 2058 1735 2116 post
1763 2048 1822 2102 Β.

233 2130 570 2200 Rodulplium
601 2131 817 2190 sa‘culo,
841 2131 1271 2202 promulgarunt,
1290 2134 1489 2188 silentii
1508 2135 1822 2205 disciplina,

237 2219 448 2289 ejusque
467 2222 772 2274 necessitas
801 2221 1120 2275 confirmata
1155 2223 1516 2294 legitur,quia
1545 2225 1820 2295 inquiunt,

237 2329 255 2361 ι
283 2311 467 2366 l’elrus
498 2312 796 2365 Damiamts
817 2311 889 2364 ait
921 2331 931 2364 :
967 2313 1220 2369 Ercmitm
1243 2315 1475 2370 oﬂieium
1501 2327 1586 2371 est
1609 2316 1822 2386 jejunio

235 2403 549 2470 silentioque
570 2403 874 2471 quiescere.
912 2423 928 2453 ι
952 2402 1017 2456 Ει
1045 2403 1095 2456 itt
1115 2406 1395 2460 cremitica
1420 2407 1629 2476 regula,
1654 2424 1818 2478 quam

233 2492 421 2562 naulus
462 2491 808 2548 Justinianus
852 2495 1041 2556 edidit.
1077 2505 1186 2549 tttm
1233 2513 1354 2567 cap.
1381 2499 1471 2563 47,
1496 2501 1682 2556 verbis
1705 2502 1817 2571 jam

222 2584 432 2637 dissert.
469 2583 522 2645 1,
556 2599 672 2653 cap.
698 2583 751 2646 ἆ,
780 2601 924 2637 ηιιιιι.
962 2586 1048 2650 14,
1073 2587 1339 2653 adductis,
1373 2609 1390 2640 ι
1424 2589 1820 2647 Ροιιῆυτιιυίη-

228 2675 276 2727 ni
321 2693 338 2724 ι
391 2675 695 2728 auctoritas
744 2675 889 2729 circa
953 2677 1295 2747 disciplinam
1343 2681 1816 2751 suscipiendorum

227 2761 555 2816 seettlarium
586 2763 638 2816 in
667 2778 851 2818 cretno
888 2768 1235 2835 proponitur;
1283 2778 1392 2823 tum
1423 2771 1551 2826 alibi
1586 2775 1812 2842 passim,

228 2863 280 2906 ut
303 2855 441 2909 circa
474 2855 676 2924 prioris
725 2858 894 2910 eremi
930 2859 1228 2926 qualitates
1276 2861 1492 2932 aliaque
1527 2865 1720 2926 multa,
1745 2867 1811 2921 ad

225 2944 450 3012 ejusdem
483 2964 501 2995 ι
543 2945 688 2999 Petri
748 2947 994 3001 Damiani
1037 2969 1054 3000 ι
1092 2953 1408 3007 sanctiones
1457 2967 1810 3023 provocatur,

217 3051 330 3088 cum
369 3036 597 3105 insuper
632 3055 650 3087 ι
698 3039 1036 3094 cretnitieam
1067 3043 1306 3110 regulam
1333 3044 1478 3099 Petri
1507 3047 1751 3104 Damiani
1787 3072 1803 3102 ι

220 3141 277 3178 ex
303 3128 512 3194 integro
539 3129 729 3192 edere,
761 3139 812 3182 et
837 3132 1034 3201 regula:
1065 3137 1360 3190 eretttilicze
1410 3136 1467 3190 S.
1516 3138 1805 3197 Rumttaldi

214 3217 363 3269 simul
413 3219 770 3288 conjungere,
820 3223 1119 3292 eodemque
1179 3228 1464 3296 complecti
1505 3231 1804 3299 volumine,
1837 3252 1880 3308 ρ

211 3308 347 3361 idem
395 3310 743 3366 Justiuianus
796 3328 899 3365 non
931 3314 1281 3380 dubitaverit,
1311 3322 1526 3376 czetcris
1555 3323 1681 3378 licet
1703 3327 1805 3379 Ca-

209 3399 639 3457 maldulensibus
689 3405 1168 3462 COItstilltiiottithS
1219 3409 1513 3483 llodulpbi,
1571 3416 1800 3486 Placidi,

213 3489 492 3555 Gberardi,
549 3495 764 3548 Martini
795 3498 1018 3552 onmiuo
1069 3503 1400 3570 postpositis,
1433 3509 1590 3574 quasi
1641 3511 1804 3565 nimi-

213 3595 318 3633 rum
369 3583 724 3655 intelligeret,
774 3586 825 3640 in
879 3587 1010 3642 solis
1043 3588 1191 3644 Petri
1235 3592 1479 3650 Damiani
1511 3598 1796 3667 institutis,

212 3673 461 3742 quidquid
521 3676 576 3728 in
627 3677 867 3730 omnium
914 3678 1018 3732 I‘P.
1053 3691 1365 3736 nostrorum
1425 3690 1799 3745 sanctiooibus

207 3766 532 3830 continetur,
564 3776 821 3836 tanquam
850 3771 898 3822 in
919 3787 1017 3824 suo
1045 3772 1219 3838 fonte,
1242 3777 1460 3844 melius,
1486 3791 1542 3833 et
1570 3783 1797 3840 uberius

209 3856 456 3923 reperiri;
493 3874 598 3911 nec
621 3859 754 3913 Satis
787 3860 1080 3928 perfectam
1109 3873 1258 3918 ratus
1295 3883 1472 3933 suarn,
1501 3886 1567 3925 ex
1601 3873 1659 3926 S.
1689 3874 1796 3929 llo-

206 3948 393 4000 mnaldi
426 3951 836 4014 traditionibus,
863 3962 917 4006 et
946 3964 1355 4012 antecessorum
1385 3964 1633 4017 omnium
1666 3967 1796 4021 seri-

204 4039 330 4102 ptis;
363 4041 448 4095 vcl
482 4057 584 4112 per
615 4060 806 4098 manus
865 4047 1127 4103 traductis
1160 4055 1651 4113 consuetudiniluts
1680 4061 1793 4115 eol-

201 4126 400 4194 lectam,
431 4134 680 4202 regulam
712 4139 1070 4204 ercmiticam,
1104 4142 1204 4196 nisi
1235 4142 1380 4199 Petri
1417 4145 1670 4206 [‘amiani
1701 4169 1790 4208 co-

201 4231 346 4285 gnato
399 4223 589 4278 libello
624 4244 640 4274 ι
682 4227 755 4282 De
803 4244 913 4282 sua:
963 4236 1404 4302 congregationis
1462 4239 1727 4298 institutis
1764 4269 1782 4297 ι

201 4316 437 4369 traetanti
471 4319 845 4387 copularetur,
876 4337 905 4376 a
936 4339 1043 4391 quo
1095 4326 1378 4394 majorem,
1417 4341 1472 4387 et
1508 4333 1708 4401 lucem,
1734 4349 1789 4393 et

199 4400 500 4460 ﬁrmitatem
537 4409 831 4476 acciperet.

263 4492 315 4546 ν.
351 4495 464 4550 luto
497 4499 731 4566 ipsumet
767 4522 784 4552 r
818 4502 962 4558 Petri
1013 4505 1259 4565 Damiani
1293 4516 1573 4573 ercmitiea
1621 4538 1782 4594 regu-

196 4585 236 4634 la
271 4606 286 4636 ι
326 4589 375 4640 in
404 4605 600 4645 eremo
648 4592 1044 4653 Camaldulensi
1103 4604 1216 4657 sola
1270 4608 1335 4659 azl
1369 4611 1776 4673 observandum
1814 4611 1861 4669 D

195 4674 490 4746 aliquandiu
541 4687 821 4752 proposita
870 4691 1101 4756 exstitit,
1162 4697 1410 4754 videlicet
1437 4718 1608 4773 usque
1647 4709 1774 4764 dum

194 4766 242 4818 Β.
277 4769 600 4840 ltodulpbus
623 4777 767 4842 prior
795 4794 922 4832 suas
957 4782 1140 4838 ederet
1173 4792 1614 4851 constitutiones.
1644 4800 1777 4866 Qui-

193 4857 276 4913 bus
303 4873 487 4918 tamen
519 4882 630 4918 non
687 4881 968 4938 propterea
1005 4875 1122 4943 ejus
1147 4881 1225 4933 vis
1259 4885 1475 4951 penitus
1511 4889 1771 4961 abrogata

190 4960 278 5011 cst,
305 4958 396 5006 sed
436 4973 572 5020 uno,
618 4960 699 5012 vel
749 4963 919 5018 altero
942 4966 1215 5024 duntaxat
1259 4977 1491 5034 articulo
1513 4958 1766 5056 excepto,

193 5036 234 5088 iu
262 5043 482 5112 reliquis
523 5049 705 5102 adbuc
733 5066 990 5119 expresse
1019 5065 1314 5127 approbata
1363 5074 1558 5125 mansit
1585 5036 1769 5132 aliien-

1944 595 2050 657 tia,
2081 610 2254 663 caque
2279 594 2520 650 breviter
2543 598 2937 668 descripsimus
2960 601 3014 658 in
3038 604 3141 662 bac
3165 612 3382 683 pagina,
3413 630 3553 684 pm.

1945 685 2346 744 termittantur.
2401 687 2684 756 quoniam,
2742 700 2802 745 ιιι
2858 693 2960 763 ipsi
3019 697 3237 765 videtis,
3273 707 3552 778 pnecipua

1941 787 2067 831 sunt
2102 778 2238 840 batc,
2271 787 2326 832 et
2354 781 2592 835 arctinra
2616 798 2630 846 ;
2657 793 2824 854 alqtte
2855 785 2906 841 in
2954 790 3057 846 hac
3082 806 3268 850 eremo
3294 799 3553 868 primitus

1939 868 2234 922 observata
2269 885 2434 938 quam
2485 872 2600 941 ipsa
2636 873 2843 945 Regula
2888 877 3082 937 fuisset
3110 885 3408 958 descripta.
3441 892 3552 950 Sed

1941 962 2151 1032 reliqua
2189 965 2396 1029 omnia,
2446 983 2568 1035 qua:
2599 968 2758 1036 lmjus
2787 976 2956 1028 eremi
2982 977 3178 1033 usibus
3209 987 3548 1043 convenien-

1942 1056 2040 1117 tia,
2070 1065 2125 1109 ct
2151 1055 2375 1120 similia,
2400 1067 2454 1111 et
2484 1060 2723 1128 qualiter
2771 1063 2931 1120 docet
2975 1084 3074 1124 nos
3131 1072 3185 1127 in
3244 1077 3467 1146 cellula,
3493 1090 3552 1137 et

1940 1143 2146 1198 deforis
2173 1160 2519 1215 permanere,
2558 1165 2659 1205 nec
2698 1168 2809 1207 non
2862 1155 3008 1212 intus
3049 1162 3328 1231 resistere,
3356 1171 3548 1225 etvir-

1942 1240 2086 1288 tutes
2118 1237 2428 1304 acquirere,
2459 1249 2515 1293 et
2541 1241 2926 1300 discretionem
2956 1249 3008 1302 in
3045 1255 3300 1312 omnibus
3326 1274 3550 1332 semper

1939 1329 2196 1394 retinere,
2227 1333 2486 1389 debemus
2510 1335 2737 1408 jugiter,
2767 1342 2984 1401 Christo
3006 1349 3320 1422 a:ljuvante,
3354 1358 3548 1416 obser-

1940 1435 2094 1485 vare,
2145 1433 2196 1478 et
2232 1441 2508 1496 nunquam
2545 1427 2603 1483 S.
2647 1430 2936 1489 Romualdi
2987 1447 3045 1492 et
3083 1455 3411 1502 cancrorum
3446 1449 3546 1507 no-

1938 1522 2179 1568 strorum
2211 1527 2624 1576 antecesserunt
2671 1527 2820 1594 pium
2879 1544 3034 1585 usum
3075 1533 3481 1608 derelinquere.
3520 1566 3538 1597 ι

2010 1604 2095 1660 γι.
2132 1607 2426 1665 Enimvero
2456 1614 2597 1668 bane
2647 1635 2664 1666 ι
2715 1620 3057 1678 eremiticam
3089 1629 3356 1698 regulam,
3403 1654 3421 1688 ι
3475 1638 3545 1693 do

1935 1710 2040 1764 qua
2066 1696 2387 1769 Rudulpbus
2412 1704 2676 1774 loquitur,
2700 1710 2863 1767 aliam
2896 1729 3018 1771 esse
3045 1734 3150 1774 non
3177 1738 3357 1792 posse,
3398 1745 3543 1798 prte-

1937 1797 2020 1840 ter
2052 1788 2198 1843 illant
2246 1791 2394 1847 Petri
2445 1796 2713 1864 Datttiani,
2747 1818 2908 1870 quam
2941 1806 3145 1862 Paulus
3178 1788 3539 1878 'Justiniamts

1862 1893 1905 1952 Β
1936 1887 2058 1946 post
2091 1882 2510 1940 constitutiones
2535 1903 2663 1943 suas
2700 1891 2970 1949 edendam
3001 1912 3237 1967 censurt,
3264 1907 3545 1978 colligitur

1931 1970 2131 2038 primo,
2158 1973 2284 2042 quia
2314 1973 2410 2028 illa
2444 1976 2561 2046 ipsa
2615 1992 2720 2045 est,
2752 2000 2874 2054 qua:
2902 2005 2921 2040 ι
2959 1989 3025 2044 de
3049 1991 3300 2052 lancibus
3334 1970 3545 2060 baben-

1929 2062 2015 2116 dis
2042 2063 2094 2116 itt
2125 2065 2260 2119 cella
2296 2069 2362 2122 ad
2385 2072 2543 2139 panis
2571 2088 2885 2133 mensuram
2930 2084 3364 2153 ponderandam,
3411 2116 3429 2148 δ
3462 2097 3543 2153 Ιο-

1926 2155 2116 2223 quitur
2145 2171 2336 2226 Opusc.
2393 2176 2483 2226 xv,
2534 2179 2657 2236 cap.
2717 2169 2772 2233 8,
2826 2171 2982 2240 cujus
3033 2184 3242 2234 textum
3286 2189 3542 2256 superius

1913 2243 2252 2308 adduximus
2275 2265 2396 2319 cap.
2426 2251 2479 2314 5,
2512 2269 2662 2308 ιιιιιη.
2692 2256 2775 2311 H.
2808 2259 2950 2316 Idem
2977 2266 3253 2338 colligitur
3271 2243 3538 2343 secundo,

1926 2348 1995 2388 ex
2025 2351 2134 2404 quo
2158 2338 2246 2392 illa
2280 2341 2394 2410 ipsa
2421 2344 2514 2408 sit,
2541 2360 2662 2415 qua:
2689 2368 2707 2399 ι
2740 2349 2968 2408 Sabbati
2997 2356 3292 2428 jejunium,
3335 2385 3354 2418 ι
3380 2338 3538 2423 extra

1925 2423 2406 2498 Quadragesimas,
2460 2449 2679 2505 semper
2721 2448 2832 2494 tam
2875 2423 3089 2510 aestate,
3121 2423 3290 2518 quam
3331 2456 3536 2523 bieme.

1923 2528 2148 2587 propter
2175 2521 2478 2580 imbecilles
2516 2528 2868 2588 relaxandum
2903 2536 3168 2612 indulget,
3202 2562 3268 2601 ac
3300 2521 3535 2622 simplici

1925 2612 2207 2667 refectioni
2234 2631 2356 2670 eum
2387 2620 2693 2689 pulmento,
2729 2637 2784 2682 et
2810 2629 2935 2686 vino
2965 2635 3360 2707 deputandum,
3391 2612 3538 2714 quod

1924 2703 2101 2772 ipsmn
2143 2706 2371 2780 intelligi
2411 2713 2584 2768 voluit
2641 2716 2966 2792 Rodulpbus
3000 2744 3062 2782 ea
3098 2703 3428 2790 formulaei
3462 2741 3538 2795 De

1921 2796 2010 2850 die
2063 2795 2287 2853 Sabbati
2335 2806 2674 2864 manducare
2705 2812 2771 2864 ad
2818 2831 3098 2885 incusant;
3143 2841 3160 2873 ι
3197 2827 3272 2880 ait
3297 2831 3446 2884 enim
3478 2833 3532 2888 in

1916 2891 2142 2944 constit.
2182 2895 2310 2947 atmi
2338 2896 2494 2964 £080,
2531 2915 2651 2970 cap.
2682 2902 2753 2956 20
2781 2923 2793 2958 :
2826 2926 2844 2957 ι
2871 2909 2952 2963 Ad
2985 2928 3228 2971 mensam
3258 2936 3387 2975 vero
3415 2941 3531 2978 orn-

1919 2979 2079 3034 nibus
2130 2984 2324 3039 diebus
2369 2992 2601 3058 gemime
2655 2994 2996 3068 refectionis,
3050 3018 3144 3060 aut
3172 3010 3464 3081 simplicis,
3504 3037 3523 3068 ι

1917 3070 2179 3128 nimirum
2237 3093 2344 3130 non
2406 3080 2632 3150 perfecti
2676 3103 2697 3137 ι
2747 3088 2941 3157 jejunii
2996 3103 3366 3159 communiter
3397 3109 3526 3162 reli-

1917 3162 2064 3218 ciunt
2109 3165 2348 3234 fratres;
2392 3190 2408 3222 ι
2455 3189 2580 3228 nam
2634 3178 2830 3236 diebus
2888 3185 3236 3246 abstinentia:
3286 3199 3445 3264 panis
3473 3210 3528 3253 et

1917 3267 2072 3322 aqua:
2105 3260 2299 3329 singuli
2355 3264 2405 3315 in
2440 3265 2592 3322 cellis
2642 3272 2776 3336 suis,
2822 3292 2840 3324 ‹
2886 3279 3046 3333 nudis
3091 3285 3321 3352 pedibus
3359 3305 3526 3362 super

1909 3347 2230 3413 pavimento
2261 3355 2518 3410 sedentes
2565 3358 2879 3433 librumque
2921 3383 3098 3426 sacrm
3157 3347 3521 3437 lectionisin~

1905 3445 2145 3505 tuentes,
2188 3461 2206 3492 ι
2251 3443 2662 3516 reficiebantur,
2708 3463 2764 3506 ut
2792 3456 2990 3512 ibidem
3049 3461 3371 3537 Rodulpbus
3402 3475 3518 3539 ait;

1905 3532 1984 3584 ait
2036 3548 2181 3588 emm
2237 3536 2541 3596 D.unianus
2581 3543 2730 3600 dicto
2783 3554 3052 3619 opusculo
3105 3574 3194 3625 xv,
3226 3532 3348 3633 cap.
3406 3532 3513 3621 15;

1911 3641 1929 3674 ι
1973 3623 2259 3684 Credimus
2289 3648 2735 3708 unumquemque
2775 3655 3004 3701 tratrem
3037 3667 3090 3704 tu
3135 3655 3330 3710 cellula
3363 3674 3516 3715 com-

1905 3728 2234 3782 morantent,
2272 3723 2373 3776 nisi
2425 3728 2652 3783 omnino
2683 3745 2921 3802 :rgrotus
2953 3740 3042 3802 sit,
3097 3743 3167 3796 ita
3196 3757 3254 3799 ut
3285 3749 3516 3808 decum-

1901 3807 1998 3860 bat
2018 3810 2239 3878 quidem
2267 3813 2320 3866 itt
2349 3813 2570 3881 lectulo,
2609 3831 2725 3877 toto
2753 3827 2880 3880 anui
2911 3836 3178 3900 tmpore,
3205 3838 3321 3894 sive
3346 3853 3516 3898 testa-

1903 3907 1956 3950 te
2018 3900 2290 3966 videlicet,
2341 3905 2456 3960 sive
2499 3908 2698 3975 bietne,
2766 3917 2942 3973 tribtts
2976 3937 3071 3990 per
3112 3925 3511 3989 hebdomadam

1900 3989 2089 4044 diebus
2130 3995 2382 4063 jejuuare
2435 4001 2485 4054 in
2520 4019 2660 4071 pane
2687 4018 2742 4062 et
2783 4027 2926 4081 aqua
2956 3989 3079 4071 eum
3110 4020 3200 4075 Dei
3236 4024 3513 4094 adjutoriu

1899 4079 2159 4138 facillime
2192 4103 2373 4154 posse,
2402 4102 2451 4146 et
2479 4097 2740 4163 quoniam
2793 4102 3034 4161 Sabbato
3060 4111 3312 4180 jejunare
3342 4136 3512 4177 eano-

1899 4171 2037 4224 nic:e
2067 4176 2378 4232 traditionis
2413 4184 2789 4243 autltenlicum
2830 4203 2934 4259 est,
2973 4171 3078 4252 uati
3117 4219 3285 4270 grave
3318 4209 3507 4266 videa-

1899 4269 1986 4314 tur
2014 4262 2170 4318 fratri
2197 4268 2362 4321 etiam
2400 4270 2645 4332 Sabbato
2690 4281 3046 4342 refectionem
3077 4294 3143 4347 ad
3175 4311 3376 4354 nonam
3413 4305 3509 4359 bn-

1895 4368 2013 4406 rant
2055 4372 2227 4427 usque
2260 4361 2504 4430 diiferre,
2557 4380 2614 4422 ut
2643 4375 2814 4428 semel
2854 4379 3074 4446 quidem
3122 4385 3238 4455 ipso
3268 4392 3354 4446 die
3384 4399 3507 4450 rell-

1892 4448 2091 4514 ciatur,
2142 4455 2236 4506 sed
2273 4465 2454 4512 tamen
2499 4462 2684 4519 viuum
2733 4480 2901 4539 atque
2947 4475 3288 4544 pulmentum
3325 4491 3507 4556 perci-

1891 4551 2020 4606 pere
2069 4557 2134 4595 cx
2165 4543 2326 4610 hujus
2360 4559 2560 4606 nostra:
2597 4555 2963 4619 institutionis
3021 4567 3362 4642 indulgentia
3394 4598 3502 4638 non

1890 4641 2122 4687 vetetur.
2157 4635 2223 4689 Et
2256 4638 2360 4694 hoc
2399 4643 2620 4710 quidem
2662 4660 2874 4720 testate,
2929 4673 3054 4714 nam
3081 4664 3150 4718 ab
3177 4635 3365 4727 idibus
3403 4635 3502 4730 se!

1888 4727 2174 4793 ptembris,
2206 4746 2377 4802 usque
2403 4738 2470 4790 ad
2523 4738 2788 4800 Pascliale
2816 4750 3098 4823 gaudium,
3133 4772 3372 4828 quatuor
3401 4785 3500 4839 per

1888 4818 2284 4879 hebdomadam
2321 4829 2512 4886 diebus
2545 4841 2760 4895 noverit
2813 4818 3204 4919 jejuuandum;
3239 4861 3334 4914 sed
3360 4818 3418 4918 ei
3446 4868 3494 4921 si

1884 4909 2180 4978 aliquando
2236 4925 2384 4973 tanta
2441 4924 2696 4983 debilitas
2745 4936 3030 5004 acciderit,
3061 4943 3290 5005 hiberno
3323 4956 3491 5013 etiam

1885 5009 2128 5073 tempore
2160 5007 2247 5061 die
2306 5010 2553 5081 Sabbati,
2584 5031 2681 5074 aut
2715 5024 3080 5093 leguminibus
3144 5038 3364 5109 infusis,
3396 5060 3493 5104 aut

1882 5093 2172 5151 bet-barum
2227 5105 2525 5173 radicibus,
2560 5111 2673 5167 sive
2727 5118 2895 5172 etiam
2947 5127 3146 5192 pomis,
3181 5133 3400 5193 solitum
3432 5141 3491 5196 li~

189 5129 292 5184 deut
335 5135 653 5207 Rodulpbo,
681 5145 771 5212 qui
824 5147 874 5200 in
927 5153 1411 5215 constitutionibus
1444 5167 1574 5222 anni
1606 5129 1766 5239 ίοέὲ,

190 5221 253 5275 sic
283 5227 352 5280 ait
386 5243 400 5280 :
439 5248 457 5278 ι
500 5231 887 5306 Unusquisque
919 5240 1090 5297 frater
1114 5245 1298 5302 lant-es
1331 5253 1380 5304 in
1417 5256 1552 5311 cella
1581 5261 1764 5328 habet,

187 5331 289 5369 eum
314 5323 515 5390 quibus
557 5339 750 5394 pensat
803 5339 913 5385 tres
962 5349 1150 5402 panes,
1180 5355 1318 5410 quos
1346 5348 1545 5417 aeripit
1575 5369 1768 5412 omnes

187 5409 283 5462 dies
339 5414 654 5470 Dmninicos
685 5427 740 5471 ct
793 5422 980 5488 quinta
1018 5427 1186 5481 feria.
1226 5431 1286 5485 lit
1317 5435 1419 5489 alia
1467 5409 1639 5495 inulta
1675 5445 1761 5500 bis

185 5497 419 5556 fratribus
451 5509 785 5574 necessztria,
816 5526 935 5580 qua:
956 5519 1135 5571 outuia
1169 5527 1420 5589 prudenti
1445 5529 1615 5586 lector
1636 5552 1760 5590 erc-

185 5591 342 5644 tttiiitja
377 5597 574 5666 regula
621 5602 756 5655 satis
805 5605 1158 5665 demonstrat.
1205 5613 1310 5670 Sed
1343 5629 1753 5687 praecavendum

181 5694 250 5734 cst
276 5703 336 5739 ne
364 5705 459 5755 per
493 5693 602 5744 hoc
633 5697 775 5761 quod
822 5697 906 5750 illa
931 5701 1082 5766 dieil,
1127 5707 1193 5759 dc
1224 5709 1308 5765 die
1341 5712 1569 5771 Sztbbati
1604 5737 1754 5774 tttatt~

182 5771 360 5832 durate
395 5778 461 5832 ad
501 5798 774 5850 uteusam,
826 5791 949 5858 quia
1002 5809 1277 5867 nunquam
1328 5819 1445 5860 reos
1478 5809 1563 5863 ln'c
1620 5811 1750 5878 fuit,

1877 5186 2021 5237 cebit
2051 5187 2449 5263 aliquantisper
2496 5208 2805 5272 temperare
2829 5210 3098 5282 jejunium
3130 5236 3144 5274 :
3175 5224 3246 5278 ita
3274 5235 3480 5296 tamen,

1876 5285 1934 5326 ut
1965 5277 2007 5329 si
2041 5294 2205 5333 unum
2233 5286 2514 5350 quodlibet
2553 5294 2746 5348 bormn
2779 5314 2980 5366 sumat,
3006 5308 3177 5378 aliud,
3207 5318 3311 5373 nisi
3338 5277 3479 5381 vero;

1866 5371 2220 5426 necessitatis
2247 5389 2410 5430 causa
2443 5380 2752 5451 dietaterit,
2782 5406 2887 5446 non
2917 5396 3155 5465 adjiciat.
3194 5405 3482 5471 Postremo

1875 5465 2081 5525 tamen,
2112 5477 2333 5533 propter
2376 5471 2772 5541 pusillanimes,
2804 5482 2847 5534 si
2886 5483 2989 5539 boc
3027 5497 3332 5553 necessitas
3361 5517 3480 5556 ont-

1867 5549 2016 5605 nitno
2037 5561 2367 5622 poposcerit,
2387 5577 2507 5632 quze
2536 5567 2648 5620 lieri
2667 5574 2929 5637 pct'missa
2951 5587 3035 5632 est
3065 5583 3118 5635 in
3148 5598 3360 5659 aestate,
3379 5609 3473 5648 ea-

3208 5641 3213 5642 ,
3293 5641 3360 5659 η,

1865 5641 1986 5696 dem
2018 5647 2379 5704 Sabbatorum
2413 5655 2671 5713 discretio
2693 5676 2942 5719 servetur
2970 5673 3022 5724 itt
3055 5674 3249 5730 bieme.
3280 5702 3297 5731 ›
3321 5683 3474 5742 lianc

1864 5745 1995 5802 ergo
2019 5736 2284 5793 duntaxat
2317 5743 2679 5804 Sabbatorum
2711 5761 2818 5808 tam
2852 5764 3160 5827 generalem
3194 5771 3472 5830 remissio-

1863 5838 1989 5879 nem
2041 5828 2105 5882 in
2137 5845 2292 5887 saera
2351 5850 2536 5894 eremo
2587 5858 2692 5898 non
2737 5850 3102 5911 recipiendam
3147 5859 3466 5934 Rodulpbus
