4040 6372
551 391 617 446 Π
1478 380 1533 434 S.
1577 376 1850 434 PETRUS
1875 373 2150 431 DASllANl

2266 370 2325 425 S.
2363 371 2427 423 ll.
2468 369 2528 424 Ε.
2560 360 2989 423 CARDLNALIS.
3730 354 3795 408 08

553 505 765 568 statuit,
788 511 973 572 utpote
998 499 1113 568 ejus
1146 496 1520 553 consuetudini
1558 493 1906 551 contrariam.
1930 491 2125 559 quippe
2156 496 2197 551 Α
2229 484 2487 557 tiquaient
2541 484 2607 537 de
2654 479 2891 551 grandes
2931 473 3241 536 austérités,
3288 479 3340 525 et
3394 468 3650 524 faisaient
3703 466 3802 521 des

563 603 821 650 duntaxat
868 590 1163 645 cPascliali
1211 599 1468 655 tempore,
1511 606 1529 637 ι
1566 595 1623 637 ut
1668 592 1879 638 constat
1903 596 1968 634 ex
2005 579 2121 647 ejus

554 686 775 741 constit.
830 680 1098 762 prioribus
1154 694 1275 748 cap.
1312 678 1400 740 l2,
1431 692 1565 744 quas
1623 688 1784 743 supra
1838 670 2121 724 retulimus

556 790 675 845 cap.
706 775 762 837 3,
787 786 938 825 num.
960 759 1014 832 ξ),
1045 788 1061 820 ι
1092 778 1146 822 et
1179 769 1231 822 in
1261 767 1465 821 octavis
1506 772 1835 824 sanctorum,
1861 770 1913 813 et
1934 759 2123 813 diebus

558 861 952 933 phlebotomice,
990 878 1007 911 ι
1058 867 1154 912 aut
1191 877 1207 908 ι
1247 858 1315 911 ob
1344 869 1619 910 accessum
1644 852 1877 921 alicujus
1896 849 2123 905 Celebris

556 967 822 1023 personm,
856 969 874 1001 ι
922 949 1034 1003 sive
1071 967 1088 998 ι
1121 943 1535 1002 extraordinarii
1584 941 1781 995 laboris
1828 938 2043 1002 intuitu,
2068 947 2125 993 et

562 1047 611 1096 in
654 1041 911 1096 Sabbatis
945 1042 1230 1105 utramque
1276 1033 1752 1103 Quadragesimam
1810 1030 2120 1100 praeceden-

556 1133 721 1195 tibus,
750 1151 768 1183 ι
801 1139 1010 1200 poterat
1035 1126 1260 1182 Sabbati
1284 1123 1612 1180 abstinentia
1643 1120 1902 1185 relaxari,
1919 1135 1983 1173 cx
2008 1119 2125 1174 eius

553 1222 831 1277 constitut.
864 1220 1039 1283 citat.,
1068 1232 1186 1287 cap.
1220 1215 1309 1270 16.

633 1350 739 1405 Vll.
788 1349 933 1405 Idem
964 1350 1126 1402 etiam
1160 1347 1317 1401 tertio
1356 1345 1678 1409 ostenditur,
1709 1357 1773 1397 ex
1799 1357 1907 1412 quo
1928 1341 2125 1397 eremi-

562 1455 666 1493 tica
719 1436 920 1507 regula,
976 1437 1043 1491 de
1076 1450 1180 1504 qua
1234 1434 1473 1504 loquitur
1520 1431 1855 1501 Rodulpbus,
1887 1440 2127 1498 tempore

555 1533 674 1600 ipso
732 1531 874 1584 inter
922 1526 1350 1583 Camaldulensis
1407 1523 1575 1580 eremi
1632 1522 2022 1584 fundatiouem,
2073 1528 2129 1573 et

558 1620 825 1690 llodulpiii
878 1629 1091 1675 aetatem
1133 1617 1309 1673 medio
1356 1616 1647 1684 composita
1696 1622 1833 1676 erat,
1870 1614 1941 1666 ibi
1974 1630 1985 1663 :
2018 1632 2036 1663 ι
2072 1612 2125 1665 lu

560 1714 661 1765 liae
689 1727 871 1766 ere'no
906 1709 1155 1779 primitus
1183 1723 1211 1761 a
1244 1707 1445 1762 sanctis
1475 1706 1606 1760 viris
1638 1704 1851 1758 fuerunt
1896 1705 2006 1757 lucc
2033 1700 2125 1756 oli—

2228 580 2416 633 cboscs
2440 576 2546 629 fort
2575 569 3059 629 extraordiuuires.
3101 584 3123 618 r

2291 670 2379 725 IX.
2415 668 2521 723 Sed
2550 680 2605 722 et
2650 663 3001 721 doctissimus
3048 659 3354 713 Ludovicus
3408 653 3800 711 Tlioniassintts

2224 762 2278 817 in
2304 760 2473 816 veteri
2508 768 2562 813 et
2587 774 2725 813 nova
2778 752 3038 812 Ecclesise.
3087 748 3372 817 disciplina
3418 746 3493 799 De
3521 744 3802 799 beneficiis

2222 860 2361 922 part.
2406 867 2444 912 ι,
2488 849 2580 902 lib.
2631 863 2714 909 ιιι,
2742 861 2862 915 cap.
2908 844 2997 906 ‘25,
3050 854 3202 896 num.
3232 839 3287 900 7,
3321 836 3460 901 idem
3507 834 3673 887 fuisse
3705 832 3805 885 llo-

2225 940 2449 1004 mnaldi,
2482 954 2546 992 ac
2593 936 2738 991 Petri
2772 934 3015 988 Damiaui
3051 924 3361 986 institutum
3412 922 3647 987 indicat;
3679 935 3804 973 nam

2224 1041 2344 1103 post
2371 1038 2645 1085 narratam
2668 1025 2957 1081 ereniiticm.
2994 1024 3116 1076 vita:
3155 1014 3579 1074 restitutionem,
3601 1020 3656 1063 et
3682 1025 3805 1062 cum

2224 1097 2568 1174 hencdictiua
2588 1115 2767 1182 regula
2785 1112 3218 1179 conjunctionem
3246 1126 3273 1163 a
3289 1100 3594 1163 Romualdo
3618 1099 3673 1153 in
3704 1097 3809 1151 lta—

2226 1211 2292 1264 lia
2319 1212 2587 1279 prmcipuc
2622 1207 2840 1267 factam,
2876 1206 2950 1257 ait
2980 1212 3168 1257 contra
3197 1203 3297 1255 hoc
3318 1200 3625 1254 institutum
3654 1190 3806 1244 obla-

2228 1308 2437 1352 trantes
2468 1313 2495 1349 a
2527 1295 2686 1349 Petro
2715 1294 2976 1347 Damiano
3004 1304 3345 1360 compressos
3379 1304 3462 1358 ep.
3492 1287 3577 1347 l2,
3604 1284 3694 1338 lib.
3735 1293 3810 1346 vi,

2227 1388 2318 1453 ubi
2348 1384 2588 1456 profecto
2624 1400 2681 1439 se
2704 1392 2755 1436 et
2778 1398 2905 1437 suos
2932 1382 3229 1451 prmsertim
3256 1389 3438 1432 tuetur
3464 1394 3493 1429 a
3523 1375 3806 1443 cujusdam

2229 1476 2439 1531 abbatis
2482 1473 2906 1542 impugnatione,
2961 1470 3052 1539 qui
3106 1463 3434 1536 conquestus
3478 1473 3621 1528 erat,
3663 1461 3813 1531 quod

2230 1564 2552 1621 monachum
2581 1578 2647 1616 ex
2692 1576 2790 1615 suo
2832 1559 3159 1614 monasterio
3189 1572 3488 1625 egressum,
3521 1564 3710 1608 contra
3748 1549 3807 1603 S.

2230 1654 2503 1709 Benedicti
2533 1651 2766 1721 regulam
2802 1650 3132 1717 recepisset:
3165 1666 3182 1697 ι
3215 1644 3562 1700 Succensetis
3587 1641 3758 1703 enim,
3789 1659 3807 1689 ι

2232 1744 2426 1813 inquit,
2466 1761 2483 1792 ι
2520 1758 2582 1795 ac
2605 1755 2701 1795 nos
2732 1745 3130 1806 conquerentes
3165 1733 3390 1801 arguitis
3421 1731 3546 1801 quia
3578 1744 3685 1783 non
3714 1727 3813 1781 de-

561 1810 796 1862 servata,
828 1813 985 1890 quam
1016 1798 1125 1866 ipsa
1155 1795 1335 1865 regula
1374 1793 1562 1849 fuisset
1592 1795 1883 1862 descripta.
1918 1812 1935 1843 ι
1970 1790 2122 1845 Nulla
2165 1820 2207 1878 Β
2471 1790 2483 1792 ⁷
2740 1790 3061 1881 'l'no'na’chos
3103 1824 3156 1877 in
3188 1790 3375 1878 “Temo
3417 1790 3609 1874 (fomm
3652 1816 3711 1869 Β.
3746 1814 3808 1870 Ρ.

567 1903 767 1955 autem,
802 1890 901 1945 nisi
940 1888 1080 1943 l‘elri
1117 1887 1356 1941 Datniaui
1403 1885 1750 1939 eremilarnm
1780 1882 1960 1952 regula
1991 1883 2132 1937 dicto

567 1993 809 2055 tempore
835 1988 1050 2034 exarata
1098 1989 1198 2043 est,
1225 1978 1378 2047 cujus
1400 1978 1618 2045 quidem
1650 1973 1897 2028 notitiam
1930 1975 2133 2027 habea-

563 2090 706 2136 mus,
738 2073 919 2141 itaque
943 2073 1056 2125 haec
1087 2070 1200 2138 ipsa
1236 2077 1341 2130 est,
1373 2082 1490 2136 quae
1516 2064 1958 2119 Camalduleuses
1998 2064 2136 2132 apud

567 2164 824 2215 eremitas
848 2162 899 2213 in
927 2175 1022 2213 usu
1056 2168 1280 2213 eatenus
1322 2156 1519 2218 fuerat,
1552 2164 1605 2209 et
1648 2154 1921 2222 deinceps,
1954 2154 2003 2205 iu
2032 2153 2136 2215 bis,

566 2267 686 2321 quae
711 2248 1093 2305 vetustioribus
1141 2247 1311 2301 eremi
1362 2246 1502 2299 illius
1532 2246 1716 2299 usibus
1759 2259 1864 2297 nou
1898 2242 2135 2297 contrai-

570 2351 711 2407 rent,
767 2338 1102 2396 observanda
1154 2335 1331 2391 adhuc
1388 2352 1418 2389 a
1466 2334 1746 2404 Rodnlplio
1796 2333 2134 2403 proponitur.

567 2435 770 2501 Quarto
793 2433 1022 2501 denique
1054 2432 1313 2485 doctrina:
1343 2431 1470 2497 ipsa:
1504 2448 1520 2478 ι
1567 2429 1633 2482 de
1662 2428 1812 2481 cella:
1833 2438 2142 2496 sequestra-

570 2526 740 2590 tione,
776 2525 840 2577 de
887 2521 1300 2576 conversatione
1340 2529 1492 2573 extra
1530 2518 1745 2582 cellam,
1786 2519 1853 2572 de
1876 2518 2141 2571 virtutum

571 2614 955 2684 acquisitione,
1003 2613 1068 2666 de
1118 2612 1441 2665 discretione
1496 2609 1725 2678 prtelati,
1776 2628 1793 2659 ι
1851 2624 1969 2677 qua:
2014 2607 2141 2661 inibi

573 2706 853 2759 continere
891 2710 1228 2765 asseruntur,
1275 2700 1449 2769 reipsa
1496 2700 1549 2752 in
1579 2705 1839 2767 opusculo
1872 2698 2011 2752 Petri
2044 2698 2141 2749 Da-

574 2797 738 2852 uiiani
778 2802 1090 2857 occurrunt,
1123 2802 1179 2845 ut
1203 2791 1687 2861 legentibuspatet.
1723 2789 1901 2855 Quare
1924 2789 2143 2841 omnino

575 2888 863 2943 conficitur
905 2884 1169 2952 Rodulplii
1219 2890 1459 2955 tempore
1507 2881 1675 2950 ipsam
1724 2880 1866 2933 Petri
1897 2879 2142 2931 Damiani

579 2977 818 3048 regulam
848 2976 899 3029 in
928 2990 1081 3030 sacra
1111 2970 1507 3027 Camallulensi
1531 2986 1734 3035 eremo,
1764 2970 1984 3040 perinde
2006 2985 2068 3023 ae
2096 2970 2149 3023 in

574 3057 846 3125 Avellanae
876 3063 1178 3121 solitudine.
1212 3069 1481 3131 receptam
1531 3059 1697 3116 fuisse
1724 3069 1884 3129 atque
1913 3076 1976 3114 ex
2010 3060 2150 3113 luteo

577 3172 676 3230 gro
705 3170 840 3226 pene
861 3155 1223 3209 observatam.

653 3288 786 3343 \‘lll.
816 3286 945 3341 Jure
969 3286 1130 3356 igitur
1160 3284 1457 3352 meritoque
1494 3281 1635 3336 idem
1660 3278 2146 3336 Camaldulensium

585 3390 639 3435 et
661 3378 1086 3435 Avellanitarum
1136 3374 1438 3428 institutum
1471 3388 1498 3425 a
1529 3371 1585 3426 S.
1620 3372 1680 3426 Ρ.
1705 3372 2003 3426 Romualdo
2028 3386 2150 3439 pro.

579 3471 778 3525 fectum
813 3466 997 3522 haberi
1024 3466 1197 3527 debet,
1254 3464 1393 3516 unde
1438 3462 1520 3515 vir
1554 3462 1949 3515 eruditissimus
1977 3459 2153 3514 Ludo-

582 3562 737 3617 vicus
790 3559 954 3614 Ellies
985 3558 1058 3610 Du
1088 3556 1208 3620 Pin,
1245 3555 1295 3608 iu
1322 3553 1469 3608 Nova
1502 3552 1834 3607 Bibliotheca
1872 3562 2150 3606 auctorum

583 3652 1075 3706 ecclesiasticorum
1130 3657 1262 3700 tom.
1294 3644 1429 3709 V'lll,
1472 3626 1612 3711 part.
1648 3660 1705 3703 ιι.
1759 3642 1937 3697 szeculi
1967 3660 2016 3695 χι
2051 3642 2155 3696 Ec-

588 3744 793 3806 clesim,
825 3757 945 3811 cap.
998 3739 1083 3799 14,
1113 3739 1139 3810 §
1168 3737 1254 3801 l0,
1304 3746 1587 3807 postquam
1619 3736 1825 3789 ordinis
1869 3736 2156 3790 (Iamaldu—

593 3834 757 3888 tensis
801 3831 1164 3885 fundaliouem
1196 3824 1560 3885 a:Romualdo
1611 3824 1803 3878 factam
1853 3823 2155 3892 descripsit,

594 3926 672 3979 ait
736 3924 897 3977 aliam
945 3918 1234 3990 specialem
1299 3915 1766 3986 congregationem
1806 3914 2157 3967 erentitarum

593 4038 609 4067 ι
655 4015 893 4086 ejusdem
945 4008 1157 4083 generis
1194 4028 1211 4059 ι
1257 4022 1287 4061 a
1318 4006 1480 4061 Petro
1528 4008 1785 4075 Damiano
1834 4004 2158 4057 institutam.

592 4108 673 4162 Eu
703 4108 908 4173 integra
952 4100 1188 4155 auctoris
1210 4098 1370 4151 verba
1403 4113 1417 4152 :
1446 4116 1463 4147 ι
1497 4095 1535 4149 ll
1567 4110 1624 4149 se
1666 4096 1762 4147 mit
1790 4092 2159 4161 (Romualdus)

594 4209 723 4250 sons
762 4193 808 4246 la
846 4190 1094 4245 conduite
1124 4188 1247 4242 d‘un
1285 4187 1429 4240 saiut
1460 4184 1673 4245 cruiite,
1710 4184 1925 4236 nomine
1974 4180 2160 4239 Mariti,

594 4286 686 4355 qui
720 4279 1019 4335 demenrait
1050 4278 1185 4331 dans
1216 4274 1263 4329 le
1311 4289 1444 4344 pays
1471 4272 1535 4326 de
1568 4270 1781 4336 Venise,
1814 4280 1867 4323 et
1889 4269 2163 4323 embrassa

595 4380 642 4431 la
701 4378 785 4430 vie
818 4370 1162 4440 érémitiqne,
1196 4368 1325 4437 qu’il
1377 4365 1591 4421 retablit
1629 4380 1692 4418 eu
1720 4362 1997 4419 Occidcut.
2024 4361 2168 4416 Lenr

599 4466 815 4521 iustitut
834 4461 1018 4518 n’était
1042 4476 1136 4530 pas
1162 4459 1228 4512 de
1262 4458 1410 4511 vivre
1448 4454 1591 4509 seuls
1611 4455 1743 4509 dans
1766 4454 1859 4507 des
1887 4452 2163 4516 solitudes,

2204 2654 2205 2657 “
2246 2648 2338 2700 cit.
2369 2662 2384 2697 :

2237 1926 2407 1982 nostri
2451 1923 2725 1978 Benedicti
2756 1930 3023 1991 prmeepta
3051 1918 3343 1986 suscipere.
3387 1935 3405 1965 ι
3432 1911 3683 1968 Ostendit
3712 1925 3808 1963 au-

2238 2028 2344 2073 tem
2392 2014 2792 2070 sanctissimum
2842 2010 3201 2080 lcgislatorem
3258 2012 3505 2059 nostrum
3539 1999 3815 2072 vagatioui

2239 2108 2500 2162 duntaxat
2544 2118 2610 2157 ex
2650 2118 2759 2155 uno
2802 2102 2854 2153 in
2899 2099 3041 2152 aliud
3071 2095 3376 2151 coenobium
3420 2104 3707 2147 occurrere
3729 2104 3819 2141 vo-

2240 2198 2439 2268 luisse;
2467 2210 2572 2249 non
2599 2192 2886 2261 prohibere
2924 2198 3128 2253 autem,
3156 2188 3263 2241 imo
3288 2200 3473 2240 omnes
3504 2182 3734 2243 hortari,
3764 2188 3821 2232 nt

2241 2304 2306 2341 ex
2338 2284 2659 2340 ccenobitiea
2692 2282 2757 2334 ad
2782 2280 3163 2349 perfectiorem
3187 2275 3532 2329 eremitarum
3566 2272 3616 2323 vi
3646 2285 3734 2323 am
3764 2284 3823 2323 se

2246 2376 2593 2433 transferant.
2628 2374 2807 2439 Quare
2854 2373 2989 2425 adeo
3025 2368 3280 2423 coincidit
3316 2363 3597 2419 Romualdi
3627 2371 3685 2417 et
3726 2360 3825 2413 Da-

2245 2467 2409 2521 miani
2443 2464 2764 2518 institutum.
2794 2470 2851 2513 ut
2883 2460 3041 2513 unius
3070 2456 3333 2518 defensio,
3366 2454 3597 2507 alterius
3618 2450 3827 2520 pariter

2246 2556 2489 2626 apologia
2530 2561 2836 2607 censeatur.
2892 2550 3029 2602 Ecce
3085 2544 3424 2599 Tbotnassini
3473 2542 3638 2595 verba
3704 2539 3824 2594 loco

2421 2663 2438 2695 ι
2478 2641 2707 2712 Scripsit
2747 2639 3027 2693 Romualli
3063 2638 3225 2689 vitam
3282 2634 3477 2700 Petrus
3502 2633 3818 2694 Damianus,

2249 2734 2463 2803 scripsit
2492 2741 2547 2786 et.
2576 2730 2900 2799 apologiam,
2926 2725 3212 2781 confestim
3246 2726 3385 2777 enim
3424 2723 3506 2776 bis
3530 2722 3821 2775 anachore-

2254 2826 2325 2880 tis
2354 2838 2577 2877 summa:
2606 2821 2670 2873 ad
2702 2818 3048 2889 perfectionis
3069 2817 3313 2871 columen
3345 2811 3708 2867 elutantftbus
3727 2812 3825 2864 ob-

2256 2914 2473 2970 trectari
2502 2920 2737 2979 emptum
2766 2918 2870 2973 est,
2906 2908 3047 2977 quod
3087 2906 3331 2960 semitam
3365 2910 3630 2962 tenerent,
3664 2915 3828 2969 quam

2254 3022 2359 3061 non
2416 3010 2904 3074 przcmoustrasset,
2952 3015 3056 3051 non
3101 2996 3445 3051 teuuissetB.
3481 2994 3828 3053 Benedictus,

2254 3098 2504 3166 quodque
2557 3108 2655 3148 suo
2700 3093 2862 3146 COTllli
2895 3098 3255 3159 aggregarent
3284 3085 3740 3141 monasteriorum
3767 3076 3829 3136 ιι.

2179 3178 2222 3237 C
2255 3184 2529 3239 Benedicti
2562 3184 2888 3237 desertores.
2926 3179 3017 3233 llis
3058 3195 3151 3231 ora
3178 3178 3465 3241 olaturaliat
3494 3175 3689 3229 Petrus
3726 3175 3830 3227 Dav

2254 3276 2467 3330 tniauus
2490 3274 2590 3327 ltoc
2622 3287 2881 3342 responso
2913 3290 2923 3323 :
2952 3270 3141 3324 Cereri
3166 3286 3194 3322 a
3223 3269 3281 3321 Β.
3304 3267 3623 3329 Benedicto,
3650 3282 3716 3319 ne
3748 3266 3836 3318 ab-

2254 3369 2408 3423 liates
2434 3367 2523 3420 alii
2576 3366 2803 3419 aliorum
2859 3364 3152 3417 monachos
3202 3362 3569 3422 admitterent,
3594 3358 3721 3412 dum
3746 3374 3837 3413 ro-

2258 3456 2389 3525 gniti
2429 3455 2529 3510 sibi
2568 3464 2753 3507 mutuo
2778 3464 2957 3507 essent
2985 3453 3229 3521 (Caveat,
3272 3469 3288 3499 ι
3334 3451 3507 3519 inquit
3546 3464 3681 3519 reg,
3706 3463 3833 3517 cap.

2258 3546 2347 3610 6i,
2383 3565 2402 3596 ι
2436 3546 2601 3599 abbas
2632 3561 2700 3599 ne
2742 3544 3032 3613 aliquando
3064 3544 3128 3597 de
3185 3552 3315 3595 noto
3357 3541 3690 3594 monasterio
3721 3555 3840 3593 mo-

2260 3636 2493 3690 uacbum
2545 3636 2611 3688 ad
2662 3634 3012 3687 habitandum
3064 3632 3342 3700 suscipiat,
3393 3632 3509 3685 sine
3563 3644 3840 3684 consensu

2262 3724 2476 3777 abbatis
2499 3723 2603 3792 sui)
2635 3740 2649 3778 :
2680 3722 2773 3776 sed
2824 3722 3035 3791 priores
3076 3727 3524 3775 anachoretannn
3552 3734 3617 3773 ex
3655 3718 3843 3777 ιιι·οὲιὶ-

2262 3815 2467 3869 bitione
2495 3830 2597 3867 non
2643 3813 2926 3883 implicari.
2972 3832 2988 3863 ›

2338 3906 2403 3960 Χ.
2450 3906 2619 3959 Porro
2648 3907 2787 3959 hanc
2825 3905 2993 3974 ipsam
3047 3904 3348 3958 communis
3382 3904 3609 3974 instituti
3671 3918 3842 3957 socie-

2264 4003 2455 4059 tatem,
2491 4008 2558 4047 ne
2586 3994 2700 4063 ipse
2738 3972 2956 4061 quidem
2984 3992 3175 4046 Petrus
3202 3992 3497 4046 Damianus
3524 3972 3664 4045 inter
3682 4006 3763 4051 se.
3788 4001 3846 4045 et

2266 4086 2322 4139 S.
2343 4084 2622 4139 Romualdi
2642 4082 2930 4150 discipulos
2961 4082 3334 4136 intercessisse
3362 4080 3637 4146 diﬂitetur;
3662 4082 3841 4135 enim-

2270 4191 2399 4229 vero
2422 4178 2472 4228 in
2499 4174 2714 4243 prologo
2741 4174 2865 4227 Vita:
2886 4173 3123 4241 ejusdem
3148 4172 3318 4225 sancti
3338 4171 3513 4225 Patris
3536 4171 3846 4234 Romualdi,

2268 4276 2325 4321 ut
2353 4281 2409 4320 se
2432 4266 2500 4319 ab
2547 4265 2796 4333 egregiis,
2830 4264 2921 4331 qui
2961 4263 3280 4331 superstites
3327 4273 3502 4327 erant,
3540 4264 3713 4317 sancti
3742 4264 3849 4318 viri

2269 4356 2545 4425 discipulis
2576 4355 2909 4425 eompulaun
2940 4354 3005 4406 ad
3032 4352 3149 4420 ejus
3188 4362 3339 4424 gesta
3369 4357 3850 4409 commemoranda

2272 4446 2567 4515 signiﬁcet.
2635 4466 2650 4495 ι
2698 4444 3009 4508 multorum,
3091 4444 3311 4513 inquit,
3376 4442 3602 4497 fratrum
3672 4447 3855 4514 preci—

598 4571 813 4614 comme
848 4555 927 4609 les
956 4552 1172 4606 anciens
1208 4549 1448 4609 ermitcs,
1484 4546 1620 4600 tuais
1653 4546 1718 4599 de
1745 4545 2026 4598 demeurer
2052 4542 2167 4611 plu-
2193 4519 2245 4577 Ῑ)
2273 4538 2393 4600 lius,
2419 4544 2469 4589 et
2497 4550 2752 4606 germana
2786 4535 3051 4588 cliaritate
3091 4534 3397 4597 devinctus,
3429 4534 3575 4603 quod
3617 4534 3684 4587 de
3712 4551 3855 4602 pm-

598 4651 774 4704 sicurs
802 4642 1076 4700 ensemblc
1097 4640 1230 4695 dans
1256 4655 1325 4691 un
1357 4617 1532 4692 meine
1573 4635 1807 4699 cndroit,
1830 4633 2047 4702 separes
2075 4632 2172 4687 des

604 4748 787 4793 autres
834 4735 1099 4789 hommes.
1126 4739 1182 4784 et
1220 4734 1355 4785 dans
1402 4728 1497 4783 des
1537 4712 1754 4781 cellulcs
1780 4724 2171 4794 particuliéres,

603 4844 731 4885 eous
752 4828 803 4879 la
833 4823 1219 4879 conduited‘un
1241 4822 1415 4875 meme
1441 4817 1744 4888 supérieur,
1768 4833 1835 4872 eu
1866 4817 2177 4885 pratiquant

605 4923 657 4976 la
692 4921 867 4975 literne
910 4915 1071 4985 régle.
1106 4914 1208 4968 Ccs
1237 4921 1412 4968 sortes
1460 4912 1526 4965 de
1571 4908 1908 4965 mouastéres
1961 4908 2174 4977 s'appe-

602 5010 770 5065 laieut
794 5005 1209 5061 aneieunement
1234 5003 1432 5056 laures.
1472 5000 1627 5054 Saint
1668 4998 1933 5053 llomuald
1958 5012 2025 5052 en
2057 4996 2175 5052 éta-

606 5100 707 5156 blit
736 5113 805 5152 un
835 5092 1140 5164 tres-grumi
1165 5092 1395 5146 nombre
1422 5105 1487 5144 en
1515 5089 1683 5143 ltalie.
1710 5087 1791 5144 Un
1822 5088 1917 5142 des
1946 5088 2067 5156 plus
2090 5086 2173 5140 fa-

610 5202 770 5242 mcux
821 5183 902 5240 fut
927 5183 1065 5237 celui
1102 5182 1189 5251 qui
1220 5182 1297 5234 fut
1338 5178 1452 5233 bati
1484 5193 1578 5232 sur
1610 5177 1953 5247 l‘Appeunin,
1976 5177 2178 5245 procbc

607 5275 891 5334 d‘Areno,
923 5271 1055 5325 dans
1087 5286 1157 5325 un
1202 5269 1305 5324 lieu
1359 5268 1450 5338 qui
1510 5266 1628 5322 leur
1650 5266 1731 5321 fut
1764 5266 1957 5322 .donné
1987 5282 2081 5335 par
2107 5282 2177 5320 un

611 5363 830 5417 liomme
879 5359 1065 5428 appete
1110 5357 1341 5423 Mandol,
1392 5356 1516 5412 d‘oit
1547 5355 1743 5411 l‘ordre
1766 5371 1793 5410 a
1834 5357 1946 5426 pris
1975 5356 2022 5410 le
2053 5371 2175 5410 nom

613 5456 681 5508 de
708 5450 1040 5507 Camaldole.
1071 5448 1222 5503 Saint
1248 5448 1545 5504 Romualde
1567 5448 1727 5503 vécut
1748 5457 1872 5503 cent
1897 5463 1994 5502 aus
2026 5448 2183 5517 aprés

617 5558 676 5595 sa
714 5540 1015 5611 profession
1047 5539 1350 5607 religieuse,
1378 5548 1431 5593 et
1458 5538 1535 5593 vit
1571 5553 1667 5592 son
1709 5538 1869 5593 ordre
1887 5536 2182 5592 ﬂurissant.

620 5632 804 5686 l’ierre
837 5631 1056 5685 Damicu
1085 5629 1306 5683 instituo
1351 5629 1495 5683 aussi
1521 5643 1624 5684 une
1654 5628 1843 5698 cspéce
1869 5628 1935 5683 de
1958 5627 2184 5696 congre-

623 5725 805 5789 gatiou
837 5724 1105 5778 d‘ermites
1132 5723 1198 5779 de
1235 5724 1411 5778 mente
1448 5736 1630 5790 genre.
1677 5720 1778 5777 Cos
1806 5722 2027 5776 ermites
2056 5736 2183 5791 pra-

2275 4625 2418 4679 dicto
2447 4623 2675 4677 mirabili
2707 4622 2823 4675 viro
2853 4623 2917 4674 ab
2941 4624 3173 4691 egregiis
3202 4630 3318 4689 ejus
3353 4623 3632 4693 discipulis
3663 4624 3856 4689 didici,

2276 4714 2578 4786 aggrediar.
2608 4713 2719 4768 Deo
2746 4724 2991 4775 auctore,
3022 4712 3362 4779 describere;
3395 4732 3412 4764 ι
3467 4712 3734 4767 Nimirum
3764 4732 3862 4767 en-

2279 4809 2398 4861 dem
2447 4806 2721 4876 religionis
2767 4804 2967 4859 findere
2998 4820 3056 4859 se
3089 4804 3193 4858 illis
3235 4803 3580 4872 conjunctnm
3614 4808 3864 4860 conside.

2284 4917 2430 4963 rans,
2480 4914 2586 4968 quo
2621 4920 2639 4951 ι
2676 4899 2918 4970 germani
2961 4908 3015 4952 et
3059 4899 3257 4953 fratres
3294 4917 3311 4949 ι
3346 4900 3413 4953 ab
3460 4898 3649 4952 eodem
3706 4907 3865 4967 patre

2286 4991 2549 5061 progeniti
2580 4991 2773 5045 debent
2801 4991 3029 5044 invicem
3058 4990 3378 5058 quibusdam
3400 4992 3626 5049 amoris.
3652 5001 3706 5046 et
3730 4992 3867 5046 eba-

2286 5085 2463 5140 ritatis
2490 5084 2719 5137 vinculis
2752 5083 2979 5152 alligari.

2356 5174 2446 5229 XI.
2500 5174 2794 5244 Reciprocc
2845 5190 2973 5229 vero
3037 5190 3066 5227 a
3120 5174 3321 5229 nostris
3355 5172 3869 5228 Camaldulensibus

2284 5264 2599 5321 Avellauitm
2651 5266 2747 5334 ipsi
2779 5276 2838 5318 ιιι
2880 5286 2896 5316 ι
2936 5264 3153 5328 fratres,
3204 5284 3222 5317 ι
3268 5264 3460 5328 babiti,
3510 5273 3563 5316 et
3605 5273 3867 5333 tanquam

2284 5364 2532 5427 cognatm
2552 5356 2739 5423 stirpis
2768 5370 2795 5405 a
2826 5354 3145 5417 flomnaldo,
3178 5353 3320 5406 velut
3360 5369 3386 5405 a
3414 5353 3687 5407 communi
3715 5362 3871 5405 trun-

2288 5466 2354 5505 co
2415 5456 2763 5518 propagatae,
2812 5446 3054 5515 germina
3108 5444 3436 5499 considerati
3488 5451 3648 5507 sunt,
3700 5444 3871 5498 etiam

2288 5551 2571 5611 postquam
2606 5540 2674 5592 ab
2716 5537 2996 5591 eremitica
3048 5536 3330 5606 disciplina
3382 5533 3446 5587 ad
3482 5535 3870 5588 cceuobittcam

2291 5630 2758 5686 conversationem
2789 5626 3036 5680 translati
3066 5636 3214 5691 sunt,
3249 5635 3409 5694 atque.
3434 5624 3522 5677 ubi
3546 5640 3575 5675 a
3612 5624 3876 5693 pritnzcva

2294 5722 2351 5776 S.
2408 5720 2709 5785 Ronutaldi,
2763 5718 3015 5787 l‘etriquc
3065 5716 3310 5771 Damiaui
3370 5714 3713 5777 institutione
3758 5712 3879 5783 jam
