4040 6382
265 431 324 487 ιο
1165 418 1700 477 ΡΒΟιΙΞϐΟΜΕΝᾹ.
1743 449 1808 458 ——-

1953 417 2329 475 INSTITUTO
2362 418 2763 476 CAMAIDUL.
3485 419 3555 475 50

262 541 812 603 “acini-angcontra
835 536 1075 606 ejusdem
1100 536 1245 590 Petri
1271 537 1514 591 Damiani
1541 536 1830 597 monitum,
1863 535 1907 592 Α
1940 531 2119 600 placet
2146 533 2310 601 quod,
2345 548 2468 586 eum
2498 531 2718 586 habitus
2746 529 3246 587 Camaldulcusium
3289 547 3316 586 a
3339 535 3562 588 carteris

261 652 360 696 quo
385 632 499 688 illos
526 631 788 701 opusculo
821 646 934 695 xiv,
977 630 1078 685 sub
1108 631 1267 684 tinem
1304 629 1627 701 gravissime
1656 630 1835 684 incre-

263 733 508 799 paverat:
547 743 564 774 ι
602 722 717 776 Νοιι
771 723 954 792 itaque
983 722 1048 776 ad
1094 722 1532 777 monasterialent
1574 722 1837 776 laxitudi-

261 832 371 871 nem
391 813 454 866 ab
476 813 758 867 eremitica
784 828 877 866 vos
902 811 1417 866 libeatdistrictione
1434 812 1787 875 descendere,
1813 831 1830 860 ι

258 910 309 964 in
337 909 448 968 hoc,
485 905 728 974 inquam,
758 905 966 974 pariter
986 913 1129 958 statu
1173 903 1508 968 Avellanitze,
1536 904 1689 974 quasi
1721 919 1839 974 ger-

255 1013 414 1053 mana:
453 997 740 1050 charitatis
765 996 1147 1052 t-onnnunione
1185 997 1339 1052 nobis
1388 995 1688 1067 conjuncti,
1715 1013 1838 1067 pcr-

254 1088 372 1142 iade
424 1102 487 1157 ac
515 1087 765 1141 monachi
794 1086 1238 1143 Vallisumbroste
1269 1104 1296 1141 a
1343 1087 1401 1142 S.
1436 1085 1647 1144 Joanne
1666 1086 1836 1144 Gual-

258 1191 401 1236 ιρι-ιο
453 1178 509 1231 ιι.
550 1179 834 1233 Romualdi
889 1181 1156 1251 discipulo
1201 1181 1458 1245 instituti,
1517 1181 1710 1236 eodem
1739 1181 1839 1236 lto-

257 1269 387 1339 ttpitii
413 1268 537 1338 jure
587 1270 638 1323 in
671 1270 872 1325 nostris
916 1271 1265 1326 monasteriis
1319 1271 1374 1326 in
1425 1269 1716 1326 refectorio
1745 1286 1837 1326 su-

255 1362 401 1432 scEpi,
457 1363 684 1432 ejusque
735 1363 1174 1434 congregationis
1229 1364 1612 1421 defunctorum
1640 1364 1838 1419 anima:

253 1455 467 1523 paribus
513 1454 840 1509 Christianae
894 1455 1117 1525 pietatis
1162 1453 1443 1527 suffragiis
1468 1457 1680 1528 expiari
1713 1471 1838 1511 cou-

248 1554 566 1609 suevcrunt;
634 1559 758 1598 nam
809 1545 863 1599 in
897 1545 1388 1603 constitutionibus
1431 1562 1574 1602 anno
1609 1547 1771 1612 1253,
1805 1561 1836 1602 a

247 1635 305 1688 il.
336 1634 564 1690 Hartino
611 1635 674 1690 lli
705 1638 948 1706 generali
999 1639 1168 1694 editis
1217 1638 1317 1693 lib.
1351 1655 1433 1704 ut,
1465 1655 1589 1710 cap.
1631 1638 1727 1705 23,
1756 1640 1838 1696 sic

246 1728 556 1799 pnecipitur
587 1747 601 1782 :
637 1749 654 1780 ι
683 1729 1015 1798 Statuimns,
1067 1740 1128 1787 ut
1167 1731 1368 1789 fratres
1397 1735 1568 1790 nostri
1600 1735 1834 1800 ordinis,

253 1817 700 1885 Vallumbrosani,
731 1829 787 1875 et
836 1832 1038 1878 sancta:
1090 1824 1270 1879 crucis
1308 1824 1496 1881 Fontis
1537 1819 1832 1892 Avellanae,

1946 622 2372 676 tuonasticarum
2425 622 2913 693 congregationum
2977 625 3223 678 vestibus
3274 622 3477 696 (etiam
3527 641 3558 679 a

1941 715 2336 768 monachorum
2390 715 2593 770 montis
2643 712 2906 786 Virginis,
2959 725 3014 769 et
3070 717 3271 772 montis
3324 716 3558 782 Oliveti,

1941 804 2066 861 albo
2092 807 2278 862 colore
2310 809 2518 878 pariter
2548 809 2818 863 utentium
2859 810 3098 868 amictu)
3134 811 3236 864 hoc
3277 811 3556 881 przecipuo

1942 897 2258 952 discrimine
2301 897 2692 969 distinguatur,
2721 899 2865 968 quod
2914 915 3020 954 non
3070 899 3307 954 solutum
3335 941 3348 963 ,
3390 909 3557 970 atque

1943 990 2011 1044 ab
2043 990 2289 1045 humeris
2319 991 2580 1060 utrinque
2609 990 2780 1046 libere
2811 990 3109 1046 demissum
3144 992 3431 1062 scapulare
3461 1009 3558 1047 no-

1939 1082 2039 1137 stri
2064 1082 2335 1147 deferant,
2361 1084 2456 1138 sed
2480 1084 2582 1138 sub
2598 1092 2826 1154 'pcctore
2853 1083 3010 1138 laneo
3029 1085 3252 1156 cingulo
3274 1084 3558 1154 colligant,

1941 1176 2108 1245 quod,
2135 1185 2262 1246 post
2292 1176 2762 1244 expeditissimam
2806 1178 2931 1231 nodi
2964 1179 3468 1249 complicationem,
3507 1179 3558 1233 in

1943 1266 2101 1322 binas
2138 1269 2329 1323 uenias
2362 1270 2431 1322 ab
2462 1270 2724 1324 anteriori
2758 1279 2913 1339 parte
2939 1271 3242 1340 pendentes
3273 1272 3554 1334 excurrit;

1943 1361 2288 1418 Avellanitia:
2317 1363 2525 1433 pariter
2555 1364 2718 1417 simili
2747 1365 2966 1435 cingulo
2997 1366 3251 1436 prmcingi
3278 1366 3556 1436 quondam

1942 1454 2291 1509 consuevisse
2328 1455 2832 1525 deprehenduntur.
2875 1455 3009 1510 Nam
3060 1473 3182 1511 cum
3223 1456 3424 1512 'Petrus
3453 1458 3558 1512 Da-

1941 1544 2203 1608 miauius,
2227 1553 2282 1600 et
2308 1546 2501 1601 Albizo
2526 1547 2640 1616 ejus
2663 1563 2864 1612 comes,
2893 1547 3243 1603 Theuzoucm
3265 1551 3554 1605 eremitani

1941 1636 2235 1692 Florentiae
2283 1639 2692 1702 convenientes,
2723 1640 2796 1694 ab
2837 1641 3026 1696 eodem
3069 1641 3203 1694 dure
3250 1641 3441 1704 habiti,
3491 1658 3554 1698 ac

1942 1730 2163 1784 tandem
2193 1741 2318 1800 post
2350 1731 2518 1786 multa
2545 1731 2725 1803 jurgia
2755 1731 2915 1802 cjecli
2955 1742 3100 1796 sunt,
3135 1747 3232 1802 per
3275 1734 3550 1804 cingulum

1943 1821 2135 1877 ambos
2166 1823 2541 1893 apprehensos
2574 1821 2759 1886 fuisse,
2796 1831 3026 1879 testatur
3055 1825 3196 1880 idem
3231 1823 3549 1889 Damianus,

241 1909 392 1978 quasi
416 1925 525 1964 uno
553 1911 841 1966 charitatis
863 1911 1060 1978 oﬂicio,
1090 1915 1342 1970 monachi
1371 1931 1494 1971 cum
1523 1919 1819 1984 monachis,

1939 1910 2032 1965 lib.
2083 1930 2157 1978 vt,
2197 1930 2280 1984 cp.
2337 1914 2451 1970 30:
2489 1933 2508 1966 ι
2541 1914 2808 1979 Tandem,
2871 1915 3086 1986 inquit,
3139 1932 3237 1987 per
3290 1917 3551 1972 semicin-

242 2002 486 2057 conversi
513 2018 637 2058 cum
675 2006 956 2061 conversis
1008 2007 1280 2073 hilariter,
1315 2019 1367 2063 et
1396 2010 1632 2082 benigne
1656 2013 1833 2066 susei-

245 2095 457 2164 piantur
495 2111 526 2149 a
559 2097 730 2151 nostri
755 2099 964 2152 ordinis
1009 2098 1249 2167 przelatis
1272 2109 1326 2156 et
1353 2102 1586 2158 subditis
1612 2103 1832 2158 univer-

247 2185 334 2239 sis.
376 2203 392 2233 ι
425 2184 492 2239 Ει
525 2201 714 2241 rursus
743 2203 887 2243 anno
941 2189 1095 2254 1572,
1131 2191 1218 2246 die
1245 2192 1316 2246 27
1351 2192 1474 2247 Maii
1510 2194 1562 2248 in
1593 2183 1832 2264 capitulo

239 2276 495 2342 generali,
531 2278 674 2347 quod
708 2279 1038 2334 celebratum
1081 2291 1172 2337 est
1203 2283 1254 2336 in
1287 2287 1620 2340 monasterio
1648 2286 1706 2342 S.
1733 2287 1832 2342 Mi-

240 2367 441 2423 chaelis
493 2369 549 2422 in
599 2369 776 2439 Burgo
818 2369 1085 2437 Pisarum,
1120 2376 1452 2444 presidente
1495 2375 1708 2432 Joanne
1740 2377 1826 2444 ΙΙΙ,

235 2460 490 2528 generali,
519 2461 799 2516 decretum
826 2473 931 2528 est,
955 2483 973 2514 ι
1000 2473 1060 2518 ιιι
1085 2468 1335 2520 monachi
1361 2467 1826 2535 Vallisumbrosae,

234 2549 370 2604 etS.
425 2553 611 2607 crucis
646 2552 713 2608 de
760 2554 1042 2620 Avellana,
1101 2565 1211 2610 tam
1242 2557 1294 2612 in
1349 2572 1536 2614 eremo
1565 2575 1728 2630 quam
1775 2562 1828 2616 in

237 2644 576 2699 monasteriis
639 2646 847 2701 ordinis
906 2647 1242 2719 recipiantur
1296 2650 1348 2705 in
1381 2651 1576 2717 choro,
1609 2663 1664 2708 et
1693 2654 1830 2711 refc-

234 2735 425 2798 etorio,
458 2751 525 2792 ac
576 2738 620 2792 si
666 2749 851 2793 essent
885 2741 1096 2796 ordinis
1140 2739 1594 2808 Camaldulcusis,
1628 2753 1682 2798 et
1736 2761 1828 2801 eo-

239 2831 470 2882 rumlctn
501 2830 751 2884 crdinum
775 2829 981 2895 brevia,
1013 2851 1030 2884 ι
1068 2833 1122 2888 id
1168 2843 1250 2890 est
1292 2835 1561 2907 dypticm,
1596 2834 1827 2891 fratrum

233 2915 611 2973 defunctorum
634 2921 854 2975 nomina
888 2921 1210 2990 indicantes,
1232 2945 1249 2975 ι
1279 2942 1379 2996 per
1405 2927 1824 2982 brevil'erarium

231 3007 435 3063 ordinis
486 3008 824 3078 deferantur,
887 3032 904 3064 ι
956 3023 1062 3070 etc.
1105 3015 1300 3070 Actum
1336 3033 1500 3072 manu
1553 3017 1827 3075 Leonardi

232 3095 352 3150 olim
380 3097 669 3155 Francisci
705 3102 769 3156 de
799 3101 1099 3160 Castilione
1126 3105 1350 3162 Art-tino
1373 3109 1575 3164 notarii
1604 3119 1659 3164 et
1689 3111 1828 3164 scri-

235 3187 308 3243 ba:
333 3189 603 3260 deputati,
629 3208 694 3248 ex
719 3196 954 3251 archivii
981 3196 1420 3255 Catualdulcnsis
1460 3200 1600 3258 libro
1630 3201 1702 3256 R.’
1735 3203 1822 3267 l8,

1937 2005 2042 2059 tias
2094 2007 2332 2076 correpti
2385 2007 2653 2062 violenter
2691 2007 3056 2062 excludimur.
3112 2028 3130 2061 ι
3169 2008 3357 2079 Itaque
3405 2010 3553 2063 nulla

1933 2106 2053 2152 etat
2098 2097 2529 2153 Avellanitarum
2563 2107 2618 2153 ct
2654 2096 3154 2152 Camaldulcusium
3207 2099 3510 2154 indumenti
3535 2140 3551 2161 ,

1933 2188 2078 2243 unde
2109 2199 2164 2243 ct
2195 2188 2341 2243 nulla
2369 2189 2512 2253 vitm,
2549 2187 2694 2243 nulla
2729 2190 2987 2253 instituti,
3015 2188 3160 2244 nulla
3190 2188 3554 2259 professionis

1935 2278 2146 2348 pariter
2179 2279 2485 2334 dill'ercntia
2518 2279 2812 2334 censenda.

2004 2368 2142 2424 Xlll.
2171 2367 2445 2440 Quidquid
2477 2379 2660 2424 tamen
2707 2371 2778 2424 sit
2809 2371 2876 2425 de
2903 2370 3030 2426 aliis
3069 2370 3260 2427 Fontis
3301 2371 3552 2427 Avellaui

1932 2457 2190 2523 alumnis,
2225 2471 2376 2516 certe
2415 2463 2466 2515 in
2502 2460 2663 2517 Petro
2690 2462 2952 2516 Damiano
2985 2463 3163 2532 potior
3195 2463 3353 2534 longe
3381 2480 3548 2534 quam

1933 2548 1987 2603 in
2013 2551 2248 2614 caeteris,
2282 2551 2421 2607 ratio
2447 2551 2680 2617 relucet,
2715 2569 2818 2607 cur
2847 2555 2912 2606 ad
2949 2551 3426 2610 Camaldulcuscm
3458 2571 3547 2610 or-

1932 2639 2146 2707 dinem,
2196 2642 2312 2697 sive
2354 2643 2422 2696 ad
2465 2643 2529 2697 D.
2572 2643 2860 2699 ltomualdi
2905 2645 3218 2700 iustitutmn
3271 2649 3551 2717 pertinere

1931 2732 2241 2786 censendus
2283 2733 2386 2799 sit;
2433 2733 2516 2788 vel
2563 2735 2741 2805 primo
2789 2736 2918 2805 quia
2970 2737 3283 2792 immediate
3315 2738 3385 2792 ab
3431 2739 3550 2808 ipso

1933 2822 1992 2878 S.
2039 2824 2100 2879 Ρ.
2147 2823 2450 2881 llomnaldo
2483 2827 2600 2897 (aut
2631 2836 2782 2883 certe
2814 2830 3182 2886 mediantibus
3206 2830 3330 2900 ejus
3379 2832 3546 2888 disci-

1931 2916 2096 2987 pulis)
2123 2918 2422 2974 eremitica:
2449 2919 2572 2974 vita:
2605 2921 2947 2982 rudimentis.
2976 2938 3097 2993 qua:
3119 2922 3464 2994 postmodum
3493 2926 3546 2980 iu

1931 3007 2070 3062 alios
2097 3009 2381 3081 erogavit,
2426 3011 2728 3067 instructus
2776 3011 2962 3067 fuerit.
3008 3013 3162 3068 Unde
3195 3016 3544 3071 reverendis-

1930 3098 2106 3154 simus
2139 3100 2312 3156 abbas
2344 3099 2407 3156 Ι).
2440 3099 2729 3160 Secundus
2758 3103 3106 3160 Lancellotus
3128 3106 3451 3165 Olivetanus
3489 3110 3543 3164 in

1931 3205 2044 3245 sum
2068 3194 2509 3264 congregationis
2533 3195 2768 3250 Historia
2793 3196 2888 3252 lib.
2917 3213 2982 3260 ιι,
3013 3213 3114 3269 cap
3160 3199 3254 3265 22,
3287 3200 3353 3256 de
3381 3199 3547 3258 Petro

229 3279 312 3340 80,
369 3280 600 3352 ejusque
652 3283 829 3340 imlicc
882 3286 911 3358 §
969 3287 1219 3355 Statum,
1268 3307 1389 3362 pag.
1441 3293 1515 3358 2,
1568 3310 1719 3349 num.
1767 3295 1819 3351 9.

1937 3281 2199 3338 Damiano
2225 3283 2302 3338 ait
2338 3303 2352 3339 :
2391 3305 2408 3337 ι
2441 3284 2630 3340 Audiit
2659 3289 2709 3340 in
2747 3302 2804 3341 re
2841 3290 3145 3344 monastica
3175 3289 3543 3347 Romualdutu

229 3369 400 3435 Quare
434 3374 607 3428 multo
648 3381 841 3448 magis,
881 3380 1008 3432 dum
1065 3383 1355 3450 pristinam
1405 3383 1591 3440 adhuc.
1614 3388 1822 3441 eremi-

231 3462 340 3516 ticze
365 3463 489 3519 vita:
518 3464 772 3532 formam,
801 3469 866 3522 ad
891 3485 1077 3538 quam,
1103 3487 1166 3526 ex
1203 3471 1487 3528 Roinnaldi
1511 3479 1819 3550 pr:eceptis,

225 3569 314 3619 per
341 3554 396 3608 Β.
438 3555 663 3612 Petrum
727 3560 1047 3616 Damiantnn
1093 3565 1412 3622 Avellanita:
1443 3569 1674 3624 instituti
1707 3571 1823 3626 fue-

228 3656 360 3708 rant,
393 3651 791 3717 sequebantur,
826 3668 925 3722 pro
958 3655 1155 3710 similis
1206 3659 1508 3727 disciplina:
1541 3664 1816 3718 cmtsorti-

225 3737 315 3791 bus
338 3740 530 3795 haberi
567 3745 706 3813 apud
729 3743 1170 3804 Canialdulenscs
1201 3754 1572 3807 merebantur.

288 3829 393 3886 XII.
429 3833 600 3903 hique
627 3850 692 3890 eo
730 3840 930 3907 magis,
959 3855 1026 3894 ex
1057 3855 1165 3909 quo
1202 3843 1633 3901 Avellanitarum
1667 3859 1820 3906 vete-

225 3936 332 3974 rum
367 3923 628 3990 habitus,
667 3938 722 3982 et
768 3929 977 3986 colores
1010 3940 1063 3987 et
1095 3931 1299 3997 forma,
1349 3951 1473 3991 cum
1519 3939 1815 3994 Camaldu-

224 4008 442 4067 lcnsium
499 4015 686 4069 habitu
737 4021 957 4086 penitus
1004 4025 1344 4080 conveniret.
1393 4027 1722 4090 Enimvero.
1759 4041 1816 4086 ut

223 4100 430 4156 dissert.
467 4121 553 4168 ιιι,
580 4122 699 4176 cap.
729 4112 780 4169 2,
814 4126 961 4163 ltlltll.
994 4112 1028 4167 9
1053 4122 1107 4167 et
1144 4115 1204 4168 IO
1246 4117 1587 4174 ostendimus
1609 4160 1625 4186 ,
1656 4119 1813 4178 albus

220 4191 357 4244 minr
389 4198 717 4253 monasticis
752 4215 939 4254 eorum
974 4203 1217 4257 vestibus
1244 4207 1578 4264 conveniens
1615 4226 1676 4266 ex
1711 4227 1810 4266 an-

225 4281 375 4350 :ispiis
407 4292 780 4346 monumentis
811 4292 1040 4362 aliisque
1070 4296 1254 4364 probis
1285 4300 1607 4356 auctoribus
1637 4304 1810 4358 dedu-

217 4372 368 4436 citur,
399 4377 642 4444 ipsomet
673 4380 829 4436 Petro
864 4384 1145 4452 Damiano,
1180 4397 1309 4442 tom.
1345 4390 1385 4456 l,
1417 4391 1508 4444 lib.
1543 4411 1618 4456 vi,
1647 4398 1806 4467 epist.

222 4462 294 4525 Η,
329 4465 672 4523 Mainardnm
704 4473 952 4528 abbatem
988 4488 1264 4544 monente,
1304 4497 1373 4535 ne
1403 4482 1586 4539 album
1618 4462 1808 4543 mona-

216 4551 430 4609 chorum
461 4562 747 4626 amictum,
775 4573 960 4634 utpote
983 4567 1164 4634 vilem,
1199 4570 1528 4642 despiceret,
1555 4581 1807 4648 exemplo

1932 3372 2433 3432 Camaldulcusium
2500 3377 2909 3444 institutorem,
2967 3389 3022 3435 ct
3073 3382 3252 3452 primo
3311 3383 3543 3440 Fontcm

1929 3467 2248 3521 Avellanam
2281 3468 2569 3532 habitavit,
2605 3469 2692 3524 tibi
2734 3485 2858 3525 cum
2892 3486 3087 3541 magna
3118 3476 3542 3540 monachorum,

1927 3558 2013 3613 vel
2056 3561 2411 3615 ercmitarum
2465 3560 2769 3632 frequentia
2822 3564 3022 3621 multos
3059 3580 3232 3623 annos
3273 3573 3536 3634 cvtraxit,

1926 3659 2041 3705 tum
2091 3653 2404 3722 Stephanus
2453 3653 2524 3707 IX
2571 3666 2999 3725 purpuratorum
3050 3659 3281 3727 collegio
3334 3677 3534 3733 aggre-

1925 3743 2110 3812 gavit;
2151 3762 2170 3794 ι
2213 3743 2295 3798 vel
2335 3746 2577 3799 secundo
2623 3747 2751 3815 quia
2807 3751 2984 3819 reipsa
3027 3751 3079 3804 in
3131 3749 3536 3810 Camaldulensi

1923 3847 2112 3887 eremo
2159 3835 2474 3905 aliquandiu
2519 3847 2575 3890 et
2633 3838 2748 3907 ipse
2798 3841 3035 3906 vixerit,
3083 3858 3149 3897 cx
3202 3845 3536 3915 conjecturis

1923 3921 2145 3978 dissert.
2170 3939 2252 3987 nt,
2278 3940 2396 3994 cap.
2423 3925 2479 3988 ἓ,
2507 3943 2654 3980 unm.
2681 3927 2733 3989 8,
2761 3929 3041 3996 adductis;
3074 3931 3271 4003 quibus
3296 3938 3532 3997 accedit.

1920 4017 2065 4082 quod
2094 4016 2366 4070 Antonius
2396 4017 2564 4072 Maria
2608 4019 2935 4085 Bonuceius,
2969 4022 3261 4094 Ephemcr.
3291 4027 3533 4087 Eucliar.

1923 4115 2052 4162 tom.
2081 4108 2100 4164 Ι
2120 4149 2134 4174 ,
2159 4110 2226 4164 ad
2257 4111 2398 4165 diem
2428 4111 2501 4166 22
2541 4112 2827 4171 Februarii
2875 4132 3136 4188 expresse
3184 4126 3384 4179 asserit
3429 4123 3534 4179 Pe—

1920 4209 2062 4253 trum
2138 4201 2465 4257 Damianum
2533 4206 2897 4264 cardinalitia:
2961 4211 3214 4282 dignitati
3281 4219 3530 4272 nuntium

1919 4291 2200 4345 remittere
2235 4293 2496 4356 voluisse,
2533 4314 2553 4347 ι
2589 4305 2649 4349 ιιι
2679 4299 2744 4352 ad
2775 4315 2929 4352 suam
2963 4315 3206 4358 eremuin
3239 4305 3532 4363 Camaldu-

1915 4377 2120 4434 lcnsem
2155 4383 2376 4437 rediret.
2420 4404 2437 4434 ι
2472 4384 2623 4442 Unde
2674 4398 2784 4442 tum
2834 4400 2988 4457 ante,
3039 4404 3152 4449 Iunt
3201 4409 3323 4466 post
3377 4401 3532 4455 abdi-

1915 4482 2096 4526 catam
2157 4491 2489 4544 purpuram,
2541 4479 2823 4548 probabile
2874 4493 2960 4538 est
3025 4485 3174 4545 illum
3227 4489 3280 4542 in
3340 4506 3530 4548 eremo

1913 4561 2322 4618 Catualdulcnsi
2373 4576 2649 4622 versatum
2699 4584 2852 4638 esse;
2907 4572 2990 4628 vel
3045 4577 3280 4648 denique
3331 4584 3524 4644 tertio,

218 4645 428 4713 Christi,
458 4653 554 4722 qui
589 4669 648 4708 se
673 4674 692 4705 ‹
726 4665 876 4712 veste
899 4659 1019 4713 alba
1049 4680 1067 4710 ι
1097 4661 1243 4715 illudi
1278 4666 1346 4717 ab
1371 4664 1584 4724 Herode
1613 4645 1806 4739 passus

1937 4656 2042 4723 [uia
2075 4656 2127 4708 ιιι
2162 4657 2286 4712 aliis
2316 4661 2670 4716 monasteriis
2701 4677 2730 4715 a
2781 4663 2840 4718 S.
2891 4663 2954 4718 P.
3006 4645 3313 4725 llomualdo
3352 4673 3525 4727 aedili-

217 4748 305 4796 est.
339 4752 396 4795 ut
428 4744 657 4799 dissert.
693 4763 750 4802 ιιι
783 4751 900 4815 eit.,
944 4767 1063 4822 cap.
1103 4755 1160 4815 2,
1194 4773 1342 4809 num.
1374 4759 1424 4823 7,
1457 4765 1798 4834 notavimus;

217 4844 302 4929 nec
353 4850 459 4889 non
523 4836 689 4893 Petro
747 4841 1077 4913 nieordato,
1136 4846 1398 4904 Silvestro
1449 4853 1800 4929 Slaurolyco,

217 4917 365 5008 l‘aulo
403 4925 659 4998 Morigia,
690 4929 1049 4990 Constantino
1091 4938 1375 5008 Cajetano,
1421 4956 1476 4997 et
1522 4917 1800 5005 chroiiista

218 5007 560 5070 Benedic-tino
592 5022 731 5089 apud
761 5028 1010 5080 eumdem
1044 5028 1094 5082 in
1127 5031 1558 5102 prolegomenis,
1593 5047 1723 5094 tom.
1759 5041 1798 5107 Ι,

216 5121 346 5170 oper.
386 5109 443 5162 Β.
485 5110 636 5166 Petri
688 5113 968 5181 Damiani,
1005 5121 1070 5172 de
1117 5122 1546 5182 Avellanitarum
1592 5129 1799 5198 tunica,

217 5202 494 5268 scapulari,
545 5215 604 5259 et
641 5209 846 5263 c::culla
883 5214 1098 5279 penitus
1146 5217 1267 5270 alba
1321 5222 1692 5278 testimonium
1725 5225 1802 5281 fe-

217 5295 478 5357 rentibus;
531 5300 672 5353 adeo
720 5311 778 5355 ut
817 5303 969 5371 juxta
1023 5307 1250 5362 citatum
1308 5311 1796 5384 MorigiamJlist.

218 5389 377 5459 relig.,
405 5409 528 5464 cap.
562 5395 654 5459 58,
682 5411 748 5451 ex
776 5401 942 5454 abusu
971 5401 1234 5458 duntaxat
1264 5410 1628 5476 posteriomm
1659 5421 1796 5467 tem-

216 5493 385 5542 porum
419 5484 705 5540 inductum
737 5486 897 5543 fuerit
933 5493 1222 5549 cmrnlenm
1264 5497 1516 5566 pallium,
1557 5517 1664 5570 quo
1700 5521 1800 5557 titt-

216 5574 431 5630 perrinic
475 5579 704 5634 cucullze
750 5582 865 5637 loco
912 5587 1222 5642 utebantur.
1276 5593 1430 5658 Quod
1477 5596 1794 5662 conﬁrmat,

219 5673 430 5720 veterem
463 5670 712 5739 ipsorum
747 5675 986 5730 habitum
1017 5680 1144 5734 olim
1177 5694 1362 5739 nostro
1390 5686 1792 5746 Camalduleusi

219 5752 429 5819 aliincm,
460 5761 690 5830 suisque
717 5767 966 5820 omnibus
1000 5772 1242 5836 partibus
1279 5782 1386 5829 tam
1415 5777 1596 5831 colore
1626 5796 1792 5849 quain

217 5841 368 5898 {arma
393 5854 918 5909 enrresnondent:‘tn
956 5874 1176 5916 tn'nrstts
1218 5863 1409 5924 fuisse;
1452 5868 1559 5921 imo
1592 5871 1791 5924 addi-re.

1913 4747 2088 4812 catis,
2134 4749 2221 4801 vel
2256 4749 2324 4803 ad
2373 4751 2680 4822 regularem
2728 4753 3131 4812 observantiam
3183 4764 3522 4832 compositis.

1915 4839 2081 4892 vitam
2114 4855 2266 4894 suam
2318 4840 2616 4900 Damianus
2650 4846 2974 4902 trailuxerit.
3021 4849 3205 4917 Quod,
3239 4854 3364 4923 quia
3407 4855 3524 4911 lon-

1912 4929 2048 4999 giori
2089 4933 2412 4988 tractatione
2442 4935 2673 5007 indiget,
2708 4939 2774 4991 ad
2807 4944 3088 5011 sequentis
3122 4944 3318 5013 capitis
3364 4963 3526 5018 argu-

1913 5030 2157 5075 mentum
2199 5025 2583 5080 rest-rvabitnr.

2529 5118 2758 5174 CAPUT
2817 5121 2901 5176 Vl.

1905 5205 1972 5262 Β.
2010 5205 2523 5289 l’elrtts_llninidtim
2572 5214 2707 5265 inter
2754 5213 3155 5289 S._4Rontunldi
3205 5220 3515 5289 discipulos,

2007 5292 2162 5350 atque
2192 5281 2246 5335 in
2275 5283 2511 5351 ejusdem
2543 5287 2876 5339 momiucriis
2901 5291 3233 5356 potissimum
3268 5281 3416 5347 viiii.

1909 5371 2296 5449 Svnorsts._—-
2327 5375 2400 5449 De
2443 5377 2791 5449 Avellauensi
2827 5389 2884 5433 et
2914 5378 3280 5449 Pomposiano
3318 5403 3512 5439 mona-

1978 5447 2182 5519 sterio,
2205 5447 2255 5498 in
2283 5447 2485 5519 quibus
2528 5447 2724 5501 Petrus
2759 5447 3063 5504 Damianns
3105 5455 3268 5519 vixit,
3322 5460 3516 5510 remis-

1979 5517 2112 5570 sive.
2143 5517 2301 5570 Nunt.
2338 5518 2387 5570 1.
2421 5517 2477 5570 In
2509 5521 2924 5573 monasteries.
2956 5519 3225 5577 Vincentii
3251 5517 3320 5580 de
3349 5526 3509 5580 Petra

1976 5597 2196 5660 pertusa
2239 5585 2588 5660 gllomualdus
2642 5607 2764 5642 cum
2831 5592 3114 5660 discipulis
3168 5595 3398 5649 habitat.
3454 5599 3508 5651 2.

1973 5657 2176 5712 Ibidem
2237 5657 2431 5712 l'etrus
2506 5660 2802 5715 Datianus
2865 5657 3039 5716 Vitam
3092 5665 3151 5718 ὃ.
3216 5665 3510 5722 Rmnualdi

1973 5729 2212 5799 scripsit.
2247 5729 2301 5782 5.
2336 5727 2409 5782 Ex
2444 5729 2560 5784 Vita
2601 5729 2746 5785 Petri
2793 5733 3038 5790 Damiaui
3091 5748 3307 5789 constat
3359 5739 3509 5792 iliutn

1973 5802 2039 5853 ad
2085 5799 2393 5853 emnnbiutn
2447 5801 2504 5854 S.
2562 5802 2828 5856 Vincentii
2877 5805 3205 5858 constitisse.
3255 5807 3306 5858 4.
3358 5810 3503 5862 idem

1974 5870 2192 5925 habitus
2224 5873 2274 5925 in
2323 5873 2680 5937 monasterio,
2723 5884 2888 5943 atque
2930 5876 2980 5927 in
3029 5876 3372 5932 :\t't:ii:tttcttst
3411 5881 3497 5935 d8-
