4040 6376
563 398 631 453 ει
1483 398 1538 451 8.
1568 396 1843 451 Ρετιιυδ
1882 395 2136 449 υΑΜιΑΝ

2270 397 2324 449 8.
2358 398 2421 449 ιι.
2462 397 2524 451 Ε.
2548 396 2979 454 CARDlNALlS.

3736 392 3817 450 li

631 509 903 580 gentibus,
936 508 986 563 5.
1019 508 1275 569 Candidi,
1304 515 1353 559 et
1402 506 1505 559 albi
1555 508 1752 580 coloris
1796 507 2122 580 differentia.
2157 513 2201 568 Λ
2231 507 2540 576 magisterio
2584 509 2849 574 vixerant,
2897 522 3059 580 atque
3099 513 3151 565 in
3201 512 3438 579 ejusJem
3488 514 3812 571 monasterii

631 578 760 630 ibid.
791 578 993 632 Rursus
1021 582 1086 631 ad
1117 580 1250 629 item
1282 578 1663 629 umnasteriunt
1696 578 1886 632 Petrus
1915 577 2125 629 Damia-

634 661 736 700 mts
794 649 1038 701 mittitur.
1089 646 1141 699 6.
1187 646 1320 699 Aliis
1373 647 1576 700 viribus
1628 649 1822 701 ibidem
1884 646 2121 707 habitat,

633 716 852 783 ejusque
879 724 1073 770 statuta
1099 716 1292 767 ibidem
1324 717 1668 781 recipiuntur.
1697 717 1748 770 7.
1775 716 2127 769 Severieisitue

634 786 887 839 divinitus
927 786 1145 853 punitur
1192 785 1318 837 illud
1366 786 1703 848 CtBltObltllll,
1756 788 1824 838 ob
1870 786 2122 838 violatam

634 853 877 907 Damiani
928 856 1265 908 decreturum
1315 855 1725 909 observantiam.
1780 854 1831 908 8.
1882 854 2126 906 Damiani

634 938 759 992 erga
823 924 961 977 idem
1012 924 1395 977 monasterium
1440 940 1618 983 amor,
1683 934 1735 977 et
1800 922 2123 977 sollicitudo.

631 991 1033 1052 9.’Diutissinte
1080 992 1273 1046 ibidem
1323 1003 1689 1046 cem-ematur.
1734 994 1813 1047 11).
1850 992 1905 1046 8.
1940 992 2126 1043 Salva-

632 1062 769 1115 toris
811 1064 1112 1117 coenobium
1166 1063 1216 1115 in
1261 1060 1518 1115 Perusino
1549 1062 1821 1115 territorio
1865 1079 1893 1115 a
1928 1060 1985 1115 8.
2020 1062 2127 1115 lto-

630 1132 846 1185 mualdo
875 1140 1270 1187 constructum.
1303 1132 1387 1183 cui
1426 1128 1637 1199 pt'mfuit
1680 1132 1872 1186 Petrus
1911 1130 2127 1183 Damia-

633 1215 752 1253 nus.
798 1202 882 1255 11.
922 1200 1147 1255 Eremns
1190 1202 1385 1253 montis
1434 1201 1605 1268 l‘regii
1652 1216 1679 1252 a
1727 1203 1783 1255 8.
1832 1200 2128 1253 ltomualdo

635 1270 898 1338 primum,
945 1270 1135 1324 deinde
1166 1286 1193 1322 a
1243 1270 1499 1326 Damiano
1550 1271 1896 1326 inhabitatnr.
1932 1268 2018 1322 12.
2055 1269 2127 1321 De

636 1339 757 1392 aliis
804 1338 935 1392 locis
978 1340 1045 1400 ab
1093 1338 1386 1395 [temualdo
1437 1342 1793 1403 constructis,
1843 1339 2127 1405 inquibus

633 1408 925 1462 Datnianns
953 1418 1007 1460 et
1034 1407 1149 1475 ejus
1195 1409 1437 1473 discipuli
1487 1411 1753 1463 vixerunt.
1790 1409 1874 1462 l5.
1922 1408 1980 1460 B.
2024 1407 2121 1459 Do-

634 1478 861 1547 minicus
891 1477 1165 1547 Loricatus
1190 1478 1555 1547 ευιιυςιιιιίιιιιὶ
1581 1479 1889 1547 magisterio
1916 1478 2123 1547 vivens,

629 1546 781 1613 prior
809 1547 974 1601 eremi
1015 1545 1189 1600 Sitrize
1215 1563 1243 1598 a
1275 1546 1330 1600 S.
1364 1545 2013 1601 ltoznualdoconstructio
2049 1546 2125 1598 fa-

632 1623 750 1669 ctus
781 1624 882 1668 est.
916 1615 999 1669 11.
1032 1615 1171 1669 Idem
1212 1618 1277 1668 ad
1319 1632 1555 1671 cremum
1586 1618 1781 1671 montis
1827 1615 2121 1677 Suavieini,

633 1699 794 1753 quant
837 1685 1023 1739 Petrus
1053 1686 1340 1739 Datniamts
1367 1685 1716 1756 fundaverat,
1749 1688 1903 1740 morti
1938 1684 2121 1756 proxi-

636 1769 757 1807 mus
787 1769 845 1807 se
888 1756 1106 1823 recepit.
1137 1756 1221 1808 15.
1257 1756 1549 1810 Sitrienses
1584 1773 1611 1808 a
1655 1755 1814 1810 l'etro
1842 1755 2119 1814 Damiano,

636 1831 889 1894 tanquam
921 1825 1117 1893 proprii
1148 1825 1367 1890 alumni,
1401 1837 1913 1879 commemorantur.
1943 1823 2027 1877 16.
2058 1824 2119 1877 Β.

634 1892 973 1965 μεθ’βίινίξε
1020 1892 1298 1958 retlusus,
1357 1895 1494 1965 Petri
1548 1895 1789 1949 Damiani
1846 1895 2119 1965 magister.

631 1963 761 2016 ibid.
789 1962 978 2018 Petrus
1018 1965 1306 2019 Damianus
1349 1964 1631 2020 Classense
1659 1975 1899 2020 nostrum
1940 1962 2125 2017 inena-

632 2033 857 2086 steriutn
904 2033 1143 2087 incoluit.
1174 2036 1257 2088 17.
1291 2034 1552 2102 Propositi
1601 2036 1769 2089 nostri
1818 2050 1883 2090 ex
1932 2049 2125 2088 monu-

638 2102 837 2157 mentis
880 2103 1170 2158 conclusio.
1219 2104 1303 2159 18.
1349 2104 2021 2173 Multorum-setipt0rum,
2074 2113 2129 2158 et

638 2173 795 2223 trium
821 2187 1152 2242 summorum
1174 2172 1481 2242 pontificum
1511 2172 1805 2227 auctoritas
1825 2188 1921 2242 pro
1942 2182 2127 2227 nostra

634 2242 916 2295 sententia.
968 2241 1052 2295 19.
1104 2241 1411 2295 Αι“οιι.ιιιιὶ;υ
1456 2256 1675 2308 omnes,
1725 2241 1845 2298 cum
1891 2246 2129 2310 ipsorum

634 2309 900 2373 emnoltio,
933 2310 986 2364 in
1015 2310 1501 2366 Camaldulensinm
1533 2312 1622 2379 jus
1665 2309 2010 2366 transierunt.
2034 2310 2123 2363 ‘20.

634 2396 675 2451 l.
707 2398 846 2452 Nihil
876 2400 1045 2469 magis
1078 2400 1275 2454 evincit
1302 2400 1518 2455 Petrum
1546 2401 1864 2455 Damianum
1891 2400 1990 2455 sub
2015 2399 2127 2454 Ro-

564 2487 762 2542 mttaldi
795 2490 1052 2544 meruisse
1079 2489 1358 2560 disciplina
1384 2498 1546 2559 atque
1575 2492 1718 2546 inter
1744 2490 1861 2559 ejus
1897 2491 2131 2546 asscclas

564 2580 836 2631 numerari
875 2579 1089 2646 debere,
1138 2595 1298 2650 quam
1338 2582 1598 2647 locorum,
1646 2584 1842 2651 quibus
1880 2582 1966 2638 ille
1990 2598 2130 2653 pra:-

561 2666 686 2732 fuit,
725 2678 817 2724 aut
850 2671 903 2724 in
932 2673 1127 2741 quibus
1155 2682 1236 2728 est
1267 2673 1565 2729 diutissime
1592 2685 1975 2745 conversatus,
2005 2690 2128 2730 mox

562 2760 893 2815 instituenda
937 2764 1328 2821 consideratio:
1376 2765 1502 2821 hinc
1542 2770 1685 2820 enim
1733 2768 1966 2836 patebit,
2023 2784 2129 2823 non

563 2849 707 2904 aliud
748 2867 908 2921 quam
938 2853 997 2908 8.
1024 2854 1304 2909 Romnaldi
1349 2856 1648 2911 institutum
1682 2859 1831 2928 sequi
1864 2859 2128 2927 prttuissc,

564 2940 716 3009 cujus
764 2943 902 2998 inter
939 2946 1228 3015 discipulos
1272 2949 1510 3017 quotidie
1550 2948 1791 3015 vivebat,
1838 2965 2133 3022 eorumque

559 3034 773 3087 vivendi
814 3039 1186 3092 consuetudini
1218 3054 1277 3095 se
1310 3040 1702 3096 conformabat.
1730 3042 1797 3096 Et
1826 3043 2041 3112 quidem
2066 3043 2134 3098 de

561 3129 749 3185 Fontis
775 3130 1040 3185 Avellanm
1062 3134 1324 3197 ctenobio,
1358 3136 1497 3204 quod
1529 3135 1863 3206 frequentius
1886 3137 2127 3199 incoluit,

562 3220 697 3273 nihil
725 3228 806 3274 est
850 3222 990 3289 quod
1032 3232 1356 3292 repetamus,
1386 3242 1506 3279 eum
1549 3228 1683 3281 satis
1728 3226 1895 3281 multa
1944 3228 2009 3283 de
2042 3228 2132 3284 illo
2160 3194 2204 3255 Ω

560 3315 823 3365 hactenus
853 3312 993 3365 dicta
1021 3312 1149 3375 sint,
1177 3329 1296 3383 qua:
1325 3316 1596 3386 negotium
1625 3318 1727 3371 boc
1770 3317 1929 3386 plane
1966 3318 2135 3372 conli-

561 3403 741 3466 eittttt,
777 3401 900 3454 dtmt
943 3400 1059 3470 ejus
1103 3402 1493 3459 institutionem
1521 3420 1550 3457 a
1579 3403 1636 3459 S.
1664 3404 1965 3461 Romnaldo
1994 3408 2136 3461 deri-

564 3499 741 3544 vatam
780 3491 1057 3545 evidenter
1098 3494 1407 3547 ostendunt.
1444 3493 1550 3549 Sed
1580 3510 1753 3564 neque
1796 3492 1864 3551 de
1904 3495 2134 3564 Pumyo-

560 3586 715 3638 siztlto
771 3585 1130 3648 monasterio,
1183 3584 1288 3637 ttbi'
1332 3583 1500 3639 ferme
1557 3586 1833 3641 biennium
1883 3587 2136 3657 expendit

563 3676 877 3739 Damianus,
902 3675 1054 3741 juxta
1086 3675 1203 3745 ejus
1232 3675 1407 3731 Vitam
1435 3677 1504 3732 ab
1522 3674 1730 3733 Joanne
1754 3674 1813 3732 S.
1844 3678 1943 3731 viri
1975 3678 2137 3733 discl-

562 3765 689 3819 nulo
726 3766 1110 3835 conscriptam,
1150 3781 1269 3835 cap.
1302 3768 1363 3831 6,
1405 3767 1679 3837 quidpiam
1711 3767 1802 3822 hic
1832 3768 2135 3837 loquemur,

565 3874 634 3910 ne
681 3858 849 3927 magis
892 3858 1158 3927 ambiguis
1194 3857 1453 3928 exemplis
1497 3860 1804 3928 ambiguam
1842 3859 1981 3914 bane
2012 3876 2141 3914 con-

565 3948 881 4000 trovcrsiazn
925 3946 1181 4001 dirimere
1227 3947 1363 4001 velle
1406 3948 1689 4002 videamur
1736 3966 1748 4003 :
1805 3949 2019 4003 tametsi
2073 3964 2138 4004 ex

565 4038 725 4091 dictis
764 4038 976 4091 dissert.
1000 4052 1041 4101 ι,
1067 4052 1185 4107 cap.
1212 4036 1269 4101 4,
1298 4054 1445 4093 ηιιηι.
1468 4039 1523 4103 8,
1553 4054 1673 4109 pag.
1704 4038 1793 4105 70,
1829 4040 1960 4094 satis
1990 4040 2140 4094 inno-

570 4127 754 4189 tuerit,
790 4128 856 4181 ad
884 4126 1167 4183 Rmnualdi
1194 4143 1459 4193 normam,
1492 4131 1783 4184 eremiticze
1808 4146 1928 4185 cum
1958 4146 2135 4188 cteno-

570 4217 733 4272 bitica
759 4217 867 4271 vita
912 4217 1345 4286 conjunctionem
1390 4220 1461 4274 ibi
1495 4220 1788 4276 invaluisse
1808 4262 1824 4285 ,
1849 4233 1905 4277 et
1928 4224 1994 4278 ad
2019 4239 2140 4293 pra-

569 4307 705 4369 xim,
733 4306 823 4360 illo
851 4307 964 4375 ipso
993 4306 1235 4362 Damiani
1265 4320 1524 4379 tempore,
1557 4310 1723 4365 fuisse
1746 4313 2016 4367 redactam
2043 4314 2143 4369 sub

570 4395 630 4451 S.
664 4395 927 4465 Guidone,
955 4399 1047 4469 qui
1078 4414 1145 4453 ex
1174 4400 1437 4454 monacho
1476 4401 1707 4456 emnobii
1752 4403 1921 4457 nostri
1962 4401 2020 4458 S.
2050 4401 2144 4458 Se-

571 4488 705 4553 veri,
732 4488 1117 4559 Pomposianus
1147 4490 1313 4545 abbas
1337 4488 1557 4545 ell'ectns
1584 4500 1685 4546 est.

646 4577 706 4631 ll.
736 4577 949 4634 initium
980 4589 1160 4634 autem
1191 4580 1448 4636 ducemus
1493 4600 1521 4635 a
1564 4585 1891 4639 monasterio
1919 4584 1977 4639 8.
2009 4586 2163 4641 Vin~l

574 4669 739 4725 centii
765 4670 833 4725 tle
858 4670 1015 4726 Petra
1041 4672 1291 4738 Pertusa,
1320 4676 1461 4743 quod
1492 4676 1545 4728 in
1576 4676 1820 4732 Urbinati
1848 4680 2142 4745 territorio,

580 4761 613 4815 8
640 4774 892 4829 passuum
936 4762 1173 4818 millibus
1200 4763 1406 4820 Urbine
1449 4766 1656 4822 distans
1702 4767 1830 4823 olim
1870 4771 2143 4840 surgebat,

587 4866 731 4905 nunc
776 4850 1013 4919 ejusdem
1062 4853 1212 4907 urbis
1257 4855 1529 4910 canonicis
1576 4857 1848 4912 addictum
1894 4858 2147 4928 reliquias

577 4947 839 4995 duntaxat
864 4941 1103 5009 pristina}
1133 4942 1514 5010 magnitudinis
1536 4946 1800 5000 ostendat.
1832 4945 1931 5002 llic
1955 4946 2012 5001 S.
2038 4946 2148 5003 Ro-

579 5031 851 5086 mnaldum
899 5032 1236 5097 consedisse,
1282 5041 1441 5101 atque
1468 5034 1592 5089 huic
1625 5036 1724 5104 ipsi
1756 5037 2002 5091 cmnohio
2029 5050 2147 5091 ere-

582 5139 723 5179 mum
758 5122 1088 5191 adjunxisse,
1134 5131 1324 5177 narrat
1366 5124 1655 5179 Dantianus
1703 5126 1754 5179 in
1788 5124 1905 5181 Vita
1950 5125 2007 5181 S.
2040 5127 2147 5181 Ro.

584 5210 803 5274 mualdi,
835 5225 951 5282 cap.
980 5211 1051 5266 63
1079 5229 1091 5265 :
1122 5230 1139 5262 ι
1173 5210 1232 5265 In
1257 5210 1545 5266 Petranum
1572 5222 1828 5278 montem,
1860 5229 1965 5267 non
1994 5214 2149 5286 longe

582 5300 829 5356 videlicet
877 5315 909 5354 a
958 5302 1283 5357 monasterio
1332 5300 1390 5356 S.
1444 5302 1705 5357 Viueentii
1734 5344 1749 5367 ,
1808 5304 1948 5372 quod
1994 5305 2148 5374 juxta

581 5391 954 5453 Candilianum
1001 5392 1347 5447 constitutum
1396 5400 1480 5447 est
1523 5392 1771 5459 ﬂuvium,
1818 5393 2150 5449 Romualtins

583 5479 921 5550 demigravit.
954 5479 1148 5533 Veiens
1175 5490 1350 5537 autem
1381 5481 1553 5537 locum
1586 5481 1651 5535 ad
1682 5497 1921 5538 eremnm
1954 5481 2151 5537 facien-

589 5570 977 5625 damidonenm
993 5570 1251 5634 invenire,
1275 5571 1746 5642 praecepitcuidam
1764 5575 2104 5644 presbytero,
2127 5592 2144 5623 ι

591 5671 693 5716 rte.
746 5671 821 5725 et,
868 5676 986 5731 cap.
1014 5660 1104 5723 57,
1130 5662 1373 5715 meminit
1394 5661 1493 5715 BB.
1519 5662 1803 5718 Gandentii
1830 5675 1882 5717 et
1910 5662 2147 5726 lterardi,

592 5751 677 5817 qui
709 5751 757 5802 in
785 5749 970 5803 eodem
1000 5748 1057 5801 S.
1088 5749 1348 5803 Vincentii
1381 5752 1621 5805 cmnobio
1650 5751 1748 5807 sub
1780 5753 1837 5806 D.
1870 5750 2153 5805 Ruzttealdi

2170 4531 2219 4590 D

2229 594 2543 649 emmeterio
2592 598 2797 664 pariter
2842 608 2968 653 sunt
3014 600 3290 662 tumulati;
3338 616 3569 671 cumque
3612 614 3807 657 eorum

2227 684 2381 749 alter,
2401 700 2588 753 nempe
2602 685 2954 749 Gaudentius,
2978 698 3279 742 revocatant
3304 690 3403 744 sibi
3427 707 3455 743 a
3483 688 3805 757 Romttaldo,

2228 777 2298 829 ob
2322 775 2541 829 Tedaldi
2579 780 2995 847 suggestionem.
3026 781 3368 835 abstinentia:
3415 782 3622 850 pridem
3668 797 3809 836 con-

2228 880 2394 918 cessas
2426 865 2693 919 licentiam
2744 868 2958 938 indigne
2990 870 3186 931 ferens.
3220 870 3285 923 ad
3320 871 3681 941 lngelhertutn
3713 873 3809 928 de-

2228 956 2461 1017 fecisset,
2491 958 2815 1027 proindeque
2840 960 2892 1012 in
2914 978 2931 1009 ι
2964 962 3404 1029 prrevaricatione
3426 961 3810 1017 iuobedientia

2228 1047 2392 1099 vitam
2439 1046 2622 1100 {inisse
2672 1067 2689 1099 ι
2722 1050 3022 1114 videretur,
3056 1068 3074 1100 ι
3123 1051 3453 1119 ltomualdus
3497 1053 3807 1109 orationem

2226 1148 2323 1202 pro
2350 1147 2415 1185 co
2448 1134 2562 1187 fieri
2604 1136 2816 1204 penitus
2866 1138 3176 1201 interdixit,
3220 1138 3339 1192 licet
3387 1142 3440 1194 itt
3487 1142 3809 1197 cmmeterio

2225 1222 2288 1275 Β.
2326 1222 2588 1279 Vincenlii
2608 1267 2622 1289 ,
2644 1225 2799 1294 juxta
2829 1244 3023 1297 corpus
3054 1228 3272 1285 Berardi
3320 1231 3647 1287 venerabilis
3677 1233 3804 1299 viri,

2227 1312 2315 1380 qui
2349 1328 2499 1383 atque
2520 1314 2801 1370 Romualdi
2833 1318 3125 1386 discipulus
3155 1318 3348 1385 fuerat,
3380 1341 3399 1373 t
3426 1322 3619 1390 apponi
3655 1338 3808 1377 man-

2226 1402 2410 1457 dasset
2440 1421 2454 1457 :
2484 1419 2670 1459 verum
2716 1406 2787 1460 ob
2812 1407 3095 1473 visionem,
3140 1424 3245 1462 non
3276 1410 3493 1479 quidem
3541 1412 3804 1477 Berardo,

2225 1504 2285 1547 ut
2316 1494 2725 1550 Slaccltiarellus
2761 1508 2945 1551 noster
2975 1509 3125 1567 putat
3155 1501 3208 1553 in
3241 1515 3334 1554 sua
3364 1500 3649 1571 Apologia,
3678 1518 3803 1573 pag.

2225 1584 2295 1637 2‘2
2318 1586 2462 1652 (nam
2503 1600 2565 1639 ex
2599 1587 2840 1655 proxime
2866 1587 3046 1641 allatis
3081 1590 3321 1645 Damiani
3346 1592 3551 1656 verbis,
3581 1602 3809 1661 totoque

2227 1684 2513 1741 contextu,
2542 1685 2659 1729 erat
2706 1676 2793 1730 ille
2825 1681 3199 1750 [)l'lCIlIOI‘lllllS)
3219 1720 3233 1743 ,
3277 1680 3370 1735 sed
3402 1681 3557 1735 alteri
3588 1682 3808 1737 cuidam

2226 1764 2493 1819 monacho
2539 1764 2605 1817 ad
2652 1766 2932 1834 utriusque
2969 1766 3273 1836 sepulcrum
3324 1770 3521 1832 oranti,
3573 1780 3738 1839 atque
3774 1785 3807 1824 ει

2155 1848 2200 1908 Β
2230 1854 2467 1910 dentium
2513 1855 2698 1909 dolore
2748 1855 2998 1921 liberato,
3046 1868 3360 1924 ostensam,
3404 1878 3425 1911 ι
3477 1860 3811 1916 Rotnualdus

2228 1946 2370 2001 illico
2399 1947 2653 2015 pratcepit
2677 1946 2931 2002 fratribus
2958 1960 3014 2002 ut
3036 1950 3147 2018 jam
3174 1949 3478 2007 Gaudentio
3508 1952 3808 2008 fraternam

2227 2040 2549 2095 ebaritatent
2588 2040 2981 2106 impenderent,
3017 2052 3178 2112 atque
3213 2058 3313 2113 pro
3353 2056 3418 2099 eo
3442 2042 3658 2099 enixius
3686 2060 3813 2101 ora-

2230 2142 2367 2207 rent.
2400 2153 2419 2185 ι

2300 2221 2383 2274 ΙῖΙ.
2417 2219 2474 2274 ι..
2505 2220 2606 2275 hoc
2637 2221 2802 2292 igitur
2822 2224 3149 2278 monasterio
3170 2223 3227 2280 8.
3255 2225 3546 2290 Vincentii,
3568 2226 3815 2299 adeoque

2230 2310 2372 2364 inter
2418 2312 2736 2379 superstites
2782 2311 3065 2369 Romualdi
3106 2314 3395 2384 discipulos
3444 2326 3697 2371 versatus
3729 2329 3815 2374 est

2231 2398 2422 2453 Petrus
2455 2400 2762 2463 Damianus,
2796 2402 2903 2454 imo
2946 2418 3011 2457 co
3041 2401 3140 2457 lori
3173 2403 3347 2458 Vitam
3380 2404 3550 2473 ipsam
3597 2404 3658 2462 S.
3699 2405 3813 2461 lto-

2234 2489 2431 2543 mualdi
2462 2490 2769 2560 deseripsit,
2802 2501 2860 2545 nt
2887 2493 3091 2546 notatit
3116 2491 3406 2546 Fortunius
3429 2492 3566 2547 llist.
3599 2493 3812 2550 Camal.

2232 2590 2369 2649 part.
2400 2596 2461 2643 tt,
2495 2580 2531 2632 1.
2563 2595 2616 2643 v,
2643 2597 2760 2649 cap.
2786 2582 2851 2645 6;
2881 2592 3041 2649 atque
3065 2591 3249 2650 aperte
3273 2581 3541 2650 colligitur
3560 2598 3628 2636 ex
3658 2584 3815 2639 initio

2233 2670 2381 2724 citati
2427 2670 2621 2738 capitis
2650 2670 2717 2725 57
2751 2671 2882 2725 Vita:
2930 2670 2987 2724 S.
3023 2670 3227 2732 Patris,
3259 2672 3345 2726 ubi
3394 2672 3693 2729 Datnianus
3734 2675 3816 2730 sic

2232 2758 2472 2829 loquitur
2506 2778 2517 2811 :
2550 2778 2568 2809 ι
2598 2759 2751 2813 Alios
2775 2759 3297 2815 {talen-Gaudentius
3328 2763 3563 2829 nomine,
3598 2763 3814 2820 abbatis

2231 2853 2480 2906 videlicet
2511 2853 2669 2919 hujus
2699 2854 3007 2907 monasterii
3036 2851 3092 2905 S.
3119 2853 3381 2907 Vincentii
3410 2852 3592 2907 Pater.
3627 2875 3643 2906 t
3676 2855 3813 2911 Dum

2234 2942 2378 2997 enim
2425 2944 2667 3010 proxime
2710 2950 2866 2995 antea
2915 2942 3038 2995 talis
3082 2943 3392 2996 monasterii
3424 2942 3567 2996 tmlla
3607 2945 3815 3000 mentio

2234 3045 2604 3107 prmeesserat,
2634 3034 2726 3088 sed
2751 3032 2916 3088 ferme
2942 3035 3007 3089 de
3030 3034 3193 3099 gestis
3219 3035 3359 3103 apud
3382 3034 3602 3088 Sitriant
3630 3051 3814 3093 sermo

2234 3133 2372 3187 erat,
2407 3140 2510 3179 non
2552 3135 2724 3193 potest
2766 3125 3020 3177 ostetzsit'i
3052 3124 3192 3178 iilius
3232 3124 3569 3192 pronominis
3597 3145 3615 3177 t
3652 3127 3815 3196 hujus

2236 3220 2550 3275 monasterii
2589 3240 2606 3271 ι
2642 3218 2961 3287 signiﬁcatio
3007 3218 3111 3271 alio
3153 3219 3461 3287 detorqueri
3490 3260 3503 3281 ,
3548 3235 3712 3288 quam
3755 3232 3814 3277 ut

2237 3311 2304 3365 de
2346 3309 2592 3365 cu‘nobio
2622 3311 2722 3363 sibi
2771 3318 3058 3378 praesente,
3090 3310 3176 3362 ubi
3211 3294 3456 3363 videlicet
3500 3320 3622 3364 actu
3675 3312 3817 3366 seri-

2237 3401 2417 3462 bebat,
2471 3400 2687 3469 intrlligi
2730 3410 2949 3454 sanctus
3002 3399 3191 3453 doctor
3240 3400 3470 3469 voluerit
3516 3418 3529 3453 :
3572 3400 3709 3455 adeo
3756 3411 3818 3458 ut

2238 3495 2291 3549 in
2341 3495 2439 3548 hos
2488 3493 3009 3547 Satt-Vittcentianos
3058 3494 3349 3547 monachos
3397 3495 3557 3547 cadat
3605 3495 3820 3551 illnstte

2238 3583 2452 3657 Egregii
2510 3594 2959 3654 cognomentum,
3026 3600 3133 3653 quo
3183 3584 3243 3638 S.
3302 3584 3480 3639 Patris
3519 3586 3818 3655 discipulos

2238 3678 2607 3731 coltoncstavit
2638 3674 2690 3726 itt
2713 3673 2827 3741 ejus
2854 3675 2984 3727 Vita:
3015 3675 3297 3741 promtnio,
3327 3675 3395 3728 ibi
3428 3694 3438 3727 :
3472 3695 3489 3728 ι
3523 3676 3816 3731 Multorum

2239 3763 2463 3817 fratrum
2506 3764 2752 3833 precibus
2790 3772 2844 3816 et
2889 3778 3145 3830 germana
3198 3764 3464 3819 citaritate
3511 3766 3817 3831 devinctus.

2240 3854 2380 3923 quod
2408 3854 2469 3906 tle
2512 3853 2766 3921 pratdirto
2798 3853 3027 3906 tnirabili
3061 3854 3178 3907 viro
3218 3853 3287 3907 ab
3329 3855 3565 3923 egregiis
3592 3857 3711 3921 ejus
3738 3856 3820 3911 di-

2241 3940 2459 4010 scipulis
2490 3940 2672 4003 didici,
2706 3940 3005 4010 aggrediar,
3037 3941 3143 3994 Deo
3163 3951 3402 4005 auctore,
3433 3943 3759 3998 describere.
3793 3963 3813 3996 ι

2241 4032 2393 4087 Unde
2430 4032 2482 4085 itt
2516 4030 2902 4100 nttttenpatoria
2938 4031 3192 4084 editionis
3234 4029 3489 4086 Romana:
3518 4033 3642 4085 anni
3683 4032 3819 4088 1656

2243 4123 2375 4178 Vita:
2406 4122 2463 4179 8.
2512 4122 2791 4177 Romualdi
2835 4138 2860 4176 a
2906 4120 3065 4176 Petro
3110 4121 3367 4176 Damiano
3402 4122 3707 4191 ιῐυεενξυιίιι,
3739 4123 3821 4177 sic

2244 4213 2599 4268 Romnaldum
2639 4214 2810 4282 ipsum
2856 4221 3042 4264 auctor
3089 4210 3423 4280 alloquitur:
3460 4230 3478 4262 ι
3526 4210 3819 4279 Postquam

2244 4304 2354 4368 il!e,
2397 4323 2414 4354 t
2452 4319 2641 4372 nempe
2671 4301 2981 4363 Damianus,
3015 4319 3033 4349 ι
3069 4314 3245 4354 mores
3281 4308 3398 4353 tuos
3431 4314 3550 4353 eum
3584 4298 3823 4355 Vestibus

2246 4396 2319 4450 tui
2345 4394 2551 4449 ordinis
2574 4394 2764 4455 induit,
2790 4391 2842 4444 itt
2866 4390 2922 4443 S.
2950 4389 3215 4444 Vineeutii
3242 4390 3570 4443 monasterio
3597 4390 3819 4459 (legens,

2245 4485 2335 4541 ubi
2384 4495 2438 4539 tu
2507 4480 2884 4553 (Romualde)
2940 4478 3282 4534 sanctissime
3328 4480 3571 4542 vixeras,
3622 4478 3825 4548 aliique

2244 4590 2310 4631 ex
2360 4582 2445 4628 tua
2479 4572 2755 4642 disciplina
2795 4570 2893 4624 viri
2926 4568 3283 4622 sanctimozdn
3316 4568 3439 4621 vita:
3483 4567 3826 4635 percelebrcs

2246 4664 2387 4719 diem
2433 4671 2736 4717 extremum
2779 4659 3114 4719 clauserant,
3146 4671 3267 4709 cum
3314 4655 3445 4708 inibi
3482 4655 3825 4710 animadver-

2246 4752 2728 4810 tereteximiarum
2774 4749 3028 4801 virtutum
3075 4744 3297 4815 vestigia
3345 4761 3448 4799 non
3495 4744 3823 4799 lcviterim-

2245 4857 2455 4915 pressa,
2489 4842 2696 4909 ipsique
2722 4838 2953 4907 parietes
2981 4836 3105 4890 vitae
3127 4843 3229 4887 tute
3271 4834 3442 4889 beatae
3468 4834 3827 4888 suavissimas

2249 4936 2467 5004 spiritus
2517 4933 2590 4987 illi
2626 4930 2889 4996 alllarent,
2921 4928 3116 4998 adjecit
3162 4928 3425 4989 aninmnt,
3472 4935 3529 4979 nt
3563 4924 3704 4979 facta
3735 4934 3825 4980 tua

2249 5025 2464 5081 beroica
2502 5022 2731 5094 publicis
2762 5020 3127 5076 monumentis
3154 5017 3527 5085 consignaret,
3561 5036 3579 5068 ι
3610 5026 3715 5070 etc.

2320 5116 2407 5170 IV.
2440 5115 2545 5169 Sed
2572 5124 2626 5169 et
2653 5115 2704 5167 in
2748 5112 2894 5167 Petri
2921 5110 3167 5164 Damiani
3205 5109 3341 5169 vita,
3378 5109 3446 5162 ab
3474 5105 3683 5161 Joanne
3709 5106 3828 5178 ejus

2250 5208 2512 5277 discipulo
2562 5206 2797 5275 scripta,
2845 5204 2927 5258 his
2973 5204 3039 5257 ad
3090 5202 3400 5274 pt‘azdieluttt
3446 5201 3505 5254 S.
3556 5198 3826 5254 Vincentii

2250 5298 2551 5353 crerobinm
2590 5312 2651 5351 se
2695 5296 2985 5350 contulisse
3013 5294 3240 5367 dicitur;
3270 5292 3432 5346 semel
3463 5290 3678 5361 quidem
3719 5292 3828 5360 pri-

2254 5388 2355 5441 mis
2401 5388 2482 5441 sui
2524 5385 2770 5456 tyroeinii
2815 5384 3003 5444 annis,
3052 5390 3143 5447 ut,
3197 5396 3315 5449 cap.
3345 5380 3411 5443 5,
3444 5387 3700 5433 narratur
3745 5380 3831 5435 bis

2255 5480 2465 5534 verbis:
2489 5498 2507 5529 t
2536 5480 2672 5532 Dum
2701 5476 2789 5531 hic
2814 5476 3043 5547 (Petrus
3073 5472 3338 5541 Damiani)
3372 5478 3514 5525 esset
3538 5468 3831 5539 aliquando

2253 5584 2373 5625 cunt
2417 5583 2514 5624 suo
2557 5565 2893 5636 profecturus
2923 5563 3214 5633 magistro,
3246 5559 3545 5615 molliorem
3588 5559 3826 5629 scapula-

2255 5675 2369 5715 rem
2415 5658 2634 5713 induere
2679 5664 2842 5726 atque
2898 5653 3258 5725 pulchriorem
3309 5666 3469 5720 quam
3517 5647 3830 5715 aﬂectatet,

2258 5765 2450 5819 equum
2482 5747 2772 5803 ascendere
2811 5746 2994 5816 jussus
3039 5753 3138 5797 est.
3181 5742 3386 5810 Rogare
3437 5740 3618 5808 itaque
3665 5740 3837 5813 magi-
