4040 6372
250 401 314 457 53
1144 395 1678 454 PHOLEGOMENA.
1722 428 1761 438 -
1821 401 1827 448 1

1939 393 2314 452 lNSTlTUTO
2351 391 2752 451 CAMALDL'L.
3484 383 3558 438 55

251 525 415 572 utrum
442 514 731 572 submissis
760 515 922 586 erepit
958 514 1232 585 precibus,
1262 529 1328 567 ne
1357 512 1458 567 sibi
1506 515 1606 568 hoc
1653 527 1838 581 uigna-
1872 515 1917 574 Α
1950 511 2150 566 nelium
2183 511 2510 566 Frontonem
2545 510 2610 564 de
2640 505 2947 563 diﬂ'erentia
2977 502 3370 560 vocabulorum
3412 503 3558 559 inter

253 618 398 662 retur
428 610 750 678 przcciperc.
780 608 922 678 quod
960 609 1073 680 ipse
1103 609 1350 665 nimium.
1387 605 1530 660 velut
1561 607 1836 668 indecens,

247 699 587 754 abhorreret.
617 697 873 767 Magister
901 714 1030 752 vero
1060 696 1176 759 eius
1203 697 1454 766 precibus
1485 696 1840 765 aequiescere

247 790 490 853 nolebat,
529 806 600 845 ne
631 790 958 860 vil‘peudere
1001 789 1278 843 videretur
1318 787 1642 858 discipulum
1673 801 1837 856 quem

245 879 500 948 diligebat
547 891 800 957 tanquam
846 880 1095 942 unicum,
1126 879 1168 932 si
1201 881 1281 934 sic
1309 895 1456 940 eum,
1497 878 1650 947 juxta
1681 892 1838 931 suum

246 975 598 1038 desiderium,
627 988 810 1029 secum
859 973 1198 1042 permitteret
1228 972 1492 1025 incultum
1523 970 1838 1040 procedere.

245 1065 550 1131 Discipulus
595 1074 776 1117 autem
827 1063 986 1134 longe
1031 1063 1190 1116 aliter
1239 1063 1512 1124 sentiens,
1561 1070 1841 1128 totumque

244 1156 498 1209 aliorsum
551 1164 906 1218 convertens,
939 1155 1164 1208 nimiunt
1209 1155 1569 1208 erubescebat
1617 1151 1842 1207 saecula-

241 1247 387 1304 ribus
429 1245 543 1317 ja-n
599 1261 859 1315 apparere
910 1245 1190 1304 nitidnlus.
1243 1259 1311 1298 nc
1360 1246 1513 1313 ipse,
1563 1245 1656 1314 qui
1709 1243 1839 1298 olim

240 1338 434 1392 srcnlo
484 1339 829 1392 renuntiasse
862 1337 1165 1399 videbatur,
1215 1337 1531 1391 szecnlarem
1585 1353 1840 1407 pompam

237 1431 415 1482 adhuc
458 1428 758 1481 carnaliter
806 1442 1050 1496 quast‘et'e
1099 1437 1400 1494 putaretur.
1450 1427 1605 1495 Quod
1657 1437 1839 1483 tamen

236 1521 586 1588 opprobrium
628 1518 795 1572 multo
844 1519 1015 1587 magis
1063 1519 1152 1574 ille
1197 1519 1404 1584 subire,
1451 1535 1615 1588 quam
1651 1519 1841 1574 inobe-

239 1612 456 1665 dientia:
519 1622 704 1665 notam
768 1611 987 1673 maluit,
1036 1628 1196 1680 quam
1249 1612 1502 1667 videlicet
1557 1613 1840 1668 incurrere

239 1704 614 1756 vehementius
661 1705 898 1774 expavit.
949 1703 1246 1758 Videbatur
1292 1706 1436 1760 enim
1489 1706 1624 1770 sibi,
1678 1718 1839 1776 prout

241 1795 354 1862 ipse
407 1794 702 1857 referebat,
757 1803 814 1848 ut
863 1796 1174 1866 quicunque
1224 1796 1372 1850 illum
1428 1797 1506 1852 sic
1557 1810 1834 1870 comptum

233 1885 484 1952 equitate
532 1895 844 1948 cernerent,
891 1887 1063 1958 digito
1107 1890 1662 1957 demonstrarent,et
1694 1892 1839 1947 velut

229 1981 504 2035 ιοειηιιΙριη
555 1983 996 2036 subsannarent:
1031 1984 1219 2052 sicque
1269 2001 1374 2039 non
1420 1985 1708 2048 monachi,
1742 1988 1836 2042 sed

231 2072 409 2141 iponﬂ
445 2088 646 2126 nmncn
673 2083 942 2142 aptat-ent.
971 2072 1126 2130 Unde
1160 2083 1344 2131 tantus
1385 2077 1552 2131 rubor
1575 2073 1693 2142 ejus
1725 2076 1838 2132 suf-

231 2159 284 2214 [ιι
309 2161 446 2215 ἵει-ιιι
493 2160 716 2226 faciem,
749 2172 804 2217 ut
838 2164 924 2217 vix
956 2175 1119 2232 caput
1147 2166 1382 2235 erigere,
1423 2166 1514 2220 Vix
1565 2167 1618 2221 in
1648 2183 1838 2238 quem-

229 2253 370 2323 plain
422 2263 612 2323 posset
657 2256 802 2310 acies
858 2255 1142 2312 oculorum
1198 2256 1456 2330 dirigere.
1503 2257 1613 2314 illis
1652 2269 1836 2316 autem

231 2345 688 2412 regredientibus.
719 2361 842 2401 cuzn
886 2347 952 2400 ad
981 2347 1289 2403 cmnobium
1335 2348 1394 2403 S.
1425 2349 1716 2418 Vincentii,
1749 2352 1836 2409 cui

234 2436 404 2498 \icina
453 2455 620 2506 rupes
649 2439 805 2494 Petra
839 2452 1060 2511 pertusa
1095 2441 1412 2498 vocabulum
1465 2445 1676 2510 indidit,
1709 2461 1835 2516 per-

231 2537 446 2582 rentum
493 2526 722 2594 fuissvt;
766 2529 879 2599 jam
938 2531 1148 2587 Domini
1191 2548 1381 2588 servus
1422 2533 1646 2591 ulterius
1691 2537 1835 2595 ferre

230 2619 413 2687 nequit
458 2618 884 2688 ignominiosum
933 2623 1176 2680 nitidulte
1208 2625 1376 2681 restis
1416 2637 1668 2682 oruatunt
1699 2646 1712 2682 :
1743 2644 1837 2685 oc-

227 2710 444 2764 casione
474 2709 662 2780 itaque
706 2711 903 2764 ibidem
955 2713 1228 2782 paulisper
1257 2719 1563 2771 ramoraudi
1599 2729 1832 2787 reperta,

231 2800 486 2870 magister
509 2812 694 2869 empto
731 2804 924 2859 itinere
953 2808 1126 2860 tendit
1168 2808 1234 2861 ad
1265 2823 1510 2862 cretnum
1532 2850 1546 2874 ,
1582 2811 1671 2865 ille
1702 2827 1834 2867 vero

230 2888 393 2943 alium
420 2892 527 2946 sibi
557 2894 892 2963 scapularcm
923 2897 1268 2953 humiliorem
1312 2900 1545 2956 stamine
1572 2911 1626 2956 et
1653 2902 1835 2960 colore

229 2983 556 3048 acquisitqu
603 2985 777 3038 inluit
823 3003 835 3037 2
889 2988 1078 3057 sicque
1123 2989 1271 3044 velut
1321 2991 1543 3046 immani
1595 2995 1830 3058 sarcina,

230 3088 328 3140 qua
356 3073 656 3142 depressus
695 3077 954 3131 hactenus
1002 3078 1198 3142 literal,
1230 3080 1484 3145 leviatns,
1511 3084 1833 3150 quantocius

229 3172 343 3231 post
375 3165 698 3235 utag'strum
743 3167 808 3220 ad
856 3170 1132 3238 proprium
1182 3181 1265 3225 est
1314 3174 1702 3228 monasterium
1749 3190 1834 3228 rc-

1947 612 2240 671 utrumque
2288 603 2368 656 sic
2390 602 2840 671 distinguentem,
2874 605 2933 651 ut
2966 613 2995 650 τ
3017 593 3308 651 candidum
3337 595 3556 666 proprie

1943 693 2159 749 dicatur
2187 695 2332 763 quod
2367 695 2425 746 tit
2463 705 2618 754 cum,
2655 690 2838 746 album
2867 688 3011 760 quod
3040 685 3100 742 ﬁt
3126 694 3347 742 natura
3377 705 3396 740 ι
3449 683 3556 742 Sed

1943 782 2046 838 hoc
2075 784 2253 838 obiter
2279 784 2572 837 adnotasse
2595 779 2847 836 sulliciat.

2018 876 2103 930 \‘l.
2143 876 2397 932 Secundo
2428 875 2494 928 ad
2530 874 2671 928 idem
2705 873 2764 928 S.
2795 871 3065 928 Vincentii
3089 870 3400 945 coenobium
3426 869 3558 925 mis-

1943 984 2036 1022 sus
2065 968 2261 1039 legitur
2296 967 2489 1022 Petrus
2519 966 2837 1030 Damianus,
2874 974 2931 1019 nt
2968 963 3268 1019 monachos
3294 963 3415 1018 illos
3440 973 3555 1019 tum

1945 1059 1997 1114 in
2026 1060 2201 1114 sacris
2235 1059 2436 1113 litteris
2463 1059 2729 1121 erudiret,
2767 1065 2879 1111 tum
2931 1057 2998 1112 ad
3031 1060 3391 1112 monasticam
3425 1073 3556 1128 per-

1942 1151 2232 1208 lectionem
2288 1154 2512 1208 uberius
2567 1160 2954 1222 promoveret,
3007 1161 3065 1205 ut
3121 1151 3266 1205 idem
3315 1149 3556 1205 Joannes

1942 1247 2243 1313 discipulus
2287 1247 2435 1303 Petri
2469 1246 2718 1302 Damiaui
2770 1255 3000 1301 testatur
3031 1247 3084 1299 in
3117 1244 3236 1312 ejus
3270 1245 3387 1300 Vita
3430 1261 3551 1314 cap.

1942 1340 1976 1396 6
2003 1359 2017 1395 :
2053 1360 2072 1390 ι
2101 1340 2334 1408 Peracto
2367 1341 2532 1412 igitur
2565 1355 2690 1393 cum
2739 1339 2854 1394 suis
2885 1336 3260 1392 conl’ratribus
3298 1338 3551 1407 permissi

1943 1435 2206 1504 temporis
2229 1433 2428 1502 spatio,
2461 1432 2658 1486 iterum
2683 1430 2926 1500 ejusdem
2962 1429 3036 1482 t‘ci
3062 1428 3263 1499 gratia,
3295 1428 3365 1481 ob
3389 1443 3552 1497 qttant

1942 1524 2288 1594 Pomposiam
2327 1524 2488 1586 ierat,
2518 1523 2586 1577 ad
2623 1520 2684 1576 S.
2719 1520 3013 1585 \‘inccntii,
3042 1519 3200 1590 cujus
3236 1535 3402 1588 supra
3438 1534 3554 1574 nte-

1943 1619 2225 1680 minimus,
2259 1617 2653 1672 monasterium
2687 1629 2916 1686 pergere
2953 1612 3198 1682 jubetur.
3229 1613 3304 1668 lbi
3337 1627 3555 1684 quoque

1942 1708 2260 1779 aliquandiu
2289 1716 2687 1771 connnoratus,
2722 1721 3068 1776 nequaquam
3099 1705 3284 1775 segnis
3306 1723 3334 1759 a
3372 1706 3555 1760 Domi-

1942 1799 2080 1853 nica:
2121 1801 2298 1854 vinea:
2331 1800 2546 1853 cultura
2579 1797 2806 1868 quievit,
2841 1795 3038 1862 donec,
3077 1807 3408 1865 cooperante
3449 1798 3552 1852 sibi

1873 1872 1914 1931 Β
1944 1889 2198 1953 Domino,
2252 1891 2477 1945 uberem
2533 1889 2616 1944 sui
2665 1887 2900 1943 fructum
2935 1886 3232 1942 fatnulatus
3277 1888 3556 1958 impende-

1943 1991 2046 2037 ret.
2081 2003 2100 2033 ι
2135 1983 2314 2054 Atque
2339 1985 2441 2036 ltac
2467 1983 2708 2037 secunda
2739 1981 2860 2036 vice
2903 1980 3251 2043 Damianum,
3281 1983 3350 2036 ab
3391 1981 3553 2050 hujus

1940 2073 2177 2127 cmuobii
2209 2074 2517 2138 monachis,
2553 2073 2611 2125 Ι).
2648 2071 2934 2126 llomualdi
2969 2071 3250 2142 discipulis
3279 2081 3552 2142 rogatum,

1938 2163 2244 2219 scribendat
2277 2162 2567 2219 Romualdi
2594 2161 2734 2218 Vitzc
2758 2163 3048 2218 consilium
3075 2163 3128 2218 in
3159 2179 3215 2219 se
3245 2166 3555 2236 suscepisse

1939 2242 2158 2311 constat
2197 2281 2211 2314 ι
2273 2271 2361 2314 am
2405 2272 2472 2315 ex
2498 2274 2602 2313 una
2635 2268 2792 2329 parte
2821 2258 3038 2314 videtur
3061 2255 3208 2312 illam
3243 2273 3348 2311 non
3375 2275 3401 2310 a
3440 2273 3554 2311 sum

1936 2349 2322 2404 conversionis
2367 2349 2540 2403 initiis
2583 2349 3002 2419 conscripsisse,
3052 2364 3119 2403 cx
3183 2348 3290 2402 illis
3341 2348 3554 2420 prologi

1936 2441 2167 2497 verbis:
2208 2459 2227 2492 ι
2263 2440 2431 2497 Nobis
2480 2449 2666 2496 autem
2719 2441 2772 2494 in
2815 2450 3047 2512 angusto
3099 2440 3309 2496 cellulae
3353 2439 3554 2512 angulo

1938 2535 2313 2592 residentibus
2363 2535 2551 2589 utilius
2597 2543 2739 2598 erat,
2777 2534 2920 2590 sicut
2961 2534 3367 2604 preposuimus,
3423 2550 3550 2604 pro-

1937 2629 2055 2699 pria
2110 2637 2338 2698 peccata
2383 2628 2451 2681 ad
2499 2627 2701 2682 mentis
2743 2625 2938 2681 oculos
2983 2626 3204 2681 assidue
3261 2641 3550 2688 revocare,

1937 2735 2100 2789 quam
2135 2719 2328 2774 aliena:
2352 2718 2572 2773 virtutis
2612 2718 2901 2773 historiam
2931 2725 3152 2781 texere;
3185 2717 3358 2788 magis
3390 2730 3554 2786 cxpe-

1938 2812 2079 2866 dirct
2133 2812 2413 2866 commissi
2474 2820 2661 2866 reatus
2719 2810 2977 2864 tenebras
3029 2809 3325 2880 plangere,
3389 2825 3550 2877 quam

1936 2904 2221 2974 Splendida
2262 2905 2573 2958 sanctitatis
2616 2903 2853 2972 insignia
2888 2902 3160 2973 imperitis
3203 2902 3552 2956 sermonibus

1936 2993 2239 3060 oiluscare;
2277 3013 2294 3046 ι
2333 2993 2412 3048 Ex
2455 2993 2559 3046 alia
2605 3008 2738 3048 vero
2776 3002 2958 3062 parte,
3009 3007 3114 3046 non
3168 2992 3348 3062 potuit
3402 2990 3548 3045 illam

1937 3086 2113 3154 prima
2156 3084 2274 3138 vice
2333 3084 2386 3138 in
2437 3083 2539 3138 hoc
2589 3083 2927 3138 monasterio
2984 3096 3261 3146 exarare,
3305 3097 3429 3136 cum
3487 3081 3540 3134 in

1940 3177 2172 3230 transitu
2203 3176 2471 3230 duntaxat
2522 3174 2596 3230 ibi
2635 3188 2878 3244 praesens
2904 3172 3166 3236 adfuerit,
3205 3187 3305 3227 nec
3339 3187 3546 3226 moram

231 3265 288 3304 re
319 3269 448 3316 sus;
503 3269 848 3326 nequaquam
888 3259 1034 3312 cnim
1092 3276 1185 3314 eos
1235 3275 1390 3329 teque
1440 3271 1688 3331 poterat,
1737 3266 1828 3334 qui
1861 3240 1908 3299 C
1936 3267 2091 3337 operi
2125 3267 2252 3320 huic
2287 3265 2623 3337 perﬁciendo
2667 3273 3028 3336 opportunam
3064 3262 3264 3318 ibidem
3294 3263 3547 3317 traxerit.

227 3344 482 3412 squalidis
520 3345 816 3402 utebantur
847 3349 1106 3414 restibus,
1145 3353 1384 3406 venustis
1435 3354 1552 3424 ipse
1589 3356 1826 3421 indutus,

228 3434 460 3492 revisere
505 3450 520 3488 :
577 3437 702 3490 dum
746 3439 987 3496 moribus
1037 3443 1258 3508 ornari,
1296 3443 1478 3512 potius
1531 3446 1826 3516 gestiront,

226 3541 378 3595 quam
411 3530 680 3584 vestibus.
720 3549 739 3582 ι

294 3615 354 3671 \'.
396 3622 519 3688 Quo
551 3637 616 3676 ex
650 3624 768 3678 loco
796 3634 982 3695 aperte
1007 3626 1194 3694 liquet,
1234 3643 1426 3683 canem
1467 3629 1686 3685 nabitus
1710 3647 1830 3702 spc-

231 3711 328 3770 rie.
369 3712 585 3775 colore,
619 3713 810 3778 lorum,
840 3718 1256 3782 cursuetuelinc,
1311 3729 1419 3772 tam
1470 3720 1827 3786 Avellanitas,

225 3818 378 3868 quem
421 3806 722 3860 monachos
762 3806 819 3861 S.
875 3807 1137 3876 Vincvntii
1199 3812 1416 3865 indutos
1463 3812 1651 3880 fuisse,
1700 3816 1825 3870 dum

230 3895 362 3963 ιψιηι
396 3896 498 3949 ltus
531 3897 827 3954 Damianus
863 3901 1112 3956 idoneam
1153 3905 1390 3959 tunicam
1442 3906 1714 3961 invenisse
1747 3909 1826 3961 di-

225 3987 377 4047 citur,
412 4002 526 4056 qua
556 3989 624 4042 ad
655 3990 796 4053 illus,
825 4007 928 4044 nun
963 3991 1080 4059 jam
1115 3991 1344 4056 recenti,
1381 4004 1474 4048 aut
1513 4012 1688 4067 nuper
1721 3997 1825 4051 lota

226 4085 380 4135 reste.
407 4092 473 4131 cs
515 4080 750 4133 tcnniori
797 4079 920 4135 lana
952 4091 1229 4147 contexta,
1262 4086 1546 4146 candidus,
1602 4096 1657 4140 et
1694 4089 1823 4141 niti-

222 4164 391 4232 dttltts,
421 4171 522 4223 sed
559 4172 815 4225 crassiori
847 4175 1100 4235 stamine,
1138 4191 1204 4228 ac
1239 4177 1424 4232 nativa
1469 4179 1651 4233 ovium
1685 4179 1825 4234 albe-

223 4257 341 4311 uine
370 4260 657 4328 squalidus
683 4271 737 4315 et
767 4263 1020 4328 incultus,
1064 4267 1386 4338 exterisque
1413 4271 1530 4324 suis
1565 4269 1825 4327 fratribus

226 4353 474 4406 concolor
522 4365 808 4424 appareret
850 4375 862 4410 :
899 4359 1156 4414 nimirum
1199 4363 1340 4432 apud
1399 4376 1661 4435 utrosque
1717 4383 1822 4421 non

226 4445 544 4512 crqnisitns.
600 4458 653 4500 et
702 4445 987 4505 allirctatus
1033 4453 1256 4518 candor,
1290 4456 1382 4524 qui
1439 4456 1546 4512 luci
1596 4461 1822 4528 putissi-

228 4545 362 4586 rnnm
406 4534 590 4590 omnis
637 4548 741 4602 est,
789 4551 844 4593 ut
879 4542 1100 4599 dissert.
1135 4561 1219 4609 ut,
1267 4562 1386 4617 cap.
1436 4547 1490 4613 ϐ.
1535 4566 1682 4604 ttttttl.
1731 4551 1818 4618 16,

227 4625 598 4693 probavimus,
631 4631 724 4683 sed
752 4630 937 4686 albata
973 4633 1200 4705 simplex
1229 4636 1423 4706 pallori
1468 4641 1647 4709 potius
1684 4657 1815 4696 con-

219 4711 414 4782 iuncta,
451 4719 505 4771 in
541 4734 641 4773 usu
671 4731 826 4786 erat;
857 4723 922 4777 de
955 4739 1064 4794 quo
1094 4726 1435 4794 discrimine,
1473 4730 1540 4785 ad
1573 4733 1817 4803 complu-

227 4817 306 4858 τοι
351 4803 779 4863 lloiiasttearum
823 4813 1226 4884 Antiquitatnm
1281 4827 1462 4875 textus
1511 4823 1812 4878 concilian-

226 4895 337 4962 (λιες,
372 4906 428 4950 et
481 4899 838 4954 auctoritates
885 4901 1031 4958 Petri
1069 4905 1448 4963 Cluuiacensis
1477 4911 1567 4966 lib.
1613 4929 1690 4977 tv,
1726 4931 1813 4984 cp.

230 4983 313 5047 Π,
357 5001 456 5038 use
494 5004 602 5040 non
635 4991 912 5060 Stuaragdi
949 4993 1000 5046 in
1043 4995 1394 5064 Eximsitiunc
1439 5001 1656 5070 liegular
1688 4983 1810 5074 cap.

228 5075 308 5142 55,
332 5088 634 5135 camu’uum
664 5085 827 5136 restis
856 5085 1093 5141 colorem
1131 5089 1555 5158 improbantiutn
1584 5112 1596 5148 :
1627 5114 1646 5146 ι
1677 5097 1811 5164 Quia

227 5172 386 5241 magis
415 5175 672 5244 gloriam.
708 5191 872 5245 quam
912 5177 1274 5246 abjectiouem
1321 5185 1591 5257 designat,
1631 5209 1649 5241 ι
1687 5206 1812 5244 cum

230 5267 610 5328 monium-niis,
638 5277 695 5320 et
734 5269 1115 5326 traditionibus
1144 5289 1242 5344 pro
1273 5279 1560 5333 monastici
1599 5279 1816 5337 habitus

229 5351 319 5406 albi
348 5364 556 5410 \(‘lttsltt
580 5361 994 5426 consuetudine,
1018 5362 1235 5418 dissert.
1267 5382 1352 5429 nt,
1375 5383 1496 5436 cap.
1529 5367 1581 5432 7,
1605 5387 1632 5422 a
1660 5388 1810 5426 num.

235 5443 314 5506 ιι,
341 5456 392 5499 et
420 5449 684 5517 deinceps
710 5451 954 5506 adductis
986 5459 1416 5526 componendas,
1449 5460 1628 5530 legere
1648 5461 1810 5530 jura—

231 5534 566 5596 bitS-t'iiuitt
603 5543 868 5614 insignem
892 5554 1307 5614 gratntnatiuun
1343 5555 1397 5608 in
1429 5557 1521 5609 lib.
1557 5573 1614 5618 ιιι
1641 5558 1812 5614 Geor-

233 5632 456 5700 giroruni
487 5639 571 5692 sic
597 5639 920 5696 :crihenten'
957 5661 968 5696 :
1008 5662 1027 5695 ι
1056 5645 1214 5701 Aliud
1238 5657 1321 5703 est
1347 5652 1636 5706 camlidnm
1666 5669 1809 5720 esse,

233 5723 277 5778 l!
305 5739 380 5780 est
412 5731 652 5800 qttadaut
697 5731 903 5789 nitetue
933 5735 1052 5792 lucc
1081 5737 1385 5809 perfusum,
1418 5743 1562 5797 aliud
1599 5747 1808 5811 album,

231 5821 354 5886 quot
381 5823 573 5890 pallori
613 5833 832 5880 constat
863 5842 984 5886 esse
1031 5833 1301 5903 ricinum;
1359 5856 1376 5889 ι
1407 5851 1510 5892 nec
1541 5853 1648 5893 non
1674 5838 1808 5896 (lur-

2013 3357 2117 3412 Vll.
2166 3359 2375 3413 Rursus
2401 3359 2522 3412 aliis
2555 3357 2767 3413 viribus
2801 3357 2853 3410 in
2887 3356 2948 3410 S.
2988 3355 3260 3410 Vincentii
3295 3355 3549 3408 coenobio

1935 3453 2142 3506 diutius
2173 3452 2401 3513 vixisse.
2451 3467 2514 3506 ac
2555 3459 2677 3520 post
2709 3459 3024 3520 susceptum
3065 3449 3435 3504 Ereinitarum
3465 3461 3552 3501 rc-

1933 3549 2114 3617 gimen
2160 3546 2278 3615 ejus
2308 3547 2589 3616 Spit‘ituali-
2626 3546 2913 3600 directioni
2946 3544 3181 3600 sollicite
3221 3545 3542 3614 invigilasse

1935 3641 2274 3704 Damianum,
2329 3650 2545 3694 constat
2588 3655 2652 3694 ex
2685 3648 2818 3694 tom.
2848 3637 2866 3693 I
2897 3636 3140 3706 ejusdem
3187 3639 3244 3693 S.
3297 3638 3541 3692 doctoris

1933 3732 2024 3785 lib.
2060 3747 2138 3795 vr,
2168 3746 2254 3800 ep.
2287 3731 2378 3796 ⁸52,
2420 3731 2782 3801 ubicxempla
2826 3730 3102 3785 relaturus
3125 3746 3192 3784 ex
3224 3731 3314 3793 iis,
3344 3746 3464 3799 qua!
3489 3729 3544 3783 in

1931 3821 2076 3876 dicto
2133 3823 2468 3878 monasterio
2509 3824 2889 3893 contigerant,
2933 3823 3226 3876 dantestica
3285 3822 3373 3876 illa
3425 3837 3547 3875 esse

1933 3925 2106 3981 notat,
2139 3927 2302 3985 atque
2331 3934 2360 3970 a
2384 3918 2658 3986 pm‘ceptis
2690 3917 2820 3971 inibi
2845 3917 3176 3971 auctoritate
3207 3932 3310 3972 sua
3341 3918 3548 3970 consti-

1933 4009 2082 4066 tutis.
2119 4018 2174 4063 ct
2209 4007 2596 4062 nonnullorum
2638 4007 2972 4079 pervicacia,
3012 4007 3277 4062 divinitus
3325 4008 3542 4062 demum

1912 4100 2142 4169 .punita,
2192 4099 2459 4170 neglectis
2523 4099 2888 4167 dependentia
2943 4108 3164 4163 narrat;
3222 4099 3299 4152 ait
3348 4098 3542 4152 enim:

1934 4209 1951 4241 ι
1991 4188 2060 4246 Ut
2090 4201 2274 4244 autem
2306 4206 2336 4245 e
2368 4191 2688 4246 domesticis
2724 4205 2942 4261 quoque
2983 4190 3329 4260 przrbeamus
3358 4204 3542 4244 exem-

1928 4283 2098 4352 plum,
2137 4284 2189 4336 itt
2222 4285 2556 4337 monasterio
2587 4284 2646 4338 ll.
2689 4282 2982 4350 Vincentii,
3017 4283 3164 4353 qttod
3214 4299 3321 4336 non
3356 4283 3546 4353 procul

1928 4391 1957 4428 a
1986 4387 2190 4439 monte,
2222 4375 2315 4445 qni
2348 4375 2552 4430 dicitur
2589 4375 2748 4430 Petra
2785 4385 3030 4445 pertusa,
3062 4375 3310 4430 cernitur
3338 4375 3546 4429 consti-

1929 4476 2128 4532 tntttm,
2181 4467 2285 4522 hoc.
2337 4477 2598 4536 tanquam
2638 4467 2894 4539 regulare
2923 4467 3394 4522 eonstitucramus
3430 4466 3544 4520 edi-

1935 4574 2081 4613 Cltttlt
2112 4577 2126 4613 :
2161 4569 2218 4612 ut
2269 4561 2370 4613 sub
2409 4560 2643 4614 districti
2677 4576 2912 4615 crnsura
2958 4561 3157 4630 rigoris
3188 4558 3544 4629 quadragesi-

1932 4650 2076 4715 .tttalc
2104 4649 2480 4704 celebraretur
2509 4651 2726 4706 initium
2757 4668 2769 4705 :
2798 4651 3056 4706 nimirum
3085 4661 3145 4705 ut
3175 4667 3272 4722 per
3300 4652 3541 4707 triduum

1925 4742 2144 4796 n::nnisi
2191 4743 2465 4798 modicum
2525 4746 2682 4814 panis
2732 4761 2860 4799 cuin
2908 4761 3050 4816 aqua
3101 4759 3294 4800 omnes
3339 4746 3538 4802 fratres

1925 4835 2302 4898 ('otuedercnt;
2361 4835 2504 4889 nulla
2559 4820 3058 4902 ttisi'lcctionum,
3116 4837 3231 4891 sive
3283 4839 3536 4892 ordinum

1927 4925 2088 4980 verba
2117 4926 2462 4997 proferrent;
2514 4928 2676 4981 undis
2719 4929 2950 4995 pedibus
2982 4929 3261 5000 lugubres,
3310 4945 3376 4984 ac
3407 4943 3541 4986 ma:-

1924 5031 2108 5074 rcutes
2157 5019 2508 5084 incederent;
2560 5019 2781 5089 expleto
2839 5021 3116 5076 connuuui
3168 5021 3542 5075 modulatione

1922 5108 2210 5172 Psalterio,
2253 5121 2438 5163 mutua
2491 5127 2549 5164 se
2598 5126 2894 5181 scoparum
2937 5111 3302 5181 castigatione
3342 5127 3540 5182 purga-

1921 5209 2062 5256 rent.
2106 5201 2262 5269 Quod
2309 5218 2432 5255 cum
2480 5199 2682 5256 fratres
2725 5213 2873 5268 roto,
2901 5215 2958 5258 ct
3010 5205 3219 5268 animo,
3267 5219 3332 5257 ac
3374 5203 3542 5275 spiri-

1922 5293 2054 5347 tuali
2098 5293 2446 5364 jucunditate
2502 5312 2608 5348 non
2659 5299 2901 5365 segniter
2959 5308 3186 5370 agerent
3237 5309 3347 5352 :et
3395 5297 3538 5352 ultra

1918 5386 2085 5440 etiam
2127 5387 2270 5458 quod
2313 5388 2598 5454 praeﬁxum
2641 5397 2782 5450 erat,
2832 5389 2986 5444 satis
3011 5404 3289 5460 superque
3323 5389 3538 5459 peculio

1918 5479 2077 5534 bonae
2107 5479 2404 5533 voluntatis
2432 5491 2658 5549 agerent
2687 5499 2700 5534 :
2729 5481 2948 5550 quidam
2997 5483 3142 5537 inter
3169 5498 3265 5538 eos
3301 5483 3536 5545 esstitit,

1919 5572 2010 5640 qui
2052 5571 2190 5623 clam
2227 5573 2279 5624 in
2328 5572 2541 5627 edendo
2575 5573 2816 5641 regulam
2850 5573 3095 5628 violarit.
3133 5592 3151 5624 ι
3193 5573 3331 5627 llinc
3361 5573 3538 5644 pessi-

1919 5677 2062 5716 mam
2091 5661 2252 5731 bnjus
2275 5663 2720 5730 przeraricatoris
2749 5675 2978 5718 mortem
3005 5665 3289 5730 describit,
3323 5681 3446 5735 qu:e
3478 5681 3534 5718 se

1918 5762 2188 5823 prtescntc
2218 5753 2526 5824 contigerat
2559 5768 2616 5806 ει
2664 5753 2732 5810 Ut
2768 5754 3016 5821 audiant,
3059 5756 3250 5825 inquit,
3283 5765 3338 5808 et
3366 5757 3536 5825 perti-

1920 5852 2160 5896 mescant
2194 5844 2282 5912 qui
2331 5844 2590 5897 indictam
2645 5844 2948 5916 disciplina:
2993 5849 3236 5918 regulam
3285 5862 3382 5919 per
3411 5863 3535 5916 pro-
