4040 6412
504 410 573 462 5‘”)
1411 421 1466 468 5.
1495 411 1763 470 PLTRCS
1806 413 2047 468 DAfdlA.‘

2150 417 2156 463 ι
2197 413 2252 465 S.
2301 411 2362 463 ιι.
2394 409 2454 464 Ε.
2497 407 2924 464 CAIlDlNALlS.
3671 393 3738 450 εει

499 526 629 593 prize
677 526 965 594 voluptatis
1017 528 1403 596 impatientiam
1447 529 1717 596 frangunt.
1755 550 1770 580 ι
1798 529 1950 584 Unde
1993 529 2057 582 li-
2089 536 2134 588 Α
2165 527 2308 579 bium
2349 540 2530 579 amore
2554 525 2634 578 vir
2663 532 2883 577 sanctus
2911 519 3151 583 ardebat,
3197 526 3250 572 ut
3281 515 3411 572 illud
3442 529 3552 586 pra:
3581 522 3729 570 ea‘te

497 629 644 687 quet,
675 635 834 687 quem
871 635 1053 673 severe
1079 619 1220 672 Petri
1259 619 1498 672 Damiani
1531 630 1727 674 statuta
1775 622 1823 674 in
1873 621 1973 675 hoc
2002 620 2059 674 S.

502 709 766 762 Vincentii
820 709 1065 762 emnobio
1113 709 1482 769 custodienda,
1533 718 1585 762 et
1633 725 1792 775 quam
1840 725 1942 763 non
1989 721 2064 764 tc-

499 816 666 860 tnere,
697 812 749 853 et
773 800 987 868 impune
1017 799 1263 853 violanda
1297 815 1437 865 csse,
1471 802 1612 858 Deus
1655 803 1788 871 ipse,
1838 802 2062 857 terribili

500 906 627 959 erga
660 891 800 943 hunc
833 891 1153 945 monachum
1183 891 1404 951 ultione.
1445 892 1846 946 monstraverit.

565 980 693 1034 V’lll.
735 979 838 1034 Sed
866 989 921 1034 et
961 974 1233 1048 integrum.
1266 983 1392 1035 illud
1432 982 1571 1035 idem
1614 983 1943 1039 coenobium.
1991 984 2060 1036 ob

499 1071 880 1130 .ntermissam,
906 1084 1066 1138 quam
1106 1073 1399 1126 Damiaans
1431 1071 1733 1137 induxerat,
1761 1068 2059 1142 quotidiani

491 1159 557 1213 Β.
585 1158 766 1212 Maria:
800 1159 1030 1228 Virginis
1054 1159 1210 1213 oﬂicii
1251 1163 1710 1225 consuetudinem,
1743 1163 2056 1232 gravissima

490 1250 632 1305 Deus
653 1249 1116 1303 animadversione
1140 1251 1420 1320 corripuit,
1450 1253 1589 1306 unde
1622 1253 1808 1306 eodem
1836 1253 1952 1306 loco
1979 1254 2057 1307 sic

489 1337 832 1404 prosequitur
874 1336 930 1391 S.
966 1337 1194 1392 doctor:
1235 1359 1252 1389 ι
1284 1339 1462 1393 Dicam
1506 1350 1558 1394 et
1606 1340 1769 1406 aliud,
1802 1343 1944 1410 quod
2001 1343 2054 1395 in

488 1425 714 1493 praefato
741 1427 961 1496 conligit
1013 1429 1356 1481 monasterio.
1403 1427 1674 1482 Statntum
1713 1439 1848 1493 erat,
1897 1439 2056 1499 atque

485 1515 596 1584 jam
628 1530 723 1582 per
758 1516 1048 1569 triennium
1079 1516 1190 1570 fere
1232 1527 1525 1582 servatum,
1556 1528 1615 1572 ut
1642 1534 1761 1572 cum
1793 1517 1941 1575 horis
1969 1537 2055 1575 ca-

496 1600 704 1654 nonicis
739 1599 800 1652 Β.
843 1600 1022 1654 Maria:
1068 1616 1279 1670 semper
1328 1600 1559 1673 Virginis
1606 1604 1776 1658 ollicia
1813 1607 2054 1660 diceren-

495 1697 604 1743 tur.
645 1689 776 1744 Erat
810 1699 988 1744 autem
1022 1691 1163 1744 inter
1193 1707 1286 1746 eos
1326 1691 1487 1752 Gozo.
1523 1693 1707 1748 habitu
1738 1696 2050 1759 monaclms,

495 1782 737 1849 reprohaz
764 1781 979 1849 quidem
1012 1781 1153 1845 vitae,
1207 1781 1301 1836 sed
1345 1783 1542 1837 dicacis
1580 1793 1633 1837 et
1671 1793 1934 1838 accurata
1978 1784 2052 1838 fa-

2167 619 2240 674 ris
2267 618 2540 672 Bonifacio
2569 617 2688 671 duci
2722 616 2934 671 enixius
2962 612 3448 668 commemlandum
3487 624 3736 678 suscepe-

2164 709 2252 767 rit.
2288 717 2343 760 ut
2384 716 2595 761 constat
2629 721 2693 760 ex
2726 706 2817 759 lib.
2864 721 2958 765 vn,
2991 719 3077 772 ep.
3129 703 3215 764 l5,
3265 703 3352 755 ubi
3386 702 3502 756 haec
3533 696 3734 756 habet:

2169 815 2188 847 r
2227 797 2298 850 De
2347 795 2673 849 monasterio
2719 803 2898 848 autem
2945 792 3004 846 S.
3045 790 3314 846 Vincentii
3354 789 3738 846 excellentiam

2161 897 2393 941 vestram
2423 901 2531 955 prre
2559 885 2824 944 omnibus,
2861 894 2916 936 et
2943 896 3104 952 super
3129 882 3306 934 omnia
3337 895 3488 949 rogo,
3511 890 3571 935 ut
3601 879 3734 934 illud

2161 975 2466 1043 specialiter
2489 973 2698 1044 diligas.
2728 971 2956 1034 Prredia,
2989 985 3107 1039 qum
3135 970 3202 1024 ab
3229 971 3564 1024 invasoribus
3594 969 3732 1024 deti-

2164 1075 2376 1126 nentur,
2405 1065 2559 1133 legali
2595 1064 2694 1118 sibi
2718 1062 2840 1130 jure
2869 1063 3146 1124 restituas,
3184 1070 3238 1115 et
3279 1076 3308 1115 a
3344 1061 3556 1116 cuuctis
3586 1076 3737 1116 mor-

2163 1153 2355 1206 talibus
2383 1152 2733 1221 protectionis
2763 1161 2866 1205 tuae
2904 1159 3057 1204 scuto
3083 1148 3339 1204 defendas
3367 1163 3383 1202 :
3416 1149 3468 1202 in
3501 1149 3606 1204 hoc
3632 1149 3737 1220 igi-

2162 1253 2246 1298 tur
2288 1243 2613 1297 monaslerio
2652 1241 2932 1295 evidenter
2970 1246 3243 1309 appareat,
3280 1238 3324 1293 si
3355 1238 3498 1307 apud
3540 1247 3737 1292 vestra:

2158 1333 2490 1388 celsitudinis
2518 1346 2676 1385 aures
2718 1329 2890 1398 majus
2920 1328 3121 1396 aliquid
3153 1328 3446 1396 impetrare
3479 1341 3597 1380 mea
3631 1326 3737 1380 bu-

2157 1427 2358 1482 militas
2393 1425 2585 1480 valeat.
2619 1444 2636 1475 ι
2673 1423 2953 1492 Nunquam
2981 1420 3224 1489 profecto
3248 1433 3434 1489 parem
3469 1417 3736 1473 sollicitu-

2155 1514 2336 1569 dinem
2382 1516 2447 1568 de
2490 1515 2603 1583 ipsa
2647 1529 2756 1568 sua:
2796 1511 3147 1581 professionis
3194 1510 3344 1574 sede,
3384 1508 3733 1563 Avellanensi

2162 1605 2416 1657 nimirum
2447 1619 2650 1666 eremo,
2685 1617 2956 1672 nunquam
3000 1603 3066 1656 de
3096 1600 3203 1654 ullo
3229 1614 3295 1654 ex
3342 1607 3417 1653 tot
3451 1607 3731 1652 monaste-

2157 1694 2276 1755 riis,
2343 1693 2410 1748 ab
2467 1694 2582 1763 ipso
2627 1693 2904 1762 speciatim
2956 1691 3187 1751 erectis,
3251 1688 3480 1744 similem
3546 1702 3734 1742 curam

2155 1785 2413 1848 ostendit,
2469 1800 2531 1838 ae
2577 1784 2641 1838 de
2689 1783 3015 1853 prielaudato
3049 1782 3106 1836 S.
3143 1780 3409 1836 Vincentii
3460 1779 3733 1844 cmnobio,

496 1870 722 1924 cundize.
749 1869 846 1924 llic
868 1870 1028 1938 coepit
1053 1870 1332 1938 conqueri,
1365 1873 1494 1925 satis
1517 1888 1782 1941 superque
1811 1872 2053 1928 sufficere
2085 1867 2125 1924 ll
2157 1874 2296 1943 quod
2339 1872 2667 1926 Romualdus
2693 1872 2967 1942 prmclaris
3007 1872 3120 1926 suis
3151 1870 3434 1934 institutis,
3481 1884 3736 1923 suorum-

493 1961 635 2029 quod
676 1961 1166 2031 sanctusprzecipit
1207 1961 1547 2025 Benedictus,
1580 1979 1678 2017 nec
1713 1979 1862 2020 novre
1898 1967 2051 2020 adin-

488 2051 754 2103 ventionis
800 2051 1008 2119 pondus
1048 2051 1240 2105 debere
1285 2053 1595 2122 superponi,
1649 2068 1749 2107 nec
1795 2069 1891 2108 nos
1935 2069 2054 2109 esse

493 2139 728 2206 antiquis
754 2139 1003 2194 Patribus
1033 2140 1330 2195 sanctiores
1361 2158 1374 2196 :
1409 2143 1498 2211 qui
1526 2142 1773 2197 videlicet
1808 2143 1920 2196 haec
1960 2159 2052 2198 su-

496 2231 800 2298 perstitiosa
867 2246 930 2284 ac
977 2246 1374 2300 supervacanea
1413 2233 1745 2302 jndicantes,
1794 2235 2050 2302 psallendi

491 2320 644 2374 nobis
673 2331 889 2384 metam,
939 2336 1258 2390 omnemque
1286 2322 1493 2377 vivendi
1541 2325 1776 2393 regulam
1811 2325 2051 2394 practise-

486 2420 612 2464 runt
646 2428 657 2462 :
694 2410 794 2465 bac
837 2425 965 2464 sane
1004 2409 1200 2466 debere
1246 2428 1343 2468 nos
1380 2428 1500 2468 esse
1539 2423 1838 2479 contentos,
1872 2431 1938 2470 ne
1983 2417 2050 2470 ab

485 2499 572 2553 illa
620 2498 889 2553 incautius
935 2499 1301 2564 declinantes,
1347 2518 1444 2571 per
1493 2506 1768 2558 anfractus
1809 2514 1863 2558 et
1907 2505 2048 2561 invia

484 2587 744 2644 ducamur
791 2591 1024 2644 erronei.
1082 2591 1220 2659 Quid
1279 2592 1470 2660 plura?
1529 2594 1730 2648 Contra
1791 2593 2046 2664 Reginam

485 2682 665 2736 mundi
699 2683 926 2751 praeliari
976 2684 1123 2737 visus
1167 2691 1282 2747 est,
1325 2692 1379 2736 et
1410 2683 1643 2738 confecit
1675 2703 1687 2738 :
1723 2688 1788 2738 ad
1825 2687 1924 2740 hoc
1969 2686 2049 2739 ni-

485 2773 678 2825 mirum
705 2773 900 2827 fratrcs
931 2782 1143 2827 versuta
1182 2773 1580 2830 machinatione
1605 2775 1842 2844 pellexit,
1877 2786 1935 2830 ut
1961 2793 2047 2830 so-

483 2859 605 2913 litas
634 2860 802 2915 beatae
831 2861 1011 2915 Mat-hc
1035 2861 1217 2915 laudes
1251 2861 1476 2916 ulterius
1506 2879 1608 2918 non
1640 2862 1914 2919 offerrent.
1940 2865 2046 2921 Sed

483 2947 554 3002 ob
578 2950 815 3004 divinum
840 2950 1098 3018 judicium
1127 2968 1155 3004 a
1184 2960 1378 3006 nostra:
1401 2955 1682 3022 pravitatis
1715 2955 1910 3008 intuitu
1941 2972 2045 3010 non

483 3037 806 3092 dormitaus!
845 3038 962 3092 Mox
992 3039 1134 3093 enim
1163 3040 1420 3094 adversus
1459 3040 1738 3110 prmfatum
1771 3053 2042 3098 monaste-

479 3126 616 3180 rium
643 3135 720 3181 tot
744 3127 1126 3182 adversitatum
1157 3128 1462 3198 grandines,
1506 3139 1582 3183 tot
1608 3132 1844 3201 undique
1875 3133 2040 3186 bello-

481 3228 598 3268 rum
648 3223 807 3283 atque
856 3214 1196 3269 conflictuum
1253 3226 1457 3270 exorta:
1505 3227 1629 3271 sunt
1669 3228 2038 3288 tempestates,
2069 3202 2112 3262 (λ

480 3310 540 3355 ut
566 3301 693 3371 ipsis
722 3302 961 3370 quotidie
995 3304 1272 3358 monachis
1306 3305 1542 3359 minaces
1564 3306 1720 3376 gladii
1753 3309 1898 3362 necis
1924 3311 2041 3364 exi-

484 3402 595 3446 tum
643 3393 994 3448 intentarent.
1035 3395 1196 3450 Fiunt
1232 3391 1470 3465 undique
1497 3398 1923 3467 deprzedationes
1964 3412 2042 3455 at-

481 3500 584 3554 que
625 3487 859 3557 rapiare;
907 3486 1307 3558 conﬂagrantur
1359 3506 1478 3544 cum
1544 3491 1813 3560 segetibus
1867 3507 2039 3553 arere;

483 3576 788 3640 familiares,
820 3591 882 3632 ac
923 3578 1063 3633 servi
1099 3580 1271 3632 sancti
1309 3578 1408 3634 loci
1449 3581 1744 3635 crudeliter
1771 3584 2046 3639 trucidan-

481 3673 567 3721 tur
596 3686 609 3722 :
643 3678 696 3723 et
722 3686 826 3724 non
850 3670 959 3740 jam
983 3670 1160 3739 imago
1206 3673 1414 3736 mortis,
1443 3673 1534 3727 sed
1579 3689 1723 3728 mors
1753 3675 1867 3743 ipsa
1899 3691 2042 3746 gras-

477 3767 662 3822 satur;
711 3759 845 3812 adeo
878 3769 936 3813 ut
966 3760 1182 3833 truderet
1200 3761 1315 3828 jam
1362 3764 1654 3818 monachos
1674 3766 1882 3830 vivere,
1915 3771 2040 3820 dum

478 3863 810 3918 nequaquam
844 3860 1062 3919 possent
1090 3841 1141 3905 in
1172 3853 1452 3920 procinctu
1479 3856 1788 3911 certaminis
1811 3858 2042 3913 amicum

477 3938 641 4005 quieti
669 3954 780 3993 sua:
811 3937 1159 4008 professionis
1186 3938 1416 3995 ofﬁcium
1458 3944 1747 3998 custodire.
1783 3944 1896 4000 Non
1927 3962 2045 4014 par-

477 4031 559 4083 vis
589 4032 839 4100 expensis
861 4031 927 4084 ad
964 4031 1260 4085 Tcutonum
1304 4041 1484 4102 partes
1515 4035 1806 4104 imperator
1833 4037 2041 4105 expeti-

478 4131 587 4186 tur,
621 4124 964 4191 pragmatica:
1010 4126 1318 4179 sanctiones
1360 4141 1482 4180 cum
1533 4127 1722 4197 sigillis
1751 4130 2043 4199 imperiali-

475 4215 577 4268 bus
617 4213 985 4280 advehuntur;
1033 4217 1125 4270 sed
1169 4218 1503 4272 tantumdem
1547 4229 1660 4281 est;
1702 4221 1752 4274 in
1791 4223 2042 4276 omnibus

477 4305 674 4372 quippe
702 4305 898 4359 studiis
920 4319 1024 4358 non
1057 4305 1287 4369 fructus,
1311 4308 1400 4359 sed
1430 4308 1581 4361 labor
1611 4324 1996 4378 supervacuus.
2022 4330 2038 4362 ι

477 4391 611 4446 Tum
654 4393 853 4457 subdit,
910 4403 967 4446 ut
1008 4395 1120 4448 suis
1166 4397 1463 4464 prmsertim
1508 4399 1747 4461 monitis,
1796 4400 2042 4453 monachi

479 4483 712 4536 divinam
763 4485 1018 4539 ultionem
1064 4495 1450 4552 agnoscentes,
1504 4488 1714 4556 culpant
1774 4489 2045 4544 humiliter

478 4575 834 4642 cxpiaverint,
885 4576 1068 4643 sicque
1120 4575 1351 4645 procella
1397 4578 1571 4632 omnis
1612 4579 1796 4651 sedata
1844 4578 2037 4632 fuerit:

485 4679 503 4711 ε
544 4659 804 4726 Tandem,
848 4662 1039 4731 inquit,
1080 4664 1144 4715 ad
1191 4679 1285 4719 cor
1337 4665 1578 4728 redeunt,
1621 4665 1926 4733 pavimento
1985 4679 2042 4718 se

480 4749 756 4804 humiliter
808 4759 1077 4814 sternunt,
1130 4769 1192 4807 ac
1236 4762 1484 4822 percepta
1531 4755 1866 4820 ptrnitentia,
1915 4769 2042 4806 nun-

479 4857 638 4911 quam
688 4858 744 4898 se
773 4843 836 4897 de
867 4853 1062 4899 caetero
1090 4845 1428 4916 neglecturos
1456 4847 1609 4900 solita
1637 4845 1925 4900 Genitricis
1949 4845 2039 4898 Dci

477 4935 742 5003 prtcconia
775 4937 1097 4992 unanimiter
1121 4937 1459 5006 pollicentur.
1489 4937 1604 4992 Mox
1637 4938 1839 5004 itaque,
1871 4945 1926 4988 ut
1959 4935 2039 4990 fa-

482 5035 615 5088 tear,
655 5026 726 5079 ita
767 5036 889 5096 post
921 5044 1190 5092 coruscos,
1245 5041 1405 5098 atque
1452 5030 1687 5082 tonitrua
1730 5037 1875 5082 tanta
1918 5029 2040 5084 cmli

481 5115 741 5170 serenitas
776 5116 954 5180 rediit,
994 5128 1053 5170 ut
1091 5125 1286 5172 extunc
1333 5133 1499 5185 usque
1543 5118 1703 5171 hodie
1737 5116 1928 5171 fratres
1952 5118 2041 5186 ju-

477 5203 664 5257 cunda:
691 5205 838 5272 pacis
865 5204 975 5260 otio
1018 5205 1391 5274 perfruantur;
1435 5221 1496 5259 ac
1526 5207 1590 5261 de
1637 5205 1859 5275 Scyllcea
1891 5221 2042 5258 vora-

481 5294 606 5364 gine
652 5309 708 5348 se
736 5295 942 5350 delatos
983 5295 1047 5349 ad
1077 5307 1312 5365 portum,
1340 5296 1670 5366 gubernante
1701 5297 1835 5351 Filio
1866 5295 2041 5367 Virgi-

478 5383 580 5445 nis,
611 5383 990 5453 ‘gratulentnr;
1023 5405 1040 5436 ι
1077 5401 1138 5440 ac
1169 5387 1382 5441 domum
1428 5388 1505 5441 sic
1547 5388 1812 5442 concludit
1840 5407 1850 5441 :
1889 5408 1904 5438 ι
1937 5388 2038 5454 Qui

477 5487 606 5541 ergo
662 5472 817 5527 facile
872 5477 1140 5529 seniorum
1195 5492 1412 5530 suorum
1467 5485 1665 5530 statuta
1712 5477 2037 5540 convellunt,

476 5565 577 5617 ista
603 5565 950 5620 considerent
981 5584 990 5618 ε
1026 5576 1077 5619 ct
1107 5582 1171 5619 ne
1200 5567 1361 5622 divini
1401 5568 1599 5623 furoris
1625 5584 1782 5637 super
1814 5583 1908 5622 eos
1932 5567 2041 5637 gla-

477 5653 594 5708 dius
627 5654 824 5717 veniat,
858 5671 961 5708 non
987 5655 1100 5710 sine
1128 5671 1285 5709 causa
1314 5657 1617 5712 formident.
1659 5678 1674 5707 ι

550 5743 638 5803 ιχ.
676 5743 847 5801 Tanto
880 5756 1137 5817 praeterea
1185 5763 1308 5816 erga
1341 5749 1440 5804 hoc
1473 5750 1526 5804 S.
1564 5751 1825 5806 Vincentii
1852 5765 2033 5806 emno-

2156 1984 2259 2038 que
2285 1969 2669 2036 discipulorum
2703 1967 2941 2037 reliquiis
2972 1973 3404 2021 consecraverat.

2222 2057 2288 2112 Χ.
2327 2053 2566 2126 Denique
2612 2057 2922 2125 longissimo
2947 2063 3206 2123 tempore,
3255 2069 3318 2107 ac
3341 2052 3544 2107 diutius
3584 2049 3724 2104 forte

2153 2161 2314 2214 quam
2369 2146 2517 2209 alibi,
2561 2147 2613 2200 in
2661 2145 2916 2214 praedicto
2961 2142 3294 2196 monasterio
3343 2147 3725 2195 conversatnm

2153 2235 2318 2289 fuisse
2349 2235 2689 2298 Damianum,
2725 2232 2905 2302 colligi
2939 2247 3095 2300 posse
3130 2232 3340 2285 videtur
3375 2244 3440 2283 ex
3473 2244 3601 2284 casu
3630 2229 3732 2283 Ar-

2151 2325 2320 2389 duini,
2357 2339 2514 2394 quem
2542 2326 2725 2378 decem
2755 2338 3018 2376 annorum
3048 2322 3224 2391 spatio
3252 2320 3530 2389 promissa:
3551 2319 3729 2374 eidem

2150 2415 2412 2469 Damiano
2437 2415 2804 2470 conversionis
2831 2423 3012 2468 votum
3054 2411 3409 2472 diﬂ‘erentcm,
3441 2411 3731 2480 sanctique

2148 2507 2252 2559 viri
2297 2505 2543 2559 assiduas
2570 2504 2854 2558 instantias
2879 2501 3370 2571 eludentem,justo
3401 2499 3493 2554 Dei
3520 2498 3729 2567 judicio

2148 2594 2393 2662 punitum
2423 2600 2609 2645 narrat
2639 2591 2731 2644 lib.
2772 2606 2824 2654 v,
2860 2591 3018 2659 epist.
3056 2589 3117 2642 l6
3160 2607 3172 2640 :
3215 2607 3232 2639 ι
3272 2587 3479 2648 Dicam,
3525 2587 3726 2656 inquit,

2146 2683 2288 2754 quod
2318 2698 2478 2750 super
2498 2696 2602 2736 non
2624 2679 2866 2735 dissimili
2900 2695 2957 2733 re
2979 2693 3148 2746 nuper
3167 2677 3307 2747 apud
3334 2692 3432 2730 nos
3453 2675 3721 2731 accidisse

2150 2773 2508 2842 cognoscitur.
2552 2772 2645 2824 Vir
2673 2770 2888 2839 quidam
2919 2770 3189 2822 Ardninus
3233 2768 3468 2832 nomine,
3500 2766 3724 2820 famosa

2146 2859 2442 2930 prudentiae
2485 2873 2680 2928 genere
2733 2857 2934 2919 clarus,
2974 2855 3175 2910 divitiis
3221 2854 3526 2924 opulentus,
3574 2864 3726 2907 certa

2147 2951 2275 3005 mihi
2314 2949 2598 3006 devotione
2628 2945 3001 3017 spoponderat,
3027 2943 3170 3014 quod
3205 2944 3249 2998 si
3297 2953 3423 2998 ante
3455 2958 3558 2998 non
3598 2957 3725 3010 pos-

2144 3049 2246 3103 set,
2291 3038 2478 3094 saltem
2521 3037 2735 3108 eXpleto
2780 3035 3062 3097 decenuio,
3113 3034 3179 3088 ad
3229 3032 3616 3088 monasterium
3655 3030 3723 3086 Β.

2147 3130 2438 3190 Vincentii,
2466 3129 2606 3198 quod
2638 3128 2885 3182 videlicet
2907 3126 2957 3179 in
2987 3124 3235 3179 Urbinati
3261 3123 3613 3179 constitutum
3637 3131 3726 3177 est

2148 3221 2451 3283 territorio,
2499 3219 2872 3272 monachicum
2940 3224 3289 3285 suscepturus
3343 3212 3586 3268 habitum
3629 3212 3725 3276 de-

2143 3314 2389 3369 clinaret.
2421 3313 2656 3366 Tandem
2683 3294 2910 3366 termino
2932 3309 3194 3364 condicta:
3216 3306 3482 3378 pactionis
3501 3316 3722 3368 exacto,

2145 3419 2267 3458 cum
2293 3418 2394 3473 ego
2424 3401 2550 3456 huic
2571 3402 2820 3456 assiduus
2849 3409 3071 3456 exactor
3110 3399 3438 3462 insisterem,
3467 3397 3555 3452 ille
3595 3395 3724 3453 inde

2143 3491 2403 3556 cedendo,
2457 3490 2780 3544 hlandiemlo
2823 3490 3003 3544 verbis
3046 3489 3263 3557 quidem
3306 3489 3504 3543 bonum
3562 3501 3728 3542 omne

2143 3581 2517 3648 promitteret,
2579 3578 2745 3646 ipsius
2801 3587 2981 3632 autem
3047 3576 3412 3632 conversionis
3469 3575 3720 3630 effectum

2143 3669 2464 3737 quihusdam
2536 3669 3070 3738 tcrgiversatiouibns
3136 3668 3468 3738 protelarct;
3539 3679 3722 3723 rector

2143 3777 2357 3832 quoque
2391 3760 2503 3830 jam
2547 3761 2671 3815 dicti
2724 3760 3032 3814 monasterii
3079 3759 3223 3817 illius
3278 3759 3494 3814 favebat
3541 3759 3714 3824 votis,

2144 3854 2591 3921 dissuadebatqne
2624 3851 2885 3914 converti,
2916 3852 3068 3919 cujus
3096 3851 3347 3904 nimirum
3370 3863 3721 3920 pernecessa-

2144 3945 2239 3998 riis
2260 3944 2661 3998 sustentabatur
2687 3943 2919 3995 auxiliis.
2951 3941 3156 3994 Interea
3188 3941 3446 4010 languore
3473 3941 3718 4009 corporis

2145 4035 2384 4089 irruente
2415 4035 2685 4098 decubuit,
2725 4054 2741 4084 ι
2773 4041 2877 4089 ctc.
2911 4032 3013 4087 Sed
3042 4033 3108 4087 de
3139 4033 3469 4086 monasterio
3501 4032 3558 4087 S.
3593 4031 3720 4086 Vin~

2143 4124 2306 4178 Centii
2325 4122 2436 4191 jam
2469 4122 2620 4177 satis.

2211 4215 2296 4268 ΧΙ.
2336 4215 2414 4268 Ad
2453 4214 2511 4266 S.
2552 4213 2848 4268 Salvatoris
2904 4212 2969 4266 de
3009 4219 3190 4265 Inutile
3237 4211 3411 4270 Aczzto
3465 4209 3715 4265 Pt‘t'ttsitti

2148 4305 2405 4358 territorii
2464 4305 2766 4356 cmuohium
2812 4311 3181 4358 transeamus,
3224 4301 3364 4366 quod
3417 4297 3720 4353 Ludovicus

2143 4394 2433 4449 Jacobillus
2471 4393 2536 4445 de
2580 4390 2678 4444 SS.
2722 4389 2956 4445 Umbria:
3003 4397 3132 4441 tom.
3162 4387 3203 4440 li
3245 4386 3439 4442 asserit
3479 4404 3511 4441 a
3550 4385 3612 4443 S.
3652 4387 3718 4444 Ρ.

2150 4485 2442 4538 Romnaldo
2464 4481 2813 4545 aediﬁcatum;
2848 4480 2944 4532 etsi
2976 4495 3101 4531 vero
3127 4479 3463 4547 postmodum
3497 4490 3628 4530 tom.
3655 4479 3719 4532 Ill

2147 4576 2274 4629 illud
2318 4577 2455 4628 idem
2491 4575 2588 4624 sub
2624 4572 2814 4625 ordine
2859 4569 3202 4624 Cisterciensi
3246 4583 3386 4622 anno
3419 4567 3552 4621 l008
3593 4583 3720 4620 enu-

2144 4674 2408 4720 slruetum
2440 4662 2640 4718 scribat
2665 4679 2677 4714 :
2706 4671 2853 4729 patet
2886 4660 3254 4728 impressionis
3297 4674 3486 4713 errore
3540 4659 3717 4711 conti-

2145 4758 2305 4825 gissc,
2347 4765 2402 4808 ut
2441 4753 2770 4807 Cislerciensi
2816 4766 2911 4820 pro
2953 4749 3343 4804 Contoldulcnsi
3397 4750 3720 4818 subrogare-

2147 4854 2258 4911 tur;
2289 4847 2564 4898 enimvero
2591 4857 2656 4896 ne
2685 4841 2899 4910 quidem
2945 4851 3103 4895 natus
3129 4855 3270 4893 anno
3299 4836 3434 4895 l003
3465 4856 3584 4895 esse
3625 4855 3720 4907 po-

2147 4942 2277 4987 terat
2311 4932 2369 4986 S.
2406 4931 2667 4984 l‘mbertns
2707 4931 2873 4983 abbas
2901 4929 3340 4983 Cistercicusium
3372 4927 3549 4989 Pater,
3582 4926 3720 4980 adeo

2153 5039 2255 5076 non
2288 5033 2413 5076 lllltf‘.
2443 5037 2539 5090 pro
2563 5020 3010 5076 Cistcrcicusibus
3031 5020 3157 5072 illud
3191 5034 3350 5072 mena
3383 5019 3574 5071 terium
3603 5018 3722 5070 fnu-

2149 5114 2262 5166 dari
2306 5121 2543 5181 poterat;
2593 5112 2697 5164 imo
2741 5111 2867 5162 alibi
2918 5110 3180 5162 duntaxat
3221 5123 3357 5160 anno
3405 5106 3538 5161 1594
3591 5104 3720 5159 illud

2148 5204 2594 5258 Cistcrciensibns
2621 5215 2935 5255 concessum
2960 5209 3148 5252 auctor
3173 5197 3404 5260 fatetur;
3430 5195 3571 5264 quod
3593 5195 3720 5263 qui-

2149 5294 2266 5346 dem
2309 5291 2376 5344 ab
2403 5306 2544 5343 anno
2576 5289 2708 5343 1ἴὶοι
2740 5289 2791 5341 ἰιι
2835 5287 3220 5341 Connuendant
3254 5303 3281 5338 a
3310 5285 3453 5340 Julio
3489 5284 3554 5338 Ill
3591 5299 3726 5338 con-

2148 5398 2378 5446 cessum,
2413 5385 2478 5435 ad
2509 5397 2696 5434 manus
2727 5380 2952 5434 Galcatii
2995 5379 3262 5434 Gabriclis
3305 5377 3567 5430 Fanensis
3594 5389 3720 5444 per-

2145 5475 2309 5536 venit,
2341 5473 2431 5542 qui
2480 5487 2620 5524 anno
2669 5469 2821 5532 13‘2‘2,
2866 5479 3135 5522 ammento
3175 5468 3450 5521 Clemente
3482 5466 3588 5528 VII,
3619 5464 3724 5520 Ca-

2146 5566 2553 5620 maldulensium
2579 5564 2927 5616 eretnitarum
2970 5561 3266 5614 (Turonensi
3309 5558 3722 5628 congregationi

2146 5659 2411 5712 abbatiam
2440 5657 2578 5709 hanc
2620 5654 2933 5724 rcsignavit,
2981 5653 3119 5720 apud
3150 5652 3390 5714 eosdem,
3425 5650 3568 5704 Petri
3615 5649 3716 5704 Fa-

2147 5751 2324 5804 nensis
2379 5748 2590 5803 nomine
2634 5753 2927 5808 assumpto,
2968 5744 3290 5796 monachum
3339 5742 3587 5802 induens,
3630 5741 3718 5798 ubi
