4040 6378
255 428 270 480 Ξ

271 429 310 480 i7
1166 411 1712 472 PROLEGOMENA.
1745 438 1816 450 —-
1848 407 1934 463 DE
1974 403 2366 464 INSTITUTO‘
2393 401 2800 470 CAMALDUL.
3487 399 3558 456 58

251 528 469 602 egregiis
510 524 884 584 sanctimonia:
927 523 1097 591 titulis
1141 522 1342 578 llorttit.
1390 522 1578 592 Itaque
1621 522 1673 575 in
1724 522 1828 576 hoc
1857 525 1903 581 Α
1932 517 2136 572 Christi
2173 532 2302 572 vere
2346 517 2799 588 philosophorum
2847 514 3162 586 percepiSse
3191 515 3494 572 doctorem.
3527 535 3547 569 ι

248 625 398 678 etiam
446 617 718 677 eoenobio,
767 615 912 685 quod
959 625 1013 671 et
1057 616 1267 685 pridem
1327 611 1827 669 Camaldulcnsinm

247 713 371 788 juris
397 710 522 772 fuit.
546 718 604 764 et
635 723 775 764 nunc
802 709 966 762 etiam
993 706 1059 761 ad
1099 705 1412 760 eorumdem
1439 705 1827 774 proprietatem

253 803 420 864 rediit,
450 799 667 868 tszepins
724 807 1085 858 conversatus
1138 806 1224 851 est
1273 795 1466 850 Petrus
1513 795 1827 858 Damianus,

248 904 302 948 ut
346 899 497 946 notat
519 888 817 945 Jacobillus
843 889 1042 944 citatus
1071 905 1084 942 :
1111 889 1221 942 imo
1245 885 1490 954 ejusdem
1530 885 1700 940 abbas
1734 885 1831 939 ali-

248 981 454 1053 quando
499 981 732 1045 exstitit,
763 989 823 1034 ιιι
869 993 933 1034 ex
987 988 1117 1034 tom.
1151 977 1429 1048 [Opentm
1479 976 1538 1031 S.
1591 977 1832 1032 doctoris

247 1073 334 1126 lib.
367 1086 444 1135 vr,
469 1086 556 1142 ep.
603 1071 672 1126 50
699 1069 995 1140 colligitur,
1028 1071 1118 1125 ubi
1151 1071 1230 1124 sic
1262 1070 1380 1123 ait:
1415 1088 1432 1120 ι
1467 1069 1522 1122 In
1564 1067 1832 1122 Perusino

245 1163 588 1224 monasterio.
643 1161 829 1217 Sancti
861 1162 1111 1218 videlicet
1155 1161 1484 1226 Salvatoris,
1531 1161 1618 1216 cui
1658 1175 1831 1230 nuper

241 1270 289 1313 et
320 1258 428 1324 ipse
449 1254 659 1324 pnefni,
693 1255 912 1325 quidam
944 1257 1246 1311 monachus
1276 1255 1438 1326 paulo
1472 1266 1601 1312 ante
1631 1255 1828 1323 fuerat,

179 1387 186 1394 .
242 1348 448 1402 nomine
477 1348 728 1410 Guinizo,
775 1367 792 1398 ι
826 1357 932 1403 etc.

301 1439 404 1494 XII.
443 1439 668 1509 Insuper
697 1442 748 1494 in
776 1440 964 1496 eodem
986 1439 1255 1496 Perusino
1281 1440 1560 1495 territorio
1583 1441 1650 1494 ad
1676 1456 1832 1495 mon-

240 1542 339 1586 tem
365 1530 619 1602 Pregium
655 1532 920 1586 habitavit
965 1533 1258 1589 Damianus
1300 1534 1353 1588 in
1379 1549 1566 1590 eremo
1598 1533 1660 1589 8.
1697 1535 1832 1590 Vin-

237 1623 416 1687 centii,
446 1637 611 1692 quam
660 1623 719 1676 S.
753 1622 815 1677 P.
852 1623 1264 1680 Rontualdusin
1313 1625 1661 1695 possessione
1699 1625 1828 1680 flai-

237 1715 367 1769 nerii
395 1713 730 1769 marcbionis
759 1713 1099 1777 fundaverat.
1129 1725 1190 1770 ut
1212 1731 1279 1771 ex
1303 1731 1424 1785 cap.
1453 1717 1523 1772 '59
1552 1716 1672 1786 ejus
1695 1715 1830 1772 Viue

237 1806 286 1860 in
325 1805 427 1861 line
451 1847 466 1869 ,
499 1814 554 1861 et
580 1807 827 1876 sequenti
856 1807 927 1860 40
946 1808 1239 1875 colligitur,
1275 1810 1673 1879 confirmatque
1692 1810 1833 1866 Cos-

238 1910 351 1986 mus
375 1895 442 1950 de
470 1894 650 1950 Arena
692 1899 743 1950 in
779 1897 932 1953 Serie
955 1897 1160 1953 Ducum
1197 1899 1430 1954 Etruria:
1462 1911 1617 1968 parte
1645 1916 1682 1964 t,
1708 1915 1828 1969 pag.
1866 1929 1908 1986 Β

235 1984 350 2049 183,
383 1987 740 2057 eamdemque
775 1991 916 2044 inter
939 1989 1054 2046 loca
1078 2005 1109 2044 a
1138 1989 1195 2045 8.
1221 1990 1523 2047 Romualdo
1560 1992 1828 2047 aedificata

233 2085 475 2132 recenset
505 2076 802 2133 Jacobillus
829 2079 898 2135 de
923 2079 1024 2135 SS.
1059 2079 1298 2136 Umbriae
1341 2090 1471 2136 tom.
1500 2081 1541 2136 ll
1564 2093 1726 2152 atque
1760 2083 1828 2137 ab

229 2168 411 2222 eodem
440 2166 608 2222 Petro
643 2169 926 2234 Damiano,
951 2170 1150 2225 nedum
1185 2171 1574 2237 inhabitatam,
1622 2173 1716 2228 sed
1760 2173 1830 2228 ad

230 2259 487 2327 majorem
539 2260 796 2314 cellarum
847 2262 1083 2330 copiam,
1117 2269 1172 2316 et
1225 2276 1510 2316 servorum
1564 2262 1658 2316 Dei
1715 2261 1826 2317 fre-

228 2351 504 2418 quentiam
535 2365 840 2422 promotam
892 2354 1059 2409 fuisse
1101 2365 1291 2409 narrat
1339 2357 1392 2409 in
1427 2355 1672 2410 Damiani
1707 2355 1826 2409 Vita

227 2441 460 2498 Joannes
522 2446 840 2515 discipulus,
887 2462 1008 2516 cap.
1057 2447 1118 2508 7.
1154 2447 1227 2501 ibi
1269 2465 1331 2500 τι
1365 2446 1622 2503 Pervenit
1665 2447 1831 2517 igitur

227 2534 288 2585 ad
321 2545 564 2589 montem
606 2535 882 2608 Pregium,
909 2539 962 2592 in
998 2539 1276 2593 territorio
1303 2539 1592 2604 Perusino,
1643 2540 1835 2612 ibique

225 2624 320 2678 alia
347 2629 566 2694 (prmter
605 2645 665 2682 ea
708 2630 956 2683 nimirum
985 2647 1104 2701 qtae
1135 2631 1255 2700 jam
1292 2631 1590 2701 exstabant)
1623 2615 1829 2708 eremi-‘5'

226 2727 395 2771 tarum
449 2718 701 2774 fundavit
751 2721 1087 2787 habitacula,
1139 2725 1228 2778 tibi
1279 2725 1534 2780 videlicet
1577 2725 1852 2797 cclluiat'n‘

224 2809 511 2877 quamdam
540 2812 767 2876 invenit,
801 2814 853 2866 in
884 2829 990 2885 qua
1037 2813 1096 2867 Β.
1151 2814 1517 2871 Romualdum
1549 2797 1827 2886 quondam

225 2903 488 2957 mansisse
519 2903 788 2958 ferebant.
828 2923 848 2956 ι

291 2991 419 3047 ΧΙΙΙ.
461 2993 628 3048 Addit
674 3010 838 3064 porro
884 2995 1204 3061 Jacobillus.
1251 2999 1576 3055 Damianum
1629 3002 1829 3058 exinde

223 3083 496 3139 Perusiam
543 3086 868 3156 profectum,
915 3097 973 3144 ct
1021 3090 1073 3143 in
1126 3089 1366 3161 hospitio
1397 3090 1824 3158 Camaldulcnsi,

222 3176 353 3243 quod
399 3177 546 3245 apud
587 3178 876 3233 ecclesiam
924 3178 983 3235 S.
1034 3177 1272 3236 Matthtei
1323 3183 1376 3236 in
1415 3181 1622 3252 Campo
1657 3183 1823 3250 horti,

1935 607 2090 674 Quod
2120 617 2284 679 certe,
2317 607 2434 661 fieri
2467 622 2572 662 non
2621 614 2859 676 poterat,
2890 607 2938 660 si
2970 605 3253 676 religione,
3281 613 3342 658 et
3389 605 3550 658 insti-

1937 707 2089 764 tuto,
2135 699 2434 770 habituque
2484 714 2514 752 a
2563 697 2750 753 Petro;
2777 697 3044 752 Damiano
3090 696 3406 754 Dominicus
3450 693 3558 749 Ro-

1934 791 2139 845 mualdi
2170 799 2506 846 sectatorum
2537 790 2792 846 alumnus
2817 789 3097 845 distasset.

2005 881 2145 938 XIV.
2182 883 2486 953 i’ostquam
2535 897 2669 937 vero
2707 883 2760 937 in
2814 883 3064 952 proxima
3111 896 3236 936 cum
3269 880 3559 936 Damiano

1933 974 2071 1029 cella
2119 975 2434 1030 Dominicus
2461 973 2754 1029 Loricatus
2782 974 2886 1028 sub
2931 973 3050 1044 ejus
3076 971 3365 1042 disciplina
3394 973 3559 1042 dege-

1934 1077 2021 1122 ret
2047 1086 2061 1122 :
2097 1067 2241 1121 unde
2269 1067 2363 1122 lib.
2394 1083 2472 1132 vt,
2505 1081 2593 1136 ep.
2620 1068 2711 1130 30,
2747 1067 2814 1122 de
2845 1067 2965 1136 ipso
2994 1066 3076 1122 sie
3119 1065 3196 1119 ait
3225 1081 3240 1119 :
3276 1082 3296 1115 ι
3319 1064 3428 1119 Sed
3457 1078 3562 1119 cur

1933 1175 2036 1230 ego
2062 1168 2287 1215 sanctos
2322 1159 2810 1214 commemorando
2860 1158 3029 1222 viros,
3083 1158 3302 1213 diversa
3355 1156 3560 1226 passim

1936 1249 2052 1305 loca
2105 1250 2422 1321 perlustro?
2465 1251 2910 1321 quandoquidem
2955 1251 3100 1304 intra
3144 1249 3417 1311 limen,et
3447 1261 3563 1318 pra:

1937 1340 2188 1395 manibus
2220 1349 2399 1405 teneo,
2448 1341 2518 1394 ad
2559 1339 2719 1409 cujus
2757 1341 2924 1412 digne
2972 1339 3250 1396 eﬂerenda
3283 1337 3559 1408 praeconia

1935 1432 2113 1502 impar
2141 1433 2351 1488 viribus
2379 1447 2484 1488 non
2513 1448 2741 1504 assurgo
2764 1450 2777 1498 ;
2805 1442 2956 1488 certe
2985 1431 3201 1487 cellulis
3229 1431 3561 1494 altrinsecus

1935 1525 2270 1587 constitutis,
2303 1525 2422 1581 solo
2449 1524 2701 1581 Basilicas
2734 1526 3029 1581 mediantis
3075 1524 3396 1588 interstitio,
3434 1537 3560 1592 ego.

1936 1615 2133 1685 illeque
2161 1618 2482 1681 dividimur,
2530 1617 2686 1686 Cujus
2730 1619 2774 1674 si
2827 1619 3124 1672 virtutibus
3168 1613 3564 1672 enumerandis

1936 1709 2177 1780 invigilo,
2205 1718 2335 1766 ante
2369 1710 2499 1765 dies
2545 1709 2801 1773 elabitur,
2844 1725 3010 1781 quam
3063 1707 3339 1764 scribendi
3393 1713 3564 1761 mate-

1937 1799 2017 1852 ria
2049 1800 2317 1865 odettccre
2381 1814 2542 1870 posse
2607 1800 2878 1854 videatur.
2969 1799 3310 1855 Dominicum
3391 1796 3562 1859 dico,

1938 1891 2222 1946 doctorem
2253 1891 2528 1955 videlicet,
2577 1901 2634 1946 et
2673 1891 2958 1945 dominum
3009 1904 3213 1944 meum.
3247 1907 3264 1940 ι
3311 1887 3564 1946 Postmo-

1935 1987 2086 2048 dum,
2122 1985 2368 2054 inquam,
2397 1984 2548 2054 prior
2577 1983 2635 2039 S.
2671 1983 2856 2038 Maria:
2883 1983 3067 2038 Sitria:
3097 1980 3276 2038 factus
3303 1989 3410 2046 est,
3439 1997 3563 2052 qum

1934 2076 2223 2133 notissima
2271 2090 2493 2130 oremus
2523 2092 2554 2130 a
2596 2075 2655 2131 S.
2695 2075 2757 2130 P.
2790 2074 3099 2131 Romualdo
3129 2081 3444 2129 constructa
3489 2087 3560 2128 ex

1931 2170 2052 2240 ejus
2081 2169 2201 2224 Vita
2227 2185 2350 2240 cap.
2380 2170 2470 2232 49,
2502 2171 2593 2225 ubi
2617 2170 2785 2224 etiam
2827 2188 2844 2219 ι
2876 2185 2974 2239 μοι·
2999 2176 3209 2238 septem
3240 2167 3353 2222 fere
3383 2181 3561 2221 annos

1931 2261 2180 2314 inclusus
2209 2261 2435 2325 mansit,
2466 2272 2524 2316 et
2575 2261 2854 2316 silentium
2892 2262 3214 2316 continuum
3271 2259 3560 2314 inviolabi-

1933 2347 2059 2404 Iiter
2108 2351 2285 2405 tenuit
2313 2371 2332 2404 ι
2387 2352 2478 2421 (ex
2525 2355 2716 2407 eadem
2776 2351 2894 2406 Vita
2940 2369 3064 2424 cap.
3115 2353 3207 2422 ΒΞ)
3254 2366 3486 2422 qumque
3530 2367 3560 2406 ιι

1933 2442 2303 2507 sanctissimis
2332 2441 2452 2511 ejus
2482 2443 2768 2513 diSt-ipulis
2806 2443 3008 2499 referta
3050 2443 3305 2498 laudatur
3351 2442 3421 2497 ab
3468 2457 3562 2499 co—

1934 2529 2055 2584 detn
2088 2529 2249 2586 Petro
2279 2533 2541 2588 Damiano
2571 2534 2772 2588 ibidem
2801 2550 2926 2604 cap.
2955 2534 3024 2588 (ii
3052 2549 3066 2587 :
3095 2553 3116 2585 ι
3141 2532 3350 2588 Taliter
3374 2542 3560 2588 autent

1860 2630 1879 2645 ‘
1932 2621 1988 2676 in
2024 2621 2193 2677 Sitria
2228 2625 2535 2690 vivebatur,
2567 2641 2632 2681 ac
2663 2627 2706 2681 si
2741 2640 2806 2680 ex
2847 2625 3209 2681 similitudine
3240 2639 3348 2680 non
3381 2624 3558 2679 solum

1933 2715 2195 2782 nominis,
2226 2717 2322 2772 sed
2351 2717 2520 2772 etiam
2550 2719 2761 2788 operis,
2792 2719 2965 2772 altera
2997 2717 3180 2773 denuo
3203 2716 3376 2772 Nitria
3411 2715 3561 2772 vide-

1934 2819 2108 2864 retur.
2190 2849 2204 2863 .
2284 2848 2301 2866 .
2384 2849 2399 2865 .
2477 2811 2522 2866 Ο
2581 2826 2812 2866 aureum
2896 2809 3187 2865 Romttaldi
3253 2808 3556 2871 saeculum.

1933 2903 2079 2972 quod
2130 2903 2234 2958 etsi
2289 2913 2560 2958 tormenta
2615 2914 3030 2974 persecutortnn
3101 2917 3209 2958 non
3284 2909 3557 2968 noverat,

1931 3007 2238 3067 spontaneo
2289 3005 2471 3052 tamen
2517 2998 2785 3068 martyrio
2830 3014 2938 3052 non
2985 2996 3248 3051 carebat!
3299 3009 3556 3054 aureum.

1933 3088 2179 3157 inquam,
2211 3089 2493 3154 saeculum,
2527 3091 2671 3159 quod
2705 3092 2848 3145 inter
2887 3091 3153 3148 montium
3189 3105 3255 3144 ac
3284 3088 3552 3144 silvarum

1933 3176 2078 3234 feras
2124 3188 2197 3234 tot
2245 3180 2490 3236 caelestis
2518 3180 2826 3236 Jerusalem
2878 3183 3031 3237 cives
3077 3180 3279 3235 alebat.
3314 3199 3333 3232 ι
3385 3175 3560 3247 Hujus

223 3280 357 3320 nunc
395 3264 509 3320 PP.
555 3265 616 3321 S.
659 3266 938 3323 Francisei
972 3283 1253 3333 concesso,
1300 3272 1615 3340 aliquandiu
1667 3272 1825 3327 habi-
1853 3289 1899 3352 ρ
1932 3286 2066 3342 ergo
2096 3273 2438 3337 monasterii,
2474 3273 2592 3328 sive
2629 3273 2800 3328 eremi
2849 3273 3000 3342 prior
3031 3271 3210 3326 factus
3252 3278 3338 3324 cst
3368 3269 3524 3325 Domi

225 3366 387 3423 tasse;
417 3358 532 3413 imo
565 3368 621 3414 et
651 3359 788 3414 alias
819 3359 872 3414 in
901 3361 1237 3417 monasterio
1275 3362 1332 3418 S.
1363 3362 1652 3418 Cismundi
1681 3365 1826 3434 apud

223 3445 553 3504 Marsianum
595 3449 650 3504 in
698 3460 884 3506 monte
922 3450 1097 3524 Regio
1134 3453 1344 3509 ordinis
1371 3453 1826 3521 Camaldulcnsis,

221 3541 304 3593 ubi
337 3541 396 3595 8.
426 3541 490 3595 Ρ.
525 3541 864 3600 Romttaldns
890 3544 1257 3611 habitaverat,
1285 3556 1667 3602 conversatum
1705 3561 1829 3602 esse

220 3635 413 3702 pariter
438 3635 666 3691 l‘etrtnn
697 3637 1040 3703 Damianum,
1077 3656 1185 3694 non
1217 3656 1326 3696 uno
1363 3641 1416 3696 in
1445 3641 1567 3697 loco
1602 3641 1824 3698 fatetur.

221 3715 319 3779 Sed
356 3737 409 3780 et
449 3727 506 3780 in
539 3743 727 3783 eremo
768 3727 950 3785 Serra:
989 3722 1206 3786 Sancta:
1245 3748 1342 3787 seu
1385 3731 1566 3788 Serra;
1597 3733 1831 3790 Sancto~

222 3830 329 3869 rum
368 3819 517 3886 apud
567 3830 808 3873 montem
854 3821 1239 3890 Appenninum
1272 3822 1326 3876 itt
1369 3824 1591 3894 regione
1631 3823 1824 3880 Tadini

219 3905 462 3962 dio-ccsis
490 3907 779 3964 Nnt'erintc
807 3909 865 3964 S.
893 3910 1172 3965 doctorem
1199 3912 1422 3977 vixisse,
1451 3915 1669 3980 asserit,
1701 3931 1826 3971 cum

225 3994 276 4048 S.
302 3996 516 4054 Joanne
572 3999 844 4056 Laudensi
890 4001 1009 4068 ejus
1049 4002 1341 4073 discipulo,
1389 4005 1478 4059 ubi
1511 4006 1719 4074 pridem
1765 4007 1820 4062 S.

222 4084 554 4146 ilomualdus
577 4097 632 4144 et
661 4089 720 4156 8,.
739 4090 1092 4148 Facundinus
1112 4095 1401 4166 episcopus
1423 4095 1822 4153 babitavcrant.

221 4176 451 4248 Itemque
502 4181 590 4234 vel
643 4182 874 4250 ipsemet
916 4183 1113 4239 Petrus
1170 4185 1488 4254 Damianus,
1542 4188 1625 4243 vel
1675 4202 1827 4245 certe

222 4267 273 4321 S.
304 4268 627 4326 Dominicus
665 4271 953 4330 Loricatus
977 4272 1095 4342 eius
1115 4276 1432 4346 discipulus,
1465 4281 1663 4334 versati
1697 4291 1824 4335 sunt

219 4361 267 4414 in
295 4379 482 4420 eremo
530 4365 774 4431 Luceoli,
803 4351 966 4436 quam
1002 4364 1062 4422 S.
1110 4368 1445 4426 [lontttaldus
1479 4369 1626 4442 (post
1673 4373 1825 4429 urbis

222 4453 352 4510 Illius
386 4459 779 4513 vetustissima:
823 4461 1186 4516 vastationem
1237 4461 1307 4518 ab
1343 4463 1558 4520 Othone
1603 4464 1690 4530 ΙΙΙ,
1722 4469 1824 4523 sub

221 4559 407 4602 annum
437 4549 573 4614 996,
617 4551 958 4622 imperatam,
989 4571 1056 4610 eo
1102 4557 1247 4626 quod
1292 4568 1480 4628 partes
1513 4561 1818 4617 Crescentii

1933 3364 2091 3419 tticus
2140 3363 2449 3432 Loricatus,
2493 3372 2556 3418 ut
2589 3372 2806 3420 constat
2855 3379 2919 3418 ex
2970 3362 3132 3440 titulo
3169 3360 3416 3433 epistola:
3464 3359 3556 3424 5|,

1931 3454 2028 3510 lib.
2057 3471 2106 3509 vt
2138 3469 2153 3508 :
2190 3474 2209 3507 ι
2231 3455 2312 3510 Ad
2349 3455 2695 3511 Dominicum
2723 3453 3037 3510 Loricatum
3067 3453 3311 3523 priorem
3347 3451 3406 3507 S.
3445 3450 3563 3506 hla-

1933 3547 2028 3602 rize
2057 3545 2263 3610 Sitria,
2301 3547 2530 3618 ejusque
2557 3548 2852 3614 eremitas;
2887 3568 2905 3601 ι
2944 3557 3112 3618 atque
3159 3555 3289 3602 tunc
3318 3547 3487 3602 etiam
3527 3560 3559 3600 a

1940 3638 2086 3693 Petri
2129 3639 2378 3696 Datniani
2419 3649 2576 3706 nutu,
2621 3649 2677 3696 et
2723 3640 3065 3711 magisterio,
3091 3652 3217 3694 cum
3273 3639 3408 3708 ipse.
3444 3643 3559 3690 tum

1931 3727 2048 3796 ejus
2074 3729 2278 3784 subditi
2302 3729 2638 3801 pendebant,
2667 3738 2726 3783 ut
2756 3745 2825 3785 ex
2855 3727 3100 3797 ejusdem
3132 3729 3378 3800 epistolze
3401 3726 3560 3781 initio

1931 3817 2226 3890 colligitur,
2276 3821 2365 3874 ubi
2415 3820 2496 3874 she
2546 3821 2714 3874 habet
2763 3819 3065 3874 Damianus
3118 3835 3131 3872 :
3190 3836 3211 3869 ι
3241 3817 3559 3888 Scripsistis

1931 3911 2086 3976 mihi,
2119 3911 2484 3978 dilectissimi,
2531 3911 2660 3983 quia
2697 3921 2884 3968 tantus
2925 3926 3315 3990 perversorum
3347 3926 3411 3966 ac
3445 3911 3562 3965 vio-

1931 4001 2207 4056 lentorum
2263 4004 2546 4058 hominum
2605 4019 2702 4059 vos
2754 4002 2896 4058 livor
2953 4001 3200 4066 infestat,
3251 4003 3399 4072 quod
3451 4000 3559 4057 nisi

1927 4095 2083 4149 vobis
2113 4111 2214 4163 ego
2244 4096 2441 4166 raptim
2486 4095 2855 4167 celeriterque
2897 4111 3223 4152 succurram
3249 4136 3262 4159 ,
3300 4109 3396 4148 vos
3436 4093 3559 4150 loco

1927 4188 2144 4253 ceditis,
2173 4187 2448 4257 aliumque
2472 4189 2652 4252 vobis,
2686 4189 2778 4258 qui
2817 4187 3022 4259 rapinis
3059 4187 3147 4243 his
3188 4197 3354 4257 atque
3390 4184 3558 4241 mole-

1927 4278 2048 4332 5tiis
2079 4294 2184 4331 non
2219 4280 2291 4332 sit
2318 4280 2614 4344 obnovius,
2644 4280 3024 4350 providebitis.
3059 4299 3078 4331 ι

1998 4369 2115 4426 XV.
2159 4372 2341 4438 Quare
2371 4381 2525 4442 patet
2571 4371 2924 4428 Sitricnsium
2991 4387 3185 4428 curant
3215 4371 3282 4426 ad
3331 4370 3556 4426 Damia-

1927 4457 2071 4516 nutn'
2089 4464 2278 4533 utique
2306 4463 2673 4534 pertinuisse;
2713 4465 2858 4520 unde
2889 4475 3078 4520 mnttta
3107 4464 3376 4535 probatur
3403 4464 3554 4520 loco-

1927 4570 2046 4608 rum
2076 4554 2388 4624 Rotnnaldi,
2419 4572 2483 4612 ac
2515 4556 2663 4612 i‘etri
2709 4558 2956 4613 Damiani
2988 4559 3325 4624 communio,
3349 4567 3408 4614 et
3439 4573 3560 4615 Ino-

220 4638 433 4699 Bomaai
471 4647 716 4701 consulis
739 4651 1108 4720 sequeretur),
1137 4651 1328 4708 eodem
1360 4652 1627 4713 Jacobillo
1658 4667 1817 4724 teste,

1934 4648 2229 4702 nacborutn
2269 4663 2336 4703 ex
2388 4650 2474 4704 his
2519 4649 2574 4704 in
2623 4649 2734 4714 illa,
2769 4665 2835 4706 ac
2886 4651 3156 4715 vicissim,
3207 4651 3555 4720 promiscuus

222 4734 279 4786 ad
320 4739 739 4792 restaurandam
785 4742 1067 4812 antiquam
1119 4741 1220 4798 loci
1277 4746 1639 4817 religionem,
1693 4763 1824 4804 con-

221 4836 480 4886 struxerat
519 4841 689 4902 atgtte
739 4834 791 4888 ἲιι
836 4834 1024 4890 decent
1075 4844 1150 4890 et'
1181 4852 1233 4891 οι
1251 4847 1306 4892 to
1344 4838 1511 4895 eellas
1554 4840 1823 4897 distinxe-

223 4929 330 4982 rat;
403 4924 497 4977 ubi
573 4936 860 4994 postquam
938 4928 1252 4984 Dominicus
1327 4930 1586 4986 loricatus
1663 4952 1681 4984 ι
1721 4935 1822 4988 sub

225 5014 526 5083 magisterio
579 5020 752 5074 sancti
806 5021 907 5074 viri
963 5019 1215 5086 Joannis,
1268 5023 1360 5093 qui
1414 5023 1701 5079 dicebatur
1753 5027 1821 5080 de

224 5101 384 5160 Monte
425 5107 668 5172 Feretri,
710 5126 806 5180 per
849 5112 1112 5180 plurimos
1161 5113 1297 5168 vixit
1350 5130 1542 5179 annos,
1575 5135 1594 5168 ι
1646 5117 1822 5186 inquit

225 5194 399 5253 Petrus
431 5198 683 5254 Damiaui
717 5203 807 5255 lib.
845 5219 882 5267 ι,
915 5220 1002 5275 ep.
1042 5205 1129 5270 l9,
1156 5221 1214 5260 se
1250 5204 1492 5274 ejusdem
1521 5206 1669 5262 Petri
1717 5209 1823 5263 Da-

223 5290 372 5344 miani
413 5293 710 5347 directioni
740 5296 1026 5352 subdidit:
1060 5320 1078 5349 v
1117 5299 1300 5370 Longe
1343 5316 1473 5356 vero
1517 5312 1657 5372 post,
1698 5318 1817 5357 ma-

223 5380 372 5450 εἱειτο
398 5389 680 5456 prmbcnte
705 5405 1053 5454 consensum,
1085 5394 1338 5465 dignatus
1368 5405 1452 5451 est
1484 5398 1567 5451 vir
1597 5408 1819 5455 sanctus

225 5474 497 5536 pitedictus
529 5479 664 5533 mihi
701 5481 919 5546 misero,
956 5492 1012 5544 et
1039 5500 1200 5554 quem
1245 5485 1361 5555 ipse
1409 5487 1690 5557 suscipere
1740 5489 1820 5543 di-

226 5576 485 5634 gnaretur,
518 5570 769 5640 indigno,
796 5572 934 5627 mira
970 5588 1028 5628 se
1067 5589 1295 5644 prorsus
1328 5578 1635 5635 humilitate
1667 5595 1817 5633 com-

226 5663 442 5726 mittere,
480 5673 538 5719 et
578 5665 726 5719 sicut
758 5667 939 5721 abbati
989 5671 1317 5725 monachum
1365 5672 1678 5744 subjugare.
1715 5672 1814 5728 Ctti

225 5752 456 5806 nitnirum
487 5756 769 5824 praestitit,
797 5772 900 5811 non
926 5759 1163 5828 accepit;
1194 5767 1248 5814 et
1276 5776 1437 5830 quem
1463 5777 1812 5833 susceperant

225 5841 346 5894 v--lut
387 5845 439 5898 in
481 5843 828 5912 subiectione
867 5846 1137 5908 clientem.
1169 5850 1380 5919 gaudeo
1413 5867 1497 5908 nte
1537 5852 1587 5905 in
1628 5850 1811 5904 schola

1927 4739 2230 4795 transitus:
2268 4753 2327 4795 ιιι
2367 4751 2518 4797 certe
2564 4759 2628 4798 ex
2681 4741 2846 4799 Sitria
2898 4742 3218 4800 Dominicus
3265 4743 3556 4800 Loricatus

1927 4831 2152 4888 biennio
2180 4845 2306 4888 ante
2338 4845 2572 4892 mortem
2615 4838 2862 4901 recessit,
2893 4848 2948 4894 et
2977 4839 3044 4891 ad
3072 4853 3318 4893 eremum
3349 4839 3554 4896 montis

1929 4925 2204 4981 Suavicini
2239 4927 2402 4999 (nunc
2436 4928 2736 5002 Frontalis)
2765 4945 2824 4986 se
2857 4930 3111 4995 contulit,
3156 4944 3278 4999 quae
3325 4930 3396 4985 ab
3431 4930 3553 5000 ipso

1927 5015 2092 5071 Petro
2126 5019 2370 5073 Datniani
2401 5020 2624 5074 fundata
2663 5033 2806 5087 erat,
2847 5033 2906 5075 ιιι
2946 5022 3061 5090 ipse
3095 5022 3264 5076 tradit
3295 5031 3424 5076 tom.
3461 5020 3550 5086 ΙΙΙ,

1926 5123 2117 5177 npttsc.
2149 5126 2236 5171 xv.
2270 5128 2393 5182 cap.
2420 5115 2452 5167 6
2507 5133 2517 5167 :
2553 5131 2569 5164 ι
2627 5112 2683 5166 In
2731 5113 2819 5168 illa
2847 5114 3067 5178 Erctno,
3118 5115 3318 5186 inquit,
3360 5129 3548 5184 quam.

1927 5208 2153 5256 auctore
2199 5201 2330 5267 Deo,
2365 5205 2416 5256 in
2465 5204 2638 5260 latere
2683 5193 2984 5258 Suavicinii
3037 5204 3244 5258 montis
3276 5203 3376 5271 ipsi
3420 5219 3553 5258 con-

1926 5293 2248 5358 strnxitnus,
2281 5313 2298 5343 δ
2337 5296 2648 5368 ibidemque
2680 5297 2935 5367 Spiritum
2987 5296 3098 5352 Deo
3133 5297 3390 5358 reddidit,
3441 5299 3553 5366 prio

1926 5401 2073 5439 mum
2129 5387 2181 5442 itt
2243 5405 2339 5442 sua
2395 5390 2528 5444 cella
2583 5390 2852 5462 sepultus,
2911 5390 3062 5454 dein,
3116 5389 3260 5444 l‘etri
3297 5389 3550 5444 Damiani

1917 5476 2096 5546 jussu,
2148 5479 2201 5533 in
2240 5480 2478 5549 capitulo
2526 5491 2650 5552 post
2699 5497 2903 5535 nonum
2937 5481 3083 5534 diem
3119 5481 3443 5545 tumulatus,
3494 5489 3552 5532 ut
3646 5522 3651 5528 .

1923 5569 2017 5625 lib.
2048 5588 2085 5638 ι,
2117 5588 2204 5645 ep.
2240 5575 2328 5641 19,
2361 5577 2427 5631 ad
2457 5578 2828 5632 Alexandrum
2862 5576 3030 5632 refert
3062 5578 3178 5646 ipse
3213 5577 3411 5632 l‘etrns
3443 5577 3548 5632 Da-
3644 5590 3654 5611 ⁶

1924 5667 2170 5733 ntianus;
2199 5671 2290 5738 qtti
2326 5671 2533 5740 pariter
2564 5688 2707 5725 nunc
2741 5672 2850 5727 illic
2877 5671 3361 5726 indiscrintinatint
3392 5670 3551 5724 habi-

1925 5757 2096 5821 tabat,
2131 5761 2305 5830 dcqttc
2337 5763 2655 5830 supradicto
2695 5762 2878 5816 Sitria:
2911 5763 3272 5823 monasterio,
3300 5760 3448 5814 velut
3477 5761 3547 5816 ad

1922 5867 1980 5905 se
2010 5851 2300 5913 attinentc.
2353 5853 2598 5924 pluribus
2653 5857 2706 5908 in
2761 5854 2896 5910 locis
2945 5854 3279 5907 mentionem
3320 5853 3540 5924 ingerit.
