4040 6386
510 392 577 446 ε)
1454 393 1512 447 8.
1539 393 1812 449 PETRES
1850 393 2072 448 DAMIAI

2175 395 2199 450 5
2237 396 2292 450 S.
2338 396 2400 449 lt.
2444 397 2506 451 Ε.
2549 397 2975 453 CARDINALIS.
3688 406 3759 463 σο

511 505 620 560 luto
639 519 703 558 ex
728 504 932 560 crebris
951 504 1287 558 Sitrieasittm
1311 505 1595 575 exemplis,
1621 516 1783 574 atque
1801 505 2083 574 colloquiis
2116 514 2155 571 Α
2187 521 2235 563 et
2268 525 2370 579 qua
2417 511 2756 564 abundanter
2804 510 2968 564 tluitis
2989 552 3002 574 ,
3051 512 3099 565 ei
3148 511 3440 566 clementer
3494 516 3753 585 exhibito,

512 595 581 647 ab
631 606 817 647 eodem
860 594 1056 656 relatis,
1088 593 1421 661 frequentius
1463 595 1712 657 lortasse,
1744 611 1903 664 quam
1944 597 2086 650 inter

511 685 857 746 Avellanitas,
878 693 1144 736 versatum
1164 699 1220 738 se
1255 701 1372 739 esse
1396 685 1532 754 apud
1555 685 1831 746 llumualili
1858 687 2087 754 discipu-

514 776 920 841 los,eormnque
935 777 1340 829 sueccssoresiu
1373 776 1556 839 Sitria,
1583 777 1820 830 indicare
1852 778 2080 832 videtur.

581 864 715 919 XVI.
757 865 915 920 Certe
967 877 1094 918 tom.
1127 866 1213 930 Ill,
1242 884 1426 936 opusc.
1473 884 1587 930 aut,
1627 885 1743 937 cap.
1775 869 1864 930 ‘22,
1891 871 1955 923 de
1988 871 2086 924 hoc

511 959 686 1013 Sitria:
715 963 1063 1024 monasterio,
1106 969 1357 1026 tanquam
1381 961 1444 1012 de
1476 961 1716 1028 proprio,
1743 961 1820 1014 sic
1851 961 2087 1030 loquitur

509 1059 725 1102 sanctus
749 1049 936 1101 doctor
970 1068 980 1100 :
1015 1069 1031 1099 ι
1072 1049 1334 1104 Habemus
1359 1050 1588 1118 denique.
1610 1065 1789 1105 senem
1819 1053 1870 1105 in
1901 1067 2086 1105 mona-

510 1141 699 1202 sterio,
730 1141 936 1194 scilicet
984 1140 1179 1203 Sili-ize,
1225 1142 1481 1195 vocabulo
1527 1141 1879 1206 .\lainardum,
1927 1157 2083 1210 quem

507 1230 714 1285 scilicet
771 1233 944 1284 adhuc
995 1231 1305 1298 paludatum
1366 1247 1486 1284 cum
1538 1232 1974 1294 adntonttissent,
2027 1239 2086 1284 ιιι

507 1322 805 1374 monachus
835 1320 1006 1382 fieret,
1044 1342 1061 1372 ι
1088 1331 1187 1373 etc.
1219 1320 1355 1375 lliuc
1380 1321 1574 1375 Leonis
1605 1320 1802 1382 Siti-ias.
1836 1320 2086 1374 aliorum-

507 1426 612 1480 que
641 1413 879 1481 cjusdcm
915 1412 1014 1465 loci
1043 1414 1386 1465 ercmitarum
1415 1412 1680 1481 exempla,
1713 1421 1963 1480 tauquam
1991 1414 2085 1464 do-

506 1505 750 1562 mestica,
799 1503 1070 1556 Theuzoizi
1119 1503 1428 1556 Florentino
1455 1504 1693 1556 eremitm
1724 1503 1974 1571 proponit
2016 1501 2081 1556 ad

503 1591 619 1658 ejus
640 1593 946 1661 superbiam
972 1593 1428 1661 comprimendam
1456 1603 1587 1646 to:n.
1609 1593 1646 1650 l.
1670 1593 1762 1645 lib.
1781 1608 1850 1653 vt,
1870 1607 1954 1660 cp.
1974 1590 2078 1644 30:

511 1701 528 1732 ι
563 1681 798 1737 Utinam.
847 1683 1038 1748 inquit,
1076 1697 1310 1749 praesens
1354 1684 1591 1746 adesses,
1631 1693 1686 1737 et
1728 1684 1854 1750 qttid
1903 1684 1954 1734 in
1994 1683 2077 1735 his

505 1774 659 1826 silvis
688 1775 752 1825 ab
783 1775 998 1842 ignotis,
1029 1784 1189 1842 atque
1216 1774 1480 1843 despectis
1519 1782 1728 1842 agatur,
1753 1773 1906 1827 oculo
1937 1771 2079 1839 judi-

505 1877 663 1918 cante
689 1865 1078 1931 pet'pentleres!
1110 1875 1285 1918 tamen
1335 1875 1392 1917 ut
1421 1879 1516 1926 .se,
1563 1866 1607 1916 si
1643 1863 1888 1918 fortassis
1919 1865 2076 1927 inest,

505 1967 682 2009 ttunur
707 1959 1026 2025 arrogantia:
1055 1958 1342 2025 deprimat,
1393 1957 1472 2012 vel
1517 1958 1755 2012 breviter
1784 1955 1984 2025 aliquid
2029 1965 2078 2009 te

503 2047 571 2099 de
595 2047 806 2100 illorum
834 2050 1333 2103 conversationilms
1355 2049 1570 2103 erudire
1597 2035 1700 2102 non
1725 2049 1918 2117 pigeat,
1943 2059 2077 2102 rete.

506 2134 640 2188 Tum
671 2137 736 2191 tle
788 2136 1014 2190 Mat-tino
1056 2139 1278 2192 Storace
1321 2140 1634 2193 disserens:
1683 2159 1700 2188 ι
1757 2138 2076 2205 Qucnnlam,

502 2228 696 2295 lnquit,
743 2229 998 2282 habemus
1049 2231 1100 2282 in
1133 2231 1323 2283 cellula
1367 2231 1622 2284 rusticmn
1653 2231 1890 2289 idiotatn,
1925 2249 1942 2281 ι
1971 2239 2076 2282 etc.

504 2315 636 2369 Tum
669 2318 732 2368 ad
760 2317 988 2371 Leonem
1009 2317 1504 2372 Sitrizetrausiens:
1537 2337 1555 2368 ι
1593 2319 1833 2382 Veniam,
1885 2318 2076 2388 inquit,

508 2428 524 2457 ι
558 2407 622 2458 ad
651 2409 924 2461 dominum
951 2409 1220 2472 Leonem,
1248 2420 1294 2463 ct
1329 2426 1453 2464 vere
1483 2410 1736 2472 Leonem,
1769 2429 1787 2460 ι
1836 2410 1988 2478 cujus
2019 2424 2078 2462 se

500 2497 743 2551 consiliis
774 2515 912 2566 s:epe
936 2516 1090 2552 usum
1119 2501 1341 2562 iudicat,
1373 2501 1663 2568 itidemque
1684 2499 1888 2567 Lupmn
1915 2497 2079 2550 inelu-

502 2602 643 2646 sunt,
672 2597 724 2638 et
754 2587 968 2640 Petrum
998 2589 1276 2641 eremitam
1325 2589 1564 2658 ejusdem
1599 2589 1879 2642 Sitrieusis
1910 2587 2076 2642 eremi

501 2687 911 2729 eununetnurat.
959 2677 1067 2730 Nec
1098 2677 1317 2730 dubium
1362 2687 1442 2730 est
1483 2678 1793 2744 przedictnm
1842 2675 2076 2729 Lcoaem

499 2763 664 2816 fuisse
706 2764 845 2816 l‘etri
893 2764 1131 2818 Damiani
1171 2766 1507 2832 potissimum
1547 2767 1901 2825 directorent;
1949 2778 2072 2816 nam

500 2861 628 2906 lozn.
662 2853 744 2915 Ill,
782 2871 964 2922 opusc.
1015 2871 1088 2919 χι,
1121 2855 1266 2908 ἱΙΙιιιιι
1315 2857 1393 2909 sic
1437 2856 1741 2924 alloquitur,
1792 2857 1841 2910 iit
1891 2857 2072 2914 libelli.

500 2957 658 3010 quem
701 2943 825 2994 huic
867 2945 1102 2996 et'emita:
1148 2946 1411 3009 izisrribit,
1458 2947 1842 3013 nuncupatoria
1879 2966 1890 3000 :
1944 2967 1960 2997 ι
1995 2947 2069 3002 Te

498 3047 606 3086 neu
650 3033 1074 3101 rptalemeunque
1118 3036 1453 3104 eomplicem.
1483 3036 1564 3089 vel
1611 3039 1861 3099 amicum,
1907 3040 1998 3092 scd
2029 3050 2078 3091 te

499 3129 728 3188 patrem,
776 3131 827 3173 te
873 3124 1168 3185 doctorem,
1213 3135 1264 3177 te
1314 3125 1659 3193 magistrum,
1707 3136 1761 3178 et
1800 3126 2072 3179 domimnn

499 3213 725 3266 electum
775 3215 900 3267 mihi
939 3231 1045 3282 prte
1094 3217 1301 3269 cunctis
1345 3231 1479 3284 pene
1527 3217 1840 3269 mortalibus
1877 3218 2069 3273 habeo.

502 3303 569 3355 Iit
603 3305 730 3371 quid
785 3304 1012 3373 amplius
1065 3307 1275 3358 dicam?
1321 3307 1750 3374 quandoquidem
1799 3325 1974 3361 memn
2025 3319 2075 3362 te

499 3396 746 3464 angelum
781 3414 897 3450 esse
928 3399 1202 3457 constitui,
1234 3409 1286 3450 nl
1319 3400 1371 3452 in
1405 3399 1579 3452 dubiis
1609 3401 1770 3454 rebus
1798 3402 2076 3468 quodcun-

498 3501 602 3552 que
635 3486 920 3543 Inusitauti.
967 3504 1033 3541 ac
1078 3489 1372 3542 sciscitanti
1409 3491 1536 3543 mihi
1565 3492 1845 3544 consilium
1891 3507 1954 3544 ev
1989 3502 2078 3546 tuo

496 3589 589 3626 ore
616 3577 943 3642 proceleret,
973 3577 1041 3629 ita
1073 3578 1320 3644 protinus
1355 3579 1722 3632 imlubitanter
1747 3583 2075 3649 acciperem,

497 3681 562 3717 ac
591 3667 634 3719 si
674 3683 773 3721 vox
805 3669 931 3721 mihi
965 3670 1199 3723 cmlcstis
1225 3670 1425 3722 oraculi
1463 3672 1724 3741 angelitus
1764 3674 2032 3728 intonaret
2060 3694 2072 3729 :

497 3761 659 3821 atque.
697 3756 814 3807 ilco
845 3757 887 3808 si
920 3759 1139 3824 quando
1165 3760 1491 3825 scrupulos-.e
1521 3761 1806 3827 cujuslibet.
1840 3764 1910 3816 rei
1947 3764 2076 3816 mihi

496 3843 736 3910 subrepit
760 3846 1038 3910 articulus,
1064 3856 1349 3914 antequam
1370 3859 1418 3901 te
1436 3849 1779 3903 consulturus
1800 3853 2074 3915 accedant,

497 3931 599 3985 hoc.
629 3949 726 4001 apti
751 3935 761 3982 Ι
789 3944 839 3988 te
871 3937 1100 3989 divinam
1133 3937 1356 4006 imploro
1382 3938 1740 4000 clementiam,
1766 3951 1820 3992 ut
1851 3951 1899 3994 te
1922 3942 2074 4007 quasi

493 4034 605 4073 sum
637 4021 923 4076 voluntatis
944 4041 1204 4089 organum
1236 4025 1456 4086 faciens.
1487 4036 1576 4079 tuo
1604 4029 1730 4081 mihi
1762 4045 1856 4082 ore
1884 4030 2074 4096 prteri—

496 4112 768 4180 piat.quid
795 4133 876 4168 me
902 4116 965 4166 fa:
988 4135 1075 4168 ere
1100 4117 1149 4168 itt
1172 4115 1380 4182 objecta
1406 4118 2070 4185 ambiguitatedecernat.r

571 4198 726 4254 XVll.
785 4203 965 4270 Neque
1019 4221 1144 4257 vero
1199 4206 1338 4259 inter
1391 4207 1598 4260 ordinis
1650 4207 2077 4262 Camaldulensis

495 4291 636 4358 ioca,
665 4295 714 4346 in
755 4296 951 4362 quibus
999 4296 1186 4351 Petrus
1226 4298 1468 4352 Damiani
1506 4300 1831 4352 domicilium
1868 4301 2072 4367 habuit,

493 4383 796 4434 coenobium
829 4394 1069 4436 nostrum
1098 4385 1154 4439 S.
1180 4385 1500 4454 Apollinaris
1527 4388 1575 4439 iu
1604 4388 1778 4440 classe.
1802 4388 2073 4442 llat'eume

492 4473 666 4524 Ozuitti
700 4483 953 4532 tueretur,
981 4475 1120 4542 quoi
1153 4485 1206 4527 et
1249 4475 1526 4528 Romualdi
1560 4479 1926 4530 conversionis
1956 4478 2035 4545 pri

497 4563 718 4620 mordiis
753 4575 830 4614 est
863 4578 1237 4618 consCCraitttlt
1273 4568 1356 4634 (ex
1391 4567 1506 4632 ejus
1534 4569 1651 4620 Vita
1683 4583 1801 4636 cap.
1832 4569 1884 4627 ll
1916 4584 2066 4621 emn-

492 4652 721 4717 tlentrpte
747 4655 959 4709 biennio
997 4657 1184 4709 saltem
1213 4658 1457 4710 abbatem
1488 4673 1545 4712 se
1593 4659 1842 4712 habuisse
1873 4660 2065 4727 gloria-

495 4754 585 4797 tur
610 4746 816 4806 (ilritlem
853 4763 970 4814 cap.
1013 4747 1127 4812 9.2),
1153 4759 1313 4817 atque
1359 4750 1524 4816 ipsius
1561 4749 1844 4817 vigilantia:
1889 4750 2060 4810 debet,

493 4837 635 4904 quod
664 4853 692 4887 a
724 4836 1030 4891 Siuouiaeo
1053 4840 1309 4906 praefecto
1335 4840 1564 4906 quodam
1590 4848 1873 4907 purgatum
1905 4838 2064 4892 fuerit

497 4924 608 4990 (ubi
653 4942 830 4995 supra,
859 4945 977 4995 cap.
1007 4928 1118 4998 4l).
1163 4929 1270 4983 Nec
1306 4932 1480 4983 minus
1509 4932 1720 4984 interim
1757 4930 1916 4984 Petro
1965 4930 2066 4982 Da-

497 5013 676 5069 miano
702 5017 878 5077 debet,
906 5020 1043 5086 quod
1072 5022 1539 5087 ptmseutissimatn
1567 5022 1637 5074 illi
1664 5037 1818 5088 opem
1843 5021 1891 5074 in
1919 5021 2064 5087 gravi

497 5103 806 5161 i'iserituinc
855 5109 1052 5169 tulerit,
1099 5117 1156 5160 ιιι
1203 5119 1412 5163 constat
1441 5129 1503 5165 ex
1536 5113 1650 5179 ejus
1693 5113 1885 5167 litteris
1926 5129 2066 5166 cunt-

498 5195 825 5250 ιιιθ..ι];ιιὶιῖὶ5
853 5198 916 5250 atl
949 5198 1004 5251 S.
1052 5197 1117 5250 Π.
1161 5200 1222 5252 Ε.
1270 5203 1569 5257 cardinales
1593 5205 1921 5259 Bonifaeittm
1951 5208 2034 5274 ep:

498 5300 715 5355 seopnm
759 5289 1148 5350 Albaneusezn,
1193 5302 1246 5345 et
1294 5292 1621 5361 Stephanum
1671 5297 2062 5367 presbyterum,

497 5390 595 5445 pro
641 5378 833 5432 abbate
878 5379 933 5434 S.
980 5383 1328 5450 Apollinaris,
1377 5400 1495 5452 qua:
1545 5387 1809 5439 habentur
1851 5397 1979 5441 tom.
2027 5389 2062 5451 I,

497 5467 588 5521 lib.
621 5485 682 5532 tt,
725 5484 808 5538 cp.
849 5469 881 5521 4
923 5485 936 5523 :
987 5491 1002 5520 ι
1043 5473 1172 5526 Nolo
1205 5491 1296 5528 vos
1339 5475 1520 5539 lateat,
1564 5478 1888 5534 dilectissimi
1938 5481 2065 5534 mihi

498 5557 711 5622 fratres,
736 5570 788 5614 et
815 5561 1037 5625 domini,
1067 5565 1190 5631 quia
1224 5567 1511 5622 moderuns
1544 5569 1644 5622 iste
1672 5566 1856 5632 Jacob,
1894 5579 2067 5624 rector

501 5646 742 5702 videlicet
773 5651 1081 5703 monasterii
1108 5653 1279 5706 sancti
1306 5655 1646 5722 Apollinaris,
1675 5659 1843 5713 nostri
1869 5661 2064 5714 montis

500 5748 752 5791 cacumen
783 5737 1015 5806 irrepsit.
1059 5781 1068 5792 .
1117 5781 1127 5792 .
1172 5743 1607 5812 misericordiam,
1639 5765 1796 5817 quam
1830 5749 2061 5813 habetis,

2188 611 2242 655 ut
2281 603 2345 656 de
2394 603 2544 655 ruina
2575 605 2656 656 sui
2703 605 2824 666 loci,
2863 604 2942 656 vel
2997 604 3347 660 habitationis
3394 608 3606 663 excidio
3652 626 3758 667 non

2187 707 2409 746 necesse
2453 694 2521 746 sit
2574 695 2863 761 trepidare.
2908 694 3084 747 Prosit
3132 695 3296 764 igitur
3336 697 3407 750 illi
3457 707 3562 751 tam
3605 701 3759 756 ardui

2186 781 2382 832 montis
2416 783 2645 834 subiisse
2676 783 2964 850 fastigium,
3007 803 3024 832 ι
3053 792 3155 836 cte.
3202 784 3305 837 Sed
3334 795 3385 838 et
3416 785 3631 853 gloriari
3665 802 3760 854 po-

2187 879 2285 923 test
2319 870 2454 923 idem
2480 871 2758 924 Classense
2782 873 3108 935 cmnobiutn,
3133 874 3271 943 quod
3302 879 3440 944 apud
3465 892 3523 930 se
3546 885 3759 932 tantum

2185 959 2378 1022 virum,
2429 971 2660 1028 quantus
2717 972 2798 1015 est
2847 962 3035 1016 l'etrns
3085 964 3397 1025 Damianus,
3447 967 3758 1034 exceperit;

2185 1050 2457 1104 enimvero
2479 1053 2635 1118 epist.
2673 1053 2721 1115 ι,
2748 1053 2836 1106 lib.
2868 1070 2958 1116 \‘ll,
2985 1055 3121 1122 apud
3152 1057 3530 1109 nzonaSterium
3557 1058 3762 1114 Classis

2185 1150 2243 1191 se
2287 1140 2547 1194 mzmsisse
2596 1152 2744 1194 notat
2797 1142 3026 1196 llenrieo
3076 1143 3385 1211 imperatori
3444 1147 3689 1200 scribens
3741 1164 3755 1201 :

2191 1245 2209 1277 ι
2240 1225 2441 1281 Redeat
2475 1229 2539 1281 ad
2584 1231 2894 1283 memoriam
2939 1232 3135 1284 domini
3170 1234 3268 1285 tnci
3299 1235 3457 1304 regis,
3484 1235 3605 1304 quia
3634 1250 3759 1290 cum

2136 1354 2149 1371 ι
2185 1319 2322 1386 apud
2366 1321 2745 1372 monasterium
2789 1322 2988 1376 tllassis
3032 1339 3059 1375 a
3107 1324 3255 1377 vobis
3297 1325 3638 1380 discessurus
3674 1341 3762 1381 es-

2183 1419 2327 1466 sent,
2367 1425 2384 1456 ι
2439 1417 2489 1460 et
2524 1410 2717 1461 iterum
2768 1407 2858 1462 lib.
2902 1426 2972 1472 τι,
3003 1426 3087 1478 cp.
3117 1411 3186 1464 26
3241 1431 3252 1464 :
3313 1431 3329 1461 ι
3358 1413 3439 1466 Ad
3494 1412 3760 1468 Marinum

2183 1511 2337 1549 sumn
2366 1498 2658 1566 patruelem
2685 1500 3000 1554 monachum
3022 1503 3408 1564 (llasscusemu
3436 1513 3560 1556 tunc
3582 1502 3762 1558 adhuc

2183 1583 2474 1648 Novitinm,
2508 1604 2626 1656 quin
2666 1590 2850 1658 inripit
2883 1609 2894 1642 :
2936 1609 2948 1640 ι
2984 1592 3150 1646 [ludis
3186 1600 3302 1662 tyro
3326 1591 3481 1645 facile
3510 1594 3559 1645 in
3583 1593 3761 1662 prima

2181 1674 2303 1727 belli
2346 1677 2721 1745 congressione
2770 1680 3149 1745 prosternitur,
3204 1699 3221 1730 ›
3249 1691 3352 1733 etc.
3401 1680 3654 1734 Testatur
3701 1697 3761 1736 se

2181 1763 2254 1816 illi
2301 1766 2531 1833 propriis
2579 1767 2828 1820 manibus
2861 1767 3098 1820 habitum
3141 1769 3494 1821 monastienm
3527 1769 3577 1822 in
3607 1769 3760 1824 Clas-

2108 1847 2152 1904 Β
2181 1854 2323 1906 sensi
2355 1855 2599 1931 ruinobio
2629 1857 2945 1925 imposuisse
2974 1872 2987 1910 :
3025 1877 3042 1906 ι
3073 1858 3377 1912 Ριοιιξερτιιιιι
3411 1875 3532 1914 eum
3562 1870 3616 1914 cl
3643 1860 3761 1930 ipso

2183 1942 2274 1995 libi
2306 1945 2678 1998 monachicum
2706 1946 3014 2000 tradiderim
3041 1949 3298 2008 habitum.
3323 1964 3424 2002 non
3451 1951 3567 2003 sine
3594 1966 3759 2005 causa

2180 2049 2266 2088 me
2305 2051 2335 2088 a
2387 2038 2872 2092 consultationilms
2921 2040 3027 2094 tuis
3071 2039 3300 2093 ditiiteor
3344 2042 3690 2107 absolutum;
3732 2061 3754 2096 ο

2181 2125 2268 2178 ubi
2299 2136 2354 2179 et
2401 2142 2459 2180 se
2501 2127 2636 2180 alias
2679 2139 3058 2183 conversatum
3088 2130 3252 2185 fuisse
3298 2133 3430 2186 satis
3477 2132 3672 2196 iiniuit,
3700 2143 3762 2188 ut

2181 2230 2299 2268 eum
2331 2217 2405 2269 ait
2434 2235 2446 2268 :
2481 2237 2498 2266 ι
2529 2217 2584 2270 In
2613 2218 2800 2271 eodem
2831 2219 2986 2286 plane
3024 2220 3290 2275 Classensi
3317 2223 3584 2286 cmuobiu,
3615 2222 3760 2290 quod

2180 2320 2320 2358 nunc
2367 2305 2573 2369 incolis,
2608 2317 2766 2361 :etate
2795 2320 2975 2382 nostra
3011 2310 3223 2378 (nempe
3250 2313 3374 2364 dum
3409 2312 3478 2364 ibi
3512 2313 3755 2382 degeret)

2178 2395 2394 2462 quidam
2445 2401 2739 2452 mouaclms
2779 2400 2950 2454 vicem
2981 2401 3179 2468 prioris
3209 2402 3465 2463 obtinuit,
3495 2421 3514 2453 ι
3547 2413 3653 2457 etc.
3691 2401 3759 2458 Et

2179 2484 2325 2537 circa
2365 2483 2524 2538 tinem
2570 2501 2628 2540 se
2654 2486 3011 2541 Classeusiunt
3055 2491 3350 2551 consortio,
3378 2499 3429 2544 et
3469 2500 3759 2546 consuetu-

2181 2577 2304 2631 dine
2354 2593 2506 2630 usutn
2546 2578 2833 2647 signiticat,
2875 2580 2998 2632 dmn
3039 2581 3110 2632 ita
3158 2582 3428 2634 concludit
3461 2598 3472 2634 :
3507 2600 3525 2632 ι
3555 2581 3759 2637 Omnes

2179 2676 2593 2721 autemsanetos
2615 2667 2808 2721 fratres
2833 2671 3143 2722 monasterii
3170 2671 3244 2724 tui
3269 2687 3382 2725 mea
3409 2674 3523 2724 vice
3544 2671 3753 2737 saluta;

2178 2757 2528 2811 charissimos
2558 2768 2733 2811 autem
2765 2759 2892 2811 mihi
2923 2760 3117 2813 fratres
3139 2759 3399 2814 Buninnm
3431 2770 3485 2815 et
3512 2761 3754 2828 Petrum,

2179 2851 2222 2904 si
2270 2851 2428 2903 solito
2461 2867 2608 2904 more
2651 2853 2850 2905 videris
2895 2837 3184 2922 aliquando
3225 2854 3489 2907 excelsius
3532 2869 3752 2922 canere,

2181 2942 2281 2994 hoc,
2307 2942 2554 3002 disticon,
2585 2958 2702 2994 meo
2732 2943 2969 3005 nomine,
2991 2945 3040 2998 itt
3070 2961 3255 2998 corutn
3283 2946 3528 3000 mauilms
3556 2961 3750 3014 pone»

2181 3043 2285 3086 etc.
2351 3032 2404 3084 Η
2443 3035 2584 3102 quod
2639 3051 2882 3103 magnam
2916 3035 3336 3090 familiaritatem
3372 3039 3468 3092 hos
3504 3038 3645 3092 inter
3697 3048 3758 3095 et

2179 3133 2421 3176 sanetum
2450 3126 2722 3177 doctorem
2757 3128 3126 3181 intercessisse
3157 3130 3395 3195 profecto
3434 3130 3660 3194 indicat;
3694 3141 3755 3186 ut

2178 3213 2309 3266 nihil
2338 3215 2529 3266 addant
2554 3216 2617 3267 de
2643 3226 2821 3268 tnuttta
2850 3219 3291 3287 eotntnigratiene
3312 3230 3364 3272 et
3385 3218 3752 3273 Classensium

2178 3307 2243 3358 ad
2289 3306 2638 3369 Arellanitas,
2688 3318 2739 3360 el
2790 3309 2978 3360 ltot'utn
3030 3311 3093 3362 al
3143 3310 3476 3371 fllassenses,
3524 3325 3642 3377 qua:
3682 3323 3752 3365 cx

2177 3397 2333 3464 epist.
2368 3397 2432 3449 1‘2
2479 3397 2596 3450 libri
2637 3415 2671 3451 tt
2716 3408 2770 3452 et
2817 3399 2873 3452 15
2916 3401 3033 3452 libri
3063 3416 3110 3453 vt
3163 3399 3364 3454 relucet
3398 3419 3409 3452 :
3438 3416 3541 3468 qua
3574 3401 3640 3455 de
3691 3415 3752 3455 ro

2177 3488 2339 3540 etiam
2372 3488 2584 3540 dissert.
2619 3503 2699 3548 Ill,
2723 3505 2842 3557 cap.
2875 3491 2923 3551 7,
2961 3507 3104 3542 num.
3139 3490 3193 3552 8,
3219 3493 3392 3543 obiter
3425 3492 3676 3546 diximus.

2249 3573 2425 3629 XVlll.
2469 3577 2618 3644 Quod
2656 3579 2699 3630 si
2746 3580 2926 3647 igitur,
2955 3588 3013 3632 ut
3039 3581 3215 3631 omnia
3253 3581 3318 3630 ad
3352 3580 3562 3632 brevem
3603 3595 3753 3634 sum-

2179 3685 2318 3722 main
2348 3670 2606 3738 redigam,
2644 3686 2705 3722 ex
2749 3671 3006 3723 hactenus
3035 3671 3136 3723 late
3181 3671 3421 3722 deductis
3452 3672 3749 3741 colligitur,

2179 3762 2558 3813 tnnnasmrimn
2589 3759 2771 3812 Fontis
2795 3761 3056 3822 Avellani,
3085 3760 3169 3813 ubi
3202 3761 3387 3812 Petrus
3413 3770 3596 3813 noster
3637 3777 3753 3814 mo-

2179 3851 2385 3902 nastico
2415 3850 2688 3902 schemate
2715 3860 2798 3903 est
2845 3850 3109 3912 initiatus,
3138 3865 3168 3902 a
3217 3860 3405 3902 saneto
3449 3848 3604 3901 Patre
3636 3848 3749 3901 Ih-

2179 3938 2320 3990 tnual
2345 3941 2392 3989 lo
2423 3939 2692 4006 quondam
2736 3938 3112 4000 inhabitatum,
3139 3947 3190 3989 et
3222 3956 3249 3990 a
3284 3939 3438 3990 beato
3467 3936 3752 4005 Ludulpho

2176 4026 2291 4092 ejus
2339 4027 2602 4093 discipulo
2649 4027 2950 4080 institutum
3002 4041 3016 4078 :
3066 4025 3486 4079 Avellanitarum
3537 4025 3748 4079 vivendi

2178 4117 2403 4170 formam
2461 4129 2511 4170 et
2564 4118 2861 4184 generatim
2910 4131 3030 4169 cum
3082 4131 3166 4178 ea,
3210 4118 3370 4183 quam
3421 4113 3752 4169 liomualdns

2175 4211 2417 4262 crctnitis
2450 4209 2796 4276 pra-scripsit,
2821 4217 2875 4261 et
2902 4208 3179 4276 Speciatim
3221 4222 3339 4258 curn
3371 4204 3751 4259 Camaldulen-

2177 4301 2313 4354 siutu
2355 4301 2834 4354 consncttnlinibns
2873 4300 3219 4360 comenissc;
3246 4299 3310 4349 ad
3343 4296 3622 4349 ιὶιιιιιιιξιΙιΙὶ
3653 4311 3749 4349 au-

2177 4391 2482 4444 ctoritatem
2510 4389 2706 4457 passim
2742 4405 2771 4442 a
2815 4388 3073 4441 Damiano
3109 4402 3419 4457 provocare,
3461 4388 3585 4439 dum
3617 4400 3749 4439 suo-

2179 4497 2295 4534 rum
2329 4481 2714 4533 monaehornm
2755 4493 2934 4532 mores
2973 4492 3296 4546 componere
3323 4477 3542 4538 nititur;
3574 4475 3748 4543 ipsam

2173 4568 2316 4622 Petri
2352 4569 2592 4622 Datniaut
2624 4567 2862 4638 regulam
2890 4566 3028 4634 apud
3067 4565 3506 4618 (Jamahlulenses
3535 4564 3638 4615 vim
3674 4562 3748 4615 le-

2171 4662 2253 4729 gis
2301 4647 2631 4721 Obtinttisse;
2691 4669 2872 4710 mutua
2930 4659 3186 4721 Societate
3240 4655 3569 4708 Avellauitas
3622 4667 3747 4706 eum

2170 4748 2671 4803 Catnaldulensilms
2715 4748 2842 4799 oliui
2889 4743 3242 4812 cunjunetos,
3292 4745 3343 4796 iit
3392 4742 3648 4811 hospitii,
3691 4750 3750 4794 et

2170 4836 2543 4904 sitﬂ‘ragiorum
2593 4836 3025 4889 communionem
3078 4843 3337 4902 receptos.
3388 4832 3602 4892 habittt,
3648 4845 3748 4885 seu

2170 4930 2426 4990 Colorem,
2471 4943 2561 4981 seu
2627 4928 2849 4979 formam
2921 4926 3194 4992 respicias,
3261 4924 3535 4977 simillimo
3584 4935 3743 4986 usos;

2174 5020 2344 5088 ipsum
2373 5017 2585 5072 Petrum
2617 5016 2880 5075 Damiaui,
2908 5015 2989 5068 siu
3020 5015 3194 5067 minus
3224 5010 3505 5065 Rotnualdi
3537 5010 3749 5062 audito-

2176 5125 2308 5171 rem,
2353 5117 2498 5162 certe
2544 5106 2659 5173 ejus
2707 5106 3092 5174 discipulorum
3137 5103 3409 5155 alumnum
3481 5102 3644 5153 fuisse
3691 5109 3747 5154 et

2173 5202 2550 5255 verositniliter
2582 5201 2632 5251 in
2679 5213 2862 5253 eremo
2893 5195 3310 5256 Cautaldnlensi,
3341 5193 3748 5246 evidentissima

2171 5307 2346 5348 autem
2377 5294 2428 5347 iu
2460 5301 2535 5348 tot
2561 5292 2681 5346 aliis
2729 5307 2759 5345 a
2801 5289 3098 5344 Ronnialdo
3141 5287 3486 5348 constructis,
3519 5285 3598 5338 vel
3643 5284 3747 5339 sub

2169 5387 2284 5454 ejus
2314 5385 2593 5452 disciplina
2629 5382 2982 5436 militantibus
3013 5382 3232 5442 erctnis,
3281 5389 3442 5446 atque
3481 5375 3746 5431 coenobiis

2165 5483 2577 5535 commoratum,
2615 5471 2959 5539 ejusdemque
2989 5469 3215 5523 instituti
3259 5469 3395 5522 lacte
3422 5467 3741 5521 cnntritum.

2164 5567 2302 5633 Quid
2339 5565 2568 5633 amplius
2605 5563 2849 5615 dubitare.
2887 5562 3048 5614 liceat
3095 5559 3242 5612 illum
3278 5574 3304 5606 a
3350 5556 3407 5609 S.
3440 5554 3746 5610 Romualdo

2165 5659 2374 5712 tradita:
2417 5654 2712 5724 disciplinae
2751 5662 3073 5708 sectatorem
3112 5650 3334 5713 vixisse,
3367 5650 3606 5718 adeoque
3635 5646 3742 5701 Cas

2164 5748 2544 5802 mattulcasem
2593 5760 2719 5799 vere
2769 5754 2817 5798 et
2869 5742 3078 5812 preprie
3129 5741 3499 5810 appellandum
3528 5783 3540 5802 ,
3586 5737 3742 5809 juxta
