4084 6344
329 416 390 476 η
1270 407 1802 471 PROLEGOMENA.
1845 436 1912 448 ιο-

2016 407 2041 459 Ξ
2082 403 2451 460 INSTITUTO
2485 401 2882 459 CAMALDUL.
3546 396 3616 452 ω

327 528 629 601 generalem
659 525 903 581 nominis
932 524 1091 594 hujus
1118 522 1590 592 significationem,
1624 521 1842 576 dissert.
1880 533 1918 582 ι,
1949 530 1995 584 Α
2026 520 2136 573 cuti
2182 528 2344 582 sunt;
2395 528 2486 570 aut
2537 517 2590 570 in
2650 513 3051 583 distinguendis
3097 509 3462 569 monasteriis.
3495 523 3615 578 quat

326 634 440 687 cap.
469 617 527 679 ἰ,
557 629 708 670 num.
740 613 837 677 2i,
869 612 1234 682 explicatum?

397 705 532 760 XIX.
578 705 718 758 lliac
765 705 1122 758 meritissimo
1153 711 1228 756 tot
1256 713 1566 756 exterarum
1599 699 1921 767 scriptorum

324 809 586 850 ςάειιδοεβιι
617 793 820 848 Petrus
856 793 1096 847 Dantiani
1125 791 1553 846 Camaldnlensis
1575 799 1657 842 est
1685 788 1920 851 habitus,

321 897 374 938 et
407 883 734 950 appellatus.
771 898 802 937 c
836 884 1038 952 quibus
1068 881 1168 936 hoc
1199 881 1316 934 loco
1360 895 1642 934 recensere
1692 879 1921 932 stilliciat

320 972 623 1027 Cabrielcnt
649 971 988 1026 Pennottum
1012 971 1080 1023 ab
1109 971 1222 1038 ipso
1244 971 1304 1023 Ρ.
1335 969 1634 1022 Ladercbio
1662 967 1919 1031 citatum;

321 1061 654 1116 Luiovicnm
703 1061 1034 1116 Jacobillum
1089 1061 1158 1116 de
1209 1060 1309 1115 SS.
1371 1059 1637 1123 lintbriar;
1697 1058 1919 1111 l’anlum

317 1152 624 1222 hio.igiatn,
651 1154 707 1206 in
738 1151 946 1206 llistor.
980 1151 1317 1219 Religionum
1341 1166 1460 1220 cap.
1489 1150 1590 1213 58;
1613 1149 1920 1204 Cornelium

315 1258 344 1294 a
396 1241 600 1310 Lapide
648 1241 704 1294 in
756 1241 930 1310 Apoc.
963 1256 1083 1310 cap.
1112 1241 1178 1306 ὃς
1217 1240 1502 1293 ὶΙηι-ιιιιιιιιι
1545 1239 1834 1293 Baronium
1867 1239 1920 1291 in

315 1329 432 1387 Vita
464 1334 710 1401 quinque
753 1331 1009 1385 Fratrum
1043 1330 1365 1384 Pulonorum
1396 1340 1731 1400 martyrum;
1760 1327 1921 1382 Joan-

313 1439 433 1478 nem
487 1422 724 1476 Paulum
791 1421 1150 1476 Portesanum
1199 1422 1250 1474 ia
1304 1419 1422 1474 Vita
1478 1419 1535 1473 S.
1593 1417 1916 1481 Tlieobaldi;

310 1516 572 1572 Jomrtem
604 1516 834 1571 Petrum
862 1515 1239 1570 Crescentium
1284 1514 1334 1567 in
1385 1512 1643 1566 Prmsidio
1678 1511 1920 1563 Romano

310 1609 401 1662 liii.
433 1625 469 1670 ι,
495 1619 641 1677 part.
681 1625 745 1669 Il,
775 1617 986 1660 narrat.
1021 1607 1087 1671 9.;
1128 1607 1461 1674 Stephanum
1502 1604 1918 1659 Demalevieium

309 1699 361 1752 Ia
393 1698 509 1752 Vita
535 1699 596 1753 S.
631 1699 903 1768 Bognmili
930 1713 1053 1766 cap.
1081 1698 1182 1758 28;
1214 1697 1521 1751 Sccnndnm
1548 1695 1916 1749 Latthllotttnt

307 1787 446 1843 Hist.
487 1787 940 1852 01ὶγυι.,111›.η,
974 1803 1094 1858 cap.
1140 1788 1238 1852 2'1;
1291 1787 1624 1840 Ludovicum
1671 1784 1916 1839 Tomasi-

307 1893 432 1931 nam
457 1879 526 1931 de
558 1877 674 1931 Brn
700 1878 808 1932 dir.
838 1888 978 1946 part.
1009 1893 1052 1941 ι,
1078 1878 1168 1930 lib.
1198 1893 1280 1941 Ill,
1306 1891 1426 1945 eap.
1457 1875 1556 1938 25;
1583 1874 1912 1928 Ludovicum
1950 1905 1989 1962 Β

307 1967 383 2022 Du
425 1967 522 2020 l’in
552 1966 633 2020 Bi.
660 1969 822 2020 Iioth.
857 1967 1061 2022 Eccles.
1100 1978 1228 2020 tum.
1263 1967 1393 2029 \‘lll,
1419 1977 1563 2036 part.
1590 1981 1649 2027 ll,
1676 1981 1795 2034 cap.
1829 1965 1913 2030 14,

306 2059 332 2132 ε
361 2062 784 2125 I0;Antoniuni
809 2062 1036 2116 Mariam
1062 2063 1390 2116 Bonuccium
1417 2062 1637 2132 Ephetn.
1662 2060 1914 2124 Euchar.,

303 2153 389 2207 die
433 2152 509 2206 22
581 2152 909 2217 Februarii;
944 2152 1307 2223 Augustinum
1342 2152 1514 2206 Lnbin
1567 2152 1620 2205 in
1660 2150 1916 2211 Notitiam

304 2241 646 2295 alibatiarnm
723 2242 940 2305 Italiaa,
992 2241 1095 2295 litt.
1167 2241 1240 2305 A;
1307 2242 1592 2311 pontiﬁces
1651 2239 1915 2296 maximat

302 2329 453 2386 Pium
488 2331 558 2394 Υ,
589 2331 926 2401 Gregorium
958 2330 1074 2395 XV,
1108 2343 1160 2385 et
1195 2331 1473 2387 Urbanum
1521 2329 1653 2394 VIII,
1684 2344 1915 2400 quorum

305 2424 408 2476 duo
458 2425 733 2492 postremi
787 2423 1008 2476 Petrum
1059 2422 1379 2476 Damianum
1411 2422 1569 2474 decus
1611 2431 1658 2474 et
1695 2419 1916 2487 gloriam

303 2511 741 2566 Cnnmldulem‘s
776 2513 981 2566 ordinis
1007 2513 1350 2582 appellarunt
1387 2513 1440 2566 in
1468 2513 1583 2566 suis
1620 2510 1920 2581 diplomati-

304 2601 402 2654 bus
430 2621 458 2654 a
502 2603 565 2656 D.
609 2605 836 2656 Andrea
871 2601 1247 2657 Vallemannio
1277 2605 1474 2658 abbate
1499 2614 1684 2657 nostro
1712 2588 1915 2666 citatis,

305 2699 412 2744 tum
465 2692 519 2744 in
572 2691 728 2746 Petri
779 2691 1024 2761 ejusdem
1077 2695 1198 2750 Vita
1247 2695 1299 2749 in
1352 2695 1562 2750 tabulas
1597 2711 1744 2750 ‘cu-n
1798 2696 1918 2750 aliis

305 2780 402 2837 SS.
428 2783 643 2837 ordinis
665 2783 863 2854 elogiis
887 2786 1114 2854 digesta,
1147 2796 1257 2840 tum
1287 2787 1338 2839 in
1362 2801 1614 2841 sermone
1635 2786 1701 2840 de
1727 2784 1783 2840 S.
1813 2785 1918 2838 Do-

303 2876 498 2928 tninieo
529 2875 816 2941 Loricato,
851 2891 974 2944 pag.
1007 2877 1096 2933 81.
1143 2875 1354 2929 Primus
1385 2893 1532 2940 vero,
1582 2886 1640 2929 ut
1692 2876 1916 2930 Raetias

304 2977 485 3019 t.o.ter
535 2967 589 3019 in
639 2967 1024 3034 Deseriptione
1075 2982 1248 3020 same
1289 2968 1458 3021 eremi
1503 2983 1624 3035 cap.
1655 2967 1738 3028 l9.
1777 2976 1829 3020 et
1863 2968 1916 3019 in

305 3052 421 3106 Vita
443 3055 699 3122 ejusdem
732 3057 878 3110 l‘etri
920 3057 1163 3110 Damiani
1193 3071 1316 3125 pag.
1345 3057 1432 3116 5t).
1459 3067 1510 3110 et
1539 3057 1776 3111 'l'hotnas
1823 3055 1918 3110 bii-

303 3142 421 3196 nius
448 3144 659 3198 llistor.
689 3146 938 3200 Camal-J.
966 3147 1058 3200 lib.
1093 3163 1210 3205 vui.
1237 3163 1337 3215 Cap
1390 3149 1436 3210 I,
1465 3156 1756 3211 testantur,
1781 3149 1918 3202 adeo

302 3249 620 3300 persuasum
663 3237 907 3290 habebat
945 3237 1261 3291 Damianum
1298 3239 1728 3294 Camallnlensis
1761 3241 1913 3293 insti—
1941 3239 1985 3301 C

303 3323 399 3376 tuti
453 3323 646 3386 fuisse,
700 3335 754 3378 ct
804 3325 1215 3381 Avellanensem
1267 3329 1540 3381 abbatiam
1591 3329 1790 3384 dudum
1857 3331 1910 3382 in

299 3414 487 3466 ordine
529 3426 730 3469 nostro
776 3416 1063 3482 ﬂoruisse,
1112 3427 1167 3469 ut
1214 3419 1460 3472 eannlem
1508 3420 1682 3473 eidem
1734 3419 1908 3473 ordini

300 3502 609 3563 restituere,
654 3514 784 3573 post
812 3505 1161 3559 conunissam
1193 3503 1388 3559 Joanni
1436 3507 1690 3575 Baptista:
1734 3507 1905 3562 Nova,

304 3587 461 3642 lit-nsi
491 3592 744 3660 generali
775 3592 1129 3660 apostolicam
1157 3595 1277 3662 'ejos
1307 3599 1618 3658 monasterii
1651 3599 1911 3651 visitatio-

302 3692 417 3731 nem
465 3682 554 3734 die
607 3681 682 3734 ‘29.
735 3682 1023 3735 Decembr.
1079 3684 1213 3737 I568
1260 3687 1594 3749 decreverit;
1643 3689 1784 3756 quod
1855 3699 1908 3742 et

299 3768 522 3836 pri-ierit
553 3771 680 3824 aliis
726 3771 1122 3840 Diplomatibns
1154 3773 1240 3827 die
1283 3773 1304 3824 1
1359 3790 1422 3828 ac
1466 3774 1526 3827 IO
1570 3785 1624 3829 ct
1680 3776 1753 3829 Μ.
1807 3777 1908 3830 De-

300 3858 497 3911 ertnlfrl
508 3877 532 3910 s
569 3859 729 3913 1339.

367 3948 484 4002 XX.
531 3949 613 4002 Un
642 3954 692 4003 τυ
743 3965 826 4003 vei
859 3966 924 4003 ex
979 3951 1081 4004 hoc
1131 3953 1268 4022 ipso,
1299 3954 1570 4020 quodjam
1617 3955 1906 4010 Catualdu-

303 4035 474 4091 Icuscs
522 4040 575 4091 in
621 4039 746 4092 [cca
777 4056 806 4092 a
863 4040 921 4092 8.
980 4039 1142 4095 Petro
1193 4044 1471 4106 Damiano,
1516 4045 1747 4112 aliisque
1788 4045 1904 4112 ejus

299 4129 748 4198 caugt'egationis
780 4129 1086 4184 illustribus
1119 4132 1267 4191 viris,
1295 4133 1591 4186 inbabitata
1610 4132 1723 4199 jam
1749 4135 1904 4204 plene

301 4223 685 4285 Ittccesserint,
716 4221 1046 4291 illorumque
1074 4225 1253 4276 omnia
1288 4223 1414 4290 jura
1452 4226 1518 4278 ad
1550 4240 1647 4278 nos
1675 4225 1907 4279 transie-

301 4310 423 4371 rint.
469 4311 697 4366 Petrum
733 4312 914 4381 ipsum
955 4313 1295 4376 daniiannm,
1324 4314 1548 4382 ejusque
1584 4314 1899 4383 discipulos,

302 4411 363 4451 ac
387 4406 746 4454 successores
771 4418 879 4454 non
907 4402 1202 4472 incongrue
1221 4403 1270 4455 in
1305 4413 1612 4457 nostrorum
1643 4402 1902 4473 catalogis

303 4491 644 4559 recipiendos
674 4491 806 4561 quis
834 4492 1269 4555 existimaverit;
1303 4494 1368 4548 ad
1399 4509 1496 4547 nos
1542 4509 1730 4548 eorum
1781 4493 1895 4547 cul-

2026 611 2200 664 eidem
2251 610 2452 677 regulae
2505 609 2574 662 ab
2600 608 2811 678 origine
2839 604 3081 672 subjecta
3133 603 3302 666 fuere,
3337 601 3618 669 scrupulo-

2026 703 2155 761 sior,
2185 710 2274 752 aut
2307 698 2573 752 morosior
2605 696 2828 749 minime
2868 694 3022 747 fuero
3051 711 3062 742 :
3113 702 3298 747 certus
3343 703 3618 744 utrorum-

2025 804 2129 858 que
2157 788 2404 841 notitiam
2430 787 2495 839 ad
2523 796 2765 840 nostram
2807 785 3080 854 pertinere
3120 783 3433 845 historiam;
3479 791 3615 844 tum,

2024 880 2148 946 quia
2179 894 2335 932 unus.
2383 887 2440 928 ut
2483 877 2616 938 dixi,
2647 875 2888 929 omnium
2943 874 3076 926 ordo
3105 882 3264 935 erat;
3317 879 3426 923 tum
3466 870 3615 939 quia.

2023 971 2125 1024 etsi
2159 969 2354 1023 diversi
2399 977 2510 1022 tum
2559 968 2789 1021 fuissent
2825 966 3054 1028 orlinis,
3085 965 3337 1016 omnibus
3367 965 3474 1016 illis
3504 979 3618 1016 mo-

2024 1063 2277 1116 nasteriis
2313 1061 2378 1114 aJ
2410 1061 2655 1114 ordinem
2689 1067 2935 1111 nostrum
2974 1056 3270 1120 translatis,
3301 1055 3366 1107 ad
3398 1054 3615 1109 eosdem

2023 1155 2257 1223 pertinet
2301 1155 2493 1217 honos,
2543 1151 2740 1219 quibus
2783 1148 3032 1219 pervenit
3085 1147 3412 1210 bmreditas;
3455 1154 3618 1213 atque.

2023 1244 2157 1297 adeo
2190 1241 2374 1295 mutila
2419 1251 2583 1305 esset,
2627 1249 2790 1307 atque
2843 1237 3160 1306 imperfecta
3207 1236 3414 1290 ordinis
3445 1234 3617 1288 nostri

2022 1332 2269 1395 historia,
2317 1332 2359 1385 si
2411 1331 2630 1384 illorum
2689 1329 3146 1384 monasteriorum
3205 1342 3270 1381 ae
3322 1327 3618 1379 monacho-

2023 1441 2144 1480 rum
2209 1422 2785 1476 commemorationem
2843 1419 3406 1490 prmtermittereums.
3463 1414 3618 1482 Quod

2022 1515 2240 1584 quidem
2268 1529 2371 1566 non
2400 1512 2574 1566 solum
2609 1527 2802 1580 magno
2831 1509 3073 1563 historiae
3099 1517 3297 1560 nostrze
3321 1505 3611 1559 detrimen-

2023 1613 2077 1657 to
2106 1603 2278 1664 fieret,
2307 1602 2398 1656 sed
2430 1601 2594 1655 etiam
2643 1599 2838 1666 ingrati
2872 1597 3037 1650 atiimi
3083 1596 3211 1648 vitio
3239 1594 3392 1648 nobis
3439 1601 3620 1646 verte-

2023 1702 2190 1746 retur.
2227 1691 2333 1744 Nos
2365 1707 2526 1760 porro
2550 1691 2652 1744 hac
2688 1690 2740 1742 in
2795 1703 2854 1742 re
2899 1702 3102 1740 morem
3147 1685 3426 1754 sequimur
3455 1682 3616 1737 Chri-

2021 1785 2213 1838 stiana:
2270 1783 2555 1846 Ecclesiae;
2615 1796 2734 1850 qum
2788 1780 2934 1832 viros
2985 1773 3204 1832 sanctos
3252 1787 3307 1830 ct
3367 1776 3606 1829 illustres

2019 1875 2231 1930 Veteris
2279 1873 2608 1928 Testainenti
2659 1871 2758 1925 sibi
2814 1871 3073 1931 ascribit.
3132 1878 3419 1937 propterea
3470 1865 3616 1936 quod

2020 1980 2126 2018 una
2159 1965 2228 2017 sit
2269 1964 2550 2030 utriusque
2588 1961 2925 2016 Testainenti
2960 1959 3220 2014 Ecclesia.
3253 1957 3335 2010 0b
3368 1972 3488 2010 eam
3513 1957 3616 2010 ient

2019 2069 2240 2108 causam
2287 2054 2620 2122 antiquiores
2668 2051 2982 2114 monachos,
3027 2058 3086 2104 ut
3139 2058 3325 2119 patres
3374 2056 3613 2114 nostros.

2018 2146 2368 2215 suscipimus,
2401 2163 2419 2196 ι
2451 2154 2561 2198 etc.

2623 2235 2854 2292 CAPUT
2892 2233 3001 2288 VII.

2150 2325 2432 2397 Pracipita
2462 2326 2742 2380 Laderci‘iii
2765 2335 3077 2394 argumenta
3108 2323 3474 2392 confutantur.

2019 2420 2297 2475 SYNOPSIS.
2325 2450 2396 2460 —
2425 2419 2726 2475 Connnissa
2755 2435 2781 2470 a
2811 2418 3116 2472 Laderebio
3146 2415 3611 2485 congregationis,

2088 2502 2144 2545 et
2182 2491 2388 2544 ordinis
2414 2489 2682 2544 conlusio.
2717 2487 2874 2541 Num.
2914 2489 2960 2541 I.
2993 2495 3074 2539 An
3110 2502 3173 2539 ex
3212 2484 3489 2555 regulas.

2091 2561 2287 2615 ncdieti
2335 2562 2590 2626 probetur
2639 2559 3095 2617 Avellanitarunt,
3127 2566 3183 2609 et
3230 2554 3614 2626 Catualdulett-

2090 2633 2228 2684 siam
2286 2624 2555 2688 cognatio.
2592 2629 2646 2682 2.
2699 2630 2779 2680 An
2832 2642 2897 2680 ex
2933 2626 3216 2680 identitate
3262 2624 3654 2688 Constitutior

2090 2716 2239 2752 num.
2272 2699 2325 2751 5.
2356 2692 2563 2752 llarum
2614 2698 2984 2752 diversitatem
3021 2697 3256 2763 probare
3286 2695 3480 2746 nititur
3513 2692 3616 2745 La-

2090 2769 2358 2822 dercltius.
2390 2769 2440 2821 4.
2475 2767 2666 2821 Plures
2705 2763 3438 2835 emigregatinnes.diversis
3479 2774 3584 2835 con

2090 2838 2484 2900 stitutionibus,
2512 2839 2701 2890 eodem
2743 2830 2843 2890 sub
2867 2830 3058 2888 ordine
3101 2834 3352 2887 militant.
3392 2832 3446 2886 5.
3479 2830 3613 2885 Item

2090 2908 2241 2974 plura
2274 2907 2511 2970 eiusdem
2540 2907 2746 2959 ordinis
2777 2905 3128 2958 monasteria.
3173 2904 3225 2955 ϐ.
3273 2902 3614 2974 Argumenta

2090 2969 2396 3035 Laden-hii.
2465 2992 2563 3029 nec
2623 2976 2871 3029 manat-bi
2927 2985 2981 3027 et
3027 2975 3268 3026 rrmnitie
3327 2969 3618 3025 Camalduo

2090 3047 2266 3100 lrnsrs
2291 3047 2353 3099 ad
2382 3047 2630 3098 eumdem
2653 3046 2900 3097 ordinem
2930 3052 3257 3111 spectarent.
3288 3043 3343 3093 7.
3374 3041 3610 3094 Diversa

2089 3117 2249 3168 snhin
2275 3119 2320 3169 le
2346 3116 2784 3175 constitutiones,
2826 3124 2936 3165 tttnt
2969 3130 3066 3180 pro
3084 3115 3479 3168 ercmitis.lnm
3509 3123 3610 3180 pro

2091 3186 2370 3238 monachis
2422 3185 2662 3250 ejusdem
2713 3179 3149 3249 congregationis
3195 3179 3607 3250 pt'opnsitzc.778.

2091 3256 2342 3307 llivcrsas
2371 3249 2473 3306 non
2521 3256 2687 3306 fuisse
2740 3252 3186 3312 .~\vt-llaoit.irmn,
3220 3262 3274 3303 et
3323 3249 3620 3304 Camaliltk

2088 3325 2317 3377 lensinin
2352 3323 2784 3376 constitutiones.
2835 3321 2888 3374 9.
2944 3320 3127 3373 Gratis
3151 3320 3200 3371 id
3227 3335 3409 3385 negtrt
3442 3337 3468 3370 a
3508 3317 3610 3371 La-

2088 3395 2331 3452 tlcrt'hio,
2363 3394 2451 3459 qui
2503 3407 2762 3454 utrasque
2795 3409 2897 3459 non
2929 3391 3138 3458 legi-rit.
3177 3388 3261 3441 10.
3287 3389 3524 3459 _S:rpins
3556 3390 3607 3439 in

2084 3453 2506 3514 Avellanitzrram
2561 3453 2767 3530 regula,
2813 3453 3058 3530 qliamvin
3112 3453 3607 3530 Camalilnliensinm

2085 3533 2587 3590 constitutionilnts,
2623 3528 2979 3582 llomualzlnzn
3007 3529 3186 3581 citari.
3236 3528 3319 3580 11.
3354 3528 3461 3580 Cur
3499 3543 3606 3579 non

2083 3603 2262 3654 omnia
2293 3616 2551 3668 expresse
2578 3618 2604 3650 a
2633 3602 2642 3650 ε
2673 3599 3029 3650 ιίωιιιικιΙ-ἶιιιιι
3057 3597 3605 3668 referatimminutis.

2087 3671 2169 3723 Η.
2207 3665 2486 3724 Ladrrchii
2533 3670 2840 3720 observatio
2871 3678 2926 3720 et
2951 3667 3228 3735 antilogia.
3261 3667 3342 3718 15.
3374 3665 3482 3717 1⁸)ιεί
3510 3681 3608 3732 pro

2081 3741 2400 3794 Avellanitis
2449 3739 2715 3807 speciales
2763 3748 2947 3790 essent
2983 3737 3225 3807 llamiatti
3256 3736 3604 3807 constitutio-

2082 3826 2217 3867 nes.
2271 3806 2616 3862 rottttnttnem
2688 3819 2869 3859 tamen
2923 3806 3208 3858 liontualtli
3263 3806 3604 3857 ct'emiticatn

2081 3881 2423 3946 disciplinain
2481 3892 2814 3946 conrerncre
2857 3877 3115 3944 potuisse.
3153 3874 3239 3946 11.
3277 3873 3390 3946 Non
3443 3873 3605 3927 modo

2079 3945 2278 4016 aliqua.
2318 3949 2410 4000 sed
2438 3948 2618 3999 omnia
2661 3949 2726 3997 ad
2759 3945 3042 4016 Ilouinaldi
3074 3945 3474 4016 institutionum]
3500 3951 3604 4016 _:_it-

2080 4012 2303 4072 linetttia
2328 4036 2354 4067 a
2384 4017 2643 4068 Damiano
2669 4016 2907 4082 probari.
2953 4015 3036 4066 15.
3072 4014 3374 4079 Di~cipulos
3403 4012 3459 4065 S.
3499 4013 3610 4064 lio-

2079 4089 2275 4166 ntualdi
2301 4087 2564 4208 tilliEClttll
2605 4089 2673 4139 ad
2718 4100 2777 4138 se
2819 4083 3275 4138 nihilattinentcs
3308 4082 3605 4136 Damianus

2079 4167 2342 4208 nominet.
2444 4195 2457 4208 .

2077 4161 2342 4209 nominet.
2370 4157 2457 4208 16.

2075 4248 2116 4302 l.
2170 4246 2288 4300 Jatn
2329 4262 2458 4300 vero
2503 4246 2796 4313 Ladercbii
2838 4254 3182 4315 argumenta,
3230 4243 3428 4313 quibus
3459 4244 3602 4299 hanc

1965 4347 1973 4356 ·
2003 4333 2327 4386 sententiam
2352 4348 2664 4400 Oppugnare
2702 4333 2851 4384 nistts
2875 4342 2978 4392 est.
3020 4331 3324 4383 audianus.
3358 4331 3448 4382 Ait
3471 4343 3610 4399 ergo

2006 4425 2098 4479 lib.
2131 4442 2167 4488 ι,
2206 4442 2327 4495 cap.
2373 4428 2428 4487 8,
2487 4441 2541 4477 n.
2600 4425 2633 4478 6
2671 4444 2682 4478 :
2725 4445 2741 4474 ι
2785 4423 3226 4478 Pnetcreuinlnm
3277 4431 3458 4475 tamen
3490 4437 3597 4476 non

2008 4529 2282 4586 putamus,
2334 4517 2643 4579 nonnullos,
2672 4517 2858 4571 stellas
2905 4524 3188 4569 manentes
3227 4515 3279 4568 itt
3303 4513 3517 4575 ordine.
3547 4523 3608 4568 et

302 4591 443 4646 tum,
499 4601 697 4638 eorum
751 4585 980 4654 gloriam
1036 4587 1341 4654 pertinere,
1400 4602 1467 4640 ne
1527 4585 1902 4654 temporalium

2016 4625 2176 4661 cursu
2204 4623 2319 4665 suo.
2352 4607 2606 4660 nimirum
2635 4607 3081 4675 congregationcs
3111 4603 3602 4666 Camaldulensetu,

299 4669 558 4728 duntaxat
604 4676 882 4729 bonorum
933 4676 1302 4731 bzereditatem
1357 4679 1557 4732 adiisse
1599 4679 1903 4740 videamur,

300 4780 358 4819 ac
397 4782 516 4836 qua
546 4767 764 4836 potiora
804 4775 931 4820 sunt
981 4767 1155 4835 primo
1184 4770 1574 4838 occupantibus
1609 4770 1900 4823 dimisisse.

301 4860 424 4926 Qui:
467 4861 792 4913 observatio
822 4876 889 4912 an
935 4875 1028 4928 per
1053 4859 1258 4926 jocum,
1302 4878 1369 4914 an
1402 4863 1546 4916 serio
1597 4863 1758 4927 adjici
1788 4878 1903 4917 mc-

304 4951 490 5014 ruerit,
522 4953 765 5019 quisque
819 4965 918 5017 pro
961 4950 1187 5005 arbitrio
1230 4952 1506 5020 dijudicet.
1536 4953 1903 5022 Sintilemrgo

302 5043 394 5096 viri
433 5043 750 5111 graviSsimi
801 5051 857 5093 et
899 5041 1196 5095 doctissimi
1249 5043 1474 5097 Joannis
1517 5045 1807 5100 Mahillonii
1844 5049 1895 5100 in

303 5132 530 5183 tne‘.‘.ium
570 5130 800 5183 alienun
840 5149 852 5178 ‹
877 5145 905 5182 x
934 5129 1051 5196 ejus
1081 5131 1391 5199 prmlatione
1428 5135 1492 5188 ad
1518 5144 1648 5189 tom.
1675 5135 1693 5189 l
1725 5136 1901 5190 IIisto-

304 5235 390 5272 r.e
439 5223 784 5287 monasticn,
837 5236 958 5290 qua:
1014 5233 1198 5276 nostro
1230 5225 1508 5293 proposito
1563 5227 1896 5282 adainnssim

302 5313 569 5378 congruit,
597 5315 680 5365 sic
706 5313 872 5381 igitur
903 5311 1061 5365 habet
1087 5329 1100 5366 :
1134 5332 1152 5362 ‹
1189 5313 1315 5380 Qua:
1335 5316 1594 5370 hactenus
1626 5318 1755 5382 dixi,
1785 5335 1896 5372 mo-

306 5415 334 5449 n
354 5400 487 5454 istici
518 5403 732 5455 ordinis
763 5402 1034 5470 (dicamus
1063 5418 1160 5456 nos
1180 5401 1611 5460 Camaldulensis
1643 5406 1894 5475 Ordinis)

305 5506 392 5555 per
433 5492 518 5544 illa
556 5503 806 5562 tempora
864 5494 1128 5546 unitatem
1177 5496 1433 5563 probant,
1465 5499 1549 5552 cui
1591 5501 1892 5568 regularum

307 5582 586 5637 diversitas
621 5584 772 5638 nullo
820 5583 980 5638 modo
1008 5586 1414 5652 proscribebat.
1448 5590 1810 5654 Quamobrem
1841 5595 1892 5646 io

307 5675 650 5728 set-emendis
684 5674 913 5734 sanctis.
949 5683 1043 5726 aut
1072 5674 1368 5730 illustribus
1397 5679 1545 5740 viris.
1588 5684 1677 5749 qui
1713 5684 1767 5736 S.
1800 5684 1896 5738 lie-

308 5767 497 5818 nedicti
535 5766 782 5836 regulam
827 5763 956 5833 (seu
995 5764 1055 5817 υ.
1094 5765 1376 5820 Retnualtli
1414 5770 1788 5842 (lisriplinaml
1817 5791 1890 5830 sc-

2015 4707 2069 4753 ct
2096 4697 2507 4750 Avellaznnsem
2562 4696 2866 4749 inordinate
2899 4696 2950 4748 in
2984 4709 3144 4748 unam
3174 4692 3405 4746 conﬂare
3439 4704 3605 4744 cona-

2016 4797 2099 4842 tos
2132 4805 2144 4841 :
2175 4787 2424 4856 quamvis
2472 4787 2604 4856 ipsis
2645 4786 3032 4856 ignoscendum
3080 4785 3430 4846 arbitremur,
3473 4783 3616 4854 quia

2013 4879 2217 4934 scilicet
2246 4892 2502 4947 germana
2528 4879 2789 4942 cliaritas,
2830 4887 2886 4932 et
2931 4879 3185 4940 societas,
3214 4893 3376 4946 quam
3420 4875 3604 4930 Domi.-

2012 4983 2114 5021 nus
2172 4969 2317 5020 dedit
2355 4968 2496 5020 inter
2546 4966 2982 5030 Avellanensem,
3025 4978 3077 5020 ct
3125 4965 3615 5022 Camaldulensmth

2004 5059 2290 5122 familiam,
2320 5057 2532 5125 decepit
2556 5074 2670 5123 eos,
2712 5069 3012 5128 quosrcrle
3045 5059 3235 5114 melius
3267 5058 3456 5113 facient
3488 5073 3603 5113 οω-

2004 5152 2060 5214 Ii,
2093 5160 2146 5203 et
2181 5159 2337 5202 terra:
2385 5151 2615 5217 prolzare
2657 5165 2929 5218 rogamus.
2963 5149 3110 5203 Inter
3146 5149 3245 5203 hos
3286 5158 3602 5203 rt-censetur

2002 5239 2219 5294 Gabriel
2252 5239 2552 5293 Pennottus
2576 5255 2739 5309 supra
2768 5239 2988 5302 relatus,
3029 5254 3058 5291 ει
3094 5254 3202 5306 quo
3235 5239 3426 5292 Fontis
3448 5237 3602 5292 Avcl~

2004 5328 2142 5382 lana‘.
2173 5331 2411 5382 ercmizze
2457 5329 2657 5396 passim
2695 5328 3140 5382 Camaldulenses
3189 5338 3600 5396 nuneupantur,

2006 5427 2064 5470 ct
2091 5419 2200 5470 alii.
2235 5440 2252 5469 ι
2286 5415 2384 5472 Ubi
2438 5434 2590 5480 sane,
2625 5419 2676 5471 in
2728 5420 2843 5485 ipso
2891 5419 3274 5472 controversia:
3306 5419 3514 5482 limine,
3545 5419 3600 5471 in

2007 5507 2119 5574 ἱιιςίι
2169 5509 2483 5576 (praestionis
2513 5508 2882 5578 prepositione
2919 5509 3206 5577 insigniter
3234 5509 3600 5562 hallucinatus

2008 5599 2220 5652 videtur
2247 5610 2465 5664 auctor;
2493 5615 2664 5668 neque
2687 5600 2829 5653 enim
2861 5620 2876 5650 ι
2899 5601 3347 5670 congregationes
3370 5599 3592 5655 Cauta!-

2008 5688 2304 5750 dnlensem,
2367 5700 2420 5743 et
2469 5690 2880 5744 Avellanensein
2949 5690 3258 5744 iuordinare
3315 5690 3368 5743 in
3429 5704 3593 5742 unam

2009 5796 2088 5831 co:
2115 5781 2243 5834 ll..rc
2271 5797 2601 5846 ιτοειπιιιιιτ,ι
2642 5783 2765 5836 dum
2933 5781 3152 5834 Petrum
3199 5782 3439 5834 Dattziani
3485 5779 3588 5833 Ca-
