4040 6390
270 371 333 430 es
1212 363 1760 429 rnonscousua.
1802 392 1873 405 —-
1914 366 2006 418 DE
2041 359 2423 419 tssmuro
2462 350 2871 420 C'AMALDUL.
3544 367 3615 423 os

274 485 383 545 Ilia:
413 484 874 543 Excalceatorum
894 483 1353 549 constitutiones;
1391 484 1519 537 item
1545 481 1666 537 alite
1704 478 1868 535 Nudi—
1906 486 1951 545 Α
1981 475 2191 545 primas
2233 473 2491 530 Patribus
2517 473 2889 546 promulgavit
2916 476 3343 534 constitutiones
3367 520 3382 544 ,
3407 479 3613 550 quibus

273 575 462 651 pedum
487 576 1021 649 Augustiniensium,
1052 575 1172 631 alite
1201 574 1690 646 congregationem
1720 579 1872 628 vete-

272 670 341 726 ris
366 668 671 724 Eremitani
694 669 929 724 instituti
954 666 1274 735 sequacium
1307 664 1738 721 consuetudines
1769 682 1781 717 :
1813 672 1874 719 ut

271 760 401 818 nihil
446 761 516 816 de
582 760 912 824 monastico,
973 758 1109 813 nihil
1178 759 1248 814 de
1296 758 1415 829 ipso
1464 754 1873 813 Cantaldulensi

270 854 459 911 ordine
489 853 764 924 adjiciam,
798 854 851 907 iu
882 867 991 921 quo
1026 852 1116 907 alii
1144 860 1275 907 sunt
1317 852 1741 915 cmnobitar'um,
1778 849 1871 911 alii

269 945 623 1001 eremitarum
665 958 836 1000 sacrae
894 944 1064 999 eremi
1116 943 1373 1009 Etrurim,
1419 942 1509 997 alii
1566 957 1869 1013 congrega-

271 1035 434 1091 tionis
486 1036 693 1092 montis
733 1034 983 1101 Coronae,
1014 1034 1107 1091 alii
1136 1035 1375 1105 denique
1415 1033 1869 1098 Taurinensium,

269 1128 351 1183 alii
408 1127 690 1183 Gallorum
732 1136 1088 1183 eremttarum
1139 1126 1355 1181 vivendi
1404 1139 1604 1191 mores,
1654 1124 1871 1179 tametsi

268 1216 519 1273 eumdem
567 1232 760 1274 omnes
814 1232 1159 1274 communem
1210 1216 1429 1273 Patrem
1480 1215 1869 1282 Romualdnm,

267 1324 485 1379 sumque
505 1310 937 1366 conversationis
960 1310 1279 1381 magistrum
1299 1318 1624 1381 agnoscant,
1653 1308 1872 1365 eodem-

268 1417 365 1474 que
387 1400 891 1458 Camaldulensium
915 1402 1242 1474 cognomine
1270 1402 1599 1473 glorientur.

337 1493 419 1547 Vl.
471 1492 748 1558 Secundo,
777 1509 901 1549 cum
933 1509 1001 1549 ex
1047 1494 1207 1549 dictis
1229 1495 1447 1549 dissert.
1475 1510 1517 1559 ι,
1541 1509 1590 1549 c.
1625 1494 1683 1561 2,
1714 1508 1865 1548 num.

269 1587 351 1651 ll,
393 1588 582 1640 omnia
631 1586 844 1657 pridem
898 1586 1253 1651 monasteria,
1287 1586 1443 1657 quasi
1477 1587 1702 1641 totidem
1739 1587 1870 1640 con-

265 1677 636 1749 gregatioues,
686 1678 782 1733 abs
831 1692 891 1733 se
928 1678 1161 1734 invicem
1214 1679 1634 1748 independentia
1688 1678 1869 1734 consi-

266 1780 494 1835 sterent,
545 1786 847 1842 congruum
893 1780 1013 1827 erat
1081 1770 1349 1843 profecto,
1382 1780 1440 1827 ut
1488 1771 1702 1843 singula
1753 1771 1868 1827 suis

1984 566 2167 620 omnis
2201 580 2329 622 vere
2356 566 2700 622 ccenoliitiete
2730 566 3086 623 instituenda:
3132 568 3260 623 vita:
3292 569 3565 627 rationem
3593 613 3609 639 ,

1984 666 2096 711 tam
2140 659 2321 729 quoad
2357 659 2565 725 divina,
2598 675 2765 729 quam
2817 660 3001 730 quoad
3031 676 3235 728 mores,
3286 672 3421 730 etc.,
3448 666 3612 735 quin-

1980 763 2088 818 que
2136 748 2291 805 libris
2321 749 2642 820 complexus
2683 762 2787 805 est.
2824 771 2843 803 ι
2894 752 3083 823 ltaque
3128 753 3219 810 hic
3262 756 3369 812 dici
3422 768 3612 828 posset

1980 858 2104 898 cum
2130 842 2437 900 Laderchio
2465 864 2477 900 :
2514 864 2534 896 ί
2563 845 2734 917 lgitur
2758 862 2863 901 non
2894 857 2980 903 est
3005 849 3199 905 eadem
3234 868 3357 907 eum
3397 856 3604 910 eremi-

1982 944 2161 990 tarum
2185 936 2689 994 Camaldulensium
2713 944 3144 1013 congregatione
3169 932 3608 1005 Camaldulcnsis

1980 1029 2377 1085 monachorum
2415 1036 2770 1104 congregatio
2794 1075 2808 1096 ,
2843 1050 2970 1089 nam
3007 1036 3123 1104 illa,
3157 1039 3233 1092 uti
3263 1039 3438 1095 visum
3470 1052 3553 1098 est
3589 1082 3605 1107 ,

1978 1121 2234 1191 proprias
2286 1122 2659 1180 institutiones
2690 1125 2883 1181 habuit
2921 1127 2974 1197 (a
3007 1136 3255 1199 tempore
3300 1131 3359 1185 B.
3394 1132 3605 1188 Rodul-

1977 1209 2108 1279 phi,
2161 1225 2336 1280 usque
2383 1214 2453 1267 ad
2500 1213 2662 1286 1254)
2712 1230 2872 1271 secus
2902 1218 3003 1271 ista
3057 1220 3231 1289 :qnid
3262 1221 3510 1281 dicemus
3538 1226 3607 1280 ad

1979 1300 2131 1355 haec?
2163 1321 2182 1353 ι
2224 1301 2441 1357 Pariter
2474 1319 2599 1359 cum
2644 1308 2837 1362 eodem
2892 1308 3200 1366 Ladcrehio
3228 1313 3334 1368 dici
3370 1326 3556 1384 posset
3588 1336 3601 1371 :

1986 1409 2005 1443 ι
2041 1390 2147 1447 Sed
2193 1409 2317 1448 cum
2352 1395 2422 1449 ab
2454 1411 2562 1451 uno
2602 1399 2866 1470 magistro
2894 1402 3254 1458 crcmitarum
3282 1446 3295 1468 ,
3323 1414 3378 1459 et
3410 1422 3605 1461 mona-

1979 1481 2210 1535 chorum
2244 1483 2753 1541 Camaldulcusium
2780 1528 2794 1551 ,
2820 1490 2983 1543 simul
3016 1492 3284 1547 fatniliam
3316 1496 3601 1565 volumus,

1979 1587 2081 1627 cur
2129 1573 2305 1644 prima
2338 1576 2407 1630 ab
2438 1576 2547 1631 alia
2579 1577 2792 1646 legibus
2816 1582 2983 1652 cmpit
3033 1583 3218 1652 vivere
3240 1626 3253 1649 ,
3284 1602 3390 1641 non
3426 1589 3601 1645 tradi-

1982 1664 2225 1720 tionibus
2251 1669 2554 1722 contenta?
2583 1668 2648 1724 Et
2676 1672 2744 1725 ad
2778 1651 2912 1741 qttid
2944 1651 3183 1754 perditio
3220 1678 3338 1733 haec
3362 1697 3515 1735 uovm
3536 1681 3599 1737 Β.

1978 1754 2207 1811 Martini
2234 1757 2301 1812 ΙΙΙ
2330 1759 2549 1830 regulm,
2580 1761 2625 1815 si
2656 1776 2721 1816 ex
2757 1773 2884 1818 tunc
2920 1774 3129 1822 tantum
3162 1772 3424 1841 temporis
3452 1773 3601 1829 illam

265 1862 748 1917 constitutionibus
772 1862 996 1932 scriptis
1025 1872 1331 1929 uterentur,
1365 1863 1554 1933 quales
1583 1878 1650 1916 ex
1684 1862 1865 1917 multis

1981 1850 2354 1904 monumentis
2386 1850 2447 1905 Β.
2476 1850 2800 1924 Rodulphus
2828 1857 3229 1914 tuandaverat?
3256 1862 3313 1915 Si
3333 1903 3347 1926 ,
3384 1874 3443 1917 ut
3471 1881 3603 1936 sup-

264 1968 390 2006 ntss.
446 1961 847 2007 commemorat
886 1951 1128 2007 Marteue
1178 1954 1246 2007 de
1282 1953 1525 2024 antiquis
1569 1952 1870 2008 monacho-

259 2059 377 2097 rum
406 2044 628 2107 ritibus,
662 2053 790 2113 puta
818 2043 1200 2110 Corbeieuses,
1240 2044 1616 2110 Diviouenses,
1650 2042 1871 2098 Tullen-

259 2150 363 2198 ses.
394 2132 885 2203 Compendienses,
939 2133 1358 2201 Laudunenses,
1397 2133 1690 2205 Lyrenses,
1734 2144 1867 2200 etc.,

257 2242 424 2297 quare
444 2226 581 2296 quid
604 2228 824 2292 mirum,
850 2226 893 2281 si
919 2225 1352 2282 Camaldulensis
1373 2241 1591 2279 ercmus
1618 2226 1871 2295 proprias

258 2318 445 2373 inbuit
468 2319 917 2383 consuetudines,
949 2319 1191 2388 itemque
1204 2318 1455 2388 preprias
1482 2316 1677 2371 Fontis
1706 2317 1871 2371 Avel—

258 2408 395 2492 la'nte
416 2408 663 2463 solitudo
684 2418 955 2474 servaret,
985 2409 1162 2479 primo
1181 2408 1409 2478 quidem
1442 2424 1507 2463 ex
1541 2407 1659 2462 sola
1702 2406 1873 2461 tradi-

259 2501 405 2556 tione
462 2515 567 2571 per
616 2499 976 2555 Romualdum
1051 2496 1338 2569 acceptas,
1394 2499 1593 2553 deinde
1648 2497 1870 2568 scriptis

256 2590 560 2659 expositas,
616 2590 798 2659 primo
863 2590 1082 2660 quidem
1148 2605 1178 2644 a
1236 2588 1403 2644 Petro
1463 2589 1711 2643 Damiani
1769 2604 1869 2658 pro

256 2683 605 2747 Avellanitis,
638 2680 917 2753 aliquanto
946 2692 1129 2736 autem
1186 2682 1366 2737 serius
1395 2696 1425 2735 a
1474 2680 1535 2733 Β.
1572 2680 1865 2751 Rodulpho

255 2790 353 2844 pro
378 2773 942 2830 Camaldulensibus?
968 2773 1081 2828 Etsi
1107 2772 1255 2827 enim
1287 2786 1481 2827 omnes
1505 2788 1614 2841 quo
1643 2772 1711 2839 ad
1738 2772 1870 2827 sub-

256 2864 512 2919 stantiam
542 2865 922 2929 convenirenl,
955 2880 1052 2936 pro
1110 2863 1387 2934 .egiomun
1422 2872 1604 2918 tatnen
1636 2864 1870 2919 diversi-

259 2967 385 3022 tate,
416 2967 640 3029 poterat
683 2958 739 3012 in
790 2958 1222 3013 circumstantiis
1250 2957 1525 3028 quidpiam
1552 2974 1867 3025 occurrere;

256 3053 396 3122 quod
423 3051 581 3106 varie
604 3050 1124 3109 accommodandum
1154 3060 1302 3105 esset
1328 3050 1481 3115 locis,
1534 3052 1871 3121 temporibus

255 3152 419 3213 atque
451 3142 732 3212 personis.
766 3139 920 3208 Quod
944 3148 1000 3194 et
1051 3140 1103 3194 in
1136 3149 1327 3196 nostro
1350 3156 1483 3195 casu
1517 3141 1863 3211 potissimum

1972 1938 2216 2008 ponitur,
2250 1941 2500 1995 eamdem
2524 1941 2739 2011 ipsam,
2768 1959 2933 2013 quant
2961 1946 3271 2004 habuerunt
3301 1969 3368 2006 ex
3405 1969 3503 2009 ore
3537 1956 3596 2011 S.

1974 2027 2264 2083 Romualdi
2294 2032 2561 2096 eremitaz,
2589 2042 2640 2087 et
2669 2036 2924 2089 monachi
2951 2052 3170 2107 quoque
3194 2056 3548 2112 acceperunt.
3572 2066 3593 2099 ι

1974 2120 2042 2174 Et
2075 2133 2256 2176 tamen
2298 2139 2406 2178 non
2458 2126 2619 2179 modo
2646 2127 2715 2181 ad
2756 2130 3009 2184 eumdem
3050 2133 3300 2188 ordinem
3331 2176 3345 2200 ,
3404 2138 3497 2191 sed
3528 2138 3599 2195 ad

1974 2214 2226 2269 eamdem
2269 2226 2396 2271 tunc
2450 2218 2742 2274 indivisam
2771 2260 2787 2285 ,
2819 2222 2985 2276 etiam
3035 2239 3146 2295 quo
3176 2226 3243 2281 ad
3286 2238 3597 2285 extremum

1976 2306 2241 2376 regimen,
2278 2311 2762 2379 congregationem
2785 2354 2797 2375 ,
2829 2316 3121 2370 cwttobitte
3149 2318 3400 2389 pariter,
3428 2331 3597 2393 atque

1975 2399 2218 2453 eremita:
2247 2399 2696 2459 Camaldulenses
2720 2408 3093 2475 pertinebant.

2048 2489 2184 2544 Vlll.
2226 2492 2296 2546 At
2335 2508 2403 2547 ne
2454 2493 2506 2546 in
2538 2493 2759 2551 diverso
2792 2498 2915 2553 vitm
2956 2516 3187 2571 genere,
3246 2508 3391 2575 quod
3420 2508 3508 2575 hi,
3541 2520 3597 2567 et

1977 2578 2052 2633 illi
2078 2582 2180 2635 sub
2206 2581 2369 2635 unius
2398 2582 2523 2637 licet
2546 2591 2999 2658 congregationis
3029 2592 3297 2664 regimine
3321 2598 3593 2669 viventes,

1976 2674 2368 2743 sequebantur,
2409 2674 2652 2746 aliquam
2674 2683 2984 2749 argumenti
3010 2685 3391 2755 disparitatem
3431 2694 3596 2748 cavil-

1974 2764 2111 2831 lari,
2145 2768 2270 2836 quis
2301 2769 2502 2837 possit,
2536 2781 2735 2840 quarto
2784 2774 3239 2845 observabimus,
3274 2782 3326 2836 in
3378 2787 3596 2841 eadem-

1976 2866 2090 2911 met
2115 2862 2561 2931 congregatione,
2594 2881 2659 2919 ac
2687 2868 2790 2922 sub
2813 2870 3007 2924 eodem
3049 2874 3319 2942 generali,
3351 2893 3452 2934 nec
3481 2897 3585 2937 ιιο..

1978 2946 2031 3001 in
2068 2946 2313 3016 ejusdem
2361 2952 2665 3022 disciplina:
2694 2972 2931 3027 genere,
2968 2962 3260 3018 militantia
3297 2966 3414 3022 loca
3442 3010 3455 3034 ,
3507 2970 3595 3025 di-

1976 3053 2168 3094 versas
2190 3042 2520 3112 quandoque
2546 3049 2974 3105 constitutiones
2999 3055 3313 3122 regionibus
3340 3058 3445 3113 illis
3467 3076 3597 3116 ron~

1976 3138 2236 3196 grnentes
2268 3131 2471 3187 habere
2516 3143 2571 3188 ct
2626 3149 2848 3193 servare
2896 3144 3267 3199 consucvisse.
3310 3148 3403 3202 Sic
3446 3149 3593 3207 idem

255 3234 509 3289 evenisse
565 3240 802 3295 constat,
852 3246 976 3285 nam
1031 3231 1148 3301 ipse
1193 3231 1493 3285 Damianus
1545 3246 1737 3307 opusc.
1795 3248 1863 3285 xv
1897 3230 1938 3291 (ς
1976 3219 2243 3276 Martinus
2275 3222 2373 3287 Ill,
2407 3225 2498 3294 qui
2548 3241 2693 3281 anno
2723 3227 2881 3293 1254,
2915 3244 2973 3284 ut
3000 3234 3312 3301 retulimus,
3346 3241 3594 3295 omnium

258 3326 476 3391 latctur,
538 3342 647 3380 non
696 3333 851 3381 extra
903 3338 1170 3389 cremum,
1227 3323 1281 3378 in
1323 3339 1430 3393 qua
1483 3312 1736 3393 degebat,
1803 3338 1862 3378 se

254 3423 681 3477 constitutiones
708 3435 836 3495 spas
874 3420 1212 3475 extendere:
1257 3437 1274 3469 ι
1300 3416 1413 3472 Nec
1468 3426 1601 3483 tam,
1629 3418 1758 3487 quid
1795 3419 1863 3472 ab

254 3512 502 3568 eremitis
530 3511 649 3565 fieri
694 3511 906 3576 debeat,
956 3510 1194 3580 generali
1230 3510 1554 3565 deﬁnitione
1606 3511 1861 3581 praescri-

255 3608 453 3670 bimus,
485 3620 658 3676 quam
700 3604 828 3674 quid
854 3604 907 3659 in
938 3605 1038 3658 hac
1059 3618 1247 3658 eremo
1267 3601 1383 3669 llat,
1428 3618 1551 3656 cum
1576 3602 1714 3667 loco,
1750 3614 1861 3657 ttnn

255 3712 504 3769 persona:
554 3695 880 3767 ’spccialiter
936 3693 1323 3748 iutimamus.»
1378 3691 1754 3763 Similiterque
1798 3692 1860 3746 Β.

258 3788 536 3860 Rodulphi
593 3796 795 3842 statuta
850 3800 957 3840 non
1005 3786 1142 3839 ultra
1206 3800 1421 3839 sacram
1477 3800 1755 3849 eremum,
1810 3792 1866 3839 et

254 3897 530 3936 annexum
575 3879 891 3934 Futttisboni
926 3878 1263 3942 cmuobiutn,
1308 3893 1462 3932 suam
1504 3878 1612 3931 vim
1642 3892 1863 3933 exerce-

252 3975 403 4039 bant,
429 3976 654 4031 diccntc
679 3974 825 4029 Luca
854 3972 1097 4043 llispano
1123 3971 1326 4027 llistor.
1354 3970 1647 4027 Romuald.
1697 3971 1789 4026 lib.
1824 3987 1859 4031 ι,

255 4082 371 4137 cap.
404 4069 474 4122 l'z
502 4086 515 4120 :
559 4088 578 4119 ι
608 4064 743 4120 Nam
774 4065 887 4128 illa,
919 4082 1039 4134 quae
1062 4064 1205 4134 apud
1237 4063 1583 4134 Rudulphum
1608 4071 1715 4127 est,
1738 4062 1865 4118 sub-

250 4160 505 4230 jectionis
569 4159 893 4214 constitutio
942 4157 1087 4211 ultra
1138 4155 1461 4211 Fontisboui
1515 4155 1861 4211 habitatores

256 4251 715 4305 noncxtenditur.
757 4269 775 4300 ι
805 4248 946 4303 Nihil
981 4263 1113 4320 ergo
1158 4248 1411 4319 cogebat,
1441 4256 1497 4302 ut
1548 4247 1711 4301 unius
1761 4248 1862 4302 loci

255 4343 689 4398 constitutiones.
727 4342 791 4395 ad
820 4340 1049 4395 alterius
1090 4340 1194 4395 loci
1233 4340 1485 4395 notitiam
1520 4340 1863 4405 devenit-ent,

257 4436 448 4488 ncJum
477 4443 676 4503 atquae
699 4433 750 4486 in
774 4448 882 4486 uno
902 4430 1397 4503 promulgarentur,
1433 4431 1487 4485 in
1526 4430 1635 4486 alio
1679 4433 1865 4486 statim

258 4539 509 4593 recepfm,
530 4524 668 4578 inibi
696 4522 957 4594 degentes
984 4522 1249 4579 continuo
1271 4522 1598 4594 obligarent.

1972 3314 2368 3370 monachorum
2418 3320 2844 3377 constitutiones
2883 3328 3237 3395 compilavit,
3282 3328 3398 3399 jam
3447 3349 3595 3391 anno

1975 3404 2134 3469 1243,
2166 3422 2265 3475 pro
2302 3408 2418 3463 solo
2445 3412 2701 3470 eoenobio
2741 3414 2801 3470 S.
2832 3416 3051 3474 Mathim
3106 3404 3318 3479 Murani
3349 3430 3593 3497 peculia-

1971 3514 2061 3595 res
2086 3503 2513 3595 constitutiones
2540 3508 2829 3563 addiderat
2856 3553 2870 3576 ,
2907 3529 3030 3583 qua:
3057 3515 3159 3586 legi
3197 3533 3425 3587 possunt
3453 3526 3597 3595 apud

1969 3590 2318 3662 Fortuuium,
2360 3595 2498 3651 llist.
2531 3596 2775 3655 Camald.
2822 3616 2966 3674 part.
3019 3622 3080 3673 ll,
3115 3608 3210 3669 lib.
3254 3626 3350 3675 ιιι,
3386 3590 3506 3685 cap.
3538 3616 3596 3672 5.

1970 3687 2083 3742 luto
2116 3700 2307 3746 notare
2331 3692 2489 3763 juvat
2544 3697 2765 3751 eosdem
2797 3699 2945 3769 ipsos
3005 3702 3327 3774 religiosos,
3361 3708 3593 3765 iisdem--

1969 3794 2077 3849 quc
2112 3780 2246 3836 locis
2276 3793 2537 3853 agentes,
2579 3800 2680 3854 pro
2712 3790 2860 3841 varia
2896 3799 3204 3862 temporum
3238 3799 3555 3855 conditione
3576 3843 3591 3869 ,

1969 3886 2099 3926 suas
2130 3876 2558 3932 constitutiones
2588 3879 2793 3947 passim
2832 3883 3115 3940 innovare.
3164 3887 3257 3943 Sic
3283 3888 3343 3943 Β.
3381 3890 3593 3948 Rodul-

1968 3962 2148 4031 phus.
2186 3976 2309 4034 post
2358 3968 2566 4035 primas
2607 3972 3055 4042 constitutiones,
3108 3976 3340 4034 alteram
3374 3970 3594 4041 deinde

1972 4056 2246 4111 mitiorem
2277 4058 2494 4113 vivendi
2525 4063 2770 4132 regulam
2792 4066 2909 4121 suis
2930 4068 3178 4125 eremitis
3200 4075 3508 4141 proposuit,
3534 4088 3593 4131 ut

1970 4158 2116 4216 patet
2140 4166 2204 4204 cx
2248 4150 2513 4207 Fortunio
2541 4154 2634 4209 lib.
2670 4172 2711 4222 ι,
2740 4172 2864 4227 cap.
2889 4157 2958 4213 65
2982 4162 3173 4229 prima:
3205 4167 3381 4233 partis
3405 4165 3593 4224 llisto-

1971 4242 2178 4297 riarum
2202 4244 2706 4303 Camaldulensium
2735 4268 2747 4301 έ
2776 4252 2863 4305 cui
2887 4269 3213 4311 successere
3240 4264 3591 4327 postmodum

1974 4332 2173 4389 Placidi
2220 4345 2428 4392 statuta
2454 4380 2468 4403 ,
2504 4350 2616 4394 tum
2649 4340 2921 4398 Gherardi
2955 4350 3385 4409 coastitutiones
3413 4397 3428 4420 ,
3464 4356 3593 4414 hinc

1974 4426 2121 4481 Pauli
2154 4427 2450 4487 Justiuiani
2485 4434 2671 4504 regula
2717 4438 2842 4492 vitze
2884 4442 3181 4498 eremiticm
3209 4486 3223 4511 ,
3271 4461 3336 4503 ac
3370 4450 3591 4507 demum

1973 4538 2094 4593 quae
2125 4525 2227 4583 sub
2262 4525 2543 4585 Clemente
2586 4528 2634 4583 Χ
2663 4533 2984 4601 ριό.ιὶυι·ιιιιι
3037 4541 3357 4599 eorumdetn
3388 4549 3595 4605 eremi.

321 4614 430 4670 Ἧι.
476 4616 694 4680 Tertio,
741 4616 786 4671 si
829 4630 935 4685 qua
963 4624 1109 4671 esset
1148 4613 1513 4669 Laderchiani
1552 4616 1863 4685 argumenti
1899 4598 1947 4659 Ι)
1978 4624 2155 4671 tarum
2185 4617 2419 4675 Etruria:
2455 4621 2509 4675 in
2538 4598 2800 4693 Regulam
2838 4627 2895 4680 S.
2938 4626 3217 4687 Benedicti
3261 4598 3592 4696 declaratio-

256 4712 350 4777 vis,
371 4728 533 4783 :eqne
565 4713 824 4784 probaret
845 4711 1289 4768 Camaldulenses
1309 4712 1637 4777 cteuobitas,
1671 4714 1869 4784 nequi-

260 4804 373 4857 dein
403 4805 609 4876 primis
630 4804 734 4880 illis
763 4804 1005 4874 quinque
1034 4803 1272 4869 szcculis,
1305 4804 1508 4875 quibus
1537 4804 1724 4859 sociali
1759 4805 1870 4857 lte-

259 4892 377 4950 dcre
405 4912 537 4950 cum
571 4895 818 4951 eremitis
848 4910 1020 4950 sacrae
1049 4895 1218 4951 eremi
1249 4895 1864 4989 Etrurite‘mnjunctis-

260 4988 397 5052 simi,
421 4990 527 5045 sub
547 4992 743 5045 eodem
771 4990 1011 5061 generali
1041 4991 1224 5062 priore
1251 4988 1529 5055 vixerunt,
1559 4991 1627 5044 ad
1659 4991 1863 5059 ipsum-

261 5086 363 5139 rnet
388 5081 869 5137 (iamalduleusem
900 5083 1147 5138 ordinem
1176 5082 1547 5153 pertinuisse;
1583 5097 1708 5136 nam
1742 5097 1863 5137 ere-

262 5172 399 5227 mitis
442 5175 672 5244 quidem
719 5175 925 5245 primas
972 5176 1395 5231 constitutiones
1447 5176 1505 5229 ll.
1542 5174 1862 5243 Rodulplms

260 5262 419 5328 prior,
457 5262 674 5317 fatente
699 5262 1025 5329 Laderchio,
1058 5265 1341 5336 prepositit
1368 5279 1383 5319 :
1412 5264 1704 5321 etenobitte
1731 5280 1861 5320 vero

264 5366 424 5421 usque
450 5354 519 5407 ad
556 5353 853 5408 Martiuum
883 5354 947 5408 ΙΙΙ
980 5366 1186 5427 absque
1223 5355 1345 5412 ullis
1372 5355 1595 5427 scriptis
1624 5370 1857 5411 consue-

266 5446 529 5501 tudinibus
561 5446 952 5517 peculiaribus.
983 5448 1096 5503 sola
1134 5448 1193 5503 S.
1222 5447 1503 5504 Benedicti
1535 5449 1736 5520 regulae
1759 5448 1857 5503 ob-

265 5540 561 5594 servatione
630 5547 839 5593 retenta
866 5580 880 5603 ,
909 5546 1032 5593 vota
1079 5555 1176 5595 sna
1219 5540 1448 5595 Domino
1479 5541 1858 5606 reddiderunt,

269 5641 392 5686 teste
420 5632 695 5688 Fortunio
726 5630 928 5687 llistor.
963 5632 1213 5688 Camald.
1242 5644 1385 5704 part.
1422 5649 1463 5697 ι,
1505 5632 1600 5689 lib.
1644 5650 1705 5701 ιι,
1736 5649 1857 5704 cap.

268 5722 347 5787 ιο,
371 5725 457 5780 ubi
489 5726 558 5782 de
586 5724 824 5779 Hartino
848 5724 910 5780 ΙΙΙ
940 5727 1053 5782 hnc
1089 5726 1272 5783 habet.
1311 5746 1327 5778 ι
1367 5726 1423 5782 In
1451 5728 1693 5799 generali
1728 5741 1845 5782 con-

270 5818 380 5874 cilo
412 5820 554 5891 apud
588 5833 810 5874 sacram
858 5835 1105 5875 ercmum
1158 5836 1303 5878 anno
1356 5820 1496 5885 1254
1545 5820 1849 5890 celebrato.

1973 4723 2105 4774 nes,
2130 4711 2327 4781 quibus
2353 4711 2465 4780 jam
2491 4726 2758 4783 utuntur;
2817 4723 3277 4787 quemadmodum
3307 4738 3359 4782 et
3388 4734 3595 4787 consti-

1975 4804 2278 4858 tutionious
2306 4807 2700 4861 monachorum
2726 4809 2830 4863 aB.
2856 4810 3091 4870 Martiuo
3120 4815 3184 4869 ΙΙΙ
3211 4822 3587 4890 concinnatis,

1973 4895 2094 4950 aliae
2149 4896 2251 4952 sub
2292 4895 2591 4973 Octaviano
2639 4901 2976 4972 imperatore
3002 4948 3015 4972 ,
3070 4908 3190 4963 alite
3219 4910 3320 4964 sub
3350 4916 3594 4983 generali

1971 4987 2353 5045 Bouaventura
2377 5034 2390 5057 ,
2427 4992 2745 5059 l’tolonnco,
2777 4996 2898 5051 alia:
2929 5000 3031 5054 sub
3070 5000 3247 5057 Gallio
3278 5008 3591 5076 cardiualiJ

1971 5082 2091 5135 alia:
2120 5084 2220 5138 sub
2252 5082 2348 5138 Pio
2380 5082 2459 5149 v,
2492 5087 2769 5142 nonnulla:
2816 5090 2983 5143 etiam
3018 5093 3122 5147 sub
3164 5095 3447 5153 Clemente
3480 5066 3589 5155 vu'i

1970 5173 2197 5243 adjectae
2223 5186 2369 5230 sunt.
2412 5174 2483 5230 Ut
2527 5178 2661 5231 nihil
2700 5179 2898 5234 addam
2926 5183 2994 5237 de
3022 5184 3255 5252 ipsemet
3292 5187 3456 5245 Petro
3489 5192 3596 5248 Da-

1972 5267 2188 5329 miano.
2239 5269 2331 5338 qui
2390 5272 2834 5341 congregationis
2882 5289 2993 5329 sua:
3020 5275 3402 5337 Avellaneusis
3437 5284 3594 5340 iusti-

1973 5368 2090 5415 tuta
2174 5362 2262 5417 bis
2331 5364 2730 5433 conscripsisse
2800 5366 3269 5435 deprehenditur.
3329 5374 3591 5431 nimirmn

1969 5467 2157 5522 opusc.
2197 5470 2285 5509 xxv
2316 5464 2371 5509 et
2402 5470 2472 5507 xv
2504 5471 2571 5509 an
2600 5472 2706 5510 non
2736 5472 2867 5512 vero
2912 5459 3000 5514 hic
3035 5473 3243 5529 pariter
3281 5464 3459 5519 locum
3491 5469 3594 5523 ha-

1970 5546 2127 5600 beret
2156 5544 2529 5601 Ladercbiana
2558 5547 2907 5613 exclamatio,
2937 5565 3005 5604 ex
3057 5552 3368 5608 inconsulto
3418 5556 3597 5612 simu-

1973 5640 2198 5711 lataque
2225 5638 2379 5694 Judm
2406 5641 2702 5709 proditoris
2734 5643 2851 5697 zelo
2878 5645 3087 5699 imitata
3118 5661 3133 5701 :
3166 5646 3235 5701 Ut
3267 5650 3391 5719 quid
3413 5651 3593 5720 perdi-

1969 5732 2044 5784 tio
2076 5731 2231 5785 Ita‘c?
2258 5730 2713 5802 Quandoquidem
2752 5751 2850 5805 pro
2878 5737 3149 5804 eremitis,
3178 5755 3276 5809 pro
3306 5741 3591 5797 monachis

1970 5822 2515 5890 Camaldulrnsibus,
2559 5840 2659 5895 pro
2704 5828 2837 5899 ipsis
2882 5827 3208 5888 Avellauitis
3256 5829 3588 5889 sulllcientes
