4040 6380
522 378 591 434 οι

1467 367 1523 423 Β.
1565 363 1842 422 PETRUS
1868 357 2220 416 DAMIANUS
2261 357 2316 413 S.
2361 359 2426 412 Β.
2470 357 2533 412 Ε.
2565 355 2994 412 CARDINALIS.

521 491 735 548 vivendi
761 489 903 559 leges
933 484 1294 541 monumentis
1316 483 1426 552 jam
1459 480 1668 534 tradita!
1699 477 1929 531 faterant.
1963 474 2094 526 Tam
2129 479 2171 530 Α
2203 469 2292 524 sed
2344 469 2431 523 illa
2480 484 2648 538 pauca
2703 468 2992 530 duntaxat,
3031 481 3150 534 qure
3185 477 3445 536 expresse
3501 461 3570 516 ad
3608 461 3792 533 ipsum

523 598 630 638 non
673 582 917 635 diversus
940 568 1099 645 igitur
1129 575 1253 626 hinc
1274 572 1422 641 argui
1466 579 1643 640 potest
1670 571 1736 622 ab
1765 565 2103 621 Avellanita-

525 689 645 728 rum
697 671 881 723 ordine
909 665 1039 719 ordo
1068 661 1517 720 Camaldulensis,
1546 674 1705 728 quan
1747 671 1848 709 non
1885 653 2103 722 ipsimet

523 759 961 818 Camalduienses
991 770 1020 808 a
1052 753 1577 812 Camaldulensibus,
1600 759 1652 803 et
1683 745 2002 800 Avellanitzn
2034 743 2104 797 ab

524 849 838 907 Avellanitis
873 845 1066 900 diversi
1097 845 1413 914 probantur.

596 939 685 994 IX.
716 938 821 992 Sed
867 937 1056 1004 quinto
1113 935 1327 987 demum
1363 929 1679 997 respondeo,
1712 926 1810 980 etsi
1839 924 1972 978 alias
2005 938 2104 992 pro

524 1032 764 1088 Avellani
797 1029 988 1083 Fontis
1043 1025 1274 1078 alumnis
1306 1021 1724 1075 constitutiones
1757 1017 1982 1070 ediderit
2008 1015 2104 1068 Pc-

526 1135 640 1179 tt'us
686 1121 965 1180 Damiani,
1018 1116 1151 1170 alias
1194 1113 1512 1181 ltodulpltns
1556 1126 1652 1179 pro
1681 1105 2098 1161 Camaldnlensi-

523 1216 647 1274 bus.
697 1230 800 1267 non
861 1220 1037 1262 tamen
1090 1207 1358 1267 diversas,
1395 1219 1495 1256 nec
1545 1202 1594 1254 in
1656 1196 2103 1252 substontialibus

525 1305 872 1361 dissidentes,
909 1303 1014 1353 imo
1040 1309 1300 1364 utrasque
1328 1294 1530 1362 pariter
1567 1307 1594 1342 a
1630 1286 1912 1342 Itomualdi
1945 1285 2102 1338 insti-

525 1397 735 1450 ttttione
789 1393 1084 1450 derivatas,
1127 1387 1574 1456 quennulmudtmi
1616 1381 1733 1434 fuse
1785 1394 1902 1446 cap.
1936 1376 2102 1431 διξιι

525 1497 692 1551 Supra
721 1478 1094 1532 ostendimus:
1131 1489 1299 1542 quare
1349 1489 1412 1527 ex
1451 1470 1695 1522 Danziani
1729 1478 1778 1521 et
1832 1465 2100 1534 Rodulphi

528 1568 1026 1626 constitutionilms.
1063 1582 1166 1619 non
1217 1565 1504 1618 diversitas
1534 1563 1624 1615 sed
1661 1560 1915 1614 identitas
1948 1558 2104 1610 insti-

522 1664 625 1717 tuti
657 1659 1090 1714 Avell.‘.ncnsium
1138 1665 1191 1710 ct
1222 1654 1716 1709 Camallulensiutn
1762 1652 2103 1704 demonsn'a-

524 1761 637 1807 tur.
683 1751 847 1818 quue
877 1749 1174 1817 praesertim
1223 1745 1452 1805 obtinet,
1484 1760 1548 1797 ex
1601 1758 1707 1811 quo
1736 1740 1966 1808 amplius
1995 1755 2098 1793 ete-

546 1845 646 1898 lem
700 1841 757 1895 S.
815 1841 955 1894 Petri
1010 1838 1250 1890 Damiani
1281 1835 1693 1889 constitutiones
1730 1833 1781 1885 in
1814 1847 1967 1885 saera
2001 1831 2102 1884 Ca-
2133 1813 2176 1870 Β

527 1931 849 1988 mahlulensi
877 1945 1061 1983 eremo
1113 1935 1342 1994 receptze
1373 1924 1609 1984 fuerant,
1665 1937 1726 1975 ac
1756 1920 1951 1990 regulae
1994 1919 2100 1971 vim

525 2022 862 2084 obtinebant,
925 2030 1033 2072 tmn
1078 2026 1199 2069 ante
1247 2016 1304 2068 Β.
1356 2014 1721 2081 Rodulphnm,
1776 2021 1886 2064 ttnn
1938 2011 2100 2063 etiam

527 2124 649 2183 post
678 2114 872 2181 ipsum,
911 2127 1000 2178 qn.
1051 2109 1169 2162 illas
1203 2109 1444 2175 (excepta
1490 2104 1710 2158 Sabhati
1758 2101 2100 2164 remissione,

525 2220 589 2258 ac
616 2203 806 2271 paucis
829 2203 972 2259 aliis.
999 2215 1117 2268 qme
1139 2214 1260 2252 cum
1286 2211 1455 2250 sacrae
1481 2196 1646 2250 eremi
1677 2191 2102 2246 Camaldulensis

523 2293 711 2346 usibus
742 2307 843 2344 non
873 2290 1084 2358 penitus
1105 2285 1520 2354 conveniebant)
1554 2285 1731 2337 adlmc
1763 2284 1831 2335 ah
1859 2281 2103 2336 eremitis

523 2384 897 2436 observandas
921 2381 973 2432 in
999 2381 1110 2433 suis
1141 2379 1271 2447 ipsis
1302 2376 1780 2431 constitutionibus
1804 2375 2013 2439 statuit,
2045 2382 2104 2428 ut

524 2485 688 2541 Supra
717 2486 838 2538 cap.
867 2471 922 2533 5,
953 2486 1100 2522 num.
1127 2467 1178 2530 5,
1210 2469 1240 2520 6
1275 2478 1329 2520 et
1358 2465 1387 2517 7
1412 2464 1922 2519 demonstravimus.

599 2559 665 2614 Χ.
699 2561 774 2613 lix
804 2575 911 2626 quo
939 2567 1085 2627 patet
1116 2557 1393 2624 re-ponsio
1439 2556 1504 2608 ad
1536 2571 1621 2617 ea,
1653 2570 1771 2623 qua:
1799 2555 1850 2607 in
1881 2564 2100 2609 senten-

529 2650 618 2704 tia:
677 2665 787 2704 sua:
837 2649 1298 2702 conﬁrmationem
1347 2646 1680 2700 Laderchius
1735 2647 1914 2699 subdit
1950 2663 2100 2701 num.

526 2742 634 2797 40:
668 2761 686 2793 ι
728 2742 831 2796 Sed
859 2751 912 2794 et
946 2742 1390 2796 constitutionem
1435 2740 1670 2808 ipsarum
1721 2737 1862 2791 inter
1898 2753 1958 2792 se
1992 2739 2104 2793 col-

525 2830 757 2884 latarum
803 2833 994 2890 series,
1047 2831 1198 2890 crdo,
1227 2839 1499 2883 ete:etera
1541 2829 1846 2898 hujusmodi
1897 2842 2001 2882 non
2037 2829 2106 2882 ab

530 2937 637 2973 uno
690 2920 836 2974 fonte
867 2919 1194 2988 processisse
1224 2919 1440 2970 abunde
1472 2918 1876 2983 demonstrant;
1902 2928 1955 2970 et
1980 2918 2105 2972 licet

529 3023 715 3061 verum
744 3009 810 3061 sit
845 3007 1094 3060 nonnulla
1137 3008 1310 3061 sancti
1346 3005 1631 3060 Romualdi
1672 3008 1872 3061 monita
1912 3007 1962 3059 in
1989 3008 2104 3062 suis

527 3096 1030 3158 constitutionibus,
1061 3107 1113 3149 et
1137 3096 1285 3158 alibi,
1315 3095 1532 3148 Petrum
1562 3097 1888 3161 inseruisse;
1914 3111 1978 3149 ex
2000 3098 2103 3151 hoc

530 3198 706 3238 tamen
756 3201 861 3241 non
896 3186 1138 3253 sequitur
1167 3200 1352 3239 o.nnes
1391 3187 1806 3241 constitutiones
1866 3205 1894 3240 a
1942 3186 2103 3244 Petro

529 3277 646 3345 ipso
698 3276 1138 3328 Avellanensilms
1180 3276 1404 3328 traditas
1446 3276 1607 3329 fuisse
1654 3275 1958 3329 Romusldi.
1995 3277 2105 3330 lmo

527 3366 856 3433 oppesitum,
892 3379 994 3417 non
1022 3363 1209 3427 fuisse,
1240 3363 1338 3417 nisi
1391 3380 1508 3428 eas,
1536 3381 1672 3433 quas
1705 3366 1981 3434 signantcr
2009 3382 2106 3420 no-

530 3456 740 3507 minat:
776 3469 897 3505 nam
953 3454 995 3506 si
1027 3469 1217 3507 onmes
1260 3454 1484 3507 l'uissent
1523 3452 1826 3517 Roiiutaldi,
1876 3470 1979 3508 non
2023 3465 2106 3509 est

527 3545 884 3612 excogitanda
919 3542 1074 3604 ratio,
1124 3558 1223 3595 cur
1262 3543 1537 3596 debuisset
1578 3545 1864 3598 nonnullas
1897 3554 2102 3597 tantum

533 3633 832 3687 Rontualdo
881 3634 1142 3697 tribuere,
1197 3643 1249 3686 et
1281 3650 1385 3687 non
1414 3649 1622 3696 omns,
1653 3636 1697 3688 si
1734 3652 1843 3689 snze
1897 3645 2100 3690 essent.

536 3722 864 3791 chentilnis
890 3723 1033 3774 enim
1055 3723 1394 3792 perspicuum
1428 3733 1533 3788 est,
1565 3725 1704 3792 quod
1736 3741 1856 3778 eum
1889 3726 2102 3795 aliquod

533 3811 816 3865 Buttmaldi
847 3811 1050 3864 dictum
1096 3812 1362 3872 enuntiat,
1392 3813 1519 3866 illud
1560 3829 1665 3866 non
1695 3826 1749 3868 ut
1779 3827 2103 3885 praeceptum

530 3901 796 3971 magistri,
837 3901 930 3954 sed
970 3903 1145 3969 potius
1183 3916 1247 3955 eo
1281 3918 1427 3956 more
1477 3903 1662 3967 refert,
1696 3921 1802 3974 quo
1827 3908 1878 3959 in
1911 3908 2104 3976 pleris-

528 4007 637 4059 que
677 3990 875 4059 regulis
921 3991 1228 4060 Augustini,
1259 3991 1594 4063 Hieronymi,
1641 3998 1720 4050 vel
1752 3997 1996 4063 Patrum,
2023 4000 2105 4053 vel

529 4082 807 4135 seniorum
845 4083 1045 4134 monita
1091 4091 1143 4134 ct
1198 4083 1339 4136 dicta
1383 4086 1769 4150 enuntiantnr;
1830 4105 1947 4156 qua:
1987 4091 2106 4144 ideo

529 4169 603 4222 ob
635 4170 774 4221 hane
829 4184 1047 4222 causam
1105 4169 1319 4239 Regulae
1373 4171 1655 4242 Augustini
1708 4177 1787 4231 vel
1843 4177 2107 4249 Hierony-

530 4255 631 4319 mi,
684 4267 814 4321 etc.,
861 4257 983 4325 jure
1031 4275 1134 4314 non
1185 4263 1461 4316 dicuntur.
1506 4283 1522 4314 ι
1557 4264 1732 4330 Patet,
1769 4269 2007 4336 inquam,
2040 4286 2102 4322 ex

533 4345 871 4414 supradictis.
906 4348 973 4402 ad
1023 4350 1136 4404 haec
1163 4353 1342 4404 omnia
1388 4356 1684 4423 responsio,
1725 4373 1846 4409 nam
1880 4374 2104 4427 prorsus

531 4435 900 4489 connucntitia
928 4447 1074 4502 sunt,
1099 4448 1152 4492 et
1181 4450 1366 4494 centra
1393 4455 1633 4511 apertam
1668 4447 1743 4499 rei
1773 4449 2100 4502 evidentiam

533 4527 704 4595 gratis
729 4529 953 4581 conﬁcta
975 4546 992 4580 τ
1020 4545 1200 4584 verum
1225 4533 1424 4602 aliquid
1450 4536 1754 4590 donandum
1777 4549 1858 4592 est
1877 4540 2100 4603 homini,

529 4615 622 4679 qui
656 4631 830 4669 causre
855 4633 966 4671 sua:
1016 4619 1238 4673 nimium
1293 4623 1483 4687 tidens,
1516 4633 1803 4694 antequam
1837 4631 1918 4682 vel
1953 4633 2105 4685 mim-

535 4719 676 4756 tnam
712 4708 1154 4765 constitutiOnum
1207 4711 1269 4764 Β.
1304 4712 1568 4784 Rodulphi
1622 4718 1817 4772 lineam
1882 4721 2101 4791 legeret,

534 4792 618 4845 vel
649 4803 870 4849 externa
896 4799 1058 4852 etiam
1087 4802 1286 4856 codicis
1314 4805 1548 4873 ipsarum
1577 4818 1848 4877 tegmenta
1877 4815 2104 4880 videret,

531 4881 758 4948 perinde
799 4895 975 4940 tamen
1007 4905 1069 4941 ac
1101 4892 1144 4943 si
1178 4908 1298 4946 cum
1330 4892 1473 4948 Petri
1499 4897 1741 4953 Damiani
1777 4904 1958 4970 regula
1989 4906 2107 4959 illas

530 4973 871 5036 contulisset,
902 4982 1250 5045 pronuntiare
1294 5000 1456 5038 ausus
1485 4996 1588 5050 est,
1614 4991 1754 5057 quod
1793 5011 1803 5042 :
1838 5013 1854 5042 ι
1901 4998 2106 5049 consti-

537 5063 800 5116 tutionum
841 5067 1076 5134 ipsarum
1113 5072 1252 5125 inter
1291 5087 1348 5126 se
1374 5075 1693 5130 collatarum
1747 5083 1934 5146 series,
1970 5087 2103 5141 ordo

531 5160 590 5204 et
616 5163 807 5208 caetera
841 5156 1143 5225 huiusmodi
1196 5180 1299 5216 non
1334 5166 1400 5218 ab
1429 5183 1534 5222 uno
1588 5169 1736 5226 fonte
1770 5180 2103 5244 processisse

536 5242 748 5297 abunde
775 5247 1164 5305 demonstrant.
1198 5278 1216 5305 ι
1709 5305 1717 5312 .

605 5331 696 5387 ΧΙ.
719 5335 869 5400 Quod
896 5355 1021 5393 vero
1045 5345 1209 5409 addit,
1273 5349 1517 5404 .omnaldi
1551 5357 1848 5411 sententias
1877 5359 1927 5412 in
1959 5361 2104 5417 Petri

536 5418 778 5474 Damian’.
826 5429 1302 5489 constitutionibus
1346 5436 1586 5506 allegari,
1635 5457 1738 5494 non
1775 5454 1832 5497 ιιι
1862 5451 2103 5517 magistri

534 5528 825 5586 pra'cepta,
876 5522 968 5574 sed
1003 5524 1154 5591 quasi
1187 5538 1493 5584 sanctorum
1537 5532 1796 5588 Ecclesiae
1826 5540 2105 5595 doctorum

539 5606 761 5667 monita,
807 5617 860 5662 et
902 5613 1069 5674 dicta,
1104 5615 1457 5683 imlequenon
1497 5624 1675 5677 omnia
1703 5625 1831 5680 inibi
1852 5638 2106 5685 contenta

536 5694 606 5750 ah
661 5696 939 5759 llatuualdi
986 5705 1325 5763 institutione
1379 5712 1618 5780 profecta
1676 5719 1846 5775 asseri
1880 5720 2101 5786 debere,

2151 3189 2176 3210 δ

2207 559 2564 614 Βυιιιυιιιιῑιιιη
2595 556 2904 611 referuntur
2934 572 2948 610 :
2982 557 3031 609 id
3065 555 3222 626 plane
3251 556 3586 617 ostenderet,
3617 554 3792 608 multo

2207 650 2384 702 minus
2436 649 2693 701 eremilas
2743 663 2806 699 ac
2851 646 3146 700 monachus
3191 645 3636 699 Camalduleuses
3690 640 3794 697 sub

2205 738 2445 808 ejusdem
2480 737 2536 791 S.
2569 737 2744 792 Patris
2784 736 3090 798 Romualdi,
3116 737 3198 789 vel
3227 737 3356 790 olim
3389 736 3674 797 militasse,
3709 731 3796 785 vel

2207 849 2348 886 nunc
2383 832 2616 884 militare
2643 829 2884 892 vexillis;
2921 828 3196 881 enimvero
3229 828 3281 880 in
3316 828 3555 894 ipsorum
3583 822 3795 878 consti-

2208 921 2507 975 tutionibus
2541 922 2624 972 vix
2647 920 2805 972 toties
2827 917 3187 970 Romualdum
3210 917 3364 968 citari
3393 911 3789 981 deprehendes,

2207 1012 2420 1079 quoties
2469 1010 2521 1061 in
2561 1007 2985 1061 Avellanitarum
3029 1004 3240 1073 legibus
3269 1020 3295 1056 a
3329 1003 3490 1056 Petro
3523 1001 3790 1054 Damiano

2208 1102 2492 1170 descriptis
2527 1118 2540 1154 :
2574 1115 2762 1167 nempe
2791 1101 2842 1151 in
2895 1099 2979 1150 his
3008 1097 3244 1165 quidem,
3278 1104 3473 1164 quater
3506 1101 3599 1144 aut
3635 1093 3794 1159 quin-

2206 1193 2356 1262 quies
2406 1191 2687 1245 liornualdi
2741 1189 3068 1243 mentionem
3123 1200 3435 1256 expressain
3495 1183 3794 1237 Damianttl

2206 1285 2434 1351 ingerit;
2479 1284 2528 1336 in
2561 1283 2770 1335 illorum
2801 1296 2928 1333 vero
2965 1279 3237 1331 nonnullis
3277 1275 3465 1332 semel.
3501 1285 3663 1344 atque
3689 1274 3793 1327 ite-

2207 1391 2366 1436 rum;
2417 1375 2468 1427 in
2519 1375 2640 1427 aliis
2685 1388 2751 1425 ne
2789 1370 2952 1424 semel
2992 1370 3205 1436 quidem
3250 1367 3530 1421 lionmaldi
3589 1379 3791 1417 nomctt

2205 1466 2458 1529 auditur;
2497 1479 2665 1533 quare
2694 1463 2735 1516 si
2769 1461 3055 1515 Laderchii
3104 1459 3307 1526 judicio
3342 1457 3593 1510 standum
3620 1460 3792 1514 esset.

2205 1571 2302 1610 nec
2326 1555 2504 1607 omnis
2534 1549 3326 1616 Camaldulcnsiunttlisciplina
3353 1548 3461 1600 al).
3485 1544 3795 1598 R'nnnaldo

2205 1650 2482 1718 penderet,
2516 1662 2611 1699 nec
2647 1657 2899 1712 tanquam
2939 1643 3179 1712 magistri
3221 1638 3632 1693 eLinstitutoﬁs
3656 1650 3797 1704 prm-

2203 1747 2379 1806 cepta,
2406 1739 2498 1790 sed
2535 1746 2590 1789 ut
2618 1736 2895 1804 cujusdam
2929 1733 3218 1801 peculiaris
3252 1732 3425 1784 sancti
3471 1727 3699 1782 consilia
3737 1733 3796 1780 et

2206 1829 2510 1889 sententias,
2542 1827 2792 1896 quzelihct
2846 1823 3125 1878 ltuinnaldi
3161 1823 3411 1875 instituta
3445 1821 3514 1873 ab
3549 1818 3799 1873 cremitis

2206 1922 2408 1975 nostris
2432 1921 2676 1974 habenda
2704 1916 2880 1970 forent
2913 1933 2924 1967 :
2959 1931 3065 1984 quo
3094 1915 3227 1967 nihil
3252 1914 3353 1968 dici
3389 1921 3568 1980 potest
3596 1913 3794 1964 absur-

2205 2014 2350 2067 dius.
2379 2011 2577 2064 Vcrum
2607 2027 2674 2063 an
2711 2008 3003 2061 Damianns
3027 2004 3336 2067 liomualdi,
3366 1999 3798 2070 velutmagistri,

2206 2106 2586 2159 auctoritatem
2635 2101 2968 2170 allegaverit,
3021 2099 3152 2152 satis
3212 2112 3278 2150 ex
3335 2096 3498 2150 dictis
3547 2093 3798 2162 superius

2204 2195 2496 2263 colligitur,
2523 2207 2585 2244 ac
2617 2190 2915 2260 praesertim
2945 2203 3009 2240 ex
3044 2187 3151 2251 bis,
3199 2199 3318 2255 qum
3344 2200 3468 2253 cap.
3495 2183 3547 2246 5,
3577 2196 3727 2235 num.
3760 2178 3799 2233 2

2202 2295 2258 2337 et
2286 2283 2318 2334 '5
2347 2283 2672 2334 notmimus.

2273 2374 2386 2430 XII.
2424 2374 2580 2426 [latio
2611 2383 2814 2435 autem,
2847 2388 2944 2425 cur
2978 2385 3146 2440 pauca
3177 2369 3422 2438 quantam
3458 2381 3489 2421 e
3521 2367 3705 2420 multis
3727 2366 3798 2420 ad

2205 2463 2489 2516 Ronutaldi
2525 2462 2920 2515 institutionem
2968 2474 3224 2528 expresse
3269 2475 3297 2510 a
3331 2457 3491 2510 Petro
3530 2456 3798 2508 Damiano

2206 2555 2537 2616 referantur,
2567 2562 2669 2613 est,
2709 2552 2851 2620 quod
2887 2550 3090 2617 reliqua
3143 2565 3249 2601 non
3295 2548 3365 2602 ab
3401 2549 3518 2615 ipso
3550 2545 3606 2597 S.
3630 2544 3798 2598 Patro

2205 2645 2488 2715 Speeiatim
2538 2642 2839 2710 excogitata
2873 2655 2935 2694 ac
2966 2642 3174 2693 noviter
3221 2639 3511 2692 adinventa
3555 2635 3796 2698 fuerant,

2205 2736 2299 2791 sed
2359 2735 2426 2788 ab
2475 2733 2820 2800 antiquorum
2875 2730 3329 2784 anachoretarum
3368 2726 3582 2780 vivendi
3636 2725 3798 2779 modo

2207 2826 2414 2880 imitata
2469 2838 2674 2892 suoque
2729 2822 2974 2875 instituto
3035 2821 3315 2888 aptissime
3359 2817 3794 2872 accommolata.

2207 2915 2403 2971 Narrat
2433 2915 2576 2968 enim
2623 2911 2914 2966 Damianus
2944 2912 2995 2964 in
3027 2911 3141 2963 \‘ita
3173 2909 3230 2962 S.
3259 2907 3543 2963 Romualdi
3587 2921 3711 2976 cap.
3737 2905 3794 2965 8.

2207 3007 2357 3073 illum
2385 3007 2436 3060 in
2487 3015 2726 3060 veterum
2757 3003 2976 3056 Patrmn
3033 3002 3277 3055 historiis
3306 3000 3548 3070 legendis
3582 2997 3798 3052 versari

2209 3097 2446 3159 Solitum,
2495 3109 2793 3162 eorumque
2833 3092 3096 3160 exemplis
3143 3108 3297 3144 usum
3355 3089 3530 3143 fuisse
3555 3089 3604 3141 in
3637 3104 3677 3141 rt
3699 3086 3798 3142 sti-

2211 3188 2404 3261 tuenda
2433 3187 2868 3254 perliciendaque
2901 3201 2994 3253 per
3020 3183 3364 3238 Occidentem
3401 3181 3683 3235 eretnitica
3716 3180 3798 3233 di-

2206 3278 2463 3346 sciplina;
2487 3263 2600 3345 ilus
2619 3276 2683 3329 de
2709 3290 2762 3328 re
2785 3274 2895 3342 jam
2923 3276 3143 3328 dissert.
3178 3273 3226 3338 l,
3246 3273 3561 3341 praesertim
3595 3289 3714 3340 cap.
3737 3271 3792 3334 5,

2208 3367 2450 3437 pluribus
2465 3377 2641 3419 actum
2662 3375 2766 3430 est;
2789 3365 2927 3417 unde
2941 3374 2995 3418 et
3021 3365 3160 3417 idem
3184 3363 3475 3416 Damianns
3489 3377 3677 3431 opusc.
3701 3376 3793 3428 xv,

2205 3472 2326 3525 Cap.
2358 3456 2410 3517 Ξ,
2443 3455 2690 3509 altiorem
2749 3455 2871 3507 vitze
2918 3455 3214 3508 eremitica:
3260 3445 3528 3522 originem
3564 3470 3592 3505 a
3625 3451 3797 3507 Paulo

2207 3557 2259 3598 ct
2283 3548 2519 3599 Antonio
2551 3546 2840 3613 repctit,et
2881 3561 2999 3612 cap.
3037 3546 3099 3598 18
3133 3560 3147 3597 :
3184 3565 3200 3594 ι
3249 3544 3544 3612 Quidquid,
3598 3544 3798 3611 inquit,

2209 3638 2260 3690 in
2301 3636 2357 3688 Β.
2409 3635 2685 3689 Benedicti
2738 3634 2953 3704 regula;
3002 3634 3257 3702 quidquid
3292 3634 3346 3685 in
3375 3633 3656 3694 institutis,
3682 3633 3802 3688 sive

2210 3727 2262 3780 in
2289 3725 2674 3778 collationibus
2704 3723 2923 3776 Patrum
2956 3734 3039 3778 est
3077 3724 3303 3786 dictum,
3333 3724 3455 3775 huic
3485 3731 3801 3791 competere

2209 3814 2504 3882 diSciplina:
2550 3815 2944 3881 perpendimus.
2988 3833 3005 3863 ι
3045 3813 3108 3865 Et
3166 3823 3341 3865 tatnen
3400 3811 3564 3863 aust
3594 3811 3801 3864 Ladcr-

2206 3906 2362 3958 chius
2387 3905 2676 3956 Damianus
2706 3903 2857 3970 quasi
2892 3904 3186 3956 cremiticae
3218 3904 3339 3955 vita:
3392 3900 3607 3954 Patrem
3639 3902 3802 3954 nobis

2208 3998 2405 4065 ubique
2453 3996 2760 4065 depingere,
2796 4003 2854 4046 ut
2905 4011 3028 4047 cum
3079 3995 3168 4046 lib.
3218 4007 3254 4050 ι.
3283 4007 3405 4060 cap.
3453 3991 3537 4056 l-i,
3570 4008 3718 4044 num.
3763 3991 3795 4045 7

2207 4091 2562 4161 pronuntiat:
2601 4106 2618 4137 ι
2671 4089 2811 4140 Ante
2854 4085 3073 4140 Petrum
3131 4087 3476 4148 Damianum,
3526 4084 3800 4137 neminem

2208 4198 2274 4235 ex
2305 4181 2492 4234 ordine
2529 4178 2587 4233 S.
2637 4178 2934 4243 Benedicti,
2970 4181 3020 4231 in
3068 4178 3219 4230 Italia
3276 4178 3492 4239 saltem,
3539 4187 3645 4228 tam
3678 4176 3798 4229 exi-

2211 4273 2348 4325 mias
2393 4270 2700 4324 eretmticas
2749 4270 3113 4322 institutiones
3202 4269 3508 4321 tradidisse.
3551 4287 3569 4318 ›
3636 4267 3794 4334 Quod

2209 4364 2380 4435 ipsum
2416 4365 2605 4432 petiori
2636 4362 2759 4430 jure
2789 4365 2854 4416 de
2883 4362 2939 4414 S.
2968 4362 3022 4415 P.
3059 4360 3361 4415 Romualdo
3387 4377 3512 4414 vero
3535 4361 3794 4416 cremita-

2210 4470 2330 4506 rum
2376 4452 2685 4508 Occidentis
2734 4453 3086 4522 antesignano
3147 4452 3474 4506 censendum
3505 4462 3607 4517 est,
3645 4471 3661 4500 ι
3704 4452 3799 4519 qui

2209 4551 2335 4597 ante
2366 4558 2578 4598 .omncs
2636 4540 2717 4612 (ut
2766 4551 2915 4594 nutat
2970 4542 3029 4594 Β.
3099 4540 3300 4595 Paulus
3348 4538 3690 4594 Justiuianus
3739 4541 3794 4592 in

2209 4635 2525 4706 pradatione
2548 4651 2658 4689 suae
2691 4634 2906 4705 regula?)
2971 4635 3249 4689 cremiticc
3295 4633 3505 4688 vivendi
3557 4634 3795 4702 regulas,

2209 4737 2264 4784 et
2294 4729 2684 4791 instizutioncs,
2718 4744 2821 4781 non
2851 4728 3086 4796 scriptis,
3121 4729 3212 4781 sed
3242 4743 3338 4779 suo
3370 4726 3582 4780 vivendi
3610 4742 3798 4779 exem-

2214 4820 2320 4888 plo,
2355 4819 2575 4887 suisque
2628 4819 2971 4871 documentis
3005 4826 3059 4871 et
3087 4817 3566 4874 admonitionibus,
3598 4827 3800 4870 coa::a~

2216 4911 2330 4962 neis
2380 4911 2491 4961 suis
2543 4909 2783 4970 tradidit,
2829 4919 2884 4961 et
2922 4908 3152 4976 posteris
3190 4906 3443 4959 omnibus
3483 4905 3794 4973 dereliquit,

2213 4999 2485 5053 Christum
2538 4997 2770 5051 forgasse
2828 4999 3113 5052 Dominum
3175 4998 3436 5061 imitatus,
3492 4996 3605 5065 qui,
3649 4996 3796 5062 quod

2215 5092 2325 5160 ipse
2351 5091 2617 5154 faciendo,
2647 5109 2709 5146 ac
2732 5094 2975 5147 docendo
3025 5094 3276 5155 instituit,
3306 5110 3409 5146 non
3444 5092 3661 5160 scriptis
3686 5101 3799 5144 tra-

2214 5183 2366 5244 didit,
2399 5185 2490 5236 sed
2535 5184 2654 5238 aliis
2694 5192 2813 5254 post
2852 5200 2912 5238 se
2962 5185 3246 5239 scribenda
3295 5183 3532 5252 reliquit.
3567 5199 3586 5233 ι
3616 5181 3798 5247 Quare

2215 5285 2362 5344 patet
2397 5276 2525 5329 nihil
2559 5279 2776 5331 o‘asmre
2812 5278 3099 5344 quominus
3140 5294 3206 5330 cx
3245 5275 3526 5330 [totuualdi
3576 5288 3799 5344 proces-

2217 5365 2350 5417 sisse
2374 5353 2655 5433 diSciplina
2689 5366 3105 5419 constitutiones
3130 5365 3275 5419 Petti
3316 5365 3562 5419 Dantiani
3602 5364 3798 5415 dicati-

2212 5465 2319 5519 tur,
2343 5457 2441 5509 etsi
2469 5473 2570 5509 non
2599 5459 2777 5512 onania
2804 5456 2857 5511 S.
2891 5458 3170 5513 Ronmaldi
3195 5460 3414 5528 propria
3448 5458 3668 5516 fuerint,
3701 5458 3798 5511 sed

2211 5547 2320 5617 ipsa
2361 5547 2619 5601 duntaxat
2661 5565 2727 5602 ex
2781 5549 2840 5602 D.
2878 5548 3148 5604 Benedicti
3197 5561 3250 5604 et
3302 5550 3646 5617 antiquorum
3693 5548 3798 5602 Pa-

2211 5647 2353 5691 trum
2409 5638 2671 5692 institutis
2720 5639 2948 5695 collecta
2990 5641 3295 5702 methodus,
3337 5641 3690 5710 ejusdemque
3727 5641 3798 5698 ad

2211 5727 2504 5782 monachos
2530 5726 2668 5783 facta
2694 5729 3001 5796 applicatio,
3033 5731 3250 5797 propria
3275 5729 3560 5786 Romualdi
3601 5728 3795 5798 fuerit,
