4040 6374
539 345 602 402 7t
1369 356 1372 359 λ
1410 354 1413 357 ·
1466 339 1522 397 s.
1569 340 1845 398 PETRUS
1886 340 2241 398 ωιιιιιωδ
2279 342 2334 395 s.
2381 341 2445 395 ιι.
2486 340 2547 396 ις.
2581 340 3012 397 canemus.
3256 316 3259 319 ’
3742 342 3816 397 7a

538 459 795 519 derchnts
822 456 1127 533 cavillatur,
1144 453 1257 521 jam
1284 453 1408 507 alibi
1431 453 1863 515 observavimus,
1897 467 2126 521 praeser-
2154 459 2200 516 Α
2230 452 2374 507 disse
2403 454 2633 521 asserat)
2665 452 2884 507 memini
2914 468 3000 507 me
3055 462 3167 508 tmn
3195 453 3380 508 Romm
3410 454 3695 524 degentem
3739 456 3815 511 ab

539 553 640 609 tim
665 566 787 630 cap.
810 548 863 613 5,
888 562 1040 614 non).
1068 545 1135 597 ltl
1157 556 1211 597 ct
1226 558 1346 613 cap.
1370 542 1423 608 6,
1450 558 1597 596 num.
1623 543 1676 597 3.
1710 541 1840 595 Nam
1867 542 1918 595 in
1944 555 2121 630 prete-

538 641 651 697 mio
680 629 815 692 Vita:
846 635 902 690 S.
945 631 1230 688 Romualdi
1281 629 1402 685 illos
1450 632 1585 685 suos
1630 631 1825 683 fratres
1862 629 2117 697 appellat,

540 740 837 797 eorumque
893 724 1151 794 precibus
1186 722 1478 775 adductum
1515 734 1575 773 se
1608 718 1825 782 asserit,
1862 733 2121 787 germana

540 822 804 879 charitate
827 827 1068 887 urgente,
1106 817 1171 869 ad
1226 814 1283 869 S.
1316 813 1492 868 Patris
1534 812 1907 883 gestaJitteris
1938 811 2120 865 consi-

537 913 773 985 gnanda.
829 910 983 975 Quod
1026 910 1068 962 si
1111 909 1162 961 id
1201 922 1305 960 non
1345 921 1560 974 semper
1600 918 1858 976 expresse
1902 903 2119 971 repetit,

537 1004 752 1074 quoties
779 1002 845 1056 de
860 998 1137 1069 discipulis
1159 998 1214 1051 S.
1236 995 1533 1057 Romualdi
1550 996 1878 1048 mentionem
1901 992 2117 1061 ingerit,

536 1101 593 1147 et
614 1091 744 1160 quid
776 1090 856 1142 vir
878 1083 1573 1152 sanetissimusdiscipulos
1605 1098 1732 1137 suos
1759 1083 1995 1142 doceret,
2030 1096 2118 1135 rc-

537 1182 683 1236 ferre
712 1179 912 1246 satagit
945 1192 959 1229 :
1004 1192 1105 1229 non
1136 1185 1417 1244 prepterea
1446 1174 1566 1227 illos
1593 1172 1738 1225 velut
1770 1188 1797 1224 a
1826 1187 1884 1225 se
1914 1170 2121 1224 alienos

540 1282 970 1328 commemorare
998 1267 1297 1321 censendus
1318 1274 1434 1327 est;
1468 1264 1568 1317 nisi
1598 1263 1862 1325 dicamus,
1894 1276 2121 1329 evange-

539 1361 693 1415 listas
746 1374 804 1412 se
856 1376 886 1410 a
926 1356 1127 1411 Christi
1186 1354 1468 1424 disciplina
1506 1354 1709 1408 alienos
1741 1354 2117 1422 pronuntiare,

539 1450 750 1521 quoties
789 1454 1050 1499 cnarraut
1087 1443 1391 1513 parabolas,
1424 1458 1560 1514 quas
1590 1444 1721 1496 dixit
1768 1442 1923 1495 Jews
1962 1442 2121 1494 disci-

537 1541 675 1612 pulis
704 1541 846 1604 suis;
869 1547 963 1591 aut
993 1538 1092 1591 nisi
1124 1550 1432 1590 asseramus
1463 1533 1713 1588 eumdem
1763 1532 1984 1586 Petrum
2014 1532 2119 1585 Da-

540 1632 782 1687 mianum
827 1630 990 1682 etiam
1023 1642 1051 1679 a
1084 1625 1140 1679 S.
1176 1625 1452 1679 Benedicti
1481 1624 1765 1692 disciplina
1794 1637 1852 1676 se
1882 1622 2117 1675 alienum

543 1720 746 1784 facere,
785 1719 908 1772 dmn
944 1716 1000 1769 S.
1044 1714 1316 1768 Benedicti
1361 1710 1656 1781 diScipulos
1694 1710 1938 1764 nominat
1984 1719 2114 1763 tom.

2222 542 2461 611 ejusdem
2493 544 2732 598 auctoris
2752 560 2847 598 ore
2872 544 3163 606 audivisse;
3190 545 3315 598 dum
3346 544 3575 599 invicem
3607 546 3675 600 de
3700 547 3813 600 bac

2186 630 2205 645 “
2227 634 2342 703 ipsa
2374 635 2748 689 controversia
2792 635 3245 703 colloqueremnr,
3274 637 3418 704 quod
3448 652 3511 691 ex
3549 637 3817 691 omnibus

2222 726 2577 796 argumentis,
2612 740 2731 795 qua:
2782 741 2878 794 pro
2915 736 3097 780 nostra
3150 727 3420 780 sententia
3478 725 3811 791 aﬂ‘cruntur,

2222 833 2390 871 unum
2423 818 2525 872 hoc
2553 817 2654 872 sibi
2684 819 2999 882 maximum,
3028 833 3137 888 pra:
3162 819 3393 884 cmteris,
3427 822 3702 889 negotium
3728 819 3821 874 fa-

2232 919 2491 973 cesseret,
2518 910 2646 965 licet
2668 910 2783 979 ejus
2807 910 2852 965 vi
2881 925 2909 963 a
2939 920 3308 980 pra-concepta
3336 913 3605 966 sententia
3639 926 3700 968 se
3723 913 3817 968 di-

2224 1001 2427 1055 moveri
2460 1014 2567 1053 nou
2601 1009 2900 1069 pateretur.

2293 1090 2356 1143 ll.
2397 1088 2487 1143 Sic
2516 1091 2680 1159 igitur
2710 1092 2980 1159 proponit,
3006 1100 3169 1160 atque
3199 1093 3439 1149 enodare
3464 1092 3813 1150 Ladcrchius

2224 1182 2535 1251 aggreditur
2572 1182 2839 1250 ejusmodi
2866 1183 3236 1238 diﬂicultatem
3264 1201 3411 1238 nunt.
3439 1185 3507 1239 15
3542 1205 3553 1238 :
3595 1204 3612 1236 ι
3646 1186 3816 1241 Dices

2223 1270 2585 1324 ltoumaldtun
2614 1286 2857 1325 eremnm
2904 1272 3082 1326 Sitrire
3123 1274 3401 1339 fundasse,
3430 1275 3481 1327 in
3513 1289 3618 1344 qua
3650 1276 3815 1329 dein-

2223 1376 2350 1429 ceps
2382 1362 2484 1415 fuit
2521 1363 2832 1416 Dominicus
2862 1363 3166 1429 Loricatus,
3198 1364 3442 1419 Damiani
3473 1367 3809 1436 discipulus;

2221 1451 2319 1504 sub
2343 1453 2826 1507 constitutionibus
2844 1468 2974 1522 ergo
2995 1453 3306 1519 Romualdi,
3335 1463 3521 1524 utpote
3540 1454 3592 1508 in
3616 1470 3814 1510 eremo

2221 1542 2290 1597 ab
2335 1544 2437 1597 hoc
2479 1544 2722 1597 fundata.
2759 1563 2777 1596 ι
2832 1542 2929 1598 Cui
2976 1560 3107 1614 ergo
3135 1557 3458 1616 argumento
3496 1547 3577 1602 sic
3608 1548 3811 1602 statim

2223 1636 2513 1702 respondet
2542 1652 2553 1662 ·
2594 1654 2611 1685 ι
2643 1634 2750 1689 Sed
2773 1644 3001 1704 negatur
3023 1650 3364 1705 consequens
3390 1653 3457 1691 ex
3483 1652 3646 1706 supra
3678 1637 3816 1690 alla-

2223 1727 2316 1788 tis,
2347 1728 2488 1793 quod
2522 1726 2860 1781 Romualdus
2886 1729 3304 1782 constitutiones
3342 1743 3448 1781 non
3493 1729 3645 1782 dedit
3685 1726 3813 1799 (sed

545 1811 607 1873 ll,
632 1797 798 1864 serm.
836 1809 891 1871 8,
923 1821 1020 1861 nec
1050 1820 1109 1860 se
1141 1806 1246 1858 illis
1281 1818 1535 1873 expresse
1576 1802 1875 1871 conjungit,
1915 1815 2118 1871 eosque

2226 1828 2438 1872 tacente
2486 1818 2686 1887 lingua,
2718 1827 2772 1873 et
2801 1819 3129 1888 prtedicante
3169 1820 3299 1885 vita)
3332 1820 3536 1882 docuit,
3575 1828 3628 1873 et
3679 1797 3815 1873 licet

542 1910 823 1971 propterea
856 1908 916 1952 ut
955 1897 1018 1950 ad
1061 1912 1117 1949 se
1140 1896 1359 1949 omnino
1385 1910 1490 1947 non
1522 1894 1880 1962 pertinentes,
1915 1891 2119 1946 Lader-

546 1991 656 2044 chii
680 1989 910 2058 judicio,
950 1992 1364 2040 connuemorat.
1401 1983 1506 2039 Sed
1536 1982 1806 2052 quomodo
1837 1980 2118 2035 Romualdi

541 2081 851 2149 discipulos,
894 2078 1041 2132 velut.
1080 2076 1145 2129 ad
1178 2092 1236 2130 se
1268 2076 1489 2129 minime
1518 2076 1813 2127 attinentcs
1840 2072 2120 2125 nominare

543 2170 834 2224 Damiauus
864 2168 1111 2238 poterat?
1148 2180 1240 2221 eos
1270 2182 1480 2233 nempe,
1510 2164 1829 2233 quibuscum
1863 2162 2119 2230 frequen-

542 2260 751 2315 tissime
775 2258 1009 2321 vivebat,
1035 2265 1091 2309 ut
1114 2266 1224 2309 toto
1248 2270 1365 2325 cap.
1395 2256 1426 2308 6
1448 2266 1726 2309 ostensum
1754 2261 1854 2318 est,
1888 2267 2117 2321 quorum

540 2350 703 2404 etiam
730 2348 1040 2419 magisterio
1065 2356 1121 2401 et
1162 2346 1459 2401 directione
1488 2346 1757 2409 utebatur,
1788 2356 1845 2397 ut
1872 2354 2116 2411 respectu

542 2440 603 2495 Β.
635 2438 832 2494 Leonis
867 2438 1147 2493 Sitriensis
1172 2452 1294 2505 cap.
1337 2436 1457 2499 cit.,
1489 2451 1638 2488 num.
1672 2437 1738 2488 16
1767 2450 1830 2489 ex
1861 2434 2120 2487 Damiano

541 2531 923 2604 probavimus;
951 2529 1039 2599 qui
1071 2537 1252 2583 tamen
1276 2528 1407 2593 Leo,
1430 2543 1494 2582 ex
1526 2528 1714 2581 eodem
1739 2526 1998 2580 Damiano
2022 2525 2116 2580 lib.

544 2626 621 2689 VI,
662 2636 748 2690 ep.
792 2622 855 2674 17
892 2637 903 2670 :
938 2638 955 2670 ι
1002 2618 1121 2673 Jant
1174 2633 1271 2688 per
1318 2616 1659 2686 septuaginta
1708 2614 1821 2669 fere
1855 2629 2025 2667 annos
2064 2613 2117 2665 in

539 2713 846 2767 monastico
898 2710 1081 2765 habitu
1129 2710 1357 2780 degebat
1398 2728 1411 2762 :
1452 2728 1470 2759 ι
1527 2709 1767 2776 adeoque
1820 2706 2119 2761 Ronmaldo

540 2803 775 2866 vivente,
806 2808 862 2855 et
906 2801 1006 2854 sub
1033 2801 1150 2869 ejus
1189 2800 1470 2869 auspiciis,
1499 2799 1793 2852 eremiticze
1832 2799 1954 2851 vitze
1984 2799 2120 2851 tiro-

542 2892 747 2946 cinium
783 2898 1055 2960 posuerat,
1084 2891 1223 2943 inter
1255 2888 1370 2955 ejus
1400 2887 1691 2957 discipulos
1718 2888 1856 2953 apud
1897 2888 2118 2941 Siti-iant

543 2970 889 3052 superstites,
915 2980 1155 3034 omnium
1173 2977 1413 3033 fortasse
1442 2977 1868 3047 antiquissimus.

1134 3068 1361 3124 CAPUT
1406 3053 1535 3121 an

727 3162 946 3234 lleliqua
968 3181 999 3217 a
1029 3161 1319 3215 Laderrltio
1344 3159 1545 3229 objecta
1574 3158 1944 3212 discutiuntur.

548 3253 825 3310 Sutorsts.
874 3284 945 3295 —
981 3253 1265 3320 Quodnam
1330 3247 2115 3320 argumentum_Laderchium

616 3325 849 3378 maxime
876 3316 1103 3391 premat.
1135 3320 1296 3391 Num._
1317 3320 1369 3372 1.
1400 3316 1467 3373 Ut
1497 3317 1625 3391 illud
1666 3316 1874 3391 solvere
1915 3317 2121 3391 nitatur

614 3404 823 3453 auctor.
856 3385 911 3447 (ἑ.
943 3391 1242 3447 Solutionis
1286 3387 1639 3457 impngnatio.
1684 3388 1737 3440 3.
1787 3386 1868 3439 Ad
1914 3385 2121 3457 ordinis

617 3463 700 3518 sui
730 3463 1116 3522 fundationem,
1136 3453 1810 3513 Romualdoiteeessariam
1836 3471 1939 3508 non
1958 3453 2121 3510 fuisse

618 3534 1033 3589 institutionum
1058 3529 1399 3600 propriarum
1437 3526 1807 3600 scriptionein‘.
1841 3524 1979 3600 Ibid;
2009 3526 2122 3580 Duo

619 3604 724 3656 alia
752 3601 1034 3656 Laden-hii
1061 3594 1207 3653 dicta
1244 3596 1612 3650 confutantur.
1645 3599 1697 3647 4.
1729 3594 1966 3649 Ulterior
1995 3610 2121 3648 eva-

616 3673 697 3726 sio
740 3672 983 3741 primarit
1036 3668 1340 3741 argumenti
1388 3681 1427 3741 ἓ
1463 3665 1786 3741 Lade_rc_hio_
1812 3675 2034 3717 tentata.
2065 3664 2119 3718 5.

616 3733 902 3797 Classense
932 3733 1241 3794 cceuobium
1269 3751 1365 3790 cur
1390 3733 1788 3790 Camaldulensi
1821 3749 2007 3789 eremo
2033 3749 2135 3787 co-.

656 3811 859 3866 ulatmn
892 3808 1091 3864 fuerit?
1116 3807 1263 3861 6.00
1286 3806 1407 3860 aliis
1431 3805 1883 3859 monasteriorum
1906 3804 2121 3857 unioni-

628 3874 714 3935 lus
735 3882 874 3934 intra
906 3877 1156 3934 eumdem
1181 3876 1449 3929 ordinent.
1479 3875 1531 3927 7.
1562 3875 1682 3927 Alia
1715 3874 2001 3928 Laderchii
2028 3888 2121 3927 ca-

615 3950 819 4005 villatio
859 3950 1144 4004 refutatur.
1186 3946 1239 4000 8.
1284 3946 1543 4005 lnstaptia
1575 3959 1762 3996 rursus
1793 3943 1895 3995 alia
1926 3943 2094 3997 adver

618 4022 746 4074 sarii
770 4030 959 4073 contra
993 4030 1233 4071 nostram
1265 4015 1610 4076 sententiam,
1635 4013 1771 4067 falso
1800 4014 1979 4068 nitens
1995 4028 2124 4081 sup-

617 4090 811 4161 posito.
843 4086 1129 4161 9.l_)nplei_t
1174 4084 1489 4161 disparitas,
1535 4084 1600 4135 ad
1649 4083 1761 4161 hoc
1782 4082 2121 4161 proposition

616 4151 646 4213 Ξι
689 4158 988 4213 Laderchio
1010 4151 1274 4219 adducta,
1304 4153 1665 4221 impugnatur.
1700 4151 1784 4205 10.
1840 4151 1969 4204 Duae
2007 4152 2125 4203 alia:

616 4228 901 4284 Laderchii
934 4225 1285 4293 objectiones.
1321 4220 1638 4293 nurum;
1664 4220 1877 4293 illarum
1902 4221 2121 4293 solutio.

617 4298 705 4353 12.
738 4290 1359 4351 δεριιιιιιώροιιῐιιιαιὶο.
1406 4292 1495 4347 15.
1539 4291 1793 4346 Ultimum
1838 4290 2123 4345 Laderchii

621 4378 1000 4437 argumentum
1029 4364 1269 4418 diluitur.
1304 4360 1390 4416 H.

619 4458 659 4512 l.
694 4456 826 4511 Tam
865 4456 1069 4527 potenti
1108 4453 1227 4508 luce
1267 4453 1351 4508 vis
1386 4461 1635 4506 veritatis
1677 4452 1920 4513 irradiat,
1969 4461 2027 4504 ut
2071 4452 2121 4504 in

555 4547 741 4603 oculos
780 4545 941 4601 etiam
978 4560 1036 4598 se
1072 4543 1387 4613 fugientium
1418 4544 1664 4596 incurrat
1698 4560 1712 4596 :
1745 4542 1866 4597 ideo
1917 4541 2124 4596 Ladcr-
2154 4516 2201 4574 D

547 4637 729 4692 citium
758 4643 1001 4689 nostrum
1046 4633 1216 4687 latere
1260 4647 1598 4700 nequaquam
1632 4631 1827 4700 potuit,
1861 4647 2025 4685 unum
2054 4646 2118 4685 ex

547 4726 832 4797 przecipuis
884 4722 1250 4792 argumentis,
1285 4721 1481 4790 quibus
1523 4718 1933 4775 Camaldulense
1979 4720 2122 4775 Petri

550 4806 797 4871 Damiani
843 4814 1146 4867 institutum
1201 4812 1418 4883 probari
1460 4811 1617 4874 solet,
1660 4825 1725 4865 ex
1779 4826 1845 4865 eo
1873 4812 2121 4881 petituro,

548 4909 687 4979 quod
717 4904 775 4962 ὃ.
804 4905 1119 4961 Dominicus
1145 4903 1425 4957 Loricatus
1468 4902 1648 4957 Sitrize
1686 4904 1857 4974 prior,
1886 4903 2122 4972 ejusdem

549 4998 694 5057 Petri
724 4998 969 5053 Damiani
1021 4995 1318 5065 discipulus
1372 4993 1558 5058 fuerit,
1585 4997 2036 5063 qucm‘admodunt
2068 5006 2122 5049 et

547 5108 649 5150 nos
664 5108 785 5162 cap.
811 5091 866 5156 6,
891 5105 1039 5145 num.
1067 5088 1133 5142 14
1152 5086 1663 5141 demonstravimus.
1696 5085 1909 5141 Nullum
1938 5087 2123 5156 itaque

550 5198 658 5240 non
689 5192 867 5236 movet
896 5179 1127 5250 lapidem
1157 5178 1393 5247 scriptor
1408 5185 1612 5244 noster,
1644 5187 1699 5230 ut
1730 5178 1831 5233 hoc
1858 5192 1968 5232 suae
1994 5193 2123 5232 cau-

550 5287 624 5328 sa!
654 5269 1023 5341 przcjudicium
1054 5268 1359 5333 amoliatur,
1391 5277 1554 5337 atque
1582 5269 1634 5322 in
1668 5284 1882 5323 omnem
1916 5284 1974 5324 se
2002 5280 2121 5324 ver-

549 5370 629 5416 sat
657 5370 887 5430 partem,
914 5367 970 5411 ut
994 5357 1201 5411 obicem
1228 5358 1373 5411 hunc
1396 5358 1497 5411 sibi
1532 5357 1972 5411 molestissimum
1996 5374 2117 5427 pro-

550 5459 712 5507 terat.
746 5448 878 5503 Nam
914 5463 1084 5517 usque
1117 5449 1183 5502 ab
1215 5463 1355 5503 anno
1389 5448 1525 5502 1699
1567 5466 1674 5518 quo
1719 5457 1960 5521 tempore
2002 5452 2126 5504 vita:

554 5540 611 5595 S.
635 5538 780 5594 Petri
805 5538 1049 5593 Damiani
1079 5537 1394 5609 colligenda:
1423 5539 1768 5593 incumbebat
1793 5538 2128 5595 Laderchius

556 5631 700 5701 (licet
729 5632 781 5685 in
807 5632 965 5701 hujus
996 5630 1178 5700 operis
1208 5645 1352 5684 anno
1385 5630 1524 5684 1702
1549 5630 1675 5685 editi
1701 5632 2035 5698 prmfatione,
2071 5649 2129 5686 se

554 5720 621 5775 ad
646 5719 759 5791 ejus
783 5720 1210 5777 lucubrationem
1248 5728 1358 5776 tres
1387 5735 1601 5775 menses
1631 5719 1893 5778 duntaxat
1923 5722 2131 5793 impen-

2224 1910 2388 1963 multa
2422 1911 2521 1964 sub
2549 1909 2735 1979 regula
2779 1908 2836 1964 S.
2868 1909 3142 1964 Beitedicti
3178 1908 3486 1965 fundaverit
3517 1910 3669 1971 loca;
3717 1921 3809 1964 ta-

2224 2018 2347 2058 men
2389 2018 2509 2071 qum
2558 2002 2611 2055 in
2658 2003 2723 2056 iis
2762 2016 2924 2070 supra
2958 2002 3200 2071 regulam
3232 2002 3703 2065 custodiebantur,
3737 2003 3809 2055 ab

2223 2092 2339 2161 ipso
2370 2094 2651 2161 magistro,
2685 2093 2935 2161 exemplo
2967 2093 3164 2161 potius,
3196 2107 3356 2159 quam
3402 2092 3590 2153 verho,
3639 2091 3724 2144 vel
3759 2092 3810 2146 si

2221 2186 2409 2248 verbo,
2440 2186 2605 2238 verbo
2648 2195 2845 2237 tantem
2874 2184 3353 2237 constitutionibus
3381 2184 3545 2236 certis
3583 2200 3688 2237 non
3724 2182 3808 2237 (ιιι

2220 2276 2406 2345 ligato,
2433 2276 2785 2342 jubebantur,
2819 2283 2878 2327 ut
2906 2275 2973 2328 ab
3001 2274 3218 2332 abbate,
3249 2288 3355 2327 non
3390 2274 3458 2325 ah
3484 2273 3806 2325 institutore

2219 2382 2373 2421 novre
2424 2367 2652 2437 regulae,
2682 2366 2779 2421 sed
2808 2368 2987 2435 potius
3017 2375 3076 2419 ut
3123 2381 3151 2419 a
3196 2366 3453 2435 peculiari
3506 2366 3675 2428 illius,
3722 2365 3809 2420 vel

2222 2455 2381 2511 istius
2405 2456 2505 2510 loci
2534 2468 2865 2526 praeceptore
2894 2465 2947 2510 et
2974 2458 3251 2524 magistro.
3282 2457 3434 2523 Quod
3464 2458 3649 2526 utique
3676 2474 3806 2526 per-

2222 2550 2452 2612 duravit,
2482 2564 2762 2617 usquequo
2786 2548 2931 2601 ducti
2961 2549 3154 2617 spiritu
3191 2546 3505 2612 Rommldi,
3536 2553 3812 2603 constitu-

2222 2642 2395 2695 tiones
2426 2641 2542 2709 ejus
2581 2640 3021 2695 Camaldulenses
3072 2639 3318 2708 apicibus
3350 2640 3725 2704 tradiderunt;
3752 2650 3814 2695 et

2222 2729 2416 2786 Petrus
2462 2732 2589 2785 item
2628 2746 2755 2784 suas
2789 2731 2962 2794 dedit,
2996 2745 3062 2783 ex
3100 2730 3296 2796 quibus
3329 2730 3515 2798 utique
3542 2729 3610 2783 ab
3643 2729 3809 2784 Avel-

2220 2820 2428 2876 lancnsi
2472 2821 2827 2890 distinguitur
2855 2818 3290 2873 Cantaldulensis
3320 2820 3692 2889 congregatio,
3725 2819 3808 2872 uti

2221 2914 2320 2967 sub
2348 2911 2529 2979 regula
2558 2910 2615 2966 S.
2652 2912 2928 2966 Benedicti
2954 2911 3369 2973 Cistercienses,
3392 2912 3804 2975 Cluniacenscs,

2222 3002 2687 3056 Vallumbrosana:
2722 3000 3173 3071 congregationcs
3214 3011 3537 3068 separantur
3560 3000 3628 3054 ad
3661 3000 3809 3054 invi-

2223 3109 2357 3149 cem.
2399 3114 2416 3146 ι
2456 3092 2579 3149 llaec
2605 3093 2711 3147 ille.
2838 3154 2839 3157 η

2290 3181 2375 3236 Ill.
2429 3182 2485 3235 lu
2517 3182 2731 3251 quibus,
2768 3180 2897 3250 quid
2950 3180 3117 3249 prius,
3152 3182 3278 3248 quid
3312 3179 3488 3250 magis
3536 3181 3806 3246 admirer,

2221 3276 2497 3342 ambigere
2528 3289 2614 3327 me
2639 3272 2841 3336 fateor;
2874 3289 2999 3325 num
3034 3273 3260 3333 srilicct,
3292 3274 3443 3341 quod
3478 3272 3810 3330 Sitriensetn

2218 3380 2463 3419 eremnm
2494 3378 2524 3417 a
2558 3362 2616 3417 S.
2656 3363 2956 3417 Romualdo
2982 3362 3283 3427 fundatam,
3326 3366 3549 3435 ejusque
3590 3367 3809 3421 habita-

2225 3466 2370 3510 tores
2403 3456 2470 3510 ad
2499 3456 2745 3510 ordinem
2776 3454 3245 3510 Camaldulensem
3288 3460 3561 3527 pertinere
3600 3459 3813 3513 inlicia-

2224 3554 2332 3609 tur,
2364 3545 2488 3613 quia
2517 3542 2575 3598 S.
2619 3544 2782 3598 Pater
2805 3544 3225 3600 constitutiones
3255 3562 3382 3601 suas
3432 3549 3653 3617 scriptis
3700 3564 3812 3605 non

2224 3634 2501 3699 exaravit;
2542 3649 2665 3687 num
2697 3634 2840 3703 quod
2869 3634 3119 3689 eumdem
3153 3636 3210 3689 S.
3241 3634 3494 3700 Patrem,
3525 3652 3631 3690 non
3661 3638 3816 3693 velut

2224 3724 2518 3782 erentiticze
2538 3728 2665 3782 vitae
2700 3730 3140 3792 instauratorcm,
3168 3731 3260 3783 sed
3292 3728 3440 3783 velut
3470 3729 3812 3797 peculiarem

2223 3816 2415 3886 hujus,
2447 3817 2532 3870 vel
2571 3817 2712 3872 illius
2744 3817 2844 3872 loci
2878 3827 3269 3888 prteceptorcm
3306 3820 3459 3873 nobis
3508 3821 3810 3885 exhibeat;

2226 3923 2352 3960 num
2385 3906 2637 3975 denique,
2678 3906 2823 3975 quod
2869 3907 3013 3961 hunc
3058 3922 3239 3961 rerum
3273 3916 3472 3962 statum
3504 3909 3817 3965 obtinuisse

2226 4008 2521 4060 asseveret,
2539 3997 2842 4067 usquedum
2866 3996 3310 4054 Carnaldulenses
3324 4001 3818 4057 constitutionibus

2227 4093 2340 4146 suis
2390 4090 2800 4145 conscribendis
2840 4092 3078 4144 animum
3118 4094 3512 4161 applicuerunt.
3557 4093 3629 4146 At
3661 4093 3815 4147 cnim

2228 4197 2348 4251 qua:
2380 4192 2618 4236 monstra
2644 4182 2759 4236 haec
2790 4193 2916 4236 sunt
2971 4199 3150 4237 rerum
3186 4194 3239 4239 et
3268 4186 3705 4240 sententiarum?
3737 4188 3819 4243 De

2229 4270 2529 4343 pritnojant
2560 4288 2677 4342 cap.
2705 4273 3099 4341 prmced.num.
3125 4273 3209 4333 12,
3238 4275 3472 4329 diximus
3500 4292 3623 4329 cum
3642 4275 3817 4333 Paulo

2226 4363 2531 4418 Justiniano
2574 4362 2933 4417 Romualdum
2984 4364 3171 4434 utique
3217 4365 3632 4420 co:.stitutiones
3684 4381 3817 4423 suas

2229 4453 2445 4522 scriptis
2472 4467 2576 4505 non
2624 4451 2945 4521 prodidisse,
2970 4452 3169 4507 Christi
3204 4454 3370 4521 ipsius
3398 4452 3609 4508 Domini
3640 4456 3820 4510 nostri

2232 4544 2482 4613 exemplo
2530 4561 2543 4597 :
2590 4562 2606 4593 ι
2643 4543 2769 4609 Qui,
2803 4544 2945 4613 quod
2995 4546 3110 4614 ipse
3160 4544 3407 4600 faciendo
3452 4561 3517 4599 ac
3570 4547 3819 4602 docendo

2210 4636 2487 4700 instituit,
2538 4651 2645 4689 non
2700 4636 2919 4705 scriptis
2973 4636 3219 4699 tradidit,
3257 4638 3352 4691 sed
3403 4638 3525 4692 aliis
3572 4646 3696 4707 post
3752 4656 3818 4695 se

2230 4726 2531 4781 scribendis
2556 4727 2816 4795 reliquit;
2860 4744 2877 4777 ι
2910 4727 3003 4781 sed
3037 4742 3138 4782 nec
3172 4726 3396 4795 Magnus
3423 4731 3692 4784 Antonius
3718 4729 3821 4784 ab-

2230 4815 2348 4881 bas,
2385 4824 2464 4869 tot
2513 4817 2898 4871 monachorum
2957 4816 3138 4881 Pater,
3190 4817 3352 4871 ullam
3406 4800 3686 4887 regulam,
3720 4830 3821 4875 aut

2232 4905 2629 4973 institutionem
2664 4906 2865 4973 scripta
2910 4902 3221 4973 mandavit,
3254 4918 3311 4961 at
3341 4909 3464 4962 vita:
3494 4923 3603 4962 sum
3630 4924 3816 4963 exem-

2229 4996 2351 5065 plis,
2376 4974 2429 5049 ei
2457 4997 2799 5051 documentis
2829 4998 2881 5049 in
2928 4996 3047 5065 ejus
3088 4996 3481 5067 discipulorum
3511 5009 3696 5053 mente
3733 5002 3819 5053 al-

2200 5143 2203 5146 ,
2232 5084 2339 5139 tius
2370 5084 2672 5153 impressis,
2719 5095 3019 5140 sectatores
3060 5101 3189 5142 suos
3232 5088 3445 5141 abunde
3467 5088 3725 5153 erudivit,
3755 5099 3822 5143 ut

2230 5185 2421 5229 auctor
2454 5176 2861 5231 etAthanasius
2888 5194 2899 5229 :
2941 5196 2957 5227 ι
2990 5177 3085 5231 Esi.
3113 5178 3275 5241 enim,
3308 5178 3503 5246 inquit,
3534 5178 3822 5235 monachis

2231 5264 2503 5321 sttﬂiciens
2553 5274 2800 5321 caracter
2856 5266 2922 5319 ad
2977 5268 3267 5321 asceticam
3336 5268 3557 5322 Antonii
3621 5268 3754 5321 vita.
3791 5287 3814 5322 ι

2234 5358 2388 5425 Quod
2420 5358 2594 5427 ipsum
2630 5358 2698 5413 de
2744 5357 3045 5412 Romualdo
3085 5358 3188 5411 dici
3214 5366 3419 5427 potest,
3449 5358 3539 5426 qni
3568 5357 3819 5412 omnium

2234 5446 2651 5504 occidentalium
2678 5448 3028 5508 eiemitarum
3058 5447 3253 5511 Patris,
3281 5456 3335 5502 et
3385 5446 3716 5502 institutoris
3750 5448 3824 5503 ti-

2236 5540 2403 5591 tulum
2427 5552 2523 5593 suo
2547 5538 2757 5592 vivendi
2789 5540 3060 5608 exemplo,
3088 5540 3309 5607 suisque
3331 5538 3550 5592 monitis
3578 5537 3823 5593 saluber-

2240 5630 2392 5684 rimis
2442 5632 2764 5699 promeruit,
2792 5641 2849 5685 ut
2880 5630 3097 5685 dissert.
3132 5629 3179 5692 1,
3215 5644 3333 5699 cap.
3382 5627 3416 5681 5
3442 5628 3820 5698 probavimus,

2238 5731 2290 5777 et
2329 5738 2490 5792 quem
2518 5722 2811 5778 Damianns
2848 5723 3041 5793 ipsein
3068 5721 3184 5793 ejus
3208 5721 3328 5777 Vita
3366 5734 3485 5791 cap.
3518 5719 3552 5776 9
3574 5712 3824 5777 asseruit
