4040 6404
267 362 324 426 τε
1081 348 1617 412 paowcousm.
1657 377 1727 390 —
1766 343 1873 403 nsi
1897 341 2274 402 lNSTITUTO
2312 338 2714 400 cannons.
3459 289 3556 393 ’τι

269 475 609 542 nihilominus
641 491 651 524 :
693 490 709 524 ι
749 465 965 525 vivendi
998 464 1241 537 regulam
1286 461 1502 518 cunctis
1544 456 1842 528 singularis
1871 461 1921 520 Α
1950 453 2354 513 Camaldulensi
2393 452 2512 523 eius
2539 451 2946 525 congregationi
2979 450 3240 508 traditum
3267 450 3388 507 fuit.
3419 449 3558 508 Nam

269 571 375 626 vita:
420 563 792 622 sectatoribus
836 557 1157 629 praefixisse,
1195 573 1214 606 ι
1257 568 1421 624 quam
1473 551 1528 606 in
1578 551 1693 620 ipsa
1725 547 1844 619 ejus
1950 569 2088 609 nova
2141 565 2294 610 certe
2342 552 2447 608 ista
2491 551 2713 608 traditio
2761 550 3032 622 superﬂua
3076 559 3218 615 erat,
3254 551 3300 605 si
3330 566 3395 606 ex
3429 558 3562 607 tunc

270 659 560 722 admirabili
604 654 844 712 Historia
882 651 1212 706 relucentem
1246 645 1577 716 accepimus,
1611 642 1755 697 unde
1787 648 1846 696 et
1950 655 2162 700 tantum
2215 645 2478 717 temporis
2522 646 2677 701 locus
2720 645 2861 700 idem
2891 644 3194 700 beatissimi
3233 645 3564 699 iustitutoris

268 757 322 814 Β.
351 749 670 820 Βοᾱυιρὶιυε
705 746 760 801 in
800 743 1022 799 0005m-
1055 739 1183 793 am‘i
1220 736 1358 792 108⁵
1385 735 1593 806 Primos
1619 731 1842 788 Camal-
1948 750 2220 811 praecepta
2276 739 2594 808 recepisset,
2625 754 2750 793 eum
2785 737 3043 793 videlicet
3065 747 3125 792 ut
3149 737 3322 792 abbas
3343 738 3394 792 ei
3419 754 3559 808 pra:-

270 844 493 908 dulensis
521 839 695 898 eremi
729 836 936 894 incolas
963 833 1120 889 nobis
1147 830 1433 894 describit,
1469 847 1488 881 ι
1518 826 1725 898 iugiter
1752 839 1844 880 ve-
1948 831 2070 887 fuit.
2119 832 2273 888 Sicut
2324 832 2492 903 igitur
2537 846 2606 886 ex
2660 831 2767 886 hoc
2815 840 3050 896 canstat,
3110 829 3562 886 Camaldulenses

266 933 514 996 nerabilis
552 927 841 986 Romualdi
896 926 1063 980 vitam
1113 932 1278 994 atque
1332 919 1640 976 doctrinam
1696 931 1845 971 com-
1949 923 2253 996 nuncupari
2284 923 2658 994 nonporuisse
2681 924 3004 988 monachos,
3036 920 3123 975 vel
3152 930 3399 991 tempore
3444 921 3561 976 Ro-

268 1029 642 1084 memorantes.
695 1038 713 1071 ι
748 1015 957 1073 Omitto
987 1012 1132 1086 quod
1171 1026 1270 1067 nec
1312 1008 1370 1064 8.
1404 1007 1644 1063 Joannes
1677 1003 1845 1059 Gual-

1968 1018 2170 1079 nualdi,
2203 1017 2289 1072 vel
2327 1025 2448 1087 post
2477 1014 2596 1084 ejus
2618 1014 2994 1069 felicissimum
3018 1013 3250 1078 obitum,
3289 1029 3462 1084 usque
3491 1013 3563 1070 ad

263 1121 440 1176 bertus
483 1109 950 1168 Vallumbrosantﬁ
1005 1103 1266 1169 familiai.
1307 1117 1409 1156 nec
1456 1098 1514 1154 δ·
1570 1096 1844 1152 Ῑίοδθτίυε
1949 1113 2327 1182 supradictum
2354 1127 2558 1166 annum
2591 1103 2737 1166 “38'
2770 1110 2822 1164 in
2857 1109 3113 1165 coenobio
3139 1108 3414 1165 Classensi
3469 1109 3564 1166 de-

265 1209 420 1267 abbas
448 1202 912 1262 Cisterciensibus
962 1197 1197 1267 scriptas
1243 1190 1669 1248 constitutiones
1719 1185 1846 1241 reli-
1949 1215 2171 1278 gentes;
2233 1204 2306 1258 ευ,
2349 1203 2468 1273 pari
2498 1205 2679 1266 modo.
2734 1217 2837 1257 nec
2871 1199 3345 1256 Camamulcnsem
3375 1201 3566 1258 vocari

263 1307 513 1376 querunt,
540 1312 642 1353 nec
665 1294 724 1351 S.
757 1291 1068 1364 Stephanus
1088 1282 1660 1343 Grandimonteusium
1686 1280 1848 1376 Pater
1949 1315 2112 1370 posse
2166 1296 2508 1352 Dominicum
2552 1294 2866 1350 Loricam,“
2920 1309 2990 1349 εχ
3038 1308 3105 1348 eo
3135 1302 3367 1358 mnum,
3419 1294 3569 1364 quod

265 1371 630 1454 institutiones
685 1401 815 1442 suas
877 1383 1083 1454 scripto
1144 1378 1521 1449 consignavit;
1585 1388 1723 1445 quas
1774 1371 1844 1426 ab

1971 1391 2114 1446 'uerit
2162 1390 2215 1444 in
2247 1402 2435 1444 eremo
2465 1385 2647 1442 Sitria:
2679 1402 2708 1440 a
2755 1384 3059 1440 Romualdo
3116 1383 3363 1450 fundata,
3413 1382 3566 1440 arbi-

261 1488 368 1560 ejus
397 1480 681 1554 discipulis
718 1478 846 1534 olim
873 1474 1152 1538 collectas,
1183 1471 1316 1527 etin
1347 1467 1614 1560 Gallicum
1642 1465 1844 1520 idioma
1950 1493 2184 1549 "amur,
2218 1482 2312 1537 sed
2347 1482 2529 1552 ροιίυε
2559 1479 2938 1535 Avellanensis
2965 1477 3428 1549 congregationis,
3479 1486 3570 1532 ut-

264 1594 424 1652 nuper
470 1586 787 1638 conversas.
818 1567 958 1640 apud
1000 1562 1362 1638 Αυειιειίηιιπι
1419 1557 1848 1652 Μετθίθῗηληηθ
1948 1584 2078 1647 pote
2113 1573 2443 1644 discipulum
2488 1572 2632 1627 Petri
2677 1571 2948 1648 Damiaai,
3002 1569 3095 1639 qui
3117 1585 3242 1624 eum
3268 1567 3565 1638 peculiari-

260 1649 390 1732 1⁷64
441 1671 745 1741 impressas
778 1661 1103 1720 audi'im“5~
1157 1657 1310 1714 Um'e
1356 1662 1522 1726 Ρδιθιι
1566 1649 1700 1705 ¹¹Ῐ¹¹Ῑ¹
1731 1663 1850 1741 νοῄπν
1949 1666 2055 1723 bus
2085 1667 2201 1722 suis
2224 1664 2687 1728 lnstitutionibus,
2719 1679 2749 1717 a
2772 1656 3271 1718 Camaldulensium
3304 1660 3387 1731 (ut
3411 1660 3568 1716 vide-

260 1768 382 1825 nino
429 1739 662 1826 referre,
710 1755 855 1830 quod
903 1750 1327 1811 constitutiones
1355 1761 1484 1801 suas
1511 1739 1847 1799 Romualdus

1974 1755 2097 1828 nus)
2138 1757 2412 1813 distinctis
2437 1753 2773 1821 informavit,
2822 1768 2946 1808 eum
2974 1740 3212 1822 seipsuin
3251 1749 3569 1807 Dominicus

257 1873 359 1915 non
422 1850 716 1924 scripserit
769 1847 836 1903 ad
893 1841 1286 1901 monasterium
1361 1835 1545 1891 Sitriae
1585 1832 1690 1924 ab,
1730 1830 1849 1924 ejus
1879 1833 1926 1893 Β
1953 1847 2074 1918 eius
2095 1847 2414 1920 magisterio
2440 1844 2692 1914 subjecit.
2727 1863 2746 1897 ,

259 1949 442 2008 ordine
495 1920 937 2004 secernendum,
993 1949 1098 2005 qua
1153 1930 1365 1986 ratione
1413 1920 1846 1982 Camaldulensis

2028 1937 2117 1993 Vl.
2160 1937 2292 2006 Quae
2343 1937 2505 2006 plane
2549 1935 2848 1992 concidunt
2893 1949 2960 1989 ex
3003 1933 3164 1989 dictis
3198 1933 3416 1989 dissert.
3451 1950 3469 1990 ι
3502 1933 3572 1991 de

257 2053 470 2118 quoque
517 2049 739 2093 eremus
783 2036 930 2086 esset
985 2024 1238 2083 similiter
1286 2018 1670 2092 abjudicanda,
1721 2027 1848 2068 cum

1977 2031 2159 2104 lupiici
2187 2028 2626 2086 Camaldulensis
2655 2029 2894 2082 nominis
2921 2027 3264 2098 acceptione,
3303 2044 3467 2098 quam
3496 2027 3572 2084 ibi

259 2109 429 2204 neque
466 2129 546 2185 ibi
575 2121 910 2183 Romualdus
935 2119 1100 2176 ullam
1132 2114 1374 2188 regulam
1411 2109 1716 2204 scripserit,
1745 2121 1850 2161 nec

1978 2139 2078 2194 :ap.
2119 2140 2180 2189 ιι,
2230 2138 2380 2178 num.
2409 2121 2474 2176 21
2507 2121 2878 2185 distinximus,
2917 2130 2974 2175 et
3005 2121 3342 2177 Laderchius
3365 2121 3573 2192 passim

256 2203 479 2297 nsquam
509 2218 736 2276 omnino
763 2213 1068 2287 peculiares
1103 2223 1215 2267 suae
1261 2203 1562 2275 disciplina:
1607 2211 1848 2257 canones

1975 2217 2274 2282 :onfundit;
2313 2229 2492 2286 neque
2518 2215 2664 2270 enim
2694 2213 2841 2268 aliud
2881 2214 3084 2269 evincit
3113 2215 3346 2270 adducta
3376 2215 3570 2271 obser-

254 2329 509 2374 cxarasse
540 2306 997 2381 deprehendatur.
1955 2307 2125 2371 vatio,
2178 2306 2283 2360 nisi
2330 2303 2472 2374 quod
2517 2320 2547 2358 a
2578 2304 3003 2375 congregatione
3034 2320 3208 2360 sacrae
3251 2305 3424 2360 eremi
3468 2305 3576 2362 Ca-

286 2404 406 2462 ιιν.
437 2405 517 2459 De
541 2401 781 2457 secundo
799 2412 949 2462 vero,
973 2395 1079 2450 hoc
1104 2402 1190 2449 est
1211 2406 1280 2447 an
1312 2385 1670 2452 Romualdus,
1699 2382 1851 2438 velut

1979 2392 2312 2451 naldtilensis
2352 2395 2444 2449 diu
2491 2391 2798 2462 seiunctum
2848 2395 3113 2450 manserit
3142 2393 3431 2452 Classensc
3462 2408 3574 2452 etn-

253 2499 409 2555 unius
436 2494 668 2566 privata:
690 2491 882 2546 domus
897 2487 1158 2560 magister
1171 2481 1537 2540 Sitriensihus
1550 2475 1847 2549 praefuerit,

1974 2489 2204 2552 tobium,
2236 2485 2697 2558 quemadmodum
2725 2495 2782 2542 et
2813 2495 2892 2540 tot
2917 2485 3017 2540 alia
3049 2486 3166 2542 loca
3191 2503 3220 2541 a
3263 2487 3322 2542 8.
3367 2486 3426 2541 Ρ.
3457 2489 3569 2543 Ro-

264 2604 330 2644 an
379 2585 574 2658 potius
613 2590 674 2636 ut
712 2577 1017 2636 communis
1046 2575 1291 2631 omnium
1338 2567 1756 2630 cmnobiarcha,
1794 2572 1852 2620 et

1982 2581 2178 2637 nualdo
2219 2581 2528 2643 aedificata,
2583 2595 2692 2650 quo
2749 2580 3009 2635 nimirum
3071 2589 3318 2651 tempore
3359 2579 3577 2651 singula

252 2656 552 2736 eremitica:
595 2670 899 2742 disciplina:
947 2667 1230 2723 institutor
1260 2663 1584 2726 haberetur,
1615 2656 1847 2713 videnda

1980 2674 2292 2729 nonasteria
2319 2673 2542 2728 totidem
2565 2673 3027 2742 congregationes
3047 2672 3282 2728 invicem
3310 2674 3575 2744 indepen-

252 2778 376 2826 sunt
413 2781 541 2838 qua
578 2764 798 2820 dissert.
838 2761 892 2825 1,
937 2772 1058 2828 cap.
1105 2757 1162 2822 3,
1189 2770 1340 2810 num.
1393 2752 1482 2820 H,
1514 2761 1709 2806 contra
1747 2749 1847 2803 hoc

1983 2767 2175 2832 lentes,
2229 2765 2354 2820 licet
2382 2763 2626 2832 ejusdem
2682 2765 2950 2829 instituti,
3016 2764 3458 2828 constituebant,
3513 2771 3578 2820 ut

252 2866 425 2936 ipsum
477 2858 774 2917 Laderchii
810 2855 1031 2913 eﬁatum
1055 2894 1072 2922 ,
1103 2867 1365 2925 expresse
1409 2848 1847 2912 observavimus,

1983 2859 2124 2915 Oties
2149 2858 2492 2924 monuimus;
2525 2867 2582 2912 at
2605 2873 2711 2912 non
2741 2859 2957 2928 probat,
2989 2858 3056 2911 ad
3079 2856 3330 2912 eumdem
3355 2855 3575 2913 Catual-

252 2969 426 3026 neque
473 2954 584 3010 hoc
620 2952 742 3007 loco
770 2949 977 3004 frustra
1018 2958 1148 3004 sunt
1199 2945 1516 3016 repetenda.
1577 2941 1657 2996 De
1689 2940 1847 2996 tertio

1976 2951 2237 3007 lulensetn
2297 2950 2580 3016 ordinem,
2630 2961 2900 3019 quatenus
2930 2950 3044 3004 loca
3073 2949 3287 3014 omnia,
3352 2965 3474 3020 qua:
3505 2948 3571 3006 Ι).

250 3046 466 3100 demum
521 3041 658 3114 quid
703 3041 924 3104 addam,
976 3037 1082 3094 nisi
1118 3035 1261 3108 quod
1290 3033 1560 3106 ejusmodi
1586 3033 1845 3087 observa-

1980 3044 2247 3099 iomualdi
2287 3051 2619 3113 acceperant
2649 3043 3017 3112 disciplinam,
3062 3041 3464 3111 complectitur,
3489 3059 3575 3099 re-

252 3135 397 3191 tioue
436 3135 700 3189 videatur
729 3131 934 3187 inferre
980 3127 1336 3192 LaderChiUS,
1369 3142 1470 3182 "05
1500 3139 1850 3196 nequaquam
1959 3135 2246 3190 ferendum
2294 3151 2403 3188 non
2449 3148 2570 3188 esse
2617 3133 2760 3186 idem
2805 3133 3094 3186 Classense
3151 3133 3570 3188 monasterium.

249 3239 279 3280 a
331 3224 670 3290 Romualdo,
728 3223 824 3278 sed
876 3222 945 3277 ab
991 3221 1061 3277 iis
1115 3219 1208 3291 qui
1257 3218 1375 3288 ejus
1429 3218 1844 3274 constitutiones

1985 3225 2231 3280 iimirum
2281 3226 2338 3280 in
2385 3225 2490 3280 hoc
2549 3224 2743 3295 insigni
2791 3224 3061 3278 asceterio
3120 3224 3422 3294 primordia
3465 3239 3580 3282 sum

250 3318 469 3389 scriptis
526 3314 897 3380 tradiderunt,
948 3312 1216 3384 originem
1264 3310 1504 3366 dueere?
1533 3309 1678 3380 quod
1709 3317 1845 3364 esset

1979 3317 2342 3376 :onversiouis
2400 3327 2661 3386 posuerat
2707 3314 3081 3379 Romualdus,
3132 3316 3310 3370 eidem
3351 3317 3574 3372 biennio

248 3408 463 3478 insigne
511 3405 851 3476 ρειιτίπειιεε
889 3403 1124 3474 elogium
1158 3401 1456 3456 Ιὶοηιυκιάο
1507 3401 1742 3470 eripere.
1791 3398 1856 3452 ίί-
1961 3411 2244 3481 praefuisse
2276 3409 2494 3480 legitur,
2544 3422 3007 3476 successoresque
3050 3407 3309 3461 habuisse
3338 3408 3576 3463 Ardefa-

249 3496 448 3568 ludque
511 3497 573 3552 in
631 3493 974 3565 Roduiphum
1033 3491 1374 3559 transferre;
1409 3507 1511 3546 nec
1538 3491 1712 3546 solum
1746 3490 1844 3546 Ro-

1985 3502 2115 3568 lum,
2145 3510 2201 3556 et
2239 3501 2446 3554 Bonum
2477 3514 2605 3553 suos
2629 3498 2946 3565 discipulus,
2995 3507 3226 3552 testatur
3274 3496 3580 3554 Fortunius

246 3590 503 3645 mualdus
563 3602 598 3644 e
644 3587 1022 3659 religiosarum
1073 3588 1403 3641 familiarum
1446 3584 1855 3651 fundatoribus,
1963 3595 2102 3650 nisi,
2155 3594 2332 3655 eam,
2391 3601 2534 3662 part.
2567 3607 2628 3655 ιι,
2683 3592 2776 3645 lib.
2811 3606 2850 3654 ι,
2881 3607 3003 3661 cap.
3033 3591 3119 3644 15.
3164 3589 3406 3661 Ejusque
3452 3593 3586 3648 licet

249 3681 347 3737 hac
377 3681 626 3746 ratione.
668 3679 966 3744 ειδυιπθιν
995 3681 1087 3734 διτά
1119 3689 1174 3733 ει
1214 3679 1452 3734 Joannes
1497 3677 1852 3743 Gualbcm'si
1964 3689 2191 3744 dimisso
2245 3687 2514 3757 regimine
2540 3725 2555 3749 ,
2616 3700 2675 3739 se
2733 3683 3071 3738 itomualdus
3101 3688 3239 3740 adeo
3287 3686 3585 3740 sollicitum

247 3784 301 3828 et
321 3771 630 3838 Rubertus,
659 3781 714 3828 et
741 3770 1070 3842 Stephanus,
1099 3781 1154 3827 et
1177 3787 1369 3827 omnes
1392 3770 1567 3826 ferme
1593 3771 1858 3825 monasti-
1964 3778 2219 3851 praebuit,
2248 3787 2306 3831 ut
2337 3792 2464 3830 cum
2491 3774 2677 3829 Veneti
2712 3775 2995 3841 eujusdam
3025 3776 3242 3830 abbatis
3276 3775 3582 3833 Simouiaci

249 3880 433 3921 carum
489 3865 860 3937 propaginum
919 3865 1284 3929 institutores,
1336 3865 1429 3933 qui
1481 3864 1691 3934 pariter
1723 3862 1844 3916 nihil

1988 3869 2250 3924 nvasione
2304 3866 2568 3921 foedatum
2619 3866 3019 3920 nobilissimam
3063 3868 3377 3922 etenobium
3419 3870 3582 3923 inau-

248 3959 465 4028 scriptis
497 3959 870 4024 tradiderunt,
909 3972 1208 4027 eorumque
1241 3957 1380 4022 loco,
1406 3958 1650 4026 ipsorum
1684 3956 1854 4010 disci-
1966 3963 2174 4016 disset:
2211 3977 2230 4010 ι
2269 3958 2398 4012 Illuc
2453 3957 2706 4027 protinus
2755 3959 2837 4012 ire
2885 3957 3042 4012 miles
3098 3957 3300 4014 Christi
3346 3959 3581 4032 impiger

251 4051 377 4120 puli,
411 4061 469 4106 et
495 4065 873 4115 successores,
903 4057 1168 4120 quotquot
1195 4058 1394 4104 statuta
1426 4048 1605 4117 aliqua
1634 4048 1858 4104 ordines
1966 4051 2192 4112 studuit,
2242 4049 2583 4117 diversisque
2611 4047 2786 4102 modis
2806 4039 2882 4100 ex
2914 4063 2979 4102 eo
3015 4049 3413 4103 monasterium
3446 4067 3582 4120 pur-

251 4157 372 4198 suos
411 4142 820 4198 concernentia
864 4141 1247 4205 condiderunt,
1305 4138 1604 4209 reponendi
1652 4147 1857 4203 essent,
1967 4157 2099 4211 gare
2131 4139 2364 4194 tentavit
2400 4158 2448 4204 ι,
2477 4148 2534 4190 ιιι
2566 4137 2736 4192 refert
2755 4135 3055 4191 Damianus
3084 4138 3138 4190 in
3165 4137 3311 4203 Vita,
3335 4154 3454 4209 cap.
3490 4141 3585 4197 41.

255 4247 314 4288 ac
372 4248 476 4304 pro
532 4231 1157 4296 Vallumbrosanorum,
1213 4229 1707 4294 Cistereiensium,
1767 4239 1862 4283 aut
1964 4234 2035 4286 At
2081 4231 2211 4286 illud
2271 4231 2413 4285 idem
2472 4228 2761 4282 Classense
2811 4230 3124 4282 cmuobium
3167 4227 3582 4288 Camalduleusi

255 4326 560 4394 respective
622 4323 1198 4380 Grandimontensium
1253 4322 1585 4394 patriarchis
1628 4322 1862 4377 habendi
1971 4341 2156 4381 eremo
2178 4323 2236 4379 S.
2270 4323 2433 4378 Pater
2458 4338 2562 4376 non
2594 4321 2944 4391 copulaverat
2973 4339 2986 4374 :
3013 4322 3141 4390 quid
3170 4323 3368 4376 mirum
3396 4324 3584 4394 igitur,

254 4428 450 4472 essent.
485 4416 657 4484 Quod
684 4423 768 4470 est
794 4415 992 4486 Oppido
1018 4415 1431 4485 perridiculum.
1970 4421 2015 4476 si
2047 4418 2361 4474 Gualterius
2407 4415 2789 4468 Ravennatum
2842 4415 3288 4484 archiepiscopus
3318 4413 3592 4483 ejusmodi

321 4512 385 4566 Υ.
407 4509 784 4580 Prosequitur
807 4510 987 4564 autem
1005 4508 1335 4564 Laderchius
1365 4524 1512 4562 num.
1545 4507 1642 4563 M:
1672 4525 1690 4558 ι
1718 4507 1864 4562 Prm-
1973 4511 2225 4565 unionem
2260 4507 2399 4562 inire
2448 4504 2660 4559 voluit?
2699 4504 2888 4558 Exstat
2921 4505 3065 4574 apud
3102 4503 3426 4560 Fortunium
3467 4506 3592 4564 loco

260 4613 334 4658 ter
377 4618 549 4672 quam
603 4600 752 4671 quod
783 4599 1199 4655 constitutiones
1248 4597 1558 4665 Romualdi,
1617 4599 1702 4654 vel
1739 4600 1860 4653 viva
1893 4591 1944 4651 D
1972 4605 2090 4666 cit.,
2117 4601 2211 4654 lib.
2244 4615 2306 4664 ll,
2336 4614 2456 4668 cap.
2492 4598 2580 4661 17,
2642 4598 2913 4667 integrum
2950 4598 3169 4652 uuionis
3219 4598 3478 4668 diploma,
3518 4616 3590 4655 ex

257 4696 397 4751 vocis
422 4694 688 4754 oraculo,
731 4692 814 4746 vel
844 4693 1040 4746 deinde
1067 4692 1314 4761 apicibus
1346 4691 1594 4755 traditas,
1632 4707 1740 4746 non
1774 4706 1859 4746 re-
1970 4711 2080 4766 quo
2149 4701 2300 4765 patet
2365 4692 2850 4761 Archiepisc0pum
2913 4691 3088 4744 Διοιιί
3153 4689 3592 4747 Camaldulensis

259 4796 511 4856 ceperunt
538 4785 738 4841 omnia
771 4784 905 4849 loca,
936 4785 1020 4840 vel
1065 4801 1184 4855 quae
1211 4785 1490 4850 fundasse,
1522 4784 1607 4839 vel
1660 4785 1862 4855 quibus
1972 4786 2142 4841 eretui
2174 4784 2344 4854 priori
2370 4783 2656 4838 Classense
2688 4783 3079 4837 monasterium
3112 4797 3236 4836 cum
3266 4783 3382 4838 suis
3404 4786 3593 4840 omni-

258 4883 537 4954 przfuisse
571 4887 872 4944 narratur;
917 4880 1058 4934 unde
1084 4880 1150 4934 ad
1192 4894 1344 4935 suam
1376 4881 1862 4950 congregationem
1975 4876 2078 4931 bus
2132 4874 2481 4946 pertinentiis
2529 4874 2892 4938 euuunisisse,
2943 4889 3049 4927 non
3090 4874 3247 4942 quasi
3285 4873 3354 4928 ab
3383 4891 3492 4930 uno
3521 4876 3592 4930 ad

259 4973 741 5028 Camaldulcnsem
769 4987 874 5025 non
904 4971 1180 5040 pertinere
1205 4987 1320 5034 eos,
1369 4971 1463 5041 qui
1502 4971 1565 5050 in
1600 4971 1752 5040 ipsis,
1780 4971 1863 5026 vel
1975 4968 2139 5022 alium
2168 4968 2414 5022 ordinem
2447 4965 2574 5019 illud
2595 4965 2996 5032 transferendo,
3033 4967 3128 5020 sed
3157 4978 3216 5020 ut
3241 4968 3591 5024 uberioribus

262 5065 470 5130 eremis,
534 5063 624 5118 vel
687 5063 1029 5118 monasteriis
1055 5061 1304 5126 fuerunt,
1347 5061 1629 5116 evidenter
1659 5062 1869 5132 colligi-
1975 5060 2338 5117 observantia:
2390 5058 2656 5113 fructibus
2701 5074 2798 5128 per
2823 5059 2943 5126 ejus
2977 5059 3229 5115 alumnos
3269 5059 3591 5117 refloresce-

263 5173 373 5212 mus
402 5158 529 5212 aliis
580 5155 994 5226 prmtermissis,
1038 5169 1104 5208 ex
1150 5170 1216 5209 eo
1243 5155 1387 5224 quod
1420 5155 1547 5209 licet
1590 5155 1866 5210 Classensi
1978 5161 2100 5217 ret,
2161 5167 2226 5206 ac
2280 5150 2490 5221 majora
2544 5152 2808 5204 virtutum
2849 5151 3194 5207 incrementa
3234 5155 3588 5223 susciperet:

264 5249 600 5305 monasterio
634 5246 920 5318 praefuisse
948 5263 1015 5302 ex
1057 5247 1322 5318 jussione,
1380 5256 1489 5302 tam
1519 5249 1868 5318 imperatoris
1983 5263 2002 5296 ι
2042 5244 2124 5298 Ad
2161 5242 2559 5300 reformandam
2588 5241 2788 5312 (verba
2830 5251 2958 5297 sunt
2984 5241 3330 5315 Diplomatis)
3380 5254 3436 5300 et
3462 5261 3598 5301 con-

265 5338 507 5406 Otbonis,
539 5353 721 5410 quam
760 5338 926 5407 ipsius
978 5339 1151 5393 sancti
1195 5339 1525 5409 Apollinaris
1576 5338 1870 5394 infallibili-
1978 5336 2304 5392 servandam
2347 5335 2688 5405 religionem,
2729 5353 2747 5386 ι
2792 5343 2849 5388 et
2889 5335 3073 5389 infra:
3123 5354 3140 5386 ι
3179 5335 3310 5391 Solo
3366 5337 3592 5404 intuitu,

268 5441 343 5486 ter
388 5432 758 5488 habeantur:
795 5429 1143 5484 nihilominus
1173 5431 1313 5485 idem
1339 5431 1753 5495 monasterium,
1781 5430 1868 5486 cui
1979 5436 2034 5482 et
2064 5442 2230 5482 causa
2288 5423 2654 5482 reformandas
2706 5423 3004 5495 religionis.
3040 5443 3058 5475 ι
3099 5423 3212 5480 Nec
3239 5441 3374 5482 sane
3425 5427 3595 5480 ullam

269 5521 473 5593 ρηεῐυὶι
541 5529 782 5577 sanctus
830 5519 1179 5585 Bomualdus,
1234 5523 1448 5577 nonnisi
1481 5538 1622 5577 anno
1686 5533 1873 5579 ceule-
1982 5517 2380 5572 monachorum
2426 5514 2863 5578 distractionem,
2905 5523 2999 5568 aut
3028 5513 3250 5570 habitus
3279 5516 3590 5571 innovatio-

272 5616 399 5670 simo
429 5613 734 5685 trigesimo
757 5620 944 5666 octavo
972 5623 1095 5682 post
1124 5613 1496 5679 millesimum,
1545 5623 1760 5669 centum
1786 5615 1870 5668 vi-
1981 5625 2106 5665 nem
2157 5619 2446 5681 propterea
2493 5609 2549 5663 in
2603 5607 2878 5664 Classensi
2925 5609 3178 5664 ccenobio
3221 5609 3293 5663 ob
3321 5607 3592 5679 ejusmodi

275 5707 474 5770 delicet,
527 5715 585 5761 et
644 5703 882 5770 amplius
927 5718 1095 5759 anuos
1150 5714 1272 5772 post
1314 5704 1554 5774 ejusdem
1583 5704 1870 5759 iiomualdi
1981 5703 2200 5757 uuionis
2229 5701 2661 5768 exsecutionem,
2691 5701 2928 5770 legimus
2959 5700 3360 5756 intercessisse.

275 5797 548 5854 decessum
572 5838 585 5863 ,
665 5794 743 5848 ab
781 5795 1180 5866 archiepiscopo
1228 5796 1543 5853 Ravennate
1591 5795 1872 5854 Gualtcrio
2053 5795 2160 5851 γη.
2206 5795 2277 5853 Et
2319 5810 2470 5866 vero,
2521 5796 2566 5850 si
2597 5809 2721 5864 quae
2745 5793 2964 5849 dissert.
3008 5809 3045 5858 ι,
3073 5809 3192 5862 cap.
3223 5794 3283 5854 2,
3315 5808 3464 5846 num.
3503 5791 3592 5857 η,

733 5887 1000 5952 Ρλτιιοι..
1040 5890 1142 5953 CX
1159 5894 1314 5959 Ui".

3272 5888 3311 5948 3
