4040 6388
545 372 612 427 ’15

545 488 614 543 de
662 476 989 539 monasterio
1038 464 1368 527 V'alliscastri
1405 461 1569 533 (quod
1610 460 1667 513 S.
1694 456 1754 512 Ρ.
1787 453 2114 508 Romualdns
2146 460 2184 514 Α

545 574 939 633 :rdillcaverat,
982 571 1142 632 atque
1187 558 1276 613 ubi
1325 550 1672 610 mortalitatis
1718 562 1828 602 suae
1884 545 2111 613 spolium

545 631 785 731 eruerat)
817 664 936 728 post
962 631 1067 709 360
1091 662 1260 705 annos
1285 645 1551 700 duntaxat
1591 653 1759 695 sacrae
1785 634 1952 731 eremi
1975 631 2114 731 locis

546 722 855 825 aggregato,
883 743 1185 805 docuimus,
1221 740 1326 793 huc
1348 734 1674 790 referantur,
1703 738 1888 825 quaxve
1918 722 2113 823 ibidem

544 813 692 901 nunt.
712 813 813 903 '23,
838 813 905 893 de
934 834 1095 889 variis
1118 828 1380 887 co=.:obiis
1422 820 1627 879 ordinis
1653 813 1900 883 alicujus,
1944 813 1996 866 in
2024 825 2119 881 pe-

543 933 805 989 culiarem
854 924 1094 997 ejusdem
1146 916 1353 974 ordinis
1396 907 1861 980 congregationem
1920 914 2115 957 conve-

543 1020 815 1078 nientibus
839 1056 855 1083 ,
882 991 1204 1086 'generatim
1251 1001 1655 1061 observavimus
1680 1038 1695 1061 ,
1750 1002 1937 1050 nostro
1990 991 2116 1073 huic

542 1110 817 1184 proposito
841 1070 1242 1175 'ap’plicentur:
1290 1093 1493 1165 patebit
1532 1090 1718 1159 utique
1742 1128 1756 1150 ,
1822 1094 1929 1184 tam
1978 1070 2115 1184 nihil

542 1171 761 1257 obstare
786 1171 1009 1252 uniones
1035 1184 1295 1259 ejusmodi
1324 1178 1797 1240 monasteriorum,
1826 1171 2116 1227 Camahlu-

545 1290 677 1346 lcnsi
700 1286 1007 1344 eorumdem
1038 1280 1305 1339 instituto,
1337 1275 1497 1329 etiam
1520 1270 1587 1324 ad
1619 1277 1858 1335 tempora
1889 1262 2115 1317 uniones

548 1382 647 1435 has
688 1370 1039 1447 praecedentia
1064 1410 1079 1433 ,
1121 1366 1312 1427 relato,
1363 1375 1521 1430 quam
1566 1356 1707 1411 nulla
1736 1368 1958 1447 prorsus
1982 1348 2116 1405 dim-

548 1440 719 1523 cultas
767 1464 819 1517 in
874 1478 940 1517 eo
968 1457 1225 1519 occurrit,
1272 1452 1411 1521 quod
1438 1449 1649 1518 ipsimet
1673 1440 2117 1498 Camaldnlenses

545 1554 827 1613 emnobita:
851 1552 1027 1621 primo
1054 1560 1241 1603 novem
1287 1543 1554 1602 locorum,
1595 1533 1791 1590 deinde
1815 1528 2116 1602 septemde-

545 1650 651 1702 cim
701 1619 1084 1700 monasterium
1140 1632 1607 1705 congregationem
1648 1625 1982 1695 collegerint,
2030 1619 2113 1675 cui

546 1736 773 1791 subinde
816 1728 935 1787 aliis
990 1729 1196 1784 ordinis
1239 1724 1501 1781 coenobiis
1555 1717 1878 1789 aggregatis,
1932 1714 1990 1768 S.
2026 1710 2117 1765 Mi-

547 1825 751 1881 chaelis
801 1819 1146 1891 congregatio
1180 1815 1379 1871 coaluit
1414 1832 1426 1866 :
1467 1825 1567 1866 nec
1598 1820 1775 1862 tamen
1821 1805 1941 1875 quis
1970 1817 2109 1873 pra»
2142 1794 2185 1853 Β

546 1916 767 1971 tendere
816 1911 959 1967 ausit
994 1909 1178 1963 eadem
1230 1902 1474 1959 cmnobia
1546 1900 1611 1954 ad
1662 1898 1960 1952 institutum
2011 1890 2113 1946 Ca-

545 2003 897 2065 maldulense,
930 2000 1014 2054 vel
1038 2005 1163 2052 ante
1192 1994 1388 2049 Leonis
1414 1991 1462 2045 X
1492 1999 1753 2058 tempora,
1779 1986 1975 2055 quibus
2002 1984 2115 2036 haec

545 2092 892 2162 congregatio
930 2087 1169 2158 perfecte
1214 2082 1432 2146 coaluit,
1488 2078 1844 2150 pertinuisse;
1880 2070 2111 2131 tametsi,

544 2191 604 2237 nt
656 2180 941 2234 Fortuuius
995 2177 1231 2245 loquitur
1258 2181 1397 2241 part.
1440 2186 1477 2229 ι.
1512 2169 1604 2221 lib.
1638 2182 1721 2245 ιιι.
1750 2180 1868 2233 cap.
1900 2164 1949 2224 1,
1982 2162 2115 2215 adeo

544 2270 739 2325 veteris
759 2263 1151 2322 communionis
1179 2262 1432 2331 pleraque
1454 2257 1620 2313 oblita
1644 2242 1812 2307 videri
1842 2258 2111 2320 poterant,

543 2360 928 2430 pristinamqne
949 2356 1248 2409 libertatem
1278 2362 1569 2411 resumere,
1596 2354 1756 2413 atque
1786 2342 1851 2396 ad
1878 2342 2114 2394 nativam

542 2427 1008 2519 independentiam
1040 2442 1299 2515 paulatim
1356 2439 1529 2493 redire
1569 2435 1880 2489 nitebantur
1924 2444 1938 2483 :
1994 2446 2012 2479 ι
2049 2427 2118 2483 Ut

549 2553 627 2599 tot
656 2548 837 2597 essent
876 2535 1271 2608 quodammodo
1311 2534 1363 2587 in
1409 2530 1667 2600 religione
1719 2519 2117 2581 Camaldulensi

544 2646 789 2702 corpora,
817 2638 946 2699 quot
974 2626 1305 2687 debuissent,
1326 2623 1450 2693 jnrc
1471 2632 1701 2683 summo,
1728 2617 1781 2671 in
1813 2615 1970 2670 unico
1996 2627 2119 2669 cor-

545 2735 673 2793 pore
702 2721 1003 2775 consistere
1034 2716 1294 2770 membra.
1335 2730 1353 2763 ι
1670 2754 1693 2793 η,

614 2812 743 2868 γιιι.
782 2810 887 2865 Sed
934 2809 1213 2862 audiamus
1245 2802 1374 2873 quid
1407 2816 1554 2855 num.
1594 2798 1661 2852 l3
1696 2796 1890 2851 Subdat
1916 2792 2117 2847 Lader-

553 2904 723 2958 chius.
750 2920 767 2951 ι
800 2903 1086 2957 Prmtcrea.
1106 2898 1298 2966 inquit,
1318 2892 1785 2953 licetadmittatur,
1804 2889 1945 2958 quod
1959 2886 2120 2941 fuerit

550 2993 602 3045 in
630 3004 811 3045 eremo
841 2988 1019 3041 Sitria:
1068 2984 1398 3046 Dominicns,
1430 2990 1485 3036 et
1513 2988 1655 3049 quod
1695 2981 1878 3033 eadem
1906 2991 2147 3047 eremus‘

544 3082 611 3135 ad
655 3078 1090 3134 Camaldulcnses
1115 3117 1129 3140 ,
1169 3090 1277 3131 non
1303 3074 1369 3127 ad
1396 3072 1780 3126 Avellanenscs
1838 3067 2114 3137 pertinuit,

1386 355 1443 408 S.
1486 348 1761 406 PETRUS
1799 341 2153 402 DAMIANL'S
2190 340 2244 394 S.
2275 334 2340 390 ιι.
2382 333 2444 389 Ε.
2478 324 2907 387 CARDINALIS.

3719 310 3794 380 τῦ

2220 446 2435 498 lanitam
2480 442 2660 500 hunc.
2707 446 2763 493 ct
2803 436 2947 489 illum
2988 432 3109 498 quis
3161 428 3377 493 fecerit,
3426 426 3647 498 perinde
3689 424 3799 481 Ca-

2216 529 2559 587 maldnlensis
2605 526 2830 580 instituti
2873 529 3197 577 sectatorem
3250 526 3537 585 utrumque
3589 514 3803 569 indica-

2219 622 2317 676 bit.

2283 728 2373 784 1X.
2414 726 2675 782 Dominici
2718 725 2880 795 igitur
2906 719 3139 777 Loricati
3170 717 3385 789 negotio
3413 716 3491 770 sic
3518 713 3795 779 confecto.

2214 823 2281 877 ad
2310 822 2413 875 alia
2441 836 2560 875 sese
2608 832 2755 872 arma
2787 814 3053 871 convertit
3082 810 3435 871 Laderchius,
3467 818 3523 861 ιιι
3552 816 3802 861 nostram

2213 913 2510 967 doctrinam
2533 926 2583 976 0;
2606 918 2825 978 pugnet.
2849 926 2866 957 ι
2892 906 3134 965 Demum,
3166 900 3340 969 inquit
3369 914 3516 952 num.
3546 898 3633 957 16.
3661 910 3803 965 quo-

2214 1003 2372 1057 modo
2396 998 2825 1053 stremtissimum
2847 992 3162 1049 humilitatis
3186 989 3545 1059 professorem
3572 986 3800 1041 Petrum

2215 1091 2277 1147 N.
2303 1091 2545 1146 Damiani
2576 1090 2851 1144 erebnisse
2873 1083 3231 1142 censebimus.
3266 1082 3607 1151 magistrum.
3639 1093 3667 1132 a
3686 1093 3802 1147 quo

2216 1193 2408 1247 totum,
2433 1183 2573 1252 quod
2600 1180 2883 1241 didicerat.
2936 1193 3034 1232 sua
3066 1176 3253 1230 Fontis
3282 1173 3550 1228 Avellatttn
3573 1185 3808 1240 congre-

2214 1274 2357 1344 gatio
2384 1273 2645 1335 ebiberat,
2686 1270 2886 1324 nullam
2915 1268 2982 1321 de
3011 1282 3096 1328 eo,
3154 1266 3205 1318 in
3238 1263 3537 1319 scribendis
3560 1260 3683 1331 ejus
3714 1261 3803 1314 in-

2212 1362 2602 1426 stitutionibus,
2655 1359 2967 1414 memoriam
3013 1355 3295 1418 faciendo,
3342 1354 3641 1424 praesertim
3673 1366 3804 1406 cum

2214 1455 2385 1524 ipsum
2412 1465 2515 1506 tam
2542 1451 2768 1505 mirifice
2788 1449 3037 1513 coluerit,
3064 1447 3453 1518 ipsiusqnemet
3479 1446 3641 1498 vitam
3664 1458 3804 1497 con-

2213 1543 2530 1615 scripserit?
2560 1562 2579 1595 ι
2621 1544 2685 1597 At
2716 1549 2863 1611 patet
2899 1541 2948 1593 id
2982 1540 3174 1594 falsum
3202 1552 3340 1598 esse.
3386 1551 3522 1589 nam
3554 1551 3619 1591 ex
3657 1549 3805 1604 smpe

2216 1635 2415 1699 dictis,
2473 1633 2666 1687 Petrus
2720 1631 3011 1685 Damianus
3062 1630 3113 1683 in
3161 1637 3386 1697 utraque
3416 1626 3621 1695 regula,
3680 1640 3807 1693 qua!

2215 1740 2402 1794 opusc.
2454 1738 2541 1777 xrv
2590 1730 2645 1776 et
2696 1736 2764 1774 xv
2817 1720 3142 1781 continetur,
3189 1717 3385 1787 sazpius
3420 1716 3476 1770 S.
3517 1712 3806 1768 [lomnaldi

2215 1816 2539 1871 mentionem
2588 1812 2796 1884 injicit,
2851 1812 2993 1881 quod
3022 1818 3077 1864 et
3102 1823 3261 1878 supra
3310 1807 3566 1861 idemmet
3602 1803 3809 1860 Lader-

2214 1911 2367 1964 chius
2414 1909 2515 1962 hoc
2569 1906 2684 1975 ipso
2716 1920 2863 1974 cap.,
2909 1919 3058 1958 num.
3090 1902 3175 1964 l0,
3212 1896 3807 1954 animadverteratillis

2214 2001 2391 2055 verbis
2422 2017 2434 2053 :
2472 2018 2489 2050 ι
2522 1998 2586 2052 Et
2616 1998 2741 2052 licet
2769 2010 2951 2051 vermn
3005 1993 3095 2059 sit,
3134 1991 3388 2047 nonnulla
3424 1989 3480 2044 S.
3508 1986 3805 2043 llomualxli

2215 2091 2412 2144 monita
2462 2089 2513 2142 in
2556 2088 2669 2142 suis
2697 2086 3196 2147 constitutionibus,
3233 2092 3287 2138 et
3313 2081 3439 2135 alibi
3468 2080 3685 2134 Petrum
3718 2080 3805 2132 in-

2214 2180 2465 2241 seruisse,
2503 2196 2520 2229 ι
2556 2186 2660 2230 etc.
2700 2186 2758 2228 ιιι
2781 2175 3062 2229 retulimus
3084 2188 3204 2243 cap.
3234 2171 3488 2242 ιιι-ωορδ..
3524 2186 3673 2223 num.
3714 2170 3807 2230 ill,

2215 2280 2271 2323 ιιι
2298 2270 2494 2324 mirum
2522 2268 2613 2333 sit,
2653 2277 2760 2321 tam
2794 2266 2901 2322 cito
2920 2280 2985 2319 ex
3014 2258 3171 2335 hujus
3196 2246 3454 2316 memoria
3491 2260 3805 2331 scriptoris.

2216 2375 2333 2430 quae
2359 2366 2481 2412 ante
2528 2357 2765 2427 quinque
2791 2355 3158 2425 paragraphos
3184 2352 3585 2412 enuntiaverat,
3630 2348 3802 2403 dilabi

2216 2449 2475 2518 potuisse.
2512 2445 2667 2502 Unde
2716 2455 2899 2515 patet,
2959 2444 3123 2498 telum
3151 2443 3255 2497 hoc
3285 2441 3500 2496 imbelle
3529 2440 3648 2495 sine
3689 2439 3806 2495 ictu

2220 2556 2443 2613 prorsus
2496 2540 2815 2593 concidere:
2850 2536 2989 2606 quod
3043 2544 3095 2590 et
3142 2534 3339 2589 nullius
3370 2548 3469 2601 per
3497 2547 3556 2586 se
3593 2530 3810 2585 roboris

2216 2639 2378 2687 esset.
2427 2630 2638 2685 etiamsi
2669 2643 2931 2698 nusquam
2967 2624 3252 2681 Romualdi
3290 2624 3583 2677 Damianus
3614 2622 3810 2677 memi-

2217 2722 2410 2783 nisset,
2465 2736 2587 2775 cum
2616 2727 2673 2774 et
2726 2734 2812 2772 res
2856 2719 2967 2787 ipsa
3025 2732 3121 2787 per
3150 2733 3208 2771 se
3247 2715 3519 2785 loquatur,
3579 2715 3808 2785 ipsaque

2220 2810 2500 2877 utriusque
2532 2807 2763 2861 instituti
2789 2806 3196 2876 comparatione
3218 2819 3335 2873 cap.
3359 2805 3417 2867 5,
3440 2804 3473 2856 4
3500 2814 3555 2857 et
3584 2803 3618 2857 5
3640 2804 3809 2868 facta,

2220 2899 2425 2954 veritas
2480 2898 2597 2952 ιιωο
2630 2896 2942 2952 clucescat:
2982 2904 3038 2949 et
3078 2894 3380 2963 exemplum
3426 2893 3485 2946 Β.
3536 2892 3812 2964 Ludulphi

2218 2990 2488 3045 Avellanm
2519 2988 2867 3051 institntmis,
2904 2986 3055 3054 cujus
3088 2986 3291 3055 pariter
3322 3001 3584 3054 nusquam
3613 2987 3812 3040 memi-

2223 3081 2320 3143 nit,
2360 3080 2557 3133 nnllam
2588 3088 2868 3149 prmtensrc
2918 3078 3210 3155 monitionis
3255 3077 3633 3133 necessitatem
3688 3092 3816 3133 csso

548 3186 651 3225 non
683 3184 749 3223 ex
800 3169 901 3222 hoc
946 3174 1132 3222 tamen
1161 3164 1465 3227 deducitur,
1516 3161 1618 3216 nisi
1648 3160 1786 3229 quod
1814 3159 1942 3214 olim
1976 3159 2116 3213 inter
2146 3141 2189 3201 Ο
2221 3141 2613 3240 “amoenam;
2644 3170 2876 3223 ονεηρηι.

550 3258 986 3317 Camaldnlenscs
1019 3256 1217 3321 fuerit;
1270 3268 1395 3307 nam
1422 3268 1543 3308 cum
1578 3268 1637 3306 se
1669 3250 1827 3304 Petro
1858 3248 2114 3309 subdidit,

548 3367 654 3406 non
682 3365 892 3419 semper
923 3349 975 3402 in
1005 3362 1186 3403 eremo
1221 3346 1397 3400 Sitrizc
1425 3344 1578 3406 vixit,
1610 3344 1718 3395 imo
1748 3341 1907 3411 (teste
1930 3340 2119 3395 eodem

550 3443 728 3511 Petro)
759 3442 915 3495 modo
945 3440 994 3493 in
1032 3436 1392 3500 'Avcllancnsi,
1429 3435 1545 3490 solo
1569 3433 1810 3487 Basilica:
1832 3432 2118 3486 mcdiantis

545 3531 852 3593 interstitio,
908 3530 975 3582 ab
1030 3529 1118 3582 illo
1172 3528 1394 3591 divisus,
1433 3526 1590 3579 modo
1619 3526 1685 3577 ah
1716 3524 1828 3592 ipso
1858 3534 2117 3589 remotus,

549 3621 707 3675 modo
752 3620 902 3689 juxta
952 3617 1337 3673 monasterium
1376 3614 1715 3684 Coujunctuli
1746 3613 1993 3667 cellulam
2027 3613 2121 3666 ba-

543 3712 681 3775 huit,
724 3720 776 3765 et
797 3709 1149 3765 confirmatur
1197 3723 1262 3762 ex
1313 3722 1398 3770 eo,
1432 3706 1572 3775 quod
1604 3720 1706 3757 non
1740 3704 1791 3757 in
1824 3718 2006 3758 eremo
2036 3702 2121 3756 Si-

548 3804 663 3857 tria:
709 3800 991 3857 defunctus
1041 3810 1143 3865 est,
1175 3810 1229 3855 et
1259 3799 1519 3869 sepultus,
1564 3798 1657 3851 sed
1689 3797 1864 3865 potius
1894 3797 1944 3849 in
1979 3796 2118 3860 loco,

551 3892 643 3962 qui
695 3892 761 3946 ad
805 3890 1083 3960 praefatam
1131 3903 1368 3943 cremum
1418 3886 1559 3940 nullo
1591 3896 1747 3954 pacto
1798 3885 2121 3955 pertinuisse

547 3981 827 4049 reperitur.
862 3999 880 4031 ι
915 3980 1098 4047 Itaque
1136 3978 1291 4031 modo
1332 3991 1398 4030 ne
1426 3975 1643 4029 Petrum
1676 3974 1993 4029 Damianum
2019 3976 2122 4027 (Ia-

551 4070 932 4125 maldulensem
961 4069 1215 4132 fateatur,
1264 4066 1599 4121 Dominicum
1652 4064 1956 4118 Loricatum
2004 4064 2119 4131 ejus

548 4157 887 4225 discipulum,
918 4154 1405 4223 Camaldulensium
1428 4155 1579 4223 quasi
1602 4152 1933 4223 transfugam
1966 4153 2121 4207 nobis

546 4249 785 4303 obtrudit
814 4248 900 4302 hic
926 4256 1134 4309 auctor,
1166 4262 1351 4299 verum
1382 4246 1528 4298 inani
1558 4259 1744 4314 opera,
1775 4258 1838 4298 ac
1866 4259 2123 4312 superva—

546 4356 647 4396 ειιο
701 4348 897 4394 conatu
949 4339 1197 4391 laborat:
1235 4337 1498 4405 siquidem
1550 4352 1668 4405 cap.
1706 4336 1759 4401 6,
1820 4353 1969 4390 num.
2034 4335 2120 4397 Η,

546 4430 877 4484 ostendinms
908 4428 1241 4483 Dominicum
1271 4426 1577 4481 Loricatum
1606 4428 1707 4481 sub
1732 4427 1976 4481 Damiani
2007 4442 2120 4478 ma-

553 4521 772 4589 gistcrio
803 4520 1022 4581 vixisse,
1062 4520 1185 4572 dum
1216 4518 1438 4572 Sitriam
1464 4518 1806 4579 inhaltitaret,
1840 4533 1943 4571 non
1976 4528 2127 4585 post—

559 4628 720 4683 quam
751 4627 779 4665 a
813 4611 976 4666 Sitria
1034 4612 1276 4675 recessit,
1330 4621 1386 4663 ut
1431 4618 1578 4679 patet
1600 4626 1663 4663 ex
1691 4609 1915 4677 episto'a
1944 4609 2032 4671 3i,
2059 4608 2123 4662 li-

554 4704 635 4758 bri
683 4720 778 4769 vt,
837 4718 999 4773 quam
1044 4702 1335 4756 Damianns
1381 4702 1446 4755 ad
1494 4700 1893 4755 DominicumS
1946 4700 2124 4755 Maria:

552 4795 732 4849 Sitria:
777 4796 1010 4864 priorem
1062 4793 1319 4861 scripsit;
1383 4792 1608 4861 ipsemet
1651 4790 1842 4846 Petrus
1881 4791 2124 4846 Damiani

554 4887 865 4947 Sitrienses,
891 4885 1032 4937 velut
1058 4901 1182 4938 suos
1204 4882 1608 4945 commemorat,
1630 4890 1687 4936 ut
1711 4897 1775 4935 ex
1795 4896 1977 4950 opusc.
2004 4896 2123 4944 xm,

553 4994 672 5047 cap.
704 4976 794 5040 29.,
826 4976 895 5029 ibi
922 4993 934 5027 :
966 4994 982 5025 ι
1018 4976 1283 5027 llahcmus
1306 4975 1534 5041 denique
1559 4989 1743 5027 senem
1774 4973 1827 5025 in
1856 4981 2123 5027 monaste-

554 5070 633 5123 rio
682 5067 890 5129 Sitrite,
937 5088 952 5115 ι
994 5074 1124 5129 etc.,
1168 5065 1372 5119 ostendi
1415 5064 1531 5117 loco
1581 5066 1695 5124 cit...
1727 5080 1875 5117 num.
1908 5063 1993 5126 16,
2034 5063 2122 5117 ubi

553 5159 715 5212 etiam
738 5158 913 5210 notavi
939 5155 1430 5224 frequentissinnnn
1458 5154 1593 5221 apud
1617 5154 1907 5209 Sitrienses
1925 5153 2125 5206 vixisse

556 5250 801 5303 eumdem
836 5250 1172 5311 Damianum,
1204 5264 1265 5300 ac
1295 5246 1487 5300 Leonis
1517 5246 1756 5299 eremita:
1790 5244 2121 5313 spiritualem

555 5340 743 5403 linunt,
775 5350 826 5393 ct
855 5341 1171 5407 discipulum
1200 5338 1393 5403 fuisse;
1429 5337 1669 5406 adeoque
1701 5338 1875 5406 potius
1908 5338 2121 5391 Petrum

555 5431 794 5484 Damiani
819 5446 884 5483 ev
914 5429 1206 5482 Avellanita
1230 5427 1688 5483 Camaldnlcnsem
1715 5426 1937 5489 factum,
1962 5443 2119 5496 quant

558 5524 891 5577 Dominicnnt
938 5521 1238 5575 Loricatum
1288 5538 1354 5574 ex
1383 5520 1776 5574 Camaldnlensi
1815 5521 1880 5572 ad
1912 5519 2125 5573 Avella-

558 5613 694 5668 nitas
724 5626 781 5665 se
810 5610 1100 5679 recepisse,
1131 5625 1371 5665 asserere
1404 5610 1605 5662 Auctor
1622 5609 1895 5672 debuerat.
1944 5608 2127 5673 Quatt-

557 5719 735 5774 quam,
768 5715 822 5757 ut
858 5706 1015 5759 toties
1042 5703 1293 5769 diximus,
1326 5702 1437 5757 sive
1469 5701 1806 5765 Sitrienscm,
1833 5704 1944 5758 sive
1969 5701 2124 5757 Avel-

2288 3258 2355 3312 Χ.
2396 3258 2530 3325 Quia
2564 3273 2691 3311 vero
2718 3259 2856 3311 hanc
2891 3258 3055 3326 ipsam
3086 3256 3373 3324 paritatcm
3404 3258 3505 3312 sibi
3536 3272 3815 3328 opponeno

2219 3350 2339 3404 (lam
2362 3348 2692 3403 Laderchius
2722 3349 3065 3417 praeviderat,
3089 3348 3167 3402 sic
3200 3347 3344 3401 illam
3368 3349 3556 3403 eodem
3583 3366 3815 3404 numero

2217 3455 2552 3510 proponere,
2588 3450 2749 3509 atque
2776 3440 3019 3502 elevare,
3053 3439 3250 3508 duplici
3277 3442 3584 3510 excogitato
3614 3442 3812 3497 diseri~

2221 3531 2398 3595 mine,
2449 3532 2660 3584 nititur.
2709 3548 2726 3580 ι
2758 3530 2827 3583 At
2858 3545 2958 3584 nec
3006 3530 3073 3585 dc
3125 3531 3710 3603 Lodulpho(inquies)
3751 3542 3815 3588 ιιι

2216 3622 2539 3690 supponitur
2560 3621 2991 3692 congregationis
3014 3620 3627 3687 Avellanteinstitutore,
3656 3640 3815 3679 men-

2224 3716 2421 3769 tionem
2471 3714 2620 3770 fecit.
2659 3714 2764 3770 Sed
2808 3716 2983 3771 simile
3011 3731 3118 3771 non
3150 3716 3506 3778 admittimus,
3535 3732 3634 3771 nec
3661 3718 3814 3773 enim

2220 3804 2444 3872 aqualis
2489 3804 2744 3874 ponderis
2776 3813 2894 3858 erat
2920 3807 3216 3859 auctoritas
3265 3805 3553 3876 Lodulpbi,
3585 3808 3727 3861 sicut
3753 3815 3815 3861 et

2221 3893 2503 3947 Ilomuahli
2551 3894 2750 3962 jama
2803 3892 2861 3948 S.
2901 3893 3041 3949 Sede
3064 3894 3357 3964 apostolica
3397 3897 3541 3951 inter
3589 3906 3814 3951 sanctos

2220 3983 2404 4043 relati;
2432 3984 2515 4039 vel
2542 3985 2850 4049 dicendum,
2878 3996 3097 4057 propter
3132 3987 3272 4051 illos.
3305 3988 3395 4057 qui
3428 3988 3603 4043 adhuc
3626 3990 3812 4045 vivum

2220 4072 2558 4142 Lodulphum
2587 4113 2602 4138 ,
2667 4073 2792 4127 dum
2847 4073 3040 4130 Petrus
3070 4074 3131 4131 N.
3163 4076 3409 4131 Damiani
3442 4078 3812 4135 institutiones

2222 4162 2488 4216 Avellana‘.
2515 4163 2701 4225 edidit,
2758 4163 3007 4218 faciunt:
3041 4166 3237 4220 merito
3291 4167 3357 4220 de
3412 4167 3688 4237 Lodulpbo
3735 4169 3813 4224 si-

2224 4251 2409 4314 luisse,
2443 4252 2567 4322 quia
2592 4253 2751 4307 nimis
2782 4254 3136 4324 incongruum
3160 4256 3426 4324 judicavit
3455 4258 3675 4314 laudare
3703 4261 3811 4315 bo-

2224 4340 2424 4393 minem
2464 4349 2590 4395 ante
2626 4351 2850 4395 mortem
2882 4343 3029 4413 (nam
3072 4343 3406 4413 Lodulphnm
3430 4348 3606 4416 ipsum
3635 4365 3811 4419 usque

2226 4433 2291 4487 ad
2330 4448 2527 4487 annum
2575 4436 3045 4506 quadragesimum
3091 4441 3377 4507 septimum
3436 4458 3599 4512 supra
3638 4446 3812 4501 mille-

2230 4527 2422 4580 simum
2463 4525 2683 4589 vixisse,
2714 4536 2769 4581 et
2822 4527 3038 4582 Petrum
3101 4532 3517 4601 quadragesimo
3569 4528 3811 4592 sccnnd'o

2231 4637 2370 4676 anno
2392 4636 2549 4691 supra
2583 4622 2926 4677 millesimum
2948 4624 3314 4681 institutiones
3346 4627 3491 4696 ipsas
3521 4629 3811 4699 scripsisse

2238 4721 2505 4781 censent).
2545 4731 2563 4763 ι
2598 4712 2721 4766 lber.
2752 4712 2871 4777 ille;
2898 4724 2953 4768 at
2978 4724 3166 4768 neutra
3193 4716 3481 4785 disparitas
3507 4718 3811 4777 subsistere

2232 4802 2653 4871 deprehenditur
2685 4821 2697 4855 :
2727 4818 2847 4857 eum
2876 4804 3017 4857 enim
3053 4805 3211 4859 toties
3256 4805 3307 4858 in
3362 4798 3475 4860 suis
3526 4809 3807 4877 operibus,

2230 4902 2392 4962 atque
2417 4894 2467 4948 in
2500 4895 2630 4964 ipsis
2656 4890 3128 4949 constitutionibus
3158 4896 3398 4964 opusculi
3455 4914 3544 4961 xv,
3568 4914 3688 4967 cap.
3716 4900 3804 4965 14,

2230 4984 2419 5038 Petrus
2453 4983 2697 5037 Damiani
2723 4984 2790 5038 de
2825 4983 2885 5037 B.
2920 4986 3200 5040 Dmninico
3228 4984 3478 5042 Loricato
3510 4988 3671 5044 verba
3722 4990 3807 5044 fa-

2230 5077 2338 5129 ciat
2374 5094 2386 5127 :
2422 5076 2717 5145 itidemque
2743 5091 2883 5145 smpe
2909 5087 3295 5132 commemoret
3345 5078 3480 5131 alios
3537 5080 3807 5151 viventes,

2228 5163 2459 5218 Leonem
2485 5163 3215 5229 Prezensen1,blainardum,
3272 5166 3561 5222 Martinam
3613 5168 3805 5224 Stora-

2228 5270 2369 5316 cem,
2404 5254 2630 5324 Lupum,
2661 5254 2891 5310 Leonem
2922 5255 3121 5321 Sitrire,
3155 5268 3286 5320 etc.,
3328 5260 3417 5328 qui
3442 5276 3546 5314 non
3576 5262 3806 5331 majoris

2228 5356 2381 5401 erant
2430 5348 2767 5425 auctoritatis
2810 5364 2873 5403 ac
2937 5347 3115 5414 fantat,
3180 5365 3342 5418 quant
3394 5350 3453 5404 Β.
3488 5351 3807 5424 Ludulpltus

2228 5437 2328 5491 loci
2366 5437 2644 5490 institutor
2676 5456 2687 5489 :
2719 5438 2919 5508 quique
2958 5439 3135 5492 adhuc
3165 5440 3216 5495 in
3250 5440 3499 5496 Immanis
3550 5443 3803 5513 agebant,

2224 5544 2329 5582 non
2380 5536 2591 5597 poterat
2621 5538 2842 5583 sanctus
2870 5530 3061 5585 doctor
3111 5547 3138 5583 a
3205 5530 3470 5600 Lmlulphi
3527 5536 3805 5592 mentione

2225 5618 2532 5687 injicienda,
2573 5618 2688 5673 sive
2710 5620 2777 5673 ob
2810 5620 3073 5673 minorem
3098 5620 3212 5689 ejus
3236 5624 3621 5678 auctoritatem
3646 5666 3659 5687 ,
3686 5629 3803 5681 sive

2226 5710 2365 5778 quod
2389 5710 2565 5765 adhuc
2596 5721 2870 5781 superstes
2896 5713 3119 5778 viveret,
3156 5714 3454 5779 deterreri;
3497 5720 3802 5784 praesertim
