4040 6418
284 454 346 514 77
1138 427 1683 495 PROLEGOMENA.
1724 455 1792 467 --
1825 424 1916 480 DE
1942 417 2323 478 INSTITU’I'O
2363 411 2774 473 CAMALDUL.
3521 405 3592 461 78

283 575 390 622 cum
417 547 612 615 eodem
644 569 831 628 opuse.
857 567 950 613 xv,
978 536 1096 618 cap.
1126 547 1216 610 28,
1249 545 1528 602 efficacius
1567 553 1689 597 esse
1715 538 1866 593 vivo—
1894 543 1944 600 Λ

284 666 588 720 rnm,quam
616 637 954 704 mortuorum
979 639 1309 712 eXemplum.
1335 638 1404 692 ad
1433 636 1645 691 animos
1665 633 1865 689 cohor-

282 743 476 805 tandos,
506 739 912 795 arbitraretur:
944 753 962 786 ί
1000 732 1310 795 Eﬂicacius,
1337 729 1536 801 inquit,
1566 726 1866 794 moderno-

283 851 387 893 rum
403 832 767 888 cohortantur
790 825 1064 897 exempla,
1087 839 1252 894 quam
1271 830 1518 882 veterum
1539 839 1554 872 :
1575 828 1632 873 et
1654 831 1868 888 magna:

279 921 602 983 confusionis
629 919 804 990 pudor
827 927 932 982 est,
962 918 1008 972 si
1036 927 1164 971 cum
1209 913 1416 970 sanctis
1469 911 1603 966 viris
1654 909 1709 964 in
1759 923 1868 963 una

279 1013 424 1073 simul
449 1021 616 1069 :etate
647 1012 912 1074 viventes,
942 1009 1190 1063 in‘recta:
1219 1001 1659 1060 conversationis
1685 998 1868 1056 studio

274 1109 349 1165 eis
371 1107 418 1161 in
441 1104 629 1176 aliquo
659 1119 764 1158 non
798 1084 1145 1172 reperiantur
1172 1096 1433 1169 aequales.
1465 1113 1484 1147 ι

340 1196 426 1254 XI.
457 1195 578 1250 Duo
609 1197 834 1265 insuper
859 1191 962 1248 tela
987 1191 1040 1246 in
1073 1198 1322 1246 nostram
1350 1185 1683 1243 sententiam
1711 1199 1866 1239 num.

275 1295 339 1349 I7
370 1287 706 1345 Laderchius
732 1292 1057 1355 contorquet
1081 1283 1348 1339 :alterum
1371 1295 1440 1336 ex
1469 1295 1579 1350 quo
1604 1277 1872 1333 Romual-

273 1384 390 1439 dum
420 1394 698 1449 nunquam
729 1379 871 1448 apud
892 1375 1210 1431 Avelanam
1271 1373 1589 1429 constitisse
1639 1371 1692 1425 in
1746 1369 1868 1438 ejus

277 1473 388 1527 Vita
413 1469 714 1524 Damianus
753 1475 965 1524 asserat
998 1483 1012 1520 :
1058 1466 1316 1528 alterum,
1379 1464 1526 1534 quod
1560 1462 1870 1542 'Camaldu-

271 1563 462 1626 Ienses,
499 1559 648 1615 velut
671 1560 737 1614 ad
760 1573 818 1614 se
847 1557 1154 1616 nullatenus
1200 1556 1493 1612 attinentes
1527 1569 1866 1610 commemo-

272 1664 370 1711 rat.
405 1653 483 1708 Eu
521 1651 796 1723 primum:
841 1667 863 1701 ‹
897 1648 1005 1704 Sed
1051 1649 1201 1704 etab
1233 1649 1369 1717 ipsa,
1421 1647 1613 1717 inquit,
1666 1645 1722 1701 S.
1754 1646 1866 1701 Ro-

270 1744 461 1802 mualdi
500 1744 648 1799 Vita.
676 1756 862 1812 quam,
889 1750 950 1794 ut
986 1739 1244 1802 diximus,
1276 1738 1470 1794 Petrus
1501 1737 1566 1790 Ν.
1616 1737 1865 1792 Damiani

269 1833 502 1904 scripsit.
557 1831 716 1898 facile
760 1829 956 1902 conjici
1019 1837 1221 1900 potest,
1277 1827 1639 1884 Romualdmn
1686 1829 1864 1898 ipsum

1974 533 2146 598 tinus,
2180 531 2272 602 qui
2314 531 2368 584 in
2401 523 2810 585 Camalduleasi
2843 535 3033 584 eremo
3069 527 3480 584 commoratur,
3512 521 3598 576 vir

1974 623 2232 678 videlicet
2260 621 2493 678 diversis
2526 618 2821 673 virtutibus
2865 615 3202 680 adornatus,
3239 621 3295 669 ct
3323 615 3600 684 pracipne

1967 714 2192 786 jugihus
2225 713 2597 785 Iacrymarum
2648 707 2870 762 ﬂuentis
2905 706 3181 774 irriguus,
3222 704 3362 787 mihi
3410 714 3534 760 retu
3561 706 3601 759 it

1975 805 2120 877 quod
2151 820 2336 860 narro.
2378 823 2398 858 ι
2433 803 2608 872 Quid,
2657 815 2880 871 quaeso,
2928 799 2981 854 in
3015 798 3102 853 his
3131 797 3314 853 verbis
3354 797 3596 860 relucet.

1972 901 2120 956 unde
2143 899 2418 955 Martinus
2446 914 2477 953 a
2508 896 2778 952 Damiano
2805 903 3112 951 extraneos
3141 891 3450 948 indicetur?
3490 891 3600 947 Sed

1969 1002 2092 1048 esto
2141 993 2425 1064 quidpiam
2492 987 2836 1046 discriminis
2892 985 3040 1042 inter
3089 982 3600 1040 Camaldulensium

1971 1093 2027 1138 et
2070 1083 2502 1138 Avellanitarum
2557 1079 2896 1136 mentionem
2946 1094 2977 1133 a
3028 1077 3301 1132 Damiano
3351 1076 3594 1139 factam,

1973 1174 2328 1230 adversarius
2373 1173 2730 1230 acutissimus
2776 1171 3198 1242 deprehendat:
3237 1171 3341 1227 hoc
3386 1171 3491 1226 tale
3532 1171 3602 1224 ad

1972 1281 2250 1321 summurn
2281 1267 2411 1328 erit,
2441 1265 2586 1336 quod
2615 1263 2869 1319 subditos
2915 1278 2944 1317 a
2990 1277 3100 1318 non
3133 1261 3370 1318 subditis
3391 1263 3602 1318 discer-

1972 1367 2088 1422 nat,
2118 1359 2264 1429 quod
2294 1359 2457 1414 unius
2499 1356 2948 1428 congregationis
2982 1355 3236 1412 alumnos
3265 1355 3334 1410 ab
3363 1356 3600 1411 alumnis

1971 1451 2203 1506 alterius
2240 1450 2684 1523 congregationis
2710 1450 2957 1520 ejusdem
3007 1448 3220 1505 ordinis
3263 1448 3596 1521 distinguat;

1971 1560 2149 1616 neque
2191 1546 2336 1600 enim
2371 1543 2532 1600 aliter
2568 1541 2742 1616 magis
2791 1543 3058 1598 Damiano
3087 1541 3276 1600 affines
3306 1543 3412 1597 dici
3448 1553 3607 1613 potr-

1973 1648 2099 1692 rant
2125 1637 2484 1703 Avellanitaz,
2527 1647 2623 1692 aut
2661 1636 2963 1692 Sitrienscs
3007 1652 3121 1707 prze
3162 1636 3603 1694 Camaldulensi-

1971 1728 2107 1794 bus,
2156 1744 2322 1799 quam
2375 1744 2440 1783 eo
2480 1729 2678 1796 modo,
2728 1743 2838 1798 quo
2870 1729 3004 1783 mihi
3038 1731 3215 1800 magis
3248 1727 3441 1784 aﬂines
3475 1742 3606 1783 sunt

1971 1817 2067 1873 alii
2110 1818 2561 1875 Camaldntenses
2599 1819 2880 1883 monachi,
2912 1833 3078 1890 quam
3108 1820 3396 1875 eremitae:
3442 1828 3498 1875 et
3536 1822 3604 1875 ad

268 1937 541 1994 nunquam
581 1921 771 1977 Fontis
830 1920 1104 1976 Avellante
1149 1935 1396 1976 eremum
1449 1921 1670 1976 adiisse.
1728 1920 1864 1975 Nam
1900 1915 1946 1976 Β
1974 1914 2277 1986 quemlibet
2307 1930 2482 1971 sacrae
2511 1913 2953 1970 Camaldulensis
2989 1916 3158 1970 eremi
3203 1915 3441 1969 incolam
3473 1931 3603 1986 per-

267 2031 383 2072 cum
413 2015 585 2069 multa
622 2024 731 2069 tam
755 2014 1012 2070 distincte
1042 2013 1245 2070 referat
1277 2014 1393 2069 loca
1441 2015 1494 2069 in
1529 2015 1648 2084 ipso
1679 2013 1863 2071 Monte

260 2107 476 2168 Catriae,
510 2122 634 2176 quze
663 2107 913 2162 circuivit
941 2106 1175 2163 dilectus
1204 2107 1292 2163 ille
1311 2108 1606 2170 Altissimi.
1656 2108 1862 2163 saliens

267 2199 317 2252 in
344 2199 647 2262 montibus,
706 2197 1016 2253 transiliens
1057 2198 1265 2264 colles;
1343 2197 1623 2269 nunquam
1679 2209 1864 2256 tamen

261 2291 447 2347 Fontis
483 2291 763 2348 Avellana:
789 2291 1122 2362 mentionem
1152 2290 1302 2358 facit,
1327 2309 1450 2349 cum
1478 2303 1660 2350 tamen
1679 2295 1870 2364 hujus-

264 2383 403 2438 modi
440 2383 770 2439 vocabulum
803 2383 1113 2454 Ioei,quem
1145 2383 1260 2454 ipse
1305 2385 1540 2453 colebat,
1602 2386 1869 2458 cujusque

261 2485 365 2548 tam
394 2474 792 2543 frequenterin
816 2477 931 2530 suis
953 2477 1173 2547 scriptis
1215 2478 1488 2543 meminit,
1519 2496 1644 2534 eum
1693 2481 1868 2536 latere

261 2581 361 2620 non
392 2565 642 2635 potuisse
660 2566 1004 2636 manifestum
1039 2569 1127 2621 sit.
1161 2586 1179 2619 ι
1216 2569 1298 2624 En
1351 2584 1484 2624 vero
1511 2572 1818 2626 secundum
1849 2591 1862 2635 ξ

259 2674 282 2708 ι
309 2655 405 2711 Cui
440 2656 664 2712 tandem
699 2656 1002 2711 addemlum
1034 2657 1269 2724 videtur,
1301 2659 1446 2728 quod
1480 2661 1533 2715 in
1567 2661 1866 2718 Camaldu-

259 2748 391 2804 lensi
418 2764 615 2805 eremo
643 2761 1066 2816 commorantcs,
1097 2759 1365 2823 tanquam
1393 2757 1460 2810 ad
1499 2771 1557 2811 se
1589 2757 1720 2811 nihil
1749 2773 1868 2812 om-

261 2841 385 2895 nino
408 2842 776 2910 pertinentes,
800 2854 1215 2907 commemorat,
1239 2846 1497 2901 utvidere
1521 2857 1604 2901 est
1630 2849 1681 2902 in
1705 2850 1863 2916 epist.

255 2934 345 2997 29,
371 2933 466 2989 lib.
497 2950 555 2988 vt
602 2933 964 3003 Epistolarum
998 2951 1012 2988 :
1057 2936 1203 3004 quod
1230 2945 1382 2992 certe
1411 2952 1517 2992 non
1549 2936 1701 3003 facit,
1736 2954 1862 2994 cuin

253 3027 319 3079 a=l
345 3041 405 3082 se
434 3027 839 3096 pertinentium
877 3027 1230 3082 eremitarum
1286 3031 1558 3094 meminit,
1586 3048 1711 3085 nam
1771 3048 1868 3088 eos

256 3116 540 3185 signantcr
571 3132 702 3173 suos
727 3117 879 3183 dicit,
913 3126 972 3173 ut
995 3133 1063 3173 ex
1105 3117 1364 3190 Epistolis
1419 3119 1662 3190 ejusdem
1714 3123 1782 3177 Zil
1813 3131 1870 3178 et

253 3206 341 3272 56,
368 3206 466 3265 lib.
497 3225 583 3275 vr,
616 3209 907 3280 colligitur.
940 3227 958 3261 ι

1975 2007 2152 2062 tinere
2199 2007 2376 2079 magis
2423 2006 2516 2062 alii
2570 2007 2817 2075 ejusdem
2869 2009 3316 2079 congregationis
3357 2010 3605 2064 CTClilllil‘.

1971 2100 2250 2163 videntur,
2283 2115 2448 2170 quam
2489 2099 2871 2166 Coronenses,
2904 2117 3069 2172 quam
3106 2104 3360 2156 monachi
3384 2145 3397 2165 ,
3433 2119 3600 2172 quam

1973 2192 2208 2247 aliarum
2254 2193 2500 2262 ejusdem
2551 2192 2996 2250 Catnaldulensis
3044 2196 3257 2250 ordinis
3304 2212 3606 2268 congrega-

1975 2284 2188 2338 tionum
2220 2283 2449 2338 alumni.

2046 2376 2187 2432 XIV.
2223 2377 2491 2434 Ultimum
2542 2378 2816 2446 denique,
2861 2394 2926 2432 ac
2966 2380 3396 2448 peremptorium
3441 2397 3605 2452 argi:-

1976 2478 2248 2533 mcntum,
2277 2485 2430 2524 num.
2465 2469 2554 2532 18,
2577 2480 2866 2539 promovet
2891 2470 3234 2527 Laderchius
3263 2474 3349 2528 his
3379 2475 3602 2529 verbis:

1977 2577 1997 2610 ι
2025 2560 2256 2630 Insuper
2285 2561 2590 2615 monachos
2627 2563 2694 2615 tle
2726 2562 2988 2617 Avellana
3019 2578 3118 2618 suo
3151 2574 3398 2635 tempore
3421 2569 3606 2619 unitos

1971 2653 2386 2723 congregationi
2413 2651 2854 2708 Catualdulcnsis
2879 2655 3083 2709 fatetur
3107 2655 3387 2712 Arnoldus
3416 2657 3603 2720 Wion,

1975 2759 2109 2815 ergo
2139 2745 2291 2814 prius
2322 2745 2559 2815 separati
2589 2754 2751 2799 erant
2786 2748 2856 2802 ab
2898 2747 3170 2804 invicem:
3210 2750 3454 2819 alioquin
3504 2767 3600 2805 sn-

1969 2835 2236 2904 perflnum
2277 2847 2439 2897 erat,
2488 2846 2544 2890 et
2584 2852 2785 2890 vanum
2813 2839 2928 2908 jam
2977 2841 3129 2894 unita
3181 2841 3541 2912 conjungere.
3582 2867 3600 2892 ι

1972 2928 2176 2984 Verum
2208 2927 2328 2982 hare
2374 2912 2636 2982 instantia
2679 2941 2747 2983 ex
2786 2931 2950 2985 dictis
2983 2931 3073 2986 hic
3102 2948 3267 3003 supra
3291 2975 3306 3000 ,
3344 2951 3499 2991 nunt.
3531 2938 3563 2990 6
3587 2978 3603 3001 ,

1971 3020 2264 3076 occasione
2301 3021 2522 3076 unionis
2565 3023 2803 3077 ρωποι)ἱί
2846 3024 3190 3091 (ilassensis,
3229 3036 3286 3081 et
3315 3043 3381 3083 ex
3411 3029 3604 3084 obser-

1973 3114 2119 3166 vatis
2163 3113 2389 3168 dissert.
2421 3128 2460 3179 ι,
2494 3129 2616 3182 cap.
2650 3113 2685 3168 2
2707 3155 2719 3178 ,
2764 3131 2916 3170 num.
2947 3116 3020 3172 ‘25
3041 3159 3053 3180 ,
3086 3117 3378 3174 manifeste
3406 3135 3605 3177 evane-

1971 3204 2116 3258 scit:
2157 3213 2390 3274 possunt
2413 3206 2560 3260 enim
2597 3207 2758 3260 unius
2785 3210 3232 3279 congregationis
3264 3218 3604 3270 monasteria

325 3298 439 3354 XII,
465 3300 683 3370 Aperta
710 3310 794 3355 est
822 3311 1000 3357 tamen
1024 3301 1092 3357 ad
1116 3310 1410 3372 utrumque
1435 3305 1721 3374 responsio
1755 3320 1769 3358 ε
1794 3305 1865 3361 ad
1895 3280 1941 3343 C
1974 3297 2132 3353 alteri
2165 3299 2578 3369 congregationi
2605 3301 2851 3370 ejusdem
2878 3305 3092 3359 ordinis
3115 3305 3384 3375 copulari.
3413 3323 3607 3377 quem-

252 3390 489 3457 primum
524 3391 774 3459 quidem,
809 3391 950 3460 quod
1007 3409 1026 3443 ι
1063 3392 1204 3448 Loca
1260 3394 1346 3448 illa
1397 3395 1450 3448 in
1518 3395 1636 3470 ipso
1685 3395 1868 3451 Monte

251 3479 471 3545 Catriaa,
498 3497 630 3552 qua:
649 3483 899 3538 circuivit
927 3483 1283 3548 Romualdus,
1315 3506 1334 3538 ι
1389 3471 1676 3557 ipsammct
1707 3488 1869 3543 Avel-

253 3572 387 3628 lanm
436 3574 801 3631 solitudinem
851 3576 1144 3641 indicant,
1193 3579 1283 3631 ubi
1362 3589 1736 3634 commoratus
1783 3591 1871 3637 cst

256 3663 310 3718 S.
340 3665 511 3722 Pater
539 3681 611 3720 ex
640 3681 758 3736 cap.
789 3667 854 3722 19
896 3669 1051 3732 Viue,
1082 3680 1143 3724 ut
1192 3685 1314 3741 cap.
1349 3671 1406 3736 2,
1442 3688 1595 3728 num.
1631 3671 1664 3726 6
1717 3684 1773 3728 et
1811 3675 1866 3739 7,

247 3758 622 3814 ostendimus.
649 3759 801 3826 Quod
829 3760 873 3815 si
898 3761 1064 3815 etiam
1089 3761 1394 3818 Laderehio
1415 3766 1691 3829 daremus,
1754 3766 1866 3820 Ro-

250 3849 561 3913 muaIJum,
606 3864 716 3903 non
757 3850 978 3920 quidem
1010 3853 1152 3920 apud
1187 3854 1508 3909 Avellanam
1534 3899 1549 3923 ,
1580 3859 1674 3912 sed
1725 3857 1867 3926 apud

249 3936 472 3994 Sitriam
508 3941 787 3995 duntaxat
813 3943 1161 4011 constitisse;
1196 3961 1262 4000 an
1288 3949 1487 4003 exinde
1531 3952 1867 4016 ostenderet,

251 4044 349 4082 non
380 4031 642 4099 potuisse
673 4029 1010 4102 Lndulpbum
1039 4022 1310 4094 Avellanm
1335 4040 1695 4098 conditorem.
1745 4043 1858 4097 Ro-

248 4122 449 4175 mualdi
484 4123 1261 4183 eremiticis‘institutionibus
1306 4130 1511 4194 imbui,
1550 4140 1605 4186 et
1646 4133 1712 4186 ad
1751 4134 1870 4204 ejus

249 4215 632 4285 disciplinam,
666 4232 829 4286 quam
856 4218 938 4272 vel
963 4220 1013 4272 in
1044 4219 1234 4284 Sitria,
1267 4222 1350 4277 vel
1378 4223 1510 4279 alibi
1535 4241 1562 4277 a
1593 4223 1652 4280 S.
1707 4225 1871 4282 Patre

249 4304 560 4370 didicisset.
585 4322 719 4362 suos
741 4308 985 4364 alumnos
1007 4311 1384 4382 exigere?Ncc
1407 4323 1553 4371 certe
1579 4317 1629 4370 in
1648 4316 1871 4372 Polottia

247 4395 740 4461 Romualdusullo
772 4407 1011 4471 tempore
1041 4403 1346 4472 habitavit;
1415 4411 1658 4479 nunquid
1707 4411 1873 4481 igitur

251 4488 345 4544 SS.
371 4491 499 4562 ejus
532 4492 936 4562 discipulorum
977 4493 1225 4560 Joannis,
1271 4512 1324 4554 et
1371 4499 1651 4556 Benedicti
1692 4514 1870 4558 secta-

250 4588 410 4643 tores,
445 4584 546 4653 qui
590 4583 738 4652 apud
765 4583 1201 4643 Casimiritanam
1257 4605 1502 4645 eremum
1565 4596 1868 4650 sanctimo-

253 4671 334 4726 nia
364 4673 644 4739 Iloruerc,
678 4675 745 4730 ad
793 4675 1074 4734 Romualdi
1129 4679 1439 4737 institutum
1480 4686 1661 4742 minus
1704 4688 1873 4758 perti-

251 4777 378 4818 nere
399 4764 840 4833 judicabnntur.

315 4855 452 4911 XIII.
487 4858 580 4912 Ad
613 4858 848 4913 alterum
871 4861 1100 4931 pariter,
1136 4879 1400 4936 negamus
1428 4867 1878 4928 Camaltlulenses

251 4961 277 4998 a
307 4946 609 5014 Damiano,
649 4947 796 5003 velut
827 4951 890 5004 ad
919 4967 978 5007 se
1009 4953 1143 5008 nihil
1169 4957 1465 5014 attinentes
1486 4999 1501 5023 ,
1541 4961 1873 5032 significari;

252 5054 368 5093 nam
397 5055 465 5096 co
497 5041 629 5112 ipso
665 5041 807 5110 quod
841 5041 1135 5101 Sitrienses
1174 5047 1244 5101 ad
1272 5063 1330 5104 se
1357 5059 1605 5120 spectare
1636 5053 1872 5117 indicat,

251 5142 304 5183 nt
331 5135 741 5201 probavimus,
784 5134 1228 5196 CamaIdulenses
1264 5144 1450 5212 utique
1483 5145 1586 5200 sibi
1617 5156 1880 5218 cognatos

255 5225 472 5286 asserit,
511 5241 653 5279 nam
698 5225 751 5279 lii
782 5242 908 5283 vere
950 5243 982 5283 a
1021 5229 1324 5287 Romualdo
1357 5235 1590 5291 instituti
1625 5237 1877 5304 fuerant,

253 5328 312 5367 ac
370 5325 682 5385 propterea
751 5319 988 5386 generali
1053 5321 1554 5382 Camaldnlensium
1614 5331 1879 5387 vocaliqu

254 5408 829 5477 comprehenduntur.
871 5409 1023 5477 Quod
1071 5414 1117 5468 si
1164 5416 1229 5470 de
1274 5416 1781 5479 Camaldulensihus
1823 5425 1876 5480 in

253 5498 468 5563 speciali
525 5499 942 5568 signiﬁcatione
994 5507 1263 5576 acceptis,
1317 5511 1420 5566 hoc
1456 5521 1541 5566 est
1591 5515 1657 5568 de
1699 5531 1872 5571 sacrm

255 5589 416 5642 eremi
471 5588 933 5647 Camaldulensis
978 5595 1168 5653 incolis
1216 5599 1550 5659 Laderchius
1600 5605 1871 5676 loquitur,

257 5694 383 5749 nego
409 5681 514 5736 bos
549 5683 714 5752 ipsos
745 5699 776 5738 a
806 5684 1063 5742 Damiano
1107 5691 1253 5746 velut
1291 5695 1500 5750 alienos
1538 5713 1875 5756 commemo-

258 5773 380 5835 rari,
407 5789 538 5828 nam
567 5775 876 5830 Martinum
900 5778 1368 5840 Camaldnlensem
1404 5789 1454 5842 in
1479 5791 1641 5845 citata
1667 5807 1753 5862 cp.
1776 5793 1871 5856 20,

257 5862 341 5917 lib.
374 5882 449 5930 vt,
485 5868 570 5922 sic
602 5877 822 5922 tantum
857 5871 1146 5930 describit:
1195 5897 1210 5929 ι
1246 5878 1506 5938 Dominus
1535 5884 1693 5953 plane
1733 5888 1873 5944 Maro

1976 3390 2272 3446 admodum
2302 3392 2506 3446 nostris
2529 3392 2720 3446 diebus
2747 3395 2909 3464 regia:
2933 3397 3282 3453 celsitudinis
3305 3401 3488 3458 Cosmi
3517 3404 3603 3467 III,

1977 3483 2162 3552 magni
2202 3484 2358 3537 ducis
2390 3483 2625 3538 Etruria:
2669 3486 2904 3556 insignis
2935 3489 3146 3558 pietas,
3179 3491 3606 3550 celeberrimum

1974 3576 2101 3632 boni
2133 3576 2311 3631 solatii
2343 3577 2678 3640 cmuobium,
2724 3582 2868 3649 quod
2899 3597 2928 3634 a
2959 3580 3420 3642 Cisterciensihus
3460 3589 3608 3642 Italis

1974 3670 2260 3724 monachis
2317 3670 2842 3738 administrabatur,
2895 3673 3307 3744 Trappensibus
3356 3681 3605 3750 ejusdem

1973 3761 2184 3815 ordinis
2214 3762 2500 3827 solitariis,
2527 3777 2667 3832 quos
2692 3779 2757 3818 ex
2788 3763 2964 3818 Gallia
2993 3783 3043 3820 tn
3077 3767 3356 3824 Etruriam
3388 3772 3609 3827 munifi-

1975 3853 2329 3908 centissimus
2369 3869 2434 3909 ac
2484 3855 2938 3926 religiosissimus
2970 3859 3228 3930 princeps
3265 3862 3463 3919 adduci
3509 3881 3605 3922 vo-

1973 3942 2112 4012 luit,
2162 3945 2528 4015 copulandnm
2562 3949 2814 4013 curavit;
2869 3951 2950 4005 sic
3006 3953 3154 4006 enim
3188 3952 3317 4009 Pius
3365 3954 3407 4005 V
3449 3969 3604 4029 pont.

1976 4051 2126 4091 max.
2153 4038 2521 4094 Avellanense
2554 4043 2976 4107 monasterium,
3008 4046 3153 4114 quod
3183 4047 3284 4102 sub
3311 4047 3605 4107 Romualdi

1976 4129 2262 4184 eremitica
2297 4130 2610 4200 disciplina,
2643 4131 2787 4188 Petri
2828 4134 3079 4190 Damiani
3110 4141 3470 4209 temporibus,
3509 4142 3604 4203 tio.

1977 4221 2158 4276 ruisse
2205 4237 2530 4292 persuasum
2570 4224 2841 4291 habebat,
2885 4229 3089 4284 dudum
3123 4247 3256 4286 vero
3303 4249 3332 4287 a
3383 4237 3606 4306 pristini

1976 4312 2214 4369 fervoris
2267 4316 2621 4371 observantia
2678 4319 3030 4388 desciverat,
3096 4304 3606 4385 Camalduldnsiuut

1977 4406 2219 4477 generali
2265 4408 2599 4462 visitandum
2650 4414 2963 4478 commisit,
2997 4431 3062 4471 ac
3093 4417 3328 4489 denique
3374 4437 3608 4494 congre-

1976 4500 2185 4570 gationi
2219 4510 2421 4555 nostra:
2450 4504 2667 4572 penitus
2698 4507 2906 4560 addixit
2941 4506 3035 4580 (ut
3075 4511 3240 4580 paqu
3273 4524 3429 4577 ante,
3466 4516 3604 4571 For-

1983 4591 2135 4644 tunio
2168 4599 2307 4646 teste
2341 4592 2481 4646 Hist.
2531 4593 2767 4661 Camal.,
2803 4608 2946 4666 part.
2994 4617 3045 4664 ι,
3080 4603 3171 4656 lih.
3208 4619 3267 4659 ιιι
3290 4647 3304 4669 ,
3353 4621 3475 4676 cap.
3506 4610 3596 4663 ‘27.

1988 4702 2006 4733 ι
2045 4682 2483 4741 Exstinction'em
2512 4691 2960 4746 conventualium
2990 4693 3495 4756 Camaldulensium
3525 4703 3602 4759 fe—

1979 4785 2132 4831 cerat
2180 4775 2323 4832 idem
2370 4781 2654 4850 pontifex,
2695 4787 3021 4843 sacerdotiis
3063 4804 3255 4846 eorum
3301 4810 3604 4868 congrega~

1982 4869 2116 4925 tioni
2167 4871 2547 4946 adjudicatis).
2601 4895 2618 4926 ι
2660 4876 2780 4944 Quo
2830 4891 3147 4938 nostrorum
3198 4891 3599 4947 monachorum

1982 4979 2168 5034 opera,
2201 4976 2361 5021 vetus
2389 4967 2723 5036 institutum,
2757 4988 2823 5029 ac
2858 4975 3119 5044 primaeva
3151 4978 3255 5036 loci
3283 4983 3476 5054 religio
3509 5003 3598 5041 re-

1982 5066 2166 5112 ειτιιιτίι
2176 5069 2344 5115 ι’ριιιγ.

2051 5151 2318 5208 Constare
2379 5155 2547 5225 igitur
2612 5158 2854 5214 arbitror
2923 5178 2991 5218 ex
3065 5164 3332 5224 hactenus
3397 5170 3595 5237 dictis,

1979 5241 2184 5298 nullam
2215 5245 2322 5299 vim
2356 5245 2416 5302 P.
2449 5247 2737 5304 Laderchii
2767 5250 3001 5320 objectis
3029 5256 3304 5312 residuam
3345 5276 3470 5317 esse
3506 5265 3602 5319 ad-

1978 5350 2174 5390 versus
2201 5340 2530 5393 sententiam
2571 5355 2736 5409 quam
2771 5347 3028 5410 praesenti
3060 5345 3460 5406 Dissertatione
3487 5355 3600 5410 suis

1977 5430 2274 5484 momentis
2305 5431 2552 5488 stabilire
2582 5436 2762 5489 conati
2805 5450 3016 5493 sumus.
3048 5439 3112 5492 Et
3137 5452 3289 5497 certe
3319 5443 3482 5517 longe
3511 5464 3604 5502 va-

1979 5518 2173 5575 lidiora
2208 5533 2430 5591 possent
2458 5535 2780 5595 argumenta
2821 5539 3013 5584 contra
3045 5533 3229 5588 varias
3266 5533 3388 5602 ejus
3413 5555 3600 5594 asser-

1981 5615 2156 5670 tiones
2187 5616 2238 5670 in
2264 5617 2364 5671 hac
2389 5619 2502 5688 ipsa
2529 5618 2764 5675 Historia
2797 5625 2879 5691 (ut
2905 5623 2971 5678 de
2993 5627 3210 5682 czetoris
3233 5628 3602 5688 Lucubratio-

1979 5711 2142 5776 nibus
2176 5710 2296 5779 ejus
2327 5713 2550 5766 nomine
2597 5717 2945 5784 postmodum
2996 5719 3193 5784 editis,
3249 5723 3469 5777 interim
3520 5735 3598 5778 ta-

1980 5802 2156 5870 ceam)
2184 5813 2563 5865 occurrentes,
2591 5805 2938 5873 intorquere;
2968 5809 3062 5862 sed
3089 5818 3201 5863 tmn
3230 5825 3296 5863 ne
3325 5826 3597 5883 suscepta:

1979 5890 2315 5948 defensionis
2358 5895 2558 5950 limites
2590 5897 2998 5962 transiliamus,
3033 5902 3371 5971 aggressoris
3399 5920 3593 5974 persn-
