4040 6410
554 407 621 461 79
1408 404 1464 456 Β.
1506 400 1778 457 PETRUS
1810 393 2162 454 DAMIANUS
2203 392 2262 448 S.
2294 392 2360 447 Β.
2406 392 2464 445 Ε.
2507 389 2937 447 CARDINALIS.
3740 387 3812 443 80

556 537 680 577 nam
709 521 1017 587 tnduentes;
1049 527 1160 573 tum
1186 532 1252 572 ne
1274 526 1451 571 aetum
1476 530 1638 587 agere
1665 514 1802 570 velle
1823 512 2121 573 videamur,
2152 509 2198 568 Α
2228 506 2379 574 Quou
2424 516 2478 560 ut
2516 505 2835 575 perfectius,
2870 503 2936 556 ad
2981 500 3116 555 tanti
3164 498 3339 554 Patris
3374 498 3622 570 gloriam,
3653 500 3813 568 cujus

557 628 679 666 cum
712 610 891 677 Sejani
918 620 972 663 et
994 608 1170 663 Rufini
1200 608 1450 675 Dialogus
1484 620 1676 676 magna
1705 620 1772 660 ex
1809 612 1959 673 parte
1991 602 2131 655 hanc

559 699 841 754 materiam
870 697 1203 759 exhauserit,
1234 711 1407 765 neque
1436 695 1589 749 nobis
1634 696 1687 748 id
1722 692 1997 748 incumbat
2038 703 2132 743 ne-

559 788 708 858 gotii,
743 795 799 840 ut
832 786 1069 855 singulas
1116 785 1404 840 Laderchii
1450 784 1746 840 sententias
1782 782 1850 835 ad
1899 795 2130 835 examen

560 891 892 939 revocemus,
927 876 1028 929 hac
1057 890 1185 929 cura
1226 891 1321 944 per
1348 890 1508 945 quam
1549 874 1780 927 libenter
1816 870 2134 940 supersede-

560 965 760 1028 bimus,
793 964 1051 1033 aliisque,
1091 980 1227 1034 quos
1257 974 1441 1017 noster
1474 970 1662 1016 auctor
1688 960 1891 1028 pariter
1917 957 2135 1014 lacessi-

561 1051 657 1115 vit,
690 1061 852 1121 atque
880 1053 992 1107 otio
1036 1053 1241 1122 magis,
1282 1066 1440 1120 quam
1471 1064 1601 1113 nos,
1653 1048 1960 1111 abundant,
2010 1060 2131 1099 eam

559 1141 975 1196 sollicitudinem
1022 1142 1163 1196 ultro
1209 1142 1593 1210 relinquemus.
1640 1138 1751 1192 lmo
1797 1138 1868 1192 ob
1913 1137 2132 1191 easdem

564 1228 828 1293 rationes,
877 1228 943 1283 de
984 1237 1212 1283 venusto
1254 1226 1610 1282 Laderchiani
1659 1226 1783 1295 styli
1818 1225 2134 1278 charactere

562 1316 695 1371 nihil
727 1317 811 1371 hic
838 1315 1233 1378 aduotabimus,
1268 1315 1334 1369 de
1359 1329 1464 1383 quo
1491 1314 1625 1368 satis
1653 1314 1779 1377 erit,
1806 1321 1914 1366 tmn
1942 1310 2135 1381 praedi-

564 1420 713 1464 ctum
743 1407 1008 1478 dialogum
1040 1405 1341 1469 consulere,
1374 1414 1482 1458 tum
1505 1404 1764 1472 judicium
1798 1404 2017 1474 (ibidem
2049 1416 2136 1456 re-

563 1497 754 1567 latum)
784 1497 1020 1551 auctoris
1060 1496 1217 1550 diarii
1249 1495 1579 1549 ermlitorum
1619 1493 1821 1557 Gallite,
1860 1492 1912 1546 in
1942 1490 2133 1560 Operis

561 1588 845 1644 Laderchii
876 1587 1189 1643 recensione
1217 1585 1357 1641 facta
1392 1587 1531 1640 diar.
1555 1586 1647 1651 54,
1670 1602 1761 1639 an.
1787 1585 1943 1649 l704,
1966 1593 2135 1639 atten-

558 1681 727 1735 dere:
764 1687 821 1733 ut
851 1694 1071 1734 necesse
1099 1694 1205 1733 non
1234 1679 1342 1744 sit,
1390 1694 1511 1733 cum
1546 1679 1803 1749 temporis
1831 1678 2130 1749 dispendio,

561 1769 630 1822 ad
678 1769 778 1823 ista
808 1783 905 1822 nos
948 1768 1175 1837 digredi,
1218 1778 1309 1821 aut
1337 1768 1579 1823 eamdem
1613 1769 1861 1823 incudem
1892 1767 2133 1837 repetitis

2231 610 2285 655 et
2308 613 2408 652 nos
2433 594 2814 651 studiosissimi
2866 607 3071 654 sumus,
3106 592 3320 661 assequi
3361 592 3561 660 possit,
3611 600 3815 661 praeter

2234 705 2324 750 ea,
2370 702 2489 755 qme
2520 695 2709 740 auctor
2743 683 2945 754 Dialogi
2992 681 3247 750 Sejanum
3279 681 3419 735 inter
3447 689 3503 735 et
3547 681 3810 735 Ruﬁnum

2234 777 2527 838 adnotavit,
2551 776 2826 845 sequentia
2858 774 3076 844 pariter,
3105 788 3225 841 qure
3264 772 3328 825 ad
3358 788 3455 827 nos
3483 773 3650 843 magis
3680 788 3813 842 per-

2234 869 2423 928 tinent,
2456 866 2553 934 ipsi
2586 864 2932 932 expendenda
2964 876 3263 931 preponere
3286 861 3459 915 visum
3490 862 3609 916 fuit.

2303 956 2366 1011 ll.
2415 956 2491 1009 Ac
2534 956 2728 1025 primo,
2761 954 2903 1008 circa
2948 969 3232 1007 numertun
3282 952 3508 1007 fratrum
3556 955 3615 1007 Β.
3663 954 3815 1009 Petri

2236 1046 2518 1109 Damiani,
2562 1045 2685 1115 jure
2736 1061 2765 1099 a
2818 1044 3014 1112 Sejauo
3071 1044 3430 1098 Laderehium
3489 1046 3815 1116 reprehendi

2235 1134 2593 1199 allirmanius,
2634 1136 2826 1190 nedum
2872 1150 2933 1189 ea
2968 1134 3197 1199 ratione,
3229 1150 3389 1203 quam
3423 1136 3491 1188 ibi
3522 1136 3816 1190 adductam

2233 1226 2412 1295 legere
2453 1226 2677 1294 quisque
2720 1224 2935 1293 poterit,
2974 1224 3115 1293 quod
3162 1238 3353 1292 nempe
3383 1223 3575 1279 Frater
3614 1224 3741 1289 ille,
3783 1240 3815 1279 a

2234 1332 2341 1384 quo
2383 1315 2578 1369 Petrus
2611 1324 2791 1367 noster
2818 1323 2927 1366 tam
2974 1313 3105 1366 dure
3144 1312 3359 1365 habitus
3387 1320 3492 1375 est,
3522 1322 3816 1383 antequam

2234 1407 2287 1460 iu
2331 1404 2553 1458 alterius
2594 1403 2778 1457 fratris
2821 1401 3064 1455 Damiani
3110 1402 3565 1472 archipresbyteri
3623 1420 3816 1458 curam

2235 1496 2527 1558 incideret,
2560 1510 2679 1549 esse
2718 1510 2822 1547 non
2851 1495 3025 1561 potuit
3062 1492 3303 1547 .‘llariuus
3335 1494 3423 1549 ille
3459 1494 3651 1563 (quem
3683 1497 3818 1549 reli-

2234 1588 2441 1657 giosum
2469 1584 2631 1639 fuisse
2658 1585 2797 1640 idem
2824 1583 3051 1653 Sejanus
3077 1600 3197 1637 cum
3230 1584 3411 1638 multis
3438 1584 3558 1638 aliis
3583 1586 3820 1655 scripto-

2235 1678 2385 1731 ribus
2423 1675 2653 1738 censuit,
2686 1690 2783 1729 nos
2824 1689 2952 1727 vero
2998 1674 3224 1737 laieum,
3276 1674 3329 1727 id
3374 1683 3455 1728 est
3501 1673 3817 1729 szccularem

2234 1765 2435 1819 obiisse
2463 1764 2815 1829 arbitramur,
2862 1777 2928 1816 ex
2967 1763 3393 1817 circumstantiis
3423 1762 3539 1831 ejus
3564 1764 3758 1818 mortis
3784 1778 3818 1817 a

559 1855 765 1910 ictibus
794 1855 1037 1911 tundere.
1066 1857 1377 1911 Amicorum
1414 1845 1591 1912 tamen
1633 1857 1774 1913 votis
1800 1857 2000 1926 aliquid
2031 1858 2137 1911 lar-
2164 1864 2211 1924 Β
2238 1856 2399 1911 Petro
2420 1854 2660 1909 Damiaui
2687 1854 2778 1907 lib.
2810 1870 2866 1917 ιι,
2894 1869 2977 1923 ep.
3012 1854 3095 1917 ll,
3125 1853 3383 1923 narratis)
3400 1854 3497 1922 qui
3528 1854 3821 1910 timoratus

563 1945 790 2013 gieutes,
825 1944 1104 2009 nonnulla,
1129 1960 1249 2014 qua:
1272 1961 1368 1999 nos
1389 1946 1607 2015 propius
1636 1947 1950 2015 respiciunt,
1973 1958 2134 2017 atque

562 2050 591 2087 a
626 2033 848 2103 przefato
877 2033 1155 2105 dialogista
1183 2034 1267 2088 vel
1296 2036 1471 2089 minus
1494 2045 1748 2091 accurate
1771 2051 2029 2107 expensa,
2052 2036 2135 2092 vel

568 2138 633 2177 ex
663 2123 872 2193 integro
900 2123 1260 2193 praetermissa
1291 2123 1767 2180 animadvertimus
1796 2141 1891 2195 per
1917 2127 2132 2181 modum

566 2214 914 2282 appendicis,
962 2214 1211 2283 supplere
1237 2229 1343 2268 non
1370 2215 1734 2285 gravabimur,
1772 2218 1987 2284 quando
2026 2232 2131 2271 non

567 2304 740 2373 magis
769 2314 1123 2373 opportunam
1158 2304 1410 2358 Veritatis
1436 2304 1763 2360 illustranda:
1791 2307 2131 2362 occasionem

562 2391 687 2447 alibi
718 2409 815 2447 nos
843 2394 1118 2449 habituros
1148 2409 1445 2463 speramus.

1179 2482 1517 2537 AI‘PE‘NDIX

569 2568 865 2624 Nonnulla:
910 2571 1389 2627 Aninmdvcrsiones
1423 2576 1476 2627 in
1519 2574 1805 2629 Historiam
1846 2574 1990 2631 Petri
2022 2577 2132 2632 Da-

634 2640 796 2693 miani
822 2657 853 2693 a
883 2639 1171 2695 Laderclt.'o
1196 2643 1505 2713 descrimam
1533 2646 1887 2713 complectens.

563 2728 835 2803 Sr_soesrs.
860 2761 928 2771 —
952 2731 1182 2803 Errores
1210 2732 1471 2793 nonnulli,
1506 2734 1572 2787 ad
1600 2735 1971 2803 perfectiorem
1996 2738 2133 2792 Vitae

625 2800 767 2853 Petri
813 2802 1050 2853 Damiaui
1091 2803 1375 2855 editionem
1415 2800 1797 2869 obtinendam,
1838 2807 1888 2859 in
1932 2806 2133 2861 Luder-

627 2871 818 2923 chiana
869 2871 1089 2924 historia
1126 2873 1362 2924 notamli.
1410 2873 1564 2925 Num.
1602 2875 1649 2926 l.
1688 2874 1975 2930 Numerum
2016 2877 2129 2929 fra-

630 2938 857 3013 trnm’B.
894 2940 1032 2994 Petri
1061 2941 1370 3013 Damiauia
1404 2942 1698 2998 Laderehio
1730 2960 2010 3013 perperam
2038 2946 2132 3000 de-

631 3010 977 3061 termination
1026 3025 1164 3063 esse.
1206 3009 1259 3062 2.
1309 3012 1463 3065 Circa
1514 3009 1913 3069 institutmu'll.
1964 3016 2133 3069 Clam:

628 3076 956 3131 Ladercbius
994 3078 1213 3133 fallitur.
1261 3080 1312 3132 3.
1352 3082 1481 3133 Item
1510 3084 1651 3135 circa
1685 3084 1739 3136 S.
1784 3084 1922 3138 Petri
1950 3086 2129 3139 (Zoile—

626 3146 765 3217 stini
792 3148 1027 3217 regulam
1062 3149 1345 3216 decipitur.
1385 3150 1419 3202 4
1483 3152 1794 3206 Albizouem
1828 3156 2032 3208 socium
2064 3154 2122 3207 Β.

2235 1948 2450 2019 spiritu,
2482 1963 2544 2003 ac
2582 1946 2641 2000 Β.
2674 1946 2743 2000 Μ.
2781 1946 2843 2001 V.
2876 1946 3151 2013 obsequiis
3192 1946 3327 2001 adeo
3369 1947 3703 2015 mancipatus
3748 1946 3819 2001 ab

2237 2041 2351 2110 ipso
2380 2050 2568 2094 sancto
2613 2040 2835 2094 doctore
2870 2039 3218 2104 describitur,
3253 2047 3311 2091 ut
3342 2040 3576 2093 moriens
3614 2040 3684 2094 ab
3728 2039 3818 2093 illa

2236 2132 2441 2185 visitari
2470 2131 2759 2195 meruerit;
2796 2129 2937 2183 unde
2965 2143 3305 2196 consequens
3331 2136 3446 2195 est,
3479 2139 3535 2183 ut
3566 2137 3673 2184 tres
3712 2129 3819 2182 sal—

2239 2231 2343 2274 tem
2372 2220 2568 2273 fratres
2594 2219 2756 2273 Petre
2787 2227 2973 2272 nostro
3000 2218 3240 2272 Damiani
3265 2219 3529 2289 assignari
3562 2220 3817 2283 debeant,

2232 2330 2338 2369 non
2369 2315 2475 2368 duo
2507 2323 2735 2379 tantum,
2764 2320 2822 2366 ut
2847 2312 3041 2367 asserit
3069 2311 3399 2367 Laderchius
3428 2312 3523 2367 lib.
3556 2328 3592 2377 ι,
3615 2328 3737 2383 cap.
3758 2313 3817 2375 2,

2232 2420 2381 2459 num.
2411 2404 2461 2470 l,
2499 2404 2725 2459 dicens:
2771 2422 2789 2455 ι
2825 2403 2934 2458 lloc
2959 2411 3166 2458 certum
3194 2402 3348 2459 nobis
3374 2405 3601 2458 innotuit
3624 2445 3639 2469 ,
3680 2405 3822 2459 duos

2232 2513 2425 2568 nempe
2474 2495 2670 2551 fratres
2722 2496 3006 2561 habuisse,
3059 2496 3375 2549 Damianum
3423 2496 3707 2560 videlicet,
3764 2505 3822 2552 et

2234 2587 2518 2648 Marinum,
2551 2602 2779 2655 quorum
2812 2587 2925 2654 ipse
2960 2586 3204 2640 meminit
3228 2586 3319 2639 lib.
3349 2602 3385 2640 ll
3418 2586 3817 2656 Epistolarum,

2231 2678 2389 2747 epist.
2421 2676 2486 2730 Ν
2508 2678 2574 2729 ad
2602 2676 2953 2731 Desiderium.
2990 2695 3008 2727 ι
3039 2674 3153 2729 Non
3176 2691 3258 2741 ea,
3288 2678 3527 2747 inquam,
3552 2679 3821 2735 duntaxat

2232 2767 2439 2819 ratione
2487 2763 2751 2819 refellitur
2790 2765 2902 2817 luce
2939 2764 3169 2818 assertio
3198 2762 3512 2831 Laderchii,
3559 2768 3653 2821 sed
3699 2784 3820 2821 am-

2228 2853 2392 2922 plius,
2417 2854 2572 2922 quia,
2613 2854 2656 2907 si
2690 2853 2849 2907 verba
2877 2854 3249 2920 expeudantur
3278 2853 3502 2908 Joannis
3529 2858 3818 2926 scriptoris

2232 2943 2366 2997 Vita:
2416 2942 2561 2997 l’etri
2610 2944 2781 2998 nostri
2831 2942 3110 3008 Damiaui,
3156 2945 3225 2997 ab
3272 2946 3461 3000 eodem
3510 2946 3818 3005 Laderchio

2230 3032 2387 3087 allata
2415 3048 2535 3103 cap.
2567 3032 2623 3097 '5,
2650 3048 2797 3087 num.
2831 3032 2885 3097 3,
2927 3032 3084 3087 facile
3114 3034 3417 3099 constabit,
3448 3037 3637 3091 saltem
3680 3054 3819 3109 qua-

2232 3134 2353 3180 tuor
2400 3125 2596 3180 fratres
2629 3126 2774 3179 Petri
2826 3124 3019 3190 fuisse;
3054 3127 3142 3180 'ait
3178 3131 3320 3182 enim
3360 3128 3597 3185 Joannes
3638 3132 3817 3186 sancti

626 3215 770 3290 Petri
822 3215 1059 3290 Dauniam
1104 3215 1364 3290 abbatem
1420 3218 1724 3275 Theuzonis
1778 3224 1942 3277 fuisse
1992 3224 2123 3278 falso
2152 3215 2195 3277 C
2227 3217 2458 3287 pastoris
2488 3216 2783 3287 discipulus
2807 3218 2857 3271 iu
2886 3218 3003 3287 ejus
3031 3216 3149 3272 Vita
3180 3234 3299 3287 cap.
3346 3220 3405 3284 1,
3436 3222 3575 3290 quod
3622 3221 3818 3277 Petrus

626 3287 809 3338 tradit.
860 3285 911 3338 5.
951 3287 1078 3339 Alia:
1103 3287 1550 3342 hallucinationes
1598 3294 1741 3343 eirea
1781 3294 1836 3345 S.
1863 3293 2125 3348 Joannem

626 3355 994 3429 (ξιιειηωιίιιιιι,
1019 3366 1079 3429 et
1100 3360 1363 3429 Athonem
1392 3360 1699 3429 episcopum
1732 3360 2123 3417 Florentiutltu.

627 3424 680 3476 6.
714 3426 897 3477 Aunus
926 3426 1111 3477 ntortis
1143 3426 1198 3478 S.
1232 3424 1489 3481 llolniuici
1538 3424 1768 3482 Lor-irati
1811 3434 2008 3485 rectius
2036 3435 2124 3485 de-

635 3495 1022 3569 terminuulus.
1074 3496 1103 3546 7
1148 3506 1199 3569 et
1232 3499 1294 3569 _8.
1340 3496 1725 3569 ⁸υίηὶςιιιιειιιιιιι
1774 3507 2127 3569 quaruuulam

627 3566 942 3632 proposui»,
992 3575 1049 3637 ct_
1088 3566 1297 3637 solutio.
1332 3567 1364 3619 9
1402 3578 1454 3637 et
1496 3570 1575 3620 ill.
1613 3569 1669 3621 ὃ.
1704 3566 1963 3625 Joannem
1996 3571 2131 3637 Latt-

629 3637 848 3707 densetn
879 3650 995 3707 cum
1026 3632 1230 3707 Joanne
1258 3635 1388 3707 Vitae
1409 3636 1549 3689 l’etri
1578 3637 1815 3692 Datuiani
1841 3634 2124 3707 scripture,

630 3701 771 3774 male
813 3704 1087 3774 confundi.
1140 3705 1216 3755 ll.
1276 3704 1421 3757 Illum
1466 3717 1583 3774 post
1627 3725 1767 3759 anno
1796 3728 1824 3760 ιι
1881 3701 2017 3763 ίυῗϐ
2061 3701 2127 3764 ad

629 3770 963 3838 EUguhiuatn
1018 3774 1328 3825 cathedram
1378 3770 1641 3829 vocatum.
1692 3778 1821 3831 Ibid.
1873 3780 2128 3832 Euuulem

628 3839 791 3911 Petro
820 3840 1057 3911 Damiaui
1092 3844 1149 3894 ἱιι·
1175 3845 1410 3910 prioratu
1452 3846 1757 3899 immediate
1784 3850 2127 3911 successisse,

631 3909 858 3987 ideoque
888 3910 1117 3987 .ab_l_ioc
1162 3909 1365 3987 Joanne
1410 3915 1682 3987 distengui,
1718 3927 1898 3984 utpote
1929 3920 2019 3987 qui
2065 3909 2129 3971 ert

629 3980 932 4033 obedieulia
985 3980 1229 4048 Lipraudi
1287 3984 1479 4049 prioris
1530 3980 1701 4037 Vitam
1750 3980 1989 4041 Dauliaui
2038 3992 2131 4041 de-

629 4051 864 4117 scripsit.
898 4050 979 4102 12.
1012 4050 1211 4104 Eadem
1248 4049 1362 4103 Vita
1396 4063 1513 4116 post
1542 4066 1761 4107 mortem
1811 4058 1866 4110 S.
1906 4056 2131 4112 Joannis

633 4117 929 4196 l_.aude_nsis
969 4131 1186 4196 eral-ala
1223 4123 1540 4196 ostenditur.
1579 4123 1659 4175 l5.
1698 4125 1813 4178 Alia
1853 4129 2130 4196 utriusque

630 4187 855 4241 Joaimis
884 4190 1214 4241 discrimina.
1252 4190 1333 4242 ll.
1365 4191 1666 4246 Conclusio.
1709 4196 1793 4248 15.

634 4298 674 4351 l.
710 4297 773 4352 Ut
815 4297 1030 4351 Petrum
1062 4297 1377 4352 Damianum
1418 4300 1560 4355 velut
1600 4302 2025 4361 Carualdulensis
2052 4307 2133 4361 in-

558 4390 730 4443 stituti
762 4398 1083 4443 sectatorem
1115 4391 1478 4459 agnoscimus,
1527 4410 1589 4448 ac
1634 4394 1689 4447 S.
1738 4395 1795 4448 P.
1847 4397 2131 4452 Romualdi

561 4482 886 4536 imitatorem
918 4485 1240 4553 prwcipnum
1269 4486 1716 4555 suSpicimtts,ila
1753 4505 1959 4543 summa
2004 4505 2130 4561 erga

2231 3316 2447 3371 noster,
2494 3326 2511 3357 ι
2563 3318 2793 3375 utroque
2834 3308 3123 3362 immature
3162 3312 3384 3363 orbatus
3415 3320 3665 3379 parente,
3699 3310 3819 3365 fra-

2232 3407 2395 3451 terna:
2427 3413 2569 3452 cura:
2597 3399 2816 3452 relictus
2847 3406 2949 3464 est,
2984 3408 3037 3453 et
3068 3416 3205 3454 unus
3231 3400 3494 3470 ipsorum,
3532 3404 3621 3472 qui
3654 3414 3816 3459 atrox

2230 3488 2370 3541 inter
2397 3497 2622 3542 ctelcros
2658 3489 2900 3543 honestis
2940 3488 3182 3543 moribus
3225 3492 3478 3558 praeditos
3512 3493 3611 3545 sub
3649 3493 3817 3546 ovina

2229 3576 2367 3645 pelle
2406 3574 2635 3640 latebat,
2683 3575 3021 3631 fraudulenta
3063 3594 3207 3632 nunc
3237 3579 3438 3648 pietate
3460 3595 3558 3648 pro
3585 3590 3817 3649 paterna

2231 3666 2367 3728 vice.
2396 3682 2518 3720 eum
2551 3668 2650 3721 sibi
2680 3669 3017 3722 educandum
3049 3672 3308 3740 suscepit,
3334 3680 3497 3740 atque
3536 3674 3661 3726 dum
3708 3675 3817 3730 sibi

2228 3761 2565 3813 eolucredem
2597 3761 2852 3830 adoptare
2882 3776 2939 3815 se
2973 3762 3143 3831 lingit,
3184 3763 3316 3818 dine
3342 3765 3487 3818 velut
3508 3766 3817 3832 emptitium

2232 3848 2476 3901 servituti
2518 3850 2756 3903 addicit:
2806 3852 2894 3904 cui
2941 3853 3083 3905 socia
3129 3852 3323 3921 conjux
3375 3854 3647 3921 haerebat,
3691 3872 3818 3925 quae

2233 3941 2391 3994 nullis
2415 3944 2627 4011 pictatis
2653 3944 2948 3999 visceribus
2973 3946 3038 3998 ab
3066 3945 3208 3999 illius
3234 3949 3437 4001 smvitia
3461 3947 3758 4003 differebat.
3790 3968 3810 4001 ι

2234 4034 2289 4087 Si
2323 4035 2467 4088 enim
2497 4035 2631 4088 duos
2661 4034 2859 4089 fratres
2880 4036 3160 4091 habuisset
3186 4036 3375 4091 Petrus
3398 4048 3599 4103 noster,
3627 4040 3819 4108 utique

2230 4138 2417 4177 eorum
2443 4123 2716 4193 unus,qui
2754 4124 2927 4193 primo
2955 4139 3076 4178 eum
3119 4125 3365 4179 alendum
3409 4128 3663 4195 suscepit,
3704 4145 3816 4183 non

2232 4226 2385 4267 atrox
2431 4217 2565 4269 inter
2605 4226 2837 4280 ca'teros,
2879 4217 2972 4270 sed
3003 4227 3155 4270 utroa'.
3178 4234 3285 4286 pro:
3328 4218 3434 4271 alio
3472 4219 3555 4273 vel
3582 4222 3820 4274 atrocior

2235 4306 2399 4359 altera
2447 4307 2875 4370 describeretur;
2923 4307 3122 4360 iudicat
3163 4323 3292 4376 ergo
3335 4309 3468 4363 Vitae
3512 4309 3655 4365 Petri
3709 4313 3822 4365 Da-
3908 4326 3913 4337 '

2235 4397 2398 4450 niiani
2446 4398 2703 4467 scriptor,
2754 4408 2949 4467 prtcler
2986 4399 3130 4452 hunc
3179 4401 3422 4466 fratrem,
3470 4402 3623 4471 cujus
3667 4418 3820 4460 cum:

2232 4488 2426 4541 Petrus
2454 4489 2776 4542 connnissns
2806 4496 2907 4548 est,
2940 4487 3073 4541 alios
3114 4490 3276 4542 etiam
3321 4499 3428 4542 tum
3459 4492 3779 4560 superstites
3800 4534 3817 4558 ,

561 4569 711 4623 illum
739 4572 1018 4625 devotione
1044 4572 1325 4640 allicimur,
1349 4575 1569 4644 ejusque
1592 4580 1989 4633 venerationem
2013 4596 2129 4649 pro-
2154 4586 2206 4645 ι)
2238 4580 2343 4632 imo
2371 4587 2426 4632 et
2454 4587 2741 4647 praesentes
2781 4576 2944 4631 fuisse
2962 4619 2976 4640 ,
3008 4578 3100 4631 sed
3130 4578 3269 4631 inter
3293 4578 3390 4633 hos
3422 4584 3821 4651 computandas

562 4662 768 4716 moveri
817 4678 1157 4732 sunnnopere
1204 4670 1517 4734 gaudemus.
1570 4669 1809 4738 Magnam
1861 4672 2060 4726 idcirco
2099 4689 2128 4727 a

561 4750 715 4805 nobis
741 4755 966 4821 gratiam
998 4756 1202 4809 iniisset
1230 4756 1575 4823 Laden-hius,
1609 4762 1650 4813 si
1685 4770 1736 4814 ct
1765 4765 2127 4819 commodiore

561 4842 699 4912 stle
741 4845 941 4913 egregii
990 4846 1145 4915 hujus
1176 4848 1408 4902 doctoris
1440 4848 1611 4903 Vitam
1641 4854 1686 4904 de
1708 4853 1943 4908 scribere
1985 4864 2127 4909 esset

561 4949 865 5002 aggressus.
893 4946 947 4989 et
973 4938 1039 4990 ab
1063 4940 1205 4991 υιιιιιί
1235 4939 1484 4994 flsitatis
1508 4958 1657 4996 nazvo
1680 4946 1921 4998 eamdem
1947 4960 2130 5016 repur-

561 5033 761 5093 gasset.
799 5024 1031 5091 Verum,
1058 5037 1198 5082 utea
1230 5045 1407 5083 rerum
1446 5042 1529 5085 est
1556 5032 1906 5087 lnnnauarmn
1949 5037 2131 5091 condi-

564 5115 657 5177 tio,
689 5130 808 5183 qua:
835 5117 1023 5183 primis
1063 5133 1333 5186 nunquam
1362 5122 1645 5174 conatibus
1670 5123 1924 5177 absolute
1951 5126 2131 5194 perfe-

561 5207 756 5261 ctionis
806 5211 1152 5276 assequendae
1202 5222 1437 5277 sortem,
1493 5213 1573 5268 vel
1628 5230 1775 5283 spem
1828 5218 2130 5288 relinquere

562 5300 721 5361 solet,
749 5302 842 5353 sed
873 5302 1035 5356 multa
1075 5316 1289 5372 semper
1328 5305 1472 5358 curis
1517 5308 1766 5361 secundis
1794 5311 2127 5365 emendanda

564 5391 870 5449 committit.
899 5391 968 5443 ita
997 5408 1098 5445 non
1129 5394 1343 5456 mirum,
1373 5394 1416 5448 si
1441 5393 1769 5450 Laderehins
1789 5398 1919 5466 ipse,
1944 5400 2129 5468 prima:

562 5478 688 5533 huic
736 5479 975 5533 historiae
1023 5495 1132 5533 suit:
1178 5482 1397 5536 editioni
1446 5501 1549 5537 non
1599 5487 1879 5541 admodum
1936 5489 2126 5555 lidens,

564 5573 788 5627 alterrm
819 5588 877 5627 se
911 5576 1275 5629 exhibitura”
1310 5577 1587 5644 pollicetur
1622 5580 1706 5649 (in
1752 5582 2131 5639 Admonitione

566 5663 632 5715 ad
662 5663 912 5718 lectorem
944 5664 1059 5733 ejus
1090 5667 1247 5720 iudici
1279 5668 1550 5741 subnexa)
1592 5671 1783 5741 Majori
1826 5675 2127 5744 diligentia,

566 5761 614 5805 et
658 5754 968 5806 accuratiori
1014 5756 1216 5823 studio,
1252 5773 1446 5812 necnon
1492 5760 1542 5812 in
1591 5761 1846 5831 aliquibus
1896 5775 2125 5821 «artant.

2236 4684 2341 4722 non
2386 4682 2506 4721 esse
2552 4667 2842 4720 Damianns
2887 4666 3323 4735 archipresbyter
3355 4668 3593 4732 videtur;
3654 4685 3810 4734 nam,

2234 4768 2293 4813 ut
2319 4758 2482 4812 refert
2510 4758 2837 4811 Ladcrehius
2866 4772 2989 4827 pag.
3017 4756 3089 4808 22
3114 4775 3126 4809 :
3175 4776 3191 4806 ι
3232 4758 3492 4812 Abfuerat
3532 4760 3577 4814 is
3605 4760 3819 4829 aliquot

2232 4864 2403 4903 annos
2430 4864 2457 4901 a
2486 4849 2677 4916 patria,
2707 4848 2773 4900 ad
2802 4862 2962 4916 quam
2992 4862 3241 4902 reversus
3269 4846 3409 4903 Petri
3441 4847 3627 4904 fratris
3652 4850 3818 4906 mise-

2236 4949 2385 4993 ratus
2430 4953 2716 5003 arruumas,
2764 4949 2990 5007 paterno
3027 4946 3199 4993 tactus
3226 4954 3442 5005 amore,
3487 4955 3611 4993 mox
3659 4939 3817 4997 illum

2232 5028 2432 5082 exemit
2470 5027 2536 5081 de
2583 5026 2871 5081 miserabili
2912 5027 3202 5092 servitute,
3248 5028 3401 5082 novis
3439 5027 3611 5081 induit
3646 5030 3818 5083 vesti-

2231 5118 2447 5181 mentis,
2481 5127 2532 5171 et
2561 5120 2624 5171 ad
2650 5118 2889 5171 scholam
2923 5118 3087 5182 misit,
3129 5136 3146 5169 ι
3180 5128 3304 5181 ete.,
3339 5121 3480 5188 quod
3520 5119 3706 5188 utique
3742 5119 3816 5174 ab

2235 5209 2382 5262 initio
2408 5208 2680 5277 piissimus
2727 5208 3165 5278 archipresbyter
3205 5219 3489 5264 exsecutus
3536 5220 3710 5273 esset,
3766 5212 3815 5266 si

2236 5316 2416 5353 coram
2463 5300 2750 5364 adfuisset;
2782 5314 2908 5369 ergo
2951 5300 2995 5353 si
3042 5299 3299 5354 Damiano
3337 5297 3816 5373 archipresbytero

2235 5392 2453 5446 fratrem
2484 5392 2627 5445 illum
2660 5403 2972 5452 nxoratum,
3018 5407 3046 5445 a
3093 5408 3200 5462 quo
3233 5402 3339 5445 tam
3369 5394 3677 5447 immaniter
3714 5393 3816 5449 Pe-

2238 5494 2350 5539 trus
2382 5485 2596 5538 habitus
2625 5492 2727 5545 est,
2760 5482 3165 5551 conjungamus,
3194 5493 3247 5539 et
3275 5485 3407 5540 duos
3433 5485 3625 5539 saltem
3653 5484 3811 5551 alios,

2231 5575 2426 5642 quibus
2452 5575 2592 5627 lninc
2620 5572 2948 5641 comparavit
2976 5571 3209 5627 Joannes
3243 5573 3374 5627 Vitae
3402 5573 3651 5642 scriptor,
3680 5576 3813 5629 dum

2230 5669 2363 5722 inter
2390 5677 2601 5721 ca'teros
2632 5667 2857 5720 honestis
2881 5667 3110 5720 moribus
3138 5667 3384 5736 pra'ditos
3410 5677 3638 5739 atrocem
3672 5685 3813 5720 nun-

2231 5761 2463 5833 Cupavil,
2490 5774 2627 5831 quos
2660 5758 2823 5815 fuisse
2852 5768 3003 5829 puto,
3036 5758 3261 5813 alterum
3298 5759 3510 5828 quidem
3542 5758 3811 5813 Marinum
