4040 6394
282 336 332 392 8|
1130 318 1676 379 PROLEGOMENA.
1706 346 1773 357 -—
1802 314 1891 375 DE
1933 309 2311 369 lNSTlTUTO
2346 307 2727 367 CAMALDUL
3519 303 3589 361 8!

285 474 311 509 ε
354 454 545 504 sancto
600 446 822 502 doctore
870 436 1192 502 laudatum,
1247 438 1481 492 alterum
1529 448 1661 488 vero
1715 429 1876 502 paulo
1906 435 1951 494 Α
1982 438 2038 483 ιιι
2079 442 2146 481 ex
2187 423 2413 496 Morigia
2442 438 2606 494 supra
2653 422 3069 477 observavinms
3087 434 3209 491 pag.
3249 417 3316 474 6d
3366 428 3421 474 et
3467 418 3590 509 Dis;

284 542 531 610 majorem
562 548 695 596 natu
732 539 844 608 ipso
868 534 1054 598 Petro,
1082 532 1174 604 qui
1201 531 1413 586 cmteris
1438 528 1700 583 fratribus
1730 525 1871 579 invi-

287 638 425 698 dens,
455 630 699 702 querelis
733 628 845 683 suis
890 627 943 681 in
989 639 1152 680 causa
1200 622 1332 687 fuit,
1360 636 1463 676 cur
1489 628 1665 675 mater
1694 618 1872 687 ipsum

286 718 494 784 Petrum
521 722 814 777 immature
842 718 1173 774 oblactatum
1204 714 1369 784 impie
1401 713 1708 773 desereret,
1743 723 1872 762 nar-

285 813 515 876 ranteid
559 812 750 867 eodem
791 808 1001 865 Joanne
1047 807 1317 876 scriptore
1361 804 1497 861 Vitae
1531 801 1705 857 sancti
1735 799 1873 866 viri,

284 910 497 980 ejusque
524 904 787 974 discipulo
816 902 953 973 apud
984 898 1347 955 Ladercbium
1378 911 1503 981 pag.
1536 895 1603 949 17
1630 911 1644 948 :
1687 910 1708 944 ι
1737 890 1875 947 Cum

284 1000 413 1058 enim
454 1011 596 1052 unus
642 996 970 1058 liberorum,
1017 990 1110 1062 qui
1157 999 1286 1043 tunc
1311 986 1425 1057 jam
1456 981 1875 1057 grandiusculus

283 1086 626 1148 adoleverat,
681 1094 1008 1152 conquestus
1060 1078 1431 1136 exclamaret:
1476 1075 1620 1130 Proh
1659 1073 1872 1143 pudor!

282 1199 396 1239 ecce
421 1182 543 1252 jam
570 1190 649 1235 tot
678 1194 887 1242 sun.us,
920 1187 975 1230 ut
1007 1176 1060 1232 in
1096 1176 1201 1230 hac
1223 1175 1384 1228 domo
1414 1170 1501 1224 vix
1537 1169 1817 1240 capimur,
1850 1184 1871 1219 ι

281 1283 377 1330 etc.
414 1272 663 1339 Quatuor
709 1270 953 1341 profecto
980 1265 1199 1329 fratres,
1247 1272 1397 1319 certe
1426 1260 1610 1331 plures
1639 1259 1873 1321 duobus,

282 1365 529 1423 habuisse
564 1362 781 1419 Petrum
812 1359 1079 1422 Damiani,
1112 1356 1269 1412 fateri
1305 1367 1527 1410 necesse
1551 1352 1676 1407 erit.

345 1456 423 1510 Ill.
455 1454 710 1509 Secundo
740 1451 965 1521 insignis
990 1458 1093 1513 est,
1123 1456 1181 1501 nt
1209 1446 1417 1516 optime
1447 1441 1679 1511 Sejanus
1709 1441 1877 1496 etiam

282 1545 679 1609 animadvertit,
722 1541 1075 1597 ha'lucinat‘lo
1103 1552 1313 1603 eorum,
1360 1550 1499 1608 quos
1542 1533 1879 1589 Laderchius

281 1642 408 1696 bona
443 1637 550 1691 tide
578 1643 794 1691 secutus
822 1643 901 1687 est
930 1632 1023 1686 lib.
1059 1646 1099 1695 ι,
1130 1644 1250 1699 cap.
1280 1629 1365 1691 H,
1398 1642 1551 1681 num.
1575 1625 1630 1691 3,
1658 1624 1878 1679 tradens

282 1731 337 1787 S.
368 1728 585 1784 Claram
619 1725 882 1796 virginem
912 1721 1254 1785 Assisiatem,
1296 1718 1356 1772 D.
1408 1715 1689 1771 Francisci
1719 1729 1877 1770 soro-

1978 525 2107 574 sert.
2150 531 2235 580 ιιι,
2275 484 2400 586 pag.
2430 484 2526 580 tl,
2563 512 2797 569 caeruleo
2843 511 3065 582 palliolo
3088 484 3388 567 uterentur
3434 530 3447 567 :
3493 484 3591 582 qui

1976 606 2147 671 color,
2202 621 2327 661 cum
2367 605 2510 676 apud
2556 602 2720 658 Italos
2748 603 2969 657 caelestis
3018 602 3346 673 appelletur,
3395 616 3590 657 ansam

1976 698 2182 770 ignarae
2220 696 2367 769 plebi
2423 693 2624 751 otl'erre
2674 694 2887 764 potuit,
2930 702 2992 748 ut
3043 692 3217 749 nostri
3268 690 3596 748 Avellanita

1977 792 2247 849 leestini
2305 792 2544 863 primum
2613 790 2945 861 nuncupari‘
2985 789 3332 861 inciperent,
3394 789 3597 847 deinde

1977 886 2199 957 ipsimet
2246 885 2361 940 veri
2411 882 2680 939 Calatini
2730 899 2832 953 pro
2888 883 3221 939 Avellanitis
3262 883 3482 955 accipi.
3539 891 3598 942 et

1976 976 2146 1033 veluti
2180 993 2208 1032 a
2241 975 2407 1032 Petro
2457 978 2727 1033 Damiano
2773 986 2831 1032 et
2881 976 2985 1048 ipsi
3043 976 3332 1048 propagati
3373 976 3595 1040 forent.

1977 1067 2205 1139 ejusque
2233 1066 2500 1137 Regulam
2530 1076 2901 1138 sequerentur
2925 1110 2941 1134 ,
2988 1067 3208 1124 Ordinis
3238 1068 3300 1126 8.
3336 1068 3595 1125 Damiani

1977 1159 2163 1214 vocari
2196 1173 2225 1211 a
2257 1158 2535 1213 nonnullis
2562 1159 2976 1214 consueverint.

2052 1246 2120 1303 V.
2157 1248 2367 1317 Quarto
2417 1250 2565 1305 circa
2625 1249 2979 1305 Theuzonem
3036 1251 3335 1306 Eremitam
3391 1251 3596 1308 nedum

1977 1340 2188 1396 fallitur
2214 1340 2573 1406 Laderchius,
2610 1341 2760 1411 quod
2801 1341 2954 1397 illmn
2999 1342 3293 1399 Florentiae
3335 1359 3460 1399 cum
3497 1343 3599 1400 Pe-

1979 1442 2066 1489 tro
2094 1433 2360 1489 Damiano
2390 1433 2719 1490 collocutum
2761 1445 2945 1507 neget,
2984 1445 3175 1492 contra
3214 1435 3434 1491 Baronii
3468 1452 3598 1493 sen-

1982 1526 2231 1590 tentiam,
2262 1540 2294 1579 a
2339 1524 2543 1597 Sejano
2592 1528 2800 1597 optime
2830 1528 3185 1595 vindicatam,
3228 1528 3323 1583 sed
3375 1528 3601 1599 insuper

1980 1616 2462 1672 animadversione
2511 1618 2733 1689 dignum
2788 1628 2893 1683 est,
2926 1618 3122 1674 falsum
3164 1634 3287 1675 esse
3330 1620 3476 1689 quod
3507 1620 3602 1675 Al-

1982 1707 2109 1763 bizo
2139 1707 2287 1764 Petri
2312 1708 2563 1763 Damiani
2590 1725 2799 1773 comes,
2820 1710 2986 1766 fuerit
3014 1709 3260 1779 ejusdem
3292 1710 3600 1768 Theuzonii

284 1836 414 1884 rem,
442 1817 645 1889 regulae
689 1792 747 1870 8.
778 1815 923 1869 Petri
966 1812 1209 1868 Damiani
1255 1823 1453 1866 nomen
1484 1808 1722 1872 dedisse,
1753 1806 1879 1876 quia
1910 1792 1958 1853 Β
1987 1801 2173 1863 abbas.
2204 1811 2266 1856 ut
2316 1810 2505 1858 noster
2552 1802 2874 1866 historicus,
2929 1802 3132 1873 Sejano
3186 1801 3600 1868 corisentiente.

280 1930 306 1968 a
334 1910 597 1980 Gregorio
622 1908 692 1962 IX
722 1919 832 1961 tum
865 1907 977 1976 ipsa
996 1946 1011 1971 ,
1048 1916 1158 1958 tum
1190 1902 1308 1972 ejus
1336 1916 1554 1957 sorores
1579 1900 1781 1954 ordinis
1813 1898 1875 1954 8.

280 2004 524 2059 Damiaui
554 1999 930 2071 appellantur:
964 1996 1244 2050 enimvero
1275 1994 1348 2049 ibi
1376 1993 1441 2047 de
1465 1992 1658 2046 ordine
1688 2006 1880 2045 mona-

280 2095 423 2150 sterii
456 2092 520 2147 S.
551 2090 799 2146 Damimti
832 2088 1084 2157 Martyris
1111 2100 1275 2157 prope
1312 2085 1579 2141 Assisium
1616 2081 1879 2137 exstructi

278 2203 452 2245 sermo
480 2195 591 2247 est,
622 2201 729 2240 non
759 2184 824 2239 de
852 2182 1284 2237 institutionibus
1318 2178 1380 2234 8.
1414 2176 1564 2233 Petri
1607 2177 1876 2240 Dumiani,

279 2291 327 2333 ut
363 2278 709 2350 perspicuum
740 2284 821 2330 est
868 2290 935 2329 ex
970 2272 1140 2327 Bullis
1182 2287 1213 2326 a
1262 2270 1533 2341 Wadingo
1579 2268 1768 2324 relatis
1813 2266 1882 2322 ad

279 2376 431 2429 finem
466 2370 598 2425 tomi
637 2369 654 2423 1
701 2378 756 2424 et
794 2368 836 2422 ll
867 2366 1161 2422 Annalium
1194 2364 1482 2418 Minorum.
1520 2361 1879 2416 Verissimnm

276 2476 353 2522 est
381 2470 585 2527 tamen,
615 2459 877 2516 monialcs
913 2457 971 2513 S.
1018 2457 1193 2514 Clarae
1228 2470 1325 2526 per
1354 2453 1641 2529 duodecim
1686 2450 1880 2506 saltem

279 2571 477 2623 annos,
534 2569 733 2623 nempe
778 2552 847 2605 ab
891 2565 1035 2604 anno
1079 2547 1222 2603 1212
1263 2546 1328 2601 ad
1372 2545 1513 2601 1224
1560 2542 1883 2615 (nonnullas

276 2648 434 2706 etiam
465 2658 641 2713 usque
664 2643 732 2697 ad
760 2640 919 2705 £239,
948 2650 1009 2694 ut
1036 2637 1281 2694 ostendit
1308 2637 1615 2706 Wadingus
1644 2633 1766 2690 loco
1800 2633 1881 2688 ci-

279 2748 406 2799 tato,
436 2746 491 2791 et
523 2735 815 2789 continuat
839 2730 1134 2786 Jacobillus
1168 2738 1300 2784 tom.
1329 2727 1416 2799 Ill)
1449 2724 1693 2797 regulam
1725 2722 1784 2779 8.
1816 2720 1879 2778 P.

278 2826 584 2891 Benedicti,
630 2836 685 2878 et
728 2822 975 2878 ordinem
1013 2820 1372 2876 monasticum
1418 2817 1738 2889 professas;
1781 2828 1884 2871 nec

282 2919 471 2974 desunt
495 2916 591 2986 qui
622 2915 687 2969 ad
726 2911 1142 2970 Catualduleuse
1187 2911 1495 2966 institutum
1538 2907 1659 2962 illas
1694 2921 1791 2977 per
1830 2905 1884 2960 id

282 3021 488 3081 tempus
518 3008 838 3063 referendas
874 3021 995 3062 esse
1023 3005 1380 3070 arbitrentur,
1423 3019 1528 3059 non
1560 3001 1780 3072 quidem
1812 2999 1883 3055 ob

280 3102 515 3171 regulam
541 3099 601 3155 S.
634 3098 780 3153 Petri
811 3097 1055 3153 Damiani
1078 3137 1094 3162 ,
1138 3096 1225 3152 cui
1258 3110 1455 3151 nomen
1484 3093 1757 3158 dederint,
1786 3092 1881 3148 sed

1982 1889 2077 1947 lib.
2114 1908 2174 1947 ιιι
2204 1907 2327 1963 cap.
2374 1894 2432 1959 5,
2465 1910 2614 1949 num.
2645 1894 2700 1959 9,
2735 1896 2993 1950 asseruit.
3046 1896 3203 1951 liuim
3240 1914 3371 1953 vero
3418 1898 3603 1953 nullus

1979 1982 2174 2039 Alhizo
2201 1984 2372 2040 abbas
2425 1986 2766 2041 monasterio
2809 1987 2866 2041 S.
2902 1985 3087 2041 Maria:
3122 1986 3418 2044 Florentiae
3465 2003 3603 2057 prmo

1982 2074 2107 2139 fuit,
2123 2074 2218 2130 sed
2233 2074 2546 2131 Theuzonis
2572 2084 2819 2147 tempore
2838 2076 3037 2132 Petrus
3058 2078 3430 2133 eratabbatiae
3457 2078 3604 2134 illius

1983 2168 2309 2241 prtefeetus,
2343 2178 2405 2223 ut
2444 2168 2644 2225 docent
2684 2179 3039 2226 monumenta
3073 2187 3104 2225 a
3137 2170 3451 2228 Puccinello
3502 2174 3602 2227 ad-

1984 2261 2146 2316 ducta
2207 2260 2263 2314 in
2320 2260 2566 2329 ejusdem
2616 2261 2854 2317 cmnobii
2913 2260 3205 2335 Cbronicis
3265 2277 3411 2318 anno
3460 2262 3604 2318 ιδδι

1983 2352 2183 2418 editis;
2213 2361 2271 2406 et
2316 2365 2450 2407 sane
2504 2353 2675 2407 verba
2714 2350 2864 2407 Petri
2918 2351 3169 2408 Dainiani
3204 2353 3257 2408 in
3309 2353 3474 2422 epist.
3507 2353 3600 2416 50,

1983 2443 2079 2499 lib.
2110 2459 2186 2509 vt,
2225 2444 2293 2498 ad
2348 2444 2730 2510 Theuzonem,
2764 2445 2881 2500 sive
2916 2445 2968 2499 in
3026 2461 3217 2517 opusc.
3264 2462 3318 2502 ιι
3374 2446 3451 2502 nil
3498 2446 3605 2502 tale

1985 2534 2302 2605 significant
2342 2553 2355 2590 :
2395 2553 2415 2589 ς
2457 2534 2555 2591 Vix
2589 2537 2833 2601 denutm,
2880 2538 3081 2607 inquit,
3108 2546 3367 2609 tanquam
3401 2540 3607 2611 impor-

1986 2636 2117 2684 tune
2147 2629 2348 2700 capitis
2375 2629 2615 2685 bominis
2644 2630 2871 2685 admissi
2895 2646 3086 2686 sumus
3111 2631 3435 2701 (Damianus
3456 2633 3603 2687 enim

1986 2720 2122 2777 mihi
2156 2730 2289 2778 tunc
2317 2721 2511 2777 Albizo
2538 2721 2902 2788 adhaarebatt,
2935 2723 3130 2778 intenti
3157 2732 3340 2779 autem
3361 2765 3375 2787 ,
3407 2733 3465 2777 et
3495 2738 3605 2779 non

1986 2814 2345 2870 mediocriter
2370 2815 2514 2870 avidi
2536 2814 2921 2871 :editicationis
2957 2816 3286 2871 documenta
3319 2816 3607 2886 suscipere

1975 2909 2240 2979 .protinus
2288 2909 2343 2964 in
2375 2909 2495 2980 ipso
2542 2918 2747 2964 mutuae
2787 2909 3101 2965 collationis
3144 2910 3375 2965 exordio
3425 2909 3606 2965 coacti

1987 3016 2180 3057 sumus
2225 2999 2491 3072 jurgiosis
2536 3000 2865 3071 quibusdam
2923 3000 3376 3057 contentionibus
3417 2999 3607 3055 deser-

1987 3094 2125 3160 vire,
2168 3114 2186 3146 ι
2221 3103 2329 3149 etc.
2370 3092 2470 3150 Ubi
2497 3101 2649 3164 patet
2683 3092 2750 3148 de
2800 3108 2882 3161 se,
2920 3102 2975 3148 et
3012 3092 3311 3157 Albizone,
3341 3100 3606 3160 tanquam

278 3196 343 3251 ob
376 3191 793 3249 constitutiones
835 3188 1314 3254 Camaldnlenscs,
1358 3202 1497 3259 quas
1543 3186 1649 3241 illis
1688 3186 1881 3241 obser-
1910 3158 1955 3222 (ἶ
1989 3184 2199 3240 itineris
2250 3183 2422 3251 socio,
2455 3193 2511 3240 et
2539 3183 2791 3254 colloquii
2837 3192 3136 3248 consorte,
3185 3197 3294 3237 non
3342 3192 3607 3252 tanquam

212 3288 229 3297 '
280 3286 478 3339 vandas
520 3281 936 3354 praescripserat
964 3280 1265 3336 cardinalis
1304 3288 1492 3334 noster
1538 3276 1878 3349 Hugolinus,

278 3376 365 3446 qui
394 3376 583 3445 (juxta
613 3372 968 3442 Jacobitlum)
998 3388 1066 3427 ex
1104 3371 1301 3427 abbate
1335 3370 1654 3426 monasterii
1688 3369 1743 3426 8.
1778 3369 1883 3425 Silo

278 3467 434 3521 vestri
468 3465 537 3521 de
569 3464 751 3520 Monte
780 3463 1034 3529 Subasio,
1067 3479 1097 3518 a
1131 3462 1189 3519 S.
1224 3463 1387 3518 Patre
1416 3461 1719 3517 Romualdo
1747 3475 1883 3516 con-

277 3558 489 3621 structi,
523 3567 581 3611 et
607 3555 709 3610 sub
728 3556 919 3611 ordine
940 3554 1340 3612 Camaldulensi
1367 3563 1494 3610 tunc
1515 3555 1679 3611 etiam
1704 3554 1884 3625 vigen-

280 3649 367 3713 tis,
396 3648 462 3703 ad
492 3663 793 3719 purpuram
831 3647 1010 3702 fuerat
1043 3657 1332 3711 evocatus;
1369 3654 1424 3701 et
1450 3655 1599 3700 certe
1630 3645 1885 3700 videntur

277 3740 522 3796 Clarissa:
560 3755 628 3795 ex
677 3738 1173 3795 Camaldulensium
1222 3739 1528 3795 imitatione
1563 3738 1884 3793 inclusionis

279 3832 446 3901 legem
477 3848 580 3904 per
610 3832 663 3887 id
698 3842 905 3903 tempus
933 3847 1202 3899 servasse,
1240 3832 1385 3887 unde
1415 3831 1558 3887 idem
1586 3830 1885 3887 cardinalis

281 3921 607 3994 llugolinus,
654 3934 842 3994 postea
874 3923 1170 3995 Gregorius
1200 3922 1292 3988 IX,
1332 3939 1526 3977 earum
1550 3922 1882 3994 privilegiis,

280 4011 547 4084 Wadingo
575 4022 715 4067 teste
741 4014 792 4067 in
818 4014 1171 4085 Apologetico
1192 4013 1258 4069 de
1281 4014 1603 4069 Monachatu
1628 4013 1686 4069 S.
1710 4014 1872 4069 Fran-

278 4102 423 4165 cisci,
459 4112 601 4158 sect.
634 4101 687 4166 6,
717 4102 744 4173 δ
773 4102 823 4166 5,
858 4119 1007 4157 num.
1038 4105 1093 4169 9,
1120 4105 1261 4158 hanc
1291 4103 1589 4158 clausulam
1624 4104 1882 4159 insertam

281 4193 483 4249 voluit:
523 4212 542 4245 ς
577 4192 725 4249 Ordo
765 4195 1119 4259 monasticus,
1145 4195 1236 4264 qui
1269 4196 1566 4249 secundum
1603 4196 1768 4249 Deum
1792 4235 1806 4259 ,
1832 4205 1887 4248 et

283 4281 419 4338 beati
444 4283 730 4339 Benedicti
759 4285 1017 4355 regulam,
1047 4294 1104 4339 at
1123 4300 1212 4353 jue
1241 4285 1640 4341 institutionem
1676 4287 1887 4339 monia—

281 4371 405 4427 lium
437 4388 781 4430 lSCLUSAltt‘ll
805 4392 849 4429 s.
880 4391 1099 4430 omnm
1125 4391 1439 4439 asmsu'ns,
1466 4376 1744 4430 institutus
1764 4391 1888 4431 esse

1986 3274 2301 3331 Theuzonis
2333 3276 2506 3345 ipsius
2533 3275 2763 3346 przelato
2787 3274 2971 3344 loqui;
3006 3281 3206 3351 etcum
3232 3271 3373 3327 infra
3407 3273 3559 3328 addit
3590 3288 3606 3326 :

1995 3384 2015 3419 ι
2046 3367 2223 3423 Erant
2249 3368 2451 3440 quippe
2482 3367 2627 3423 inter
2659 3382 2741 3432 se,
2781 3375 2835 3421 et
2872 3364 3130 3422 abbatem
3180 3366 3257 3420 tui
3285 3367 3606 3422 monasterii

1985 3474 2096 3515 non
2138 3458 2364 3515 ferenda
2412 3458 2686 3526 simultas,
2714 3468 2771 3515 et
2822 3458 3131 3514 inveterata
3180 3457 3479 3513 discordia.
3515 3456 3609 3513 Ille

1985 3552 2173 3624 igitur,
2202 3560 2393 3623 utpote
2422 3551 2666 3616 virtutis,
2708 3566 2773 3607 ac
2820 3548 3088 3621 simplicis
3118 3548 3325 3613 animi,
3353 3536 3608 3618 sponsio-

1984 3645 2147 3699 nibus
2178 3644 2290 3698 suis
2318 3652 2514 3698 cuncta
2538 3642 2715 3711 dignae
2745 3639 3168 3707 satisfactionis,
3193 3650 3249 3695 et
3279 3640 3611 3696 humilitatis

1981 3734 2107 3807 jura
2134 3735 2499 3800 transcendit,
2531 3744 2588 3791 et
2641 3749 2742 3789 nos
2772 3734 2851 3806 (id
2879 3742 2967 3789 est
3014 3733 3193 3803 ipsum
3246 3732 3471 3787 Petrum
3506 3733 3610 3787 Da-

1986 3834 2252 3897 mianum,
2296 3840 2353 3888 et
2382 3831 2704 3887 Albizonem
2754 3829 3039 3899 comitem)
3072 3828 3345 3899 sequestri
3382 3826 3611 3883 foederis

1987 3925 2130 3979 inter
2162 3939 2222 3979 se
2258 3932 2315 3979 et
2344 3932 2395 3978 te
2421 3932 2777 3979 exsecutores
2806 3920 3074 3976 instituit.
3094 3919 3299 3976 Verum
3333 3935 3432 3975 nos
3478 3919 3609 3975 dum

1985 4014 2183 4069 alienis
2211 4013 2471 4069 amicitiis
2498 4011 2803 4068 inconsulte
2847 4011 3208 4074 consulimus,
3249 4029 3267 4063 ι
3303 4018 3411 4065 etc.
3458 4009 3597 4065 Per-

1987 4108 2234 4176 spicuum
2273 4105 2510 4171 videtur,
2539 4105 2798 4160 abbatem
2834 4102 3151 4159 Theuzonis
3172 4102 3453 4157 diversum
3485 4116 3613 4157 esse

1988 4201 2057 4255 ab
2086 4208 2321 4269 utroque
2347 4200 2499 4269 pacis
2527 4200 2672 4254 inter
2702 4198 2850 4269 ipsos
2904 4196 3264 4251 conciliandae
3293 4204 3611 4264 sequestro,

1990 4291 2257 4345 Damiano
2286 4290 2589 4355 videlicet,
2634 4299 2691 4347 et
2745 4290 3034 4345 Albizoue.
3080 4287 3148 4344 Ut
3202 4288 3335 4343 nihil
3385 4287 3611 4344 addam.

1989 4384 2135 4454 quod
2167 4383 2361 4439 Albizo
2393 4385 2498 4439 iste
2533 4398 2642 4438 non
2671 4382 2865 4447 abbas,
2895 4382 2990 4437 sed
3038 4381 3271 4437 eremita
3318 4379 3522 4447 fuerat,
3553 4389 3615 4439 ut

280 4460 636 4534 dignoscitur.
679 4484 697 4516 ι
733 4464 911 4532 Quare
933 4481 1001 4519 ex
1046 4464 1306 4521 D.Glar:e
1352 4465 1583 4530 familia,
1626 4464 1868 4533 ejusdem

1991 4483 2142 4547 patet
2187 4490 2257 4530 ex
2303 4491 2493 4546 opusc.
2535 4490 2613 4530 xu
2648 4474 2780 4529 tomi
2833 4473 2901 4528 ιιι
2945 4473 3014 4529 ad
3063 4473 3243 4544 ipsum
3283 4471 3612 4528 Albizonem

281 4555 519 4627 Gregorii
564 4557 640 4613 IX
676 4556 853 4626 jussu,
886 4558 943 4614 Β.
972 4557 1205 4615 Pacifica
1229 4602 1244 4627 ,
1288 4568 1365 4615 et'
1384 4559 1445 4613 Β.
1489 4559 1735 4622 Balbina,
1767 4557 1884 4627 ejus

281 4650 509 4705 nominis
538 4650 688 4706 inter
711 4650 1074 4706 Damianistas
1101 4653 1273 4721 prima
1292 4692 1307 4716 ,
1337 4651 1402 4706 ad
1440 4652 1749 4706 cmnobium
1779 4652 1883 4706 Ca-

283 4739 699 4796 malduleusium
752 4742 1065 4795 monialium
1116 4740 1176 4796 8.
1232 4740 1415 4795 Mariae
1465 4739 1633 4806 Vallis
1683 4740 1883 4796 GlOI‘lLB

282 4829 437 4897 (quod
482 4834 588 4887 sub
641 4833 849 4888 abbatis
896 4833 955 4889 S.
1009 4834 1260 4890 Silvestri
1307 4834 1375 4889 dc
1418 4833 1599 4890 Monte
1649 4834 1883 4889 Subasio

277 4919 655 4987 jurisdictione
690 4922 937 4996 ﬂorebat)
977 4923 1386 4981 reformandum
1416 4936 1543 4981 sunt
1573 4927 1877 4993 destinate,

286 5019 339 5063 ut
366 5009 667 5067 Jacobillus
695 5015 951 5070 ostendit.

346 5101 432 5157 IV.
476 5104 672 5160 Tertio
713 5104 919 5176 lapsum
965 5105 1219 5163 similiter
1246 5107 1613 5163 Laderchium
1645 5106 1881 5179 Sejanus

285 5196 535 5261 ostendit,
572 5197 725 5251 circa
776 5197 841 5251 D.
874 5196 1019 5252 Petri
1052 5197 1335 5253 Gmlestini
1366 5198 1703 5262 institutum,
1736 5200 1882 5254 hunc

286 5285 438 5349 enim,
456 5286 708 5358 ejusque
754 5297 1055 5345 sectatores
1089 5290 1193 5345 sub
1222 5290 1370 5345 Petri
1412 5290 1661 5345 Damiani
1692 5290 1880 5363 regula

288 5374 587 5433 nullatenus
613 5378 1169 5451 militasse,quamvis
1191 5380 1385 5449 vulgus
1410 5379 1734 5436 Caelestinos
1755 5396 1881 5437 cum

289 5465 596 5526 Avellanitis
632 5470 923 5543 aliquando
947 5472 1312 5529 confunderit.
1339 5472 1755 5550 Observandum
1784 5490 1879 5529 au-

292 5564 410 5645 tem,
438 5570 643 5629 praeter
685 5562 1021 5620 confusionis
1062 5565 1227 5636 hujus
1262 5565 1531 5645 rationem
1581 5581 1647 5621 ex
1703 5564 1877 5637 Pape-

291 5644 504 5704 brochio
525 5665 557 5703 a
581 5649 787 5719 Sejano
825 5652 1065 5722 allatam,
1103 5656 1348 5725 petuisse
1379 5644 1659 5726 tequivoce
1695 5656 1879 5727 appel-

295 5735 495 5802 lationis
538 5744 815 5816 originem
855 5762 924 5805 ex
962 5762 1025 5807 eo
1068 5749 1306 5823 pendere
1340 5750 1484 5820 quod
1535 5749 1873 5819 Avellanitze,

1993 4566 2363 4622 venerabilem
2422 4568 2748 4631 eremitam,
2796 4575 2853 4621 et
2902 4566 3125 4621 Petrum
3158 4566 3492 4620 monachum
3524 4566 3610 4619 di-

1992 4668 2166 4726 recto,
2214 4658 2305 4713 ubi
2342 4658 2493 4713 illum
2533 4678 2551 4712 ‹
2610 4658 2937 4713 imitandum
2972 4657 3284 4713 Eremiticae
3309 4671 3611 4712 conversa-

1993 4752 2158 4807 tionis
2206 4750 2554 4822 exemplum,
2592 4771 2611 4803 ι
2659 4751 2805 4806 sicut
2857 4750 3004 4804 hunc
3038 4767 3057 4801 ‹
3094 4755 3325 4805 teretem
3373 4746 3611 4802 formant

1991 4844 2416 4909 cmtzobitarum,
2456 4862 2475 4897 ι
2507 4843 2747 4913 appellat
2784 4842 3108 4897 Damianus.

2065 4939 2153 4994 Vl.
2187 4939 2414 5005 Quinto,
2445 4938 2591 5007 quod
2647 4938 2727 4992 ait
2771 4936 3115 4992 Laderchius
3161 4934 3357 4990 eodem
3400 4949 3521 5003 cap.
3555 4932 3609 4998 5,

1983 5047 2134 5086 num.
2166 5031 2199 5085 ϐ
2227 5040 2283 5086 ct
2324 5032 2378 5095 7,
2406 5030 2464 5084 8.
2492 5028 2759 5084 Joannem
2809 5028 3171 5084 Gualbertum
3206 5042 3355 5082 anno
3384 5025 3527 5081 10(ὶῦ
3557 5026 3610 5080 in

1985 5122 2044 5178 S.
2077 5122 2316 5176 Miuiatis
2345 5123 2599 5176 coenobio
2645 5121 2976 5175 monachum
3010 5121 3288 5182 induisse,
3320 5120 3613 5190 eidemque

1990 5214 2341 5269 Theuzonem
2374 5213 2663 5268 eremitam
2696 5212 2997 5267 Simoniaci
3036 5212 3255 5267 abbatis
3312 5210 3526 5277 Uberti,
3558 5218 3614 5263 et

1984 5305 2228 5377 episcopi
2281 5305 2517 5360 Athonis
2574 5305 3064 5374 proclamationem
3128 5304 3408 5375 publicam
3465 5315 3609 5358 anno

1990 5398 2129 5455 1007
2176 5398 2438 5464 suasisse,
2487 5398 2746 5468 quodque
2794 5396 2941 5453 Atho
2984 5396 3149 5467 hujus
3190 5396 3435 5451 nominis
3491 5395 3608 5465 pri-

1988 5506 2111 5545 mus
2150 5488 2521 5544 Hildebrando
2546 5488 2866 5544 Florentino
2904 5488 3163 5558 episcopo
3197 5486 3606 5543 antecesserit:

1988 5582 2043 5638 id
2073 5582 2233 5654 plane
2275 5581 2711 5637 commentitium
2763 5590 2869 5645 est,
2908 5596 2973 5636 ac
3029 5580 3182 5635 falsis
3233 5579 3609 5634 fundamentis

1988 5678 2201 5741 nititur,
2227 5686 2286 5730 ut
2310 5686 2458 5745 patet
2479 5690 2545 5731 ex
2578 5684 2766 5731 nostra
2795 5676 3020 5730 dissert.
3054 5691 3113 5739 ιι,
3144 5688 3262 5745 cap.
3292 5672 3349 5736 4,
3378 5686 3409 5727 a
3445 5686 3601 5726 num.

1986 5769 2022 5827 4
2046 5778 2101 5829 et
2127 5769 2412 5841 deinceps;
2446 5770 2754 5841 praesertim
2781 5784 2907 5825 cum
2938 5784 3046 5825 non
3079 5778 3207 5824 ante
3236 5779 3441 5823 annum
3465 5763 3603 5820 1020
