4040 6372
493 295 563 351 85
957 293 962 298 ’
1356 290 1414 346 8.
1448 287 1721 346 PETRUS
1758 287 2112 345 DAMIANUS
2146 287 2211 344 S.
2252 285 2320 341 11.
2353 283 2415 338 Ε.
2438 278 2872 338 CARDINAUS.
3690 273 3769 331 81

495 409 743 464 cellulam
768 422 919 463 suam
945 406 1277 462 eremiticam
1325 406 1603 478 ingressus
1641 407 1805 462 fuerit
1832 406 2075 470 Theuzo,
2106 404 2152 467 Δ
2180 416 2400 473 scopum
2446 398 2653 454 scilicet
2682 391 3021 468 Eugubinum
3067 406 3189 449 esse
3231 391 3566 457 defunctum,
3602 410 3621 444 ι
3653 400 3765 447 etc.

498 508 557 553 ut
600 514 748 552 num.
796 496 883 560 13,
930 495 1039 550 ibid
1068 536 1085 561 ,
1136 497 1520 567 probavimus;
1571 512 1672 551 nec
1723 498 1843 551 ideo
1894 503 2074 549 tamen

499 592 792 645 decernere
820 586 973 651 libet,
1004 604 1071 641 an
1117 588 1408 643 occasione
1444 588 1828 641 controversia:
1855 585 2072 640 Floren-

503 681 595 735 tini
649 678 777 732 clcri
813 678 958 732 circa
994 677 1212 732 Petrum
1265 678 1606 732 Ticinensem
1652 677 1960 746 episcopum
1993 675 2078 730 Si-

497 768 839 833 ntoniacum,
882 766 1027 822 Petri
1058 767 1303 821 Damiani
1344 764 1464 821 cum
1505 764 1797 819 Theuzoue
1847 764 2077 819 ercmita

496 857 825 924 colloquium
878 857 1170 927 contigerit
1202 874 1216 909 :
1246 868 1420 925 neque
1454 871 1523 909 an
1576 869 1700 909 cum
1746 852 1805 907 S.
1855 852 2079 907 Joannis

496 946 775 1002 Gualberti
831 948 1111 1002 monachis
1166 961 1229 1001 ea
1285 946 1611 1013 occasione,
1669 952 1762 998 aut
1804 943 1937 997 alias
1985 944 2079 998 dc—

495 1038 786 1092 certaverit
834 1038 1146 1102 Damianns,
1196 1036 1384 1091 illosve
1421 1037 1513 1090 lib.
1565 1052 1661 1090 vtu
1705 1050 1791 1105 ep.
1842 1035 1903 1088 11
1952 1049 2077 1088 car-

494 1127 665 1196 pserit
688 1166 703 1192 ,
743 1127 1010 1182 curiosius
1057 1126 1361 1196 disquirere
1406 1126 1579 1196 juvat.
1612 1124 1883 1193 Quidquid
1919 1142 1983 1177 ca
2014 1124 2079 1178 de

498 1233 558 1271 re
601 1218 674 1271 sit
723 1218 1087 1281 sentiendum,
1133 1216 1224 1270 alii
1267 1218 1540 1281 indicent;
1586 1232 1683 1271 nos
1714 1216 1932 1269 interim
1980 1216 2080 1270 Pc-

500 1318 641 1361 trum
691 1307 1013 1360 Damianum
1044 1322 1072 1358 a
1104 1304 1293 1360 Didaci
1342 1306 1576 1360 Francbi
1634 1305 1921 1360 calumniis
1967 1306 2078 1371 hic,

496 1408 553 1452 et
580 1396 719 1465 alibi
761 1395 1096 1451 \iudicatUm
1135 1396 1336 1461 fuisse,
1382 1396 1683 1451 Laderchio
1718 1396 2074 1466 gratulamur.

572 1487 683 1543 γυ.
733 1486 902 1542 Sexto
946 1486 1257 1557 diligentius
1285 1488 1512 1556 expendi
1556 1496 1816 1553 meretur,
1852 1504 1919 1541 an
1954 1502 2081 1543 vere

499 1593 644 1631 anno
675 1577 805 1633 1061
835 1578 893 1632 S.
930 1578 1241 1633 Dominicus
1268 1578 1549 1633 Loricatus
1593 1579 1792 1633 obiisse
1824 1579 2081 1634 dicendus

498 1670 591 1734 sit,
609 1669 773 1724 utlib.
797 1685 855 1735 tt,
874 1685 991 1739 cap.
1026 1669 1117 1734 24,
1133 1687 1160 1724 a
1178 1686 1327 1724 num.
1358 1670 1415 1735 9.,
1434 1681 1487 1726 et
1505 1672 1597 1726 lib.
1618 1687 1699 1734 ur,
1716 1686 1836 1740 cap.
1857 1673 1908 1736 1,
1926 1686 2075 1725 num.

2180 494 2439 562 Superest
2479 505 2649 559 ergo,
2700 497 2761 543 ut
2810 487 3076 542 Dominici
3126 485 3362 542 Loricati
3407 485 3589 540 obitus
3618 499 3773 540 anno

2179 586 2318 643 1066
2366 584 2607 652 adeoque
2644 580 2703 636 S.
2756 581 3023 651 Rodulphi
3078 595 3224 634 mors
3269 593 3414 633 anno
3460 576 3597 633 1067
3645 592 3776 632 eve-

2178 676 2322 730 nisse
2359 674 2606 737 dicatur;
2648 670 2791 725 unde
2821 670 3071 725 machina
3098 668 3211 734 illa,
3237 684 3342 738 qua
3374 667 3469 721 lib.
3516 682 3599 732 ιιι,
3642 681 3771 735 cap.

2179 767 2234 830 5,
2264 780 2415 820 num.
2466 763 2553 827 12,
2601 761 2936 816 Laderchius
2981 759 3215 829 probare
3270 758 3503 823 nititur,
3561 757 3775 827 episto—

2178 855 2286 911 lam
2335 854 2580 909 Damiani
2628 853 2695 907 ad
2743 852 3093 906 Theuzonem
3145 850 3405 917 scriptam
3452 863 3593 913 esse,
3638 856 3777 901 ante

2178 946 2605 1003 controversiam
2647 946 2711 999 de
2744 944 2975 998 simonia
3009 941 3161 995 Petri
3216 940 3498 1008 Papicnsis
3537 940 3776 994 Floren-

2182 1036 2276 1089 tini
2329 1034 2566 1103 cpisc0pi
2606 1044 2876 1096 exortam,
2924 1032 3051 1101 quia
3105 1029 3237 1083 inibi
3294 1029 3562 1084 Dominici
3606 1028 3771 1084 Lori-

2180 1126 2307 1186 cati,
2350 1124 2497 1178 velut
2531 1124 2839 1193 superstitis
2885 1122 3090 1177 mentio
3129 1132 3425 1188 occurrat,
3473 1121 3772 1177 concidere

2179 1215 2413 1269 videtur.

2247 1304 2341 1360 IX.
2374 1304 2500 1361 Scio
2544 1306 2797 1374 positioni
2839 1307 2965 1361 huic
3002 1307 3221 1362 obstare
3269 1321 3450 1378 posse,
3482 1305 3627 1376 quod
3653 1304 3770 1360 Ro-

2180 1396 2431 1465 dulpbus,
2479 1396 2666 1449 eodem
2698 1396 2962 1450 Damiano
2993 1405 3151 1461 teste,
3188 1415 3207 1448 ι
3245 1406 3371 1451 ante
3409 1394 3526 1451 fere
3551 1404 3776 1463 septeno

2179 1485 2328 1539 nium
2368 1486 2649 1556 (adeoque,
2688 1486 2741 1539 in
2783 1487 2883 1540 hac
2928 1486 3216 1557 hypothesi
3242 1528 3257 1552 ,
3307 1502 3451 1542 anno
3500 1485 3673 1555 1060)
3704 1484 3776 1540 ad

2179 1590 2420 1633 eremum
2470 1577 2713 1641 veniens,
2749 1578 2994 1633 habitum
3044 1579 3363 1633 monasticae
3408 1577 3775 1647 professionis

2181 1678 2488 1738 acceperat.
2510 1689 2527 1720 ι
2547 1668 2681 1725 Cum
2707 1681 2887 1725 tamen
2918 1671 3177 1742 Ughellus
3208 1672 3260 1726 in
3291 1671 3566 1741 episcopis
3596 1670 3779 1740 Euga-

500 1762 593 1824 12,
630 1761 963 1817 Laderchius
1012 1778 1135 1817 eum
1180 1761 1417 1819 Baronio
1458 1764 1706 1819 asseruit.
1748 1763 1901 1817 Enim
1948 1779 2075 1819 vero
2104 1759 2149 1820 Β
2178 1761 2323 1815 binis
2357 1770 2605 1826 testctur,
2654 1762 2995 1833 Rodulphum
3045 1780 3187 1819 anno
3235 1763 3377 1818 1059
3424 1763 3632 1834 synodo
3661 1762 3782 1817 Bo-

499 1866 623 1906 cum
652 1861 839 1907 narret
880 1851 1076 1908 Petrus
1121 1852 1416 1909 Damiauus
1445 1854 1537 1909 lib.
1572 1870 1610 1919 ι,
1657 1854 1817 1921 epist.
1860 1854 1950 1919 19,
1980 1853 2082 1910 Do-

504 1943 767 1999 minicum
810 1944 985 2013 pridie
1009 1944 1133 1999 ldus
1162 1944 1413 2000 Octobris
1451 1946 1611 2000 morti
1648 1946 1896 2010 cessisse,
1934 1946 1982 2001 si
2028 1947 2082 2002 id

501 2047 650 2087 anno
674 2032 802 2086 1061
840 2033 1177 2102 contigisset,
1208 2048 1316 2101 quo
1341 2033 1523 2103 cyclus
1545 2033 1672 2089 solis
1698 2042 1816 2088 erat
1844 2034 1895 2099 6,
1927 2034 2084 2089 adeo-

505 2138 612 2193 que
664 2122 843 2178 littera
902 2122 1251 2178 Dontinicalis
1305 2124 1359 2177 in
1409 2134 1593 2179 vetere
1646 2125 1956 2179 calendario
2007 2125 2082 2179 illi

498 2197 835 2284 respondens
877 2227 993 2269 erat
1023 2214 1087 2271 G.
1124 2215 1310 2293 utique
1339 2215 1426 2270 die
1474 2216 1755 2271 Dominico
1799 2218 1851 2270 in
1884 2217 2080 2271 cazlntn

499 2306 811 2375 migrasset,
844 2304 1023 2360 littera
1072 2308 1216 2359 enim
1254 2308 1370 2361 haec
1411 2307 1627 2377 ipsimet
1676 2306 1780 2362 diei
1829 2307 1893 2360 1.1
1924 2306 2086 2362 Octo-

502 2396 623 2449 bris
652 2396 894 2465 apposita
925 2395 1381 2465 deprehenditur;
1413 2405 1469 2451 et
1512 2412 1687 2451 nonus
1731 2386 2085 2466 depositionis

506 2485 644 2550 dies,
670 2501 863 2555 nempe
882 2485 955 2539 29..
983 2486 1222 2554 ejusdem
1254 2488 1473 2553 mensis,
1500 2489 1615 2543 dies
1642 2488 1782 2543 lunae
1818 2503 1911 2543 seu
1951 2489 2084 2543 feria

498 2578 738 2633 secunda
769 2576 979 2640 fuisset,
1009 2592 1128 2645 qua:
1157 2577 1337 2632 littera
1365 2579 1408 2632 Α
1432 2579 1783 2650 consignatur
1814 2598 1827 2633 :
1854 2596 2084 2651 quorum

503 2678 796 2737 utrumque
828 2667 1019 2723 falsum
1055 2677 1170 2734 est;
1202 2670 1539 2726 Dominicum
1568 2672 1713 2726 enim
1744 2672 1831 2727 die
1863 2672 2085 2728 Sabbati

508 2760 577 2815 ab
609 2761 858 2815 humanis
893 2762 1190 2817 excessisse
1221 2772 1451 2818 testatur
1486 2774 1710 2821 sanctus
1739 2767 1930 2823 doctor
1978 2768 2082 2825 loc.

503 2850 627 2914 cit.,
654 2850 739 2905 his
770 2852 951 2907 verbis
983 2870 995 2905 :
1033 2871 1051 2904 ι
1087 2852 1251 2908 Sexta
1284 2853 1607 2925 igitur-feria
1636 2872 1733 2926 per
1768 2860 2084 2913 continuum

503 2941 648 2996 diem
698 2942 787 2995 vix
837 2943 999 2997 desiit
1026 2944 1112 2998 vel
1159 2945 1497 3002 modulandis
1546 2948 1770 3017 psalmis
1813 2950 2083 3015 insistere,

503 3028 589 3084 vel
616 3030 979 3100 corrigiarum
1033 3047 1092 3087 se
1138 3033 1337 3089 ictibus
1380 3035 1679 3107 flagellare.
1737 3037 1906 3094 Nocte
1956 3056 2084 3097 vero

501 3132 699 3187 sopore
728 3098 997 3189 deposito,
1041 3124 1280 3193 suscepit
1327 3098 1655 3192 antidotum,
1686 3128 1880 3185 deinde
1916 3132 2082 3201 cmpit
2109 3098 2154 3162 Ο

506 3208 847 3277 angustiari,
902 3221 957 3264 et
1001 3211 1069 3267 de
1113 3214 1382 3269 stomachi
1437 3215 1620 3271 dolore
1670 3217 1910 3289 graviter
1954 3236 2083 3276 con—

504 3302 680 3370 queri.
704 3301 835 3357 Post
868 3304 1156 3358 decursum
1194 3306 1377 3375 itaque
1409 3319 1689 3364 nocturna:
1714 3312 1934 3383 synaxis
1971 3311 2085 3368 olli-

506 3390 673 3455 cimn,
703 3402 826 3461 post
853 3392 1153 3448 matutinos
1180 3395 1430 3465 hymnos,
1459 3413 1583 3453 cum
1610 3399 1782 3469 prima
1806 3402 1917 3472 jam
1950 3404 2085 3460 hora

504 3482 608 3536 sibi
658 3498 688 3537 a
737 3472 996 3540 fratribus
1046 3486 1137 3555 qui
1191 3488 1421 3542 aderant
1464 3500 1801 3561 cantaretur,
1839 3504 2086 3551 sanctum

505 3575 620 3631 Deo
649 3576 897 3645 spiritum
951 3579 1205 3637 reddidit.
1245 3600 1263 3632 ι
1294 3580 1363 3636 Et
1411 3583 1554 3639 diem
1598 3585 1948 3656 depositionis
1985 3604 2087 3644 no-

505 3684 659 3731 num,
693 3669 1032 3725 Dominicum
1059 3670 1227 3729 fuisse
1255 3682 1527 3731 testatur:
1565 3696 1584 3731 ι
1633 3678 1744 3734 llos
1773 3689 1975 3746 autem,
2006 3683 2086 3737 in-

508 3759 644 3827 quit,
663 3759 777 3829 ipso
803 3759 891 3815 die
917 3760 1218 3830 Dominico,
1236 3782 1344 3835 quo
1365 3781 1606 3823 eremum
1624 3769 1851 3841 ingressi
1877 3786 2084 3837 sumus,

507 3858 753 3903 sanctum
788 3864 985 3920 corpus
1026 3852 1153 3907 inde
1198 3854 1469 3910 sublatum
1524 3867 1870 3924 reverenter,
1919 3869 1978 3914 ut
2005 3860 2087 3915 di-

511 3954 675 4009 gnum
704 3949 845 4006 erat,
878 3941 930 3997 in
976 3943 1213 4012 capitulo
1241 3945 1616 4015 sepelivimus,
1664 3958 1865 4006 etcum
1915 3963 2087 4006 nonus

512 4042 661 4086 esset
703 4032 1055 4102 depositionis
1083 4037 1199 4105 ejus
1230 4037 1365 4101 dies,
1398 4040 1715 4107 praedictum
1761 4056 1962 4111 corpus
2001 4057 2088 4096 sa-

515 4137 672 4182 num,
706 4123 1075 4195 illibatumque
1102 4128 1421 4197 reperimus.
1463 4149 1482 4183 ι

595 4211 729 4268 Vlll.
763 4213 914 4272 Unde
940 4219 1226 4288 perspicue
1253 4229 1420 4290 patet,
1448 4222 1533 4278 vel
1563 4202 1631 4277 ad
1672 4239 1872 4278 annum
1926 4224 2086 4291 1060,

512 4300 600 4355 vel
628 4301 696 4356 ad
723 4302 879 4371 1066,
928 4306 1190 4364 Dominici
1242 4309 1479 4366 Loricati
1535 4320 1763 4368 mortem
1795 4327 1917 4369 esse
1948 4313 2087 4370 refe-

519 4392 770 4459 rendam,
800 4406 861 4449 ut
906 4397 1135 4453 invicem
1185 4400 1270 4455 ha:
1301 4403 1725 4458 circumstantiae
1753 4405 2084 4469 cohaereant,

2183 1866 2356 1905 mana:
2407 1850 2577 1906 Nieol.
2608 1852 2648 1906 ll
2677 1869 2827 1921 papa:
2873 1854 3235 1924 subscriptum
3269 1855 3517 1925 reperiri,
3547 1862 3603 1909 et
3633 1868 3782 1908 anno

2186 1941 2326 1995 106?.
2354 1941 2407 1995 in
2442 1942 2583 1996 bulla
2626 1943 2920 1998 Alexandri
2969 1945 3009 1998 ll
3058 1961 3157 2015 pro
3192 1946 3434 2000 Ecclesia
3486 1946 3780 2001 Forosem-

2184 2030 2484 2099 proniensi,
2516 2032 2847 2086 mentionem
2876 2049 3167 2088 occurrere
3214 2034 3456 2102 llugonis
3500 2034 3777 2104 Eugubini

2183 2118 2441 2188 episcopi,
2468 2134 2629 2189 quem
2660 2137 2764 2176 non
2789 2122 3120 2190 immediate,
3146 2126 3239 2181 sed
3268 2136 3389 2195 post
3422 2125 3782 2197 Maynardum

2184 2224 2329 2265 anno
2364 2211 2492 2264 1061
2550 2212 2632 2281 (ut
2659 2213 2756 2280 ipsi
2786 2214 3021 2284 videtur)
3053 2216 3305 2281 electum,
3337 2216 3624 2287 llodnlplto
3653 2232 3781 2274 suc-

2184 2301 2420 2355 cessisse
2467 2302 2782 2357 arbitratur.
2832 2304 2901 2357 At
2934 2306 3094 2361 nimis
3121 2307 3341 2363 evidens
3384 2319 3503 2375 est,
3532 2309 3783 2363 Alexan-

2186 2389 2267 2443 dri
2305 2388 2343 2443 ll
2383 2399 2647 2460 tempore,
2676 2394 2915 2461 adeoque
2960 2403 3080 2463 post
3126 2410 3327 2450 annum
3365 2396 3526 2462 1061,
3564 2397 3779 2453 Rodo!-

2184 2482 2351 2549 phum
2381 2496 2445 2535 ex
2480 2483 2581 2537 hac
2615 2482 2735 2537 luce
2772 2484 3063 2553 migrasse;
3105 2486 3235 2557 quid
3262 2488 3309 2541 si
3352 2487 3517 2559 igitur
3563 2489 3769 2560 depra-

2186 2581 2367 2626 vatam
2395 2586 2514 2626 esse
2543 2572 2647 2627 hoc
2679 2572 2799 2627 loco
2830 2574 3010 2630 dicam
3042 2576 3449 2645 Engubinorum
3477 2579 3776 2649 praesulatu

2186 2662 2382 2717 Seriem
2414 2661 2552 2731 apud
2596 2660 2903 2733 Ughellum,
2929 2682 3033 2721 non
3063 2668 3240 2722 minus
3264 2684 3425 2737 quam
3446 2669 3610 2739 paulo
3629 2678 3783 2738 ante,

2185 2754 2276 2808 ubi
2333 2752 2672 2824 Ludulphum
2726 2755 2959 2812 electum
3018 2774 3163 2813 anno
3214 2761 3355 2815 1012
3403 2777 3782 2819 successorem

2186 2846 2462 2916 assignat?
2487 2844 2677 2913 Porro,
2721 2865 2843 2904 cum
2874 2864 3048 2920 neque
3076 2852 3219 2922 apud
3250 2852 3569 2919 Baronium,
3602 2869 3787 2924 neque

2184 2937 2325 3007 apud
2347 2936 2634 2992 Labbmum
2657 2951 2907 2995 occurrat
2933 2941 3199 3013 Rodulphi
3223 2944 3489 3016 Engubini
3516 2946 3784 3017 episcopi,

2186 3036 2441 3098 tanquam
2478 3044 2621 3083 anno
2653 3030 2815 3092 1050,
2866 3031 3127 3087 Romana:
3177 3037 3386 3105 synodo
3434 3037 3784 3093 subscriben-

2188 3120 2276 3185 tis,
2324 3121 2585 3174 memoria
2616 3140 2629 3175 :
2658 3123 2754 3177 sed
2808 3138 2984 3193 neque
3020 3125 3159 3193 apud
3212 3124 3497 3196 Ughcllum
3530 3127 3583 3181 in
3634 3126 3782 3182 bulla

2182 3210 2473 3265 Alexandri
2503 3211 2565 3277 ll,
2593 3228 2756 3281 quam
2803 3213 3059 3269 insertam
3088 3214 3243 3270 alteri
3273 3216 3499 3271 Honorii
3542 3216 3607 3272 111
3639 3218 3783 3273 datze

2186 3301 2255 3356 11
2289 3300 2409 3355 Kal.
2435 3298 2583 3357 Junii
2610 3318 2755 3357 armo
2787 3302 2925 3356 129.1
2956 3303 3122 3359 refert
3148 3306 3235 3360 hic
3261 3315 3453 3361 auctor
3475 3316 3608 3363 tom.
3634 3307 3675 3361 ll
3704 3307 3783 3364 De

2190 3391 2400 3462 Episcp.
2426 3390 2775 3465 Forosempr.
2809 3410 3103 3465 expressus
3137 3398 3404 3453 habeatur
3433 3414 3609 3455 annus
3639 3400 3781 3456 1062

2185 3479 2270 3535 vel
2318 3482 2489 3546 alius;
2534 3482 2643 3537 imo
2690 3484 2806 3538 lucc
2852 3495 2976 3539 nota
3026 3487 3293 3543 duntaxat
3339 3489 3413 3543 ibi
3447 3490 3765 3545 habeatur:

2193 3588 2213 3622 ι
2245 3572 2437 3626 Actum
2464 3581 2569 3637 cst,
2596 3574 2699 3628 hoc
2729 3590 2916 3630 mense
2936 3575 3085 3644 Maii,
3111 3578 3197 3633 die
3218 3594 3347 3634 vero
3371 3580 3459 3647 10,
3484 3580 3781 3638 indictione

2188 3664 2292 3730 15,
2342 3684 2362 3718 ι
2402 3680 2523 3735 qua:
2575 3666 2800 3722 indictio
2847 3683 2949 3723 nec
3000 3684 3145 3725 anno
3191 3672 3454 3739 praedicto
3496 3672 3640 3728 106?.
3675 3690 3783 3731 nec

2186 3756 2283 3811 ulli
2312 3772 2457 3811 anno
2490 3757 2841 3835 pontificatus
2891 3758 3186 3817 Alexandri
3218 3763 3262 3818 ll
3303 3766 3633 3835 respondere
3677 3783 3784 3839 po-

2188 3857 2314 3913 test,
2356 3848 2450 3903 sed
2479 3849 2636 3903 annis
2676 3859 2888 3905 tantum
2928 3852 3150 3907 1060.et
3195 3855 3333 3909 1075
3370 3859 3655 3927 congruit,
3699 3860 3787 3916 in-

2189 3951 2273 3995 ter
2324 3956 2460 4010 quos
2510 3941 2669 4010 hujus
2726 3942 2998 4012 pontificis
3052 3944 3209 4001 sedes
3259 3948 3439 4014 cadit;
3489 3959 3787 4007 consenta-

2189 4049 2349 4087 neum
2382 4033 2625 4102 profecto
2670 4052 2775 4090 non
2804 4036 3040 4101 videtur,
3074 4048 3133 4092 ut
3174 4040 3244 4094 ob
3279 4040 3485 4095 incerta
3523 4041 3637 4098 luce
3666 4060 3789 4099 mo-

2189 4136 2444 4180 munenta
2482 4127 2550 4179 ab
2587 4126 2814 4197 Ughello
2842 4128 3034 4191 relata,
3084 4130 3354 4185 ratiocinii
3404 4134 3577 4188 nostri
3615 4150 3783 4203 supc-

2189 4215 2305 4270 rius
2335 4215 2552 4271 adducti
2580 4217 2906 4273 evidentiam
2935 4216 3273 4287 abjiciamus,
3305 4230 3361 4277 et
3388 4223 3495 4277 vim
3527 4222 3791 4280 dissimu-

2190 4305 2385 4361 lemus.

2260 4400 2329 4456 Χ.
2363 4401 2587 4466 Verum,
2614 4401 2868 4457 admissis
2890 4401 3101 4473 Ughelli
3130 4406 3515 4469 monumentis,
3539 4410 3792 4477 apposite

514 4498 711 4553 nempe
737 4493 796 4538 ut
820 4486 935 4543 dies
964 4487 1030 4541 11
1059 4488 1307 4545 Octobris
1352 4491 1609 4557 Sabbato,
1640 4502 1694 4547 et
1724 4492 1840 4547 dies
1867 4492 1937 4547 2?.
1980 4454 2086 4547 Do:
2113 4454 2165 4515 ι)
2191 4493 2443 4561 componi
2487 4492 2605 4547 htec
2633 4454 3008 4548 controversia
3061 4492 3295 4553 fortasse
3334 4454 3645 4565 poteritfsri
3678 4496 3791 4553 Hu-

518 4572 731 4628 miniea:
757 4575 863 4630 diei
906 4578 1213 4633 conveniat.
1267 4576 1372 4635 Sed
1427 4596 1571 4635 anno
1598 4579 1734 4635 1060
1779 4580 1831 4634 id
1875 4582 2091 4637 aliunde

519 4664 831 4733 contingere
879 4684 985 4722 non
1030 4670 1234 4739 potuit;
1281 4686 1406 4725 nam
1436 4672 1498 4725 Β.
1533 4670 1800 4742 Rodulphi
1853 4672 2089 4742 episcopi

518 4748 784 4820 Eugubini
807 4770 981 4822 mors,
1012 4775 1131 4827 qua:
1162 4760 1443 4828 (Damiano
1480 4762 1639 4832 teste)
1672 4779 1815 4817 armo
1842 4764 2090 4831 sequenti

520 4852 645 4912 post
672 4847 878 4902 obitum
910 4849 1171 4905 Dominici
1194 4851 1425 4908 Loricati
1464 4855 1688 4926 contigit
1726 4856 1813 4910 die
1831 4855 1902 4909 26
1921 4853 2090 4919 Junii,

518 4938 572 4988 in
623 4952 821 4993 annum
873 4940 1003 4995 1061
1052 4942 1348 5006 incidisset,
1396 4959 1504 5012 quo
1553 4955 1792 5013 tempore
1850 4945 2084 4999 nondum

520 5027 769 5085 Nicolaus
814 5031 854 5085 ll
900 5042 1051 5101 pont.
1098 5050 1243 5089 max.
1292 5050 1323 5089 e
1366 5036 1504 5089 vivis
1550 5045 1879 5099 excesserat,
1934 5036 2087 5105 cujus

517 5137 670 5177 mors
700 5122 785 5178 die
809 5123 843 5177 3
868 5122 989 5179 Julii
1019 5127 1266 5197 contigit,
1286 5134 1342 5180 et
1369 5141 1554 5181 mense
1578 5127 1829 5182 Octobris
1859 5127 2091 5183 Alexan—

522 5215 618 5267 der
662 5213 705 5267 ll
741 5224 823 5268 est
869 5215 922 5267 in
970 5215 1269 5270 Rotiiauum
1331 5217 1645 5284 pontificem
1692 5228 2088 5283 consecratus;

521 5313 573 5355 et
610 5314 786 5359 tamen
812 5301 1102 5359 Alexandri
1126 5306 1165 5359 11
1191 5306 1508 5375 jamdudum
1544 5308 1821 5376 regnantis
1849 5317 2092 5378 tempore

522 5392 864 5463 ltodulphum
893 5394 1094 5449 obiisse
1120 5406 1264 5463 patet
1301 5413 1367 5450 ex
1395 5398 1538 5452 dicta
1567 5398 1813 5452 Damiani
1846 5398 2095 5467 cpistola,

524 5485 576 5535 in
608 5499 710 5552 qua
739 5489 986 5540 eumdem
1020 5488 1330 5555 pontificem
1377 5504 1455 5542 ste
1503 5489 1793 5559 alloquitur
1822 5506 1837 5542 :
1876 5508 1895 5540 ι
1936 5489 2099 5545 Vobis

528 5577 709 5646 itaque
740 5594 909 5648 nuper
930 5596 1201 5649 egressus,
1228 5596 1349 5634 cum
1376 5579 1697 5635 Florentium
1719 5584 1869 5636 urbis
1896 5583 2097 5637 mania

530 5668 687 5736 subii,
728 5672 948 5727 nuntius
978 5672 1107 5726 mihi
1159 5689 1279 5727 mox
1334 5673 1649 5740 rrpt‘ntinus
1693 5675 1950 5741 occurri'.
1984 5676 2098 5744 "l'l'

2192 4598 2406 4655 gonem,
2462 4598 2621 4652 quem
2660 4592 2783 4652 post
2825 4583 3179 4655 Maynardum
3228 4601 3372 4641 anno
3417 4586 3557 4642 1062
3601 4588 3789 4655 Eugu-

2193 4674 2334 4730 binze
2359 4672 2639 4741 przefuisse
2669 4672 2925 4728 Ecclesiae
2957 4672 3113 4741 juxta
3152 4674 3353 4729 bullam
3398 4676 3695 4731 Alexandri
3743 4677 3789 4732 ll

2194 4763 2263 4818 ab
2296 4761 2521 4833 Ughello
2554 4761 2873 4828 indicatam,
2903 4778 3001 4833 pro
3051 4780 3198 4819 nunc
3242 4766 3546 4821 concedere
3598 4782 3790 4836 possu-

2196 4872 2337 4921 mus,
2397 4857 2766 4911 immediatum
2819 4858 2988 4912 nostri
3031 4857 3298 4929 Rodulphi
3357 4868 3787 4927 antecessorem,

2194 4964 2302 5003 non
2362 4963 2496 5002 vero
2543 4949 2841 5003 secundqu
2893 4964 3267 5005 successorem
3318 4949 3558 5017 ejusdem
3615 4950 3786 5008 fuisse

2195 5053 2503 5093 asseramus
2537 5052 2551 5091 :
2589 5039 2726 5093 adeo
2774 5045 2836 5092 ut
2890 5050 3233 5109 postannum
3282 5038 3424 5094 1062
3463 5038 3787 5110 Rodnlphus

2196 5130 2286 5184 hic
2338 5128 2404 5182 ad
2453 5128 2789 5205 Eugubinam
2861 5129 3177 5185 cathedram
3233 5141 3518 5200 promotus
3575 5130 3787 5197 fuerit,

2195 5230 2322 5291 puta
2350 5235 2493 5273 anno
2524 5219 2661 5275 1063
2688 5219 2768 5274 vel
2796 5218 2959 5285 1064,
3004 5229 3066 5289 et.
3100 5235 3273 5290 usque
3309 5219 3378 5273 ad
3406 5218 3627 5274 Junium
3657 5223 3787 5276 anui

2200 5316 2335 5371 1067
2349 5309 2733 5383 sllpervixerit,
2748 5312 3049 5377 Dominieo,
3069 5319 3161 5366 aut
3187 5311 3296 5367 alio
3318 5310 3547 5381 prasule
3565 5310 3641 5365 illi
3663 5328 3788 5367 suc-

2199 5404 2452 5465 cedente;
2482 5416 2794 5472 quanquam
2834 5416 2966 5472 ergo
2996 5402 3179 5471 potius
3206 5401 3554 5466 crediderim,
3582 5400 3786 5457 bullam

2201 5495 2347 5549 illam
2385 5494 2679 5548 Alexandri
2717 5493 2759 5547 ll
2792 5493 2859 5547 ad
2898 5508 3102 5546 annum
3158 5493 3296 5547 1070
3345 5493 3639 5563 pertinere,
3690 5493 3786 5563 qui

2203 5585 2491 5639 indictione
2511 5583 2544 5637 8
2570 5583 3021 5653 consignabatur:
3056 5582 3199 5636 unde
3230 5598 3259 5635 γ
3287 5582 3341 5636 in
3365 5598 3399 5636 x
3426 5591 3787 5648 commutato,

2204 5674 2425 5731 indictio
2460 5674 2520 5728 15
2556 5673 2622 5728 ah
2647 5673 3086 5729 Amanucusibus
3107 5670 3297 5731 cﬂ'ccta
3328 5672 3652 5744 fuerit,qna:
3674 5672 3789 5743 jam
