  <div class='ocr_page' id='page_1' title='image "/cluster/home/n/w/nwhite01/storage/ocr_20150623/144-145/uc1.31175001639262/050.png"; bbox 0 0 4084 6362; ppageno 0'>
   <div class='ocr_carea' id='block_1_1' title="bbox 338 331 3615 409">
    <p class='ocr_par' dir='ltr' id='par_1_1' title="bbox 338 331 3615 409">
     <span class='ocr_line' id='line_1_1' title="bbox 338 331 3615 409; baseline -0.008 0"><span class='ocrx_word' id='word_1_1' title='bbox 338 351 406 409; x_wconf 68' lang='lat'><strong>85</strong></span> <span class='ocrx_word' id='word_1_2' title='bbox 1204 339 1739 400; x_wconf 70' lang='lat' dir='ltr'><strong>PROLECUMENA.</strong></span> <span class='ocrx_word' id='word_1_3' title='bbox 1771 368 1835 378; x_wconf 83' lang='lat'><strong>--</strong></span> <span class='ocrx_word' id='word_1_4' title='bbox 1866 332 1953 390; x_wconf 74' lang='lat' dir='ltr'><strong>DE</strong></span> <span class='ocrx_word' id='word_1_5' title='bbox 1994 331 2365 391; x_wconf 80' lang='lat' dir='ltr'><strong>lNSTlTUTO</strong></span> <span class='ocrx_word' id='word_1_6' title='bbox 2405 333 2798 389; x_wconf 67' lang='lat' dir='ltr'><strong>CAMALDUL.</strong></span> <span class='ocrx_word' id='word_1_7' title='bbox 3546 331 3615 385; x_wconf 70' lang='lat'><strong>35</strong></span> 
     </span>
    </p>
   </div>
   <div class='ocr_carea' id='block_1_2' title="bbox 334 443 3614 531">
    <p class='ocr_par' dir='ltr' id='par_1_2' title="bbox 334 443 3614 531">
     <span class='ocr_line' id='line_1_2' title="bbox 334 443 3614 531; baseline -0.008 -13"><span class='ocrx_word' id='word_1_8' title='bbox 334 463 469 531; x_wconf 77' lang='lat' dir='ltr'><strong>apud</strong></span> <span class='ocrx_word' id='word_1_9' title='bbox 505 458 797 529; x_wconf 76' lang='lat' dir='ltr'><strong>Ughellnm</strong></span> <span class='ocrx_word' id='word_1_10' title='bbox 832 460 885 513; x_wconf 89' lang='lat' dir='ltr'><strong>lu</strong></span> <span class='ocrx_word' id='word_1_11' title='bbox 918 459 1022 514; x_wconf 83' lang='lat' dir='ltr'><strong>hoc</strong></span> <span class='ocrx_word' id='word_1_12' title='bbox 1069 458 1358 527; x_wconf 87' lang='lat' dir='ltr'><strong>dlplomate</strong></span> <span class='ocrx_word' id='word_1_13' title='bbox 1408 457 1636 525; x_wconf 79' lang='lat' dir='ltr'><strong>legitur;</strong></span> <span class='ocrx_word' id='word_1_14' title='bbox 1684 456 1820 506; x_wconf 79' lang='lat' dir='ltr'><strong>adeo</strong></span> <span class='ocrx_word' id='word_1_15' title='bbox 1870 458 1927 503; x_wconf 90' lang='lat' dir='ltr'><strong>ut</strong></span> <span class='ocrx_word' id='word_1_16' title='bbox 1955 450 2004 507; x_wconf 73' lang='grc' dir='ltr'>Α</span> <span class='ocrx_word' id='word_1_17' title='bbox 2028 447 2262 503; x_wconf 77' lang='lat' dir='ltr'><strong>ollicium</strong></span> <span class='ocrx_word' id='word_1_18' title='bbox 2286 448 2426 517; x_wconf 89' lang='lat' dir='ltr'><strong>apud</strong></span> <span class='ocrx_word' id='word_1_19' title='bbox 2456 446 2769 501; x_wconf 77' lang='lat' dir='ltr'><strong>Avellanam</strong></span> <span class='ocrx_word' id='word_1_20' title='bbox 2795 443 3133 498; x_wconf 81' lang='lat' dir='ltr'><strong>ministrasse</strong></span> <span class='ocrx_word' id='word_1_21' title='bbox 3164 443 3497 497; x_wconf 82' lang='lat' dir='ltr'><strong>demonstrat</strong></span> <span class='ocrx_word' id='word_1_22' title='bbox 3523 460 3614 493; x_wconf 80' lang='lat' dir='ltr'><strong>att-</strong></span> 
     </span>
    </p>
   </div>
   <div class='ocr_carea' id='block_1_3' title="bbox 333 542 1925 621">
    <p class='ocr_par' dir='ltr' id='par_1_3' title="bbox 333 542 1925 621">
     <span class='ocr_line' id='line_1_3' title="bbox 333 542 1925 621; baseline -0.006 -16"><span class='ocrx_word' id='word_1_23' title='bbox 333 551 512 621; x_wconf 76' lang='lat' dir='ltr'><strong>llugo,</strong></span> <span class='ocrx_word' id='word_1_24' title='bbox 543 558 666 620; x_wconf 87' lang='lat' dir='ltr'><strong>post</strong></span> <span class='ocrx_word' id='word_1_25' title='bbox 719 548 1104 619; x_wconf 70' lang='lat' dir='ltr'><strong>Maynardum,</strong></span> <span class='ocrx_word' id='word_1_26' title='bbox 1143 546 1428 614; x_wconf 83' lang='lat' dir='ltr'><strong>Rodulpho</strong></span> <span class='ocrx_word' id='word_1_27' title='bbox 1467 547 1579 614; x_wconf 85' lang='lat' dir='ltr'><strong>jam</strong></span> <span class='ocrx_word' id='word_1_28' title='bbox 1613 560 1755 598; x_wconf 73' lang='lat' dir='ltr'><strong>annm</strong></span> <span class='ocrx_word' id='word_1_29' title='bbox 1798 542 1925 596; x_wconf 78' lang='grc'>1067</span> 
     </span>
    </p>
   </div>
   <div class='ocr_carea' id='block_1_4' title="bbox 332 635 1930 706">
    <p class='ocr_par' dir='ltr' id='par_1_4' title="bbox 332 635 1930 706">
     <span class='ocr_line' id='line_1_4' title="bbox 332 635 1930 706; baseline -0.006 -11"><span class='ocrx_word' id='word_1_30' title='bbox 332 655 567 702; x_wconf 85' lang='lat' dir='ltr'><strong>mortuo,</strong></span> <span class='ocrx_word' id='word_1_31' title='bbox 601 640 911 694; x_wconf 82' lang='lat' dir='ltr'><strong>succedere</strong></span> <span class='ocrx_word' id='word_1_32' title='bbox 961 639 1015 692; x_wconf 90' lang='lat' dir='ltr'><strong>in</strong></span> <span class='ocrx_word' id='word_1_33' title='bbox 1043 637 1325 706; x_wconf 76' lang='lat' dir='ltr'><strong>Eugubino</strong></span> <span class='ocrx_word' id='word_1_34' title='bbox 1369 638 1680 706; x_wconf 97' lang='lat' dir='ltr'><strong>episcopatu</strong></span> <span class='ocrx_word' id='word_1_35' title='bbox 1727 635 1930 703; x_wconf 90' lang='lat' dir='ltr'><strong>optime</strong></span> 
     </span>
    </p>
   </div>
   <div class='ocr_carea' id='block_1_5' title="bbox 332 724 1929 802">
    <p class='ocr_par' dir='ltr' id='par_1_5' title="bbox 332 724 1929 802">
     <span class='ocr_line' id='line_1_5' title="bbox 332 724 1929 802; baseline -0.005 -19"><span class='ocrx_word' id='word_1_36' title='bbox 332 730 581 802; x_wconf 72' lang='grc' dir='ltr'>ιιυιιιρνίι-</span> <span class='ocrx_word' id='word_1_37' title='bbox 611 728 775 793; x_wconf 77' lang='lat' dir='ltr'><strong>Quod</strong></span> <span class='ocrx_word' id='word_1_38' title='bbox 798 737 984 783; x_wconf 87' lang='lat' dir='ltr'><strong>autem</strong></span> <span class='ocrx_word' id='word_1_39' title='bbox 1008 741 1149 780; x_wconf 89' lang='lat' dir='ltr'><strong>anno</strong></span> <span class='ocrx_word' id='word_1_40' title='bbox 1174 725 1312 780; x_wconf 82' lang='grc'><strong>1059</strong></span> <span class='ocrx_word' id='word_1_41' title='bbox 1336 725 1648 795; x_wconf 73' lang='lat' dir='ltr'><strong>[lodulphus</strong></span> <span class='ocrx_word' id='word_1_42' title='bbox 1674 724 1929 777; x_wconf 69' lang='lat' dir='ltr'><strong>llonmnze</strong></span> 
     </span>
    </p>
   </div>
   <div class='ocr_carea' id='block_1_6' title="bbox 329 814 1927 889">
    <p class='ocr_par' dir='ltr' id='par_1_6' title="bbox 329 814 1927 889">
     <span class='ocr_line' id='line_1_6' title="bbox 329 814 1927 889; baseline -0.006 -14"><span class='ocrx_word' id='word_1_43' title='bbox 329 819 532 889; x_wconf 75' lang='lat' dir='ltr'><strong>synodo</strong></span> <span class='ocrx_word' id='word_1_44' title='bbox 571 818 926 888; x_wconf 70' lang='lat' dir='ltr'><strong>subscriptus</strong></span> <span class='ocrx_word' id='word_1_45' title='bbox 952 818 1181 887; x_wconf 77' lang='lat' dir='ltr'><strong>legatur,</strong></span> <span class='ocrx_word' id='word_1_46' title='bbox 1214 817 1479 885; x_wconf 79' lang='lat' dir='ltr'><strong>siquidem</strong></span> <span class='ocrx_word' id='word_1_47' title='bbox 1533 817 1583 869; x_wconf 89' lang='lat' dir='ltr'><strong>id</strong></span> <span class='ocrx_word' id='word_1_48' title='bbox 1616 831 1803 869; x_wconf 87' lang='lat' dir='ltr'><strong>verum</strong></span> <span class='ocrx_word' id='word_1_49' title='bbox 1834 814 1927 879; x_wconf 86' lang='lat' dir='ltr'><strong>sit,</strong></span> 
     </span>
    </p>
   </div>
   <div class='ocr_carea' id='block_1_7' title="bbox 330 895 1929 976">
    <p class='ocr_par' dir='ltr' id='par_1_7' title="bbox 330 895 1929 976">
     <span class='ocr_line' id='line_1_7' title="bbox 330 895 1929 976; baseline -0.002 -15"><span class='ocrx_word' id='word_1_50' title='bbox 330 907 393 961; x_wconf 85' lang='lat' dir='ltr'><strong>de</strong></span> <span class='ocrx_word' id='word_1_51' title='bbox 420 907 528 957; x_wconf 86' lang='lat' dir='ltr'><strong>alio</strong></span> <span class='ocrx_word' id='word_1_52' title='bbox 556 907 975 975; x_wconf 63' lang='lat' dir='ltr'><strong>ptwdccessore</strong></span> <span class='ocrx_word' id='word_1_53' title='bbox 1004 895 1285 976; x_wconf 72' lang='lat' dir='ltr'><strong>ltodulpbo</strong></span> <span class='ocrx_word' id='word_1_54' title='bbox 1329 907 1445 976; x_wconf 87' lang='lat' dir='ltr'><strong>(aut</strong></span> <span class='ocrx_word' id='word_1_55' title='bbox 1490 906 1806 975; x_wconf 76' lang='lat' dir='ltr'><strong>llegiualdo,</strong></span> <span class='ocrx_word' id='word_1_56' title='bbox 1836 915 1929 958; x_wconf 90' lang='lat' dir='ltr'><strong>aut</strong></span> 
     </span>
    </p>
   </div>
   <div class='ocr_carea' id='block_1_8' title="bbox 329 994 1927 1067">
    <p class='ocr_par' dir='ltr' id='par_1_8' title="bbox 329 994 1927 1067">
     <span class='ocr_line' id='line_1_8' title="bbox 329 994 1927 1067; baseline -0.002 -18"><span class='ocrx_word' id='word_1_57' title='bbox 329 996 619 1065; x_wconf 63' lang='lat' dir='ltr'><strong>llaynerio.</strong></span> <span class='ocrx_word' id='word_1_58' title='bbox 653 997 839 1052; x_wconf 77' lang='lat' dir='ltr'><strong>aliove</strong></span> <span class='ocrx_word' id='word_1_59' title='bbox 879 997 1045 1051; x_wconf 81' lang='lat' dir='ltr'><strong>simili</strong></span> <span class='ocrx_word' id='word_1_60' title='bbox 1084 1000 1300 1051; x_wconf 79' lang='lat' dir='ltr'><strong>nomine</strong></span> <span class='ocrx_word' id='word_1_61' title='bbox 1330 1012 1425 1067; x_wconf 85' lang='lat' dir='ltr'><strong>per</strong></span> <span class='ocrx_word' id='word_1_62' title='bbox 1453 998 1688 1049; x_wconf 85' lang='lat' dir='ltr'><strong>litteram</strong></span> <span class='ocrx_word' id='word_1_63' title='bbox 1723 996 1763 1047; x_wconf 85' lang='lat' dir='ltr'><strong>ll</strong></span> <span class='ocrx_word' id='word_1_64' title='bbox 1797 994 1927 1047; x_wconf 80' lang='lat' dir='ltr'><strong>inci-</strong></span> 
     </span>
    </p>
   </div>
   <div class='ocr_carea' id='block_1_9' title="bbox 327 1082 1927 1157">
    <p class='ocr_par' dir='ltr' id='par_1_9' title="bbox 327 1082 1927 1157">
     <span class='ocr_line' id='line_1_9' title="bbox 327 1082 1927 1157; baseline -0.003 -18"><span class='ocrx_word' id='word_1_65' title='bbox 327 1090 529 1157; x_wconf 68' lang='lat' dir='ltr'><strong>pirnte,</strong></span> <span class='ocrx_word' id='word_1_66' title='bbox 560 1098 885 1156; x_wconf 87' lang='lat' dir='ltr'><strong>nuncnpato</strong></span> <span class='ocrx_word' id='word_1_67' title='bbox 923 1088 1207 1157; x_wconf 85' lang='lat' dir='ltr'><strong>episcopo;</strong></span> <span class='ocrx_word' id='word_1_68' title='bbox 1233 1088 1491 1156; x_wconf 83' lang='lat' dir='ltr'><strong>ejusmodi</strong></span> <span class='ocrx_word' id='word_1_69' title='bbox 1519 1086 1662 1140; x_wconf 83' lang='lat' dir='ltr'><strong>enini</strong></span> <span class='ocrx_word' id='word_1_70' title='bbox 1692 1082 1927 1138; x_wconf 85' lang='lat' dir='ltr'><strong>subscri-</strong></span> 
     </span>
    </p>
   </div>
   <div class='ocr_carea' id='block_1_10' title="bbox 326 1174 1927 1249">
    <p class='ocr_par' dir='ltr' id='par_1_10' title="bbox 326 1174 1927 1249">
     <span class='ocr_line' id='line_1_10' title="bbox 326 1174 1927 1249; baseline -0.001 -21"><span class='ocrx_word' id='word_1_71' title='bbox 326 1180 457 1249; x_wconf 87' lang='lat' dir='ltr'><strong>ptio,</strong></span> <span class='ocrx_word' id='word_1_72' title='bbox 495 1188 554 1232; x_wconf 86' lang='grc' dir='ltr'><strong>ιιι</strong></span> <span class='ocrx_word' id='word_1_73' title='bbox 598 1179 720 1231; x_wconf 79' lang='lat' dir='ltr'><strong>liet&#39;i</strong></span> <span class='ocrx_word' id='word_1_74' title='bbox 756 1180 917 1243; x_wconf 85' lang='lat' dir='ltr'><strong>solet,</strong></span> <span class='ocrx_word' id='word_1_75' title='bbox 954 1180 1021 1231; x_wconf 83' lang='lat' dir='ltr'><strong>ita</strong></span> <span class='ocrx_word' id='word_1_76' title='bbox 1057 1180 1284 1232; x_wconf 73' lang='lat' dir='ltr'><strong>fortasse</strong></span> <span class='ocrx_word' id='word_1_77' title='bbox 1332 1194 1587 1245; x_wconf 72' lang='lat' dir='ltr'><strong>expressa</strong></span> <span class='ocrx_word' id='word_1_78' title='bbox 1636 1176 1779 1228; x_wconf 79' lang='lat' dir='ltr'><strong>fuit:</strong></span> <span class='ocrx_word' id='word_1_79' title='bbox 1818 1174 1927 1243; x_wconf 71' lang='lat' dir='ltr'><strong>Ego</strong></span> 
     </span>
    </p>
   </div>
   <div class='ocr_carea' id='block_1_11' title="bbox 322 1264 1927 1337">
    <p class='ocr_par' dir='ltr' id='par_1_11' title="bbox 322 1264 1927 1337">
     <span class='ocr_line' id='line_1_11' title="bbox 322 1264 1927 1337; baseline -0.004 -16"><span class='ocrx_word' id='word_1_80' title='bbox 322 1268 394 1321; x_wconf 69' lang='lat' dir='ltr'><strong>ﬂ.</strong></span> <span class='ocrx_word' id='word_1_81' title='bbox 430 1267 753 1337; x_wconf 75' lang='lat' dir='ltr'><strong>Eugubinua</strong></span> <span class='ocrx_word' id='word_1_82' title='bbox 792 1272 1085 1337; x_wconf 58' lang='lat' dir='ltr'><strong>episcopus,</strong></span> <span class='ocrx_word' id='word_1_83' title='bbox 1108 1278 1269 1336; x_wconf 84' lang='lat' dir='ltr'><strong>atque</strong></span> <span class='ocrx_word' id='word_1_84' title='bbox 1300 1266 1558 1332; x_wconf 47' lang='lat' dir='ltr'><strong>Rodulphi</strong></span> <span class='ocrx_word' id='word_1_85' title='bbox 1592 1264 1824 1317; x_wconf 59' lang='lat' dir='ltr'><strong>nominis</strong></span> <span class='ocrx_word' id='word_1_86' title='bbox 1850 1264 1927 1316; x_wconf 86' lang='lat' dir='ltr'><strong>itt-</strong></span> 
     </span>
    </p>
   </div>
   <div class='ocr_carea' id='block_1_12' title="bbox 327 1352 1925 1426">
    <p class='ocr_par' dir='ltr' id='par_1_12' title="bbox 327 1352 1925 1426">
     <span class='ocr_line' id='line_1_12' title="bbox 327 1352 1925 1426; baseline -0.005 -16"><span class='ocrx_word' id='word_1_87' title='bbox 327 1359 710 1426; x_wconf 82' lang='lat' dir='ltr'><strong>terprctationi</strong></span> <span class='ocrx_word' id='word_1_88' title='bbox 746 1374 937 1411; x_wconf 69' lang='lat' dir='ltr'><strong>ausam</strong></span> <span class='ocrx_word' id='word_1_89' title='bbox 971 1358 1210 1425; x_wconf 68' lang='lat' dir='ltr'><strong>prxbet&#39;c</strong></span> <span class='ocrx_word' id='word_1_90' title='bbox 1237 1356 1454 1415; x_wconf 80' lang='lat' dir='ltr'><strong>debuit,</strong></span> <span class='ocrx_word' id='word_1_91' title='bbox 1487 1362 1545 1406; x_wconf 87' lang='lat' dir='ltr'><strong>ut</strong></span> <span class='ocrx_word' id='word_1_92' title='bbox 1581 1369 1643 1407; x_wconf 76' lang='lat' dir='ltr'><strong>ex</strong></span> <span class='ocrx_word' id='word_1_93' title='bbox 1684 1352 1925 1407; x_wconf 65' lang='lat' dir='ltr'><strong>subscri-</strong></span> 
     </span>
    </p>
   </div>
   <div class='ocr_carea' id='block_1_13' title="bbox 324 1441 1926 1515">
    <p class='ocr_par' dir='ltr' id='par_1_13' title="bbox 324 1441 1926 1515">
     <span class='ocr_line' id='line_1_13' title="bbox 324 1441 1926 1515; baseline -0.002 -19"><span class='ocrx_word' id='word_1_94' title='bbox 324 1447 504 1515; x_wconf 84' lang='lat' dir='ltr'><strong>ptione</strong></span> <span class='ocrx_word' id='word_1_95' title='bbox 531 1444 622 1498; x_wconf 74' lang='grc' dir='ltr'><strong>ιγ.</strong></span> <span class='ocrx_word' id='word_1_96' title='bbox 657 1445 959 1498; x_wconf 78' lang='lat' dir='ltr'><strong>Ilumrmat.</strong></span> <span class='ocrx_word' id='word_1_97' title='bbox 995 1441 1199 1513; x_wconf 42' lang='lat' dir='ltr'><strong>tam,</strong></span> <span class='ocrx_word' id='word_1_98' title='bbox 1228 1444 1401 1497; x_wconf 76' lang='lat' dir='ltr'><strong>eidem</strong></span> <span class='ocrx_word' id='word_1_99' title='bbox 1434 1442 1690 1496; x_wconf 74' lang='lat' dir='ltr'><strong>Romana:</strong></span> <span class='ocrx_word' id='word_1_100' title='bbox 1722 1441 1926 1511; x_wconf 73' lang='lat' dir='ltr'><strong>synodo</strong></span> 
     </span>
    </p>
   </div>
   <div class='ocr_carea' id='block_1_14' title="bbox 323 1530 1921 1604">
    <p class='ocr_par' dir='ltr' id='par_1_14' title="bbox 323 1530 1921 1604">
     <span class='ocr_line' id='line_1_14' title="bbox 323 1530 1921 1604; baseline -0.004 -15"><span class='ocrx_word' id='word_1_101' title='bbox 323 1536 449 1589; x_wconf 82' lang='lat' dir='ltr'><strong>anni</strong></span> <span class='ocrx_word' id='word_1_102' title='bbox 479 1534 616 1589; x_wconf 76' lang='lat' dir='ltr'><strong>l059</strong></span> <span class='ocrx_word' id='word_1_103' title='bbox 642 1534 819 1597; x_wconf 79' lang='lat' dir='ltr'><strong>facta,</strong></span> <span class='ocrx_word' id='word_1_104' title='bbox 837 1535 1061 1603; x_wconf 47' lang='lat' dir='ltr'><strong>ipiemet</strong></span> <span class='ocrx_word' id='word_1_105' title='bbox 1090 1533 1347 1604; x_wconf 80' lang='lat' dir='ltr'><strong>L&#39;ghellns</strong></span> <span class='ocrx_word' id='word_1_106' title='bbox 1367 1543 1491 1586; x_wconf 91' lang='lat' dir='ltr'><strong>tom.</strong></span> <span class='ocrx_word' id='word_1_107' title='bbox 1514 1532 1549 1591; x_wconf 86' lang='grc' dir='ltr'><strong>Ι.</strong></span> <span class='ocrx_word' id='word_1_108' title='bbox 1569 1548 1690 1602; x_wconf 77' lang='lat' dir='ltr'><strong>pag.</strong></span> <span class='ocrx_word' id='word_1_109' title='bbox 1708 1530 1834 1590; x_wconf 64' lang='lat'><strong>804.</strong></span> <span class='ocrx_word' id='word_1_110' title='bbox 1854 1532 1921 1583; x_wconf 85' lang='lat' dir='ltr'><strong>in-</strong></span> 
     </span>
    </p>
   </div>
   <div class='ocr_carea' id='block_1_15' title="bbox 324 1621 1925 1694">
    <p class='ocr_par' dir='ltr' id='par_1_15' title="bbox 324 1621 1925 1694">
     <span class='ocr_line' id='line_1_15' title="bbox 324 1621 1925 1694; baseline -0.002 -16"><span class='ocrx_word' id='word_1_111' title='bbox 324 1633 658 1694; x_wconf 82' lang='lat' dir='ltr'><strong>terpretatus</strong></span> <span class='ocrx_word' id='word_1_112' title='bbox 678 1632 804 1678; x_wconf 89' lang='lat' dir='ltr'><strong>erat</strong></span> <span class='ocrx_word' id='word_1_113' title='bbox 821 1624 1141 1689; x_wconf 67' lang='lat' dir='ltr'><strong>ll’itlctmus,</strong></span> <span class='ocrx_word' id='word_1_114' title='bbox 1157 1633 1211 1677; x_wconf 91' lang='lat' dir='ltr'><strong>et</strong></span> <span class='ocrx_word' id='word_1_115' title='bbox 1232 1639 1357 1677; x_wconf 76' lang='lat' dir='ltr'><strong>mox</strong></span> <span class='ocrx_word' id='word_1_116' title='bbox 1384 1622 1435 1676; x_wconf 89' lang='lat' dir='ltr'><strong>in</strong></span> <span class='ocrx_word' id='word_1_117' title='bbox 1458 1623 1496 1675; x_wconf 70' lang='grc' dir='ltr'>Α</span> <span class='ocrx_word' id='word_1_118' title='bbox 1507 1623 1769 1692; x_wconf 87' lang='lat' dir='ltr'><strong>ppendice</strong></span> <span class='ocrx_word' id='word_1_119' title='bbox 1785 1621 1925 1689; x_wconf 81' lang='lat' dir='ltr'><strong>ejus-</strong></span> 
     </span>
    </p>
   </div>
   <div class='ocr_carea' id='block_1_16' title="bbox 322 1709 1923 1782">
    <p class='ocr_par' dir='ltr' id='par_1_16' title="bbox 322 1709 1923 1782">
     <span class='ocr_line' id='line_1_16' title="bbox 322 1709 1923 1782; baseline -0.004 -15"><span class='ocrx_word' id='word_1_120' title='bbox 322 1714 440 1769; x_wconf 87' lang='lat' dir='ltr'><strong>dent</strong></span> <span class='ocrx_word' id='word_1_121' title='bbox 477 1714 609 1767; x_wconf 88' lang='lat' dir='ltr'><strong>tomi</strong></span> <span class='ocrx_word' id='word_1_122' title='bbox 641 1728 772 1782; x_wconf 81' lang='lat' dir='ltr'><strong>pag.</strong></span> <span class='ocrx_word' id='word_1_123' title='bbox 804 1713 913 1766; x_wconf 72' lang='lat' dir='ltr'><strong>M9</strong></span> <span class='ocrx_word' id='word_1_124' title='bbox 943 1728 1009 1765; x_wconf 81' lang='lat' dir='ltr'><strong>ex</strong></span> <span class='ocrx_word' id='word_1_125' title='bbox 1050 1711 1214 1766; x_wconf 79' lang='lat' dir='ltr'><strong>Petro</strong></span> <span class='ocrx_word' id='word_1_126' title='bbox 1243 1710 1503 1765; x_wconf 75' lang='lat' dir='ltr'><strong>Damiano</strong></span> <span class='ocrx_word' id='word_1_127' title='bbox 1542 1709 1923 1779; x_wconf 76' lang='lat' dir='ltr'><strong>corrigendum</strong></span> 
     </span>
    </p>
   </div>
   <div class='ocr_carea' id='block_1_17' title="bbox 2037 536 3613 604">
    <p class='ocr_par' dir='ltr' id='par_1_17' title="bbox 2037 536 3613 604">
     <span class='ocr_line' id='line_1_17' title="bbox 2037 536 3613 604; baseline -0.004 -9"><span class='ocrx_word' id='word_1_128' title='bbox 2037 542 2334 597; x_wconf 85' lang='lat' dir='ltr'><strong>tbenticum</strong></span> <span class='ocrx_word' id='word_1_129' title='bbox 2362 541 2745 596; x_wconf 85' lang='lat' dir='ltr'><strong>transactionis</strong></span> <span class='ocrx_word' id='word_1_130' title='bbox 2787 538 3069 604; x_wconf 79' lang='lat' dir='ltr'><strong>cujusdam</strong></span> <span class='ocrx_word' id='word_1_131' title='bbox 3112 536 3530 591; x_wconf 83' lang='lat' dir='ltr'><strong>instrumentum</strong></span> <span class='ocrx_word' id='word_1_132' title='bbox 3561 540 3613 589; x_wconf 91' lang='lat' dir='ltr'><strong>in</strong></span> 
     </span>
    </p>
   </div>
   <div class='ocr_carea' id='block_1_18' title="bbox 2032 626 3610 697">
    <p class='ocr_par' dir='ltr' id='par_1_18' title="bbox 2032 626 3610 697">
     <span class='ocr_line' id='line_1_18' title="bbox 2032 626 3610 697; baseline -0.003 -13"><span class='ocrx_word' id='word_1_133' title='bbox 2032 630 2275 684; x_wconf 82' lang='lat' dir='ltr'><strong>archirio</strong></span> <span class='ocrx_word' id='word_1_134' title='bbox 2301 630 2572 685; x_wconf 83' lang='lat' dir='ltr'><strong>Classensi</strong></span> <span class='ocrx_word' id='word_1_135' title='bbox 2608 628 2825 697; x_wconf 84' lang='lat' dir='ltr'><strong>capsula</strong></span> <span class='ocrx_word' id='word_1_136' title='bbox 2870 626 2970 691; x_wconf 69' lang='lat' dir='ltr'><strong>9t,</strong></span> <span class='ocrx_word' id='word_1_137' title='bbox 3006 642 3152 679; x_wconf 91' lang='lat' dir='ltr'><strong>num.</strong></span> <span class='ocrx_word' id='word_1_138' title='bbox 3195 627 3263 679; x_wconf 85' lang='lat'><strong>67</strong></span> <span class='ocrx_word' id='word_1_139' title='bbox 3294 668 3307 687; x_wconf 86' lang='lat'><strong>,</strong></span> <span class='ocrx_word' id='word_1_140' title='bbox 3339 626 3479 694; x_wconf 85' lang='lat' dir='ltr'><strong>quod</strong></span> <span class='ocrx_word' id='word_1_141' title='bbox 3534 629 3610 679; x_wconf 84' lang='lat' dir='ltr'><strong>sic</strong></span> 
     </span>
    </p>
   </div>
   <div class='ocr_carea' id='block_1_19' title="bbox 2033 714 3609 785">
    <p class='ocr_par' dir='ltr' id='par_1_19' title="bbox 2033 714 3609 785">
     <span class='ocr_line' id='line_1_19' title="bbox 2033 714 3609 785; baseline -0.004 -12"><span class='ocrx_word' id='word_1_142' title='bbox 2033 720 2236 775; x_wconf 87' lang='lat' dir='ltr'><strong>habet:</strong></span> <span class='ocrx_word' id='word_1_143' title='bbox 2275 740 2294 772; x_wconf 77' lang='grc' dir='ltr'><strong>ι</strong></span> <span class='ocrx_word' id='word_1_144' title='bbox 2342 718 2399 773; x_wconf 84' lang='lat' dir='ltr'><strong>In</strong></span> <span class='ocrx_word' id='word_1_145' title='bbox 2444 720 2664 773; x_wconf 78' lang='lat' dir='ltr'><strong>nomine</strong></span> <span class='ocrx_word' id='word_1_146' title='bbox 2702 717 2913 771; x_wconf 86' lang='lat' dir='ltr'><strong>Domini</strong></span> <span class='ocrx_word' id='word_1_147' title='bbox 2967 735 2978 769; x_wconf 96' lang='lat'><strong>:</strong></span> <span class='ocrx_word' id='word_1_148' title='bbox 3022 714 3379 785; x_wconf 83' lang='lat' dir='ltr'><strong>Temporibus</strong></span> <span class='ocrx_word' id='word_1_149' title='bbox 3427 716 3609 769; x_wconf 77' lang='lat' dir='ltr'><strong>domui</strong></span> 
     </span>
    </p>
   </div>
   <div class='ocr_carea' id='block_1_20' title="bbox 2031 806 3610 879">
    <p class='ocr_par' dir='ltr' id='par_1_20' title="bbox 2031 806 3610 879">
     <span class='ocr_line' id='line_1_20' title="bbox 2031 806 3610 879; baseline -0.006 -14"><span class='ocrx_word' id='word_1_150' title='bbox 2031 808 2273 879; x_wconf 82' lang='lat' dir='ltr'><strong>Gregorii</strong></span> <span class='ocrx_word' id='word_1_151' title='bbox 2304 811 2497 865; x_wconf 89' lang='lat' dir='ltr'><strong>summi</strong></span> <span class='ocrx_word' id='word_1_152' title='bbox 2529 810 2819 879; x_wconf 83' lang='lat' dir='ltr'><strong>pontilleis,</strong></span> <span class='ocrx_word' id='word_1_153' title='bbox 2850 824 2989 861; x_wconf 87' lang='lat' dir='ltr'><strong>anno</strong></span> <span class='ocrx_word' id='word_1_154' title='bbox 3015 806 3083 861; x_wconf 88' lang='lat' dir='ltr'><strong>ab</strong></span> <span class='ocrx_word' id='word_1_155' title='bbox 3117 806 3484 861; x_wconf 83' lang='lat' dir='ltr'><strong>incarnatione</strong></span> <span class='ocrx_word' id='word_1_156' title='bbox 3511 807 3610 858; x_wconf 82' lang='lat' dir='ltr'><strong>Do-</strong></span> 
     </span>
    </p>
   </div>
   <div class='ocr_carea' id='block_1_21' title="bbox 2032 898 3613 967">
    <p class='ocr_par' dir='ltr' id='par_1_21' title="bbox 2032 898 3613 967">
     <span class='ocr_line' id='line_1_21' title="bbox 2032 898 3613 967; baseline -0.002 -13"><span class='ocrx_word' id='word_1_157' title='bbox 2032 901 2162 954; x_wconf 88' lang='lat' dir='ltr'><strong>tniui</strong></span> <span class='ocrx_word' id='word_1_158' title='bbox 2186 900 2353 955; x_wconf 88' lang='lat' dir='ltr'><strong>nostri</strong></span> <span class='ocrx_word' id='word_1_159' title='bbox 2378 900 2501 955; x_wconf 84' lang='lat' dir='ltr'><strong>Jcsu</strong></span> <span class='ocrx_word' id='word_1_160' title='bbox 2527 898 2726 954; x_wconf 86' lang='lat' dir='ltr'><strong>Christi</strong></span> <span class='ocrx_word' id='word_1_161' title='bbox 2759 899 3046 953; x_wconf 85' lang='lat' dir='ltr'><strong>millesimo</strong></span> <span class='ocrx_word' id='word_1_162' title='bbox 3068 900 3434 967; x_wconf 72' lang='lat' dir='ltr'><strong>octuagesimo</strong></span> <span class='ocrx_word' id='word_1_163' title='bbox 3457 914 3613 967; x_wconf 54' lang='lat' dir='ltr'><strong>quat&quot;</strong></span> 
     </span>
    </p>
   </div>
   <div class='ocr_carea' id='block_1_22' title="bbox 2032 988 3609 1061">
    <p class='ocr_par' dir='ltr' id='par_1_22' title="bbox 2032 988 3609 1061">
     <span class='ocr_line' id='line_1_22' title="bbox 2032 988 3609 1061; baseline -0.001 -16"><span class='ocrx_word' id='word_1_164' title='bbox 2032 1003 2109 1055; x_wconf 91' lang='lat' dir='ltr'><strong>to,</strong></span> <span class='ocrx_word' id='word_1_165' title='bbox 2144 1001 2406 1061; x_wconf 81' lang='lat' dir='ltr'><strong>regnante</strong></span> <span class='ocrx_word' id='word_1_166' title='bbox 2457 992 2710 1054; x_wconf 85' lang='lat' dir='ltr'><strong>Henrico,</strong></span> <span class='ocrx_word' id='word_1_167' title='bbox 2751 990 3158 1057; x_wconf 52' lang='lat' dir='ltr'><strong>tilio,quondam</strong></span> <span class='ocrx_word' id='word_1_168' title='bbox 3196 988 3411 1043; x_wconf 76' lang='lat' dir='ltr'><strong>llcnriei</strong></span> <span class='ocrx_word' id='word_1_169' title='bbox 3442 991 3609 1058; x_wconf 83' lang='lat' dir='ltr'><strong>impe—</strong></span> 
     </span>
    </p>
   </div>
   <div class='ocr_carea' id='block_1_23' title="bbox 2030 1080 3609 1151">
    <p class='ocr_par' dir='ltr' id='par_1_23' title="bbox 2030 1080 3609 1151">
     <span class='ocr_line' id='line_1_23' title="bbox 2030 1080 3609 1151; baseline -0.003 -16"><span class='ocrx_word' id='word_1_170' title='bbox 2030 1084 2246 1142; x_wconf 84' lang='lat' dir='ltr'><strong>ratoris.</strong></span> <span class='ocrx_word' id='word_1_171' title='bbox 2281 1083 2573 1136; x_wconf 79' lang='lat' dir='ltr'><strong>indictione</strong></span> <span class='ocrx_word' id='word_1_172' title='bbox 2603 1082 2828 1151; x_wconf 85' lang='lat' dir='ltr'><strong>septima</strong></span> <span class='ocrx_word' id='word_1_173' title='bbox 2860 1081 3125 1150; x_wconf 76' lang='lat' dir='ltr'><strong>Engobio.</strong></span> <span class='ocrx_word' id='word_1_174' title='bbox 3166 1081 3279 1149; x_wconf 71' lang='lat' dir='ltr'><strong>Ego</strong></span> <span class='ocrx_word' id='word_1_175' title='bbox 3313 1081 3363 1133; x_wconf 91' lang='lat' dir='ltr'><strong>in</strong></span> <span class='ocrx_word' id='word_1_176' title='bbox 3397 1080 3485 1132; x_wconf 74' lang='lat' dir='ltr'><strong>Dei</strong></span> <span class='ocrx_word' id='word_1_177' title='bbox 3518 1099 3609 1132; x_wconf 91' lang='lat' dir='ltr'><strong>no-</strong></span> 
     </span>
    </p>
   </div>
   <div class='ocr_carea' id='block_1_24' title="bbox 2031 1170 3599 1241">
    <p class='ocr_par' dir='ltr' id='par_1_24' title="bbox 2031 1170 3599 1241">
     <span class='ocr_line' id='line_1_24' title="bbox 2031 1170 3599 1241; baseline -0.001 -17"><span class='ocrx_word' id='word_1_178' title='bbox 2031 1170 2177 1224; x_wconf 84' lang='lat' dir='ltr'><strong>mine</strong></span> <span class='ocrx_word' id='word_1_179' title='bbox 2209 1171 2537 1236; x_wconf 80' lang='lat' dir='ltr'><strong>Thcbaldus,</strong></span> <span class='ocrx_word' id='word_1_180' title='bbox 2582 1172 2722 1226; x_wconf 81' lang='lat' dir='ltr'><strong>tilins</strong></span> <span class='ocrx_word' id='word_1_181' title='bbox 2757 1172 3029 1239; x_wconf 80' lang='lat' dir='ltr'><strong>quondam</strong></span> <span class='ocrx_word' id='word_1_182' title='bbox 3067 1170 3269 1241; x_wconf 78' lang='lat' dir='ltr'><strong>Pagani</strong></span> <span class='ocrx_word' id='word_1_183' title='bbox 3299 1173 3363 1223; x_wconf 90' lang='lat' dir='ltr'><strong>de</strong></span> <span class='ocrx_word' id='word_1_184' title='bbox 3394 1170 3599 1223; x_wconf 65' lang='lat' dir='ltr'><strong>Nartia</strong></span> 
     </span>
    </p>
   </div>
   <div class='ocr_carea' id='block_1_25' title="bbox 2029 1260 3608 1341">
    <p class='ocr_par' dir='ltr' id='par_1_25' title="bbox 2029 1260 3608 1341">
     <span class='ocr_line' id='line_1_25' title="bbox 2029 1260 3608 1341; baseline 0 -27"><span class='ocrx_word' id='word_1_185' title='bbox 2029 1260 2178 1325; x_wconf 89' lang='lat' dir='ltr'><strong>nnla,</strong></span> <span class='ocrx_word' id='word_1_186' title='bbox 2203 1261 2599 1341; x_wconf 66' lang='lat' dir='ltr'><strong>refutationem,</strong></span> <span class='ocrx_word' id='word_1_187' title='bbox 2620 1275 2674 1316; x_wconf 91' lang='lat' dir='ltr'><strong>et</strong></span> <span class='ocrx_word' id='word_1_188' title='bbox 2704 1263 3145 1323; x_wconf 79' lang='lat' dir='ltr'><strong>transactionem.</strong></span> <span class='ocrx_word' id='word_1_189' title='bbox 3164 1272 3214 1315; x_wconf 90' lang='lat' dir='ltr'><strong>et</strong></span> <span class='ocrx_word' id='word_1_190' title='bbox 3244 1262 3608 1331; x_wconf 79' lang='lat' dir='ltr'><strong>deﬁnitionem</strong></span> 
     </span>
    </p>
   </div>
   <div class='ocr_carea' id='block_1_26' title="bbox 2028 1348 3612 1413">
    <p class='ocr_par' dir='ltr' id='par_1_26' title="bbox 2028 1348 3612 1413">
     <span class='ocr_line' id='line_1_26' title="bbox 2028 1348 3612 1413; baseline 0 -12"><span class='ocrx_word' id='word_1_191' title='bbox 2028 1348 2167 1403; x_wconf 82' lang='lat' dir='ltr'><strong>facio</strong></span> <span class='ocrx_word' id='word_1_192' title='bbox 2214 1350 2457 1404; x_wconf 75' lang='lat' dir='ltr'><strong>ccclesize</strong></span> <span class='ocrx_word' id='word_1_193' title='bbox 2506 1350 2563 1403; x_wconf 90' lang='lat' dir='ltr'><strong>S.</strong></span> <span class='ocrx_word' id='word_1_194' title='bbox 2623 1350 2815 1405; x_wconf 85' lang='lat' dir='ltr'><strong>Crucis</strong></span> <span class='ocrx_word' id='word_1_195' title='bbox 2865 1349 3051 1404; x_wconf 77' lang='lat' dir='ltr'><strong>Fontis</strong></span> <span class='ocrx_word' id='word_1_196' title='bbox 3104 1350 3348 1404; x_wconf 79' lang='lat' dir='ltr'><strong>At&#39;cllani</strong></span> <span class='ocrx_word' id='word_1_197' title='bbox 3377 1391 3390 1413; x_wconf 91' lang='lat'><strong>,</strong></span> <span class='ocrx_word' id='word_1_198' title='bbox 3438 1360 3490 1403; x_wconf 87' lang='lat' dir='ltr'><strong>et</strong></span> <span class='ocrx_word' id='word_1_199' title='bbox 3520 1351 3612 1403; x_wconf 90' lang='lat' dir='ltr'><strong>tibi</strong></span> 
     </span>
    </p>
   </div>
   <div class='ocr_carea' id='block_1_27' title="bbox 2028 1437 3613 1511">
    <p class='ocr_par' dir='ltr' id='par_1_27' title="bbox 2028 1437 3613 1511">
     <span class='ocr_line' id='line_1_27' title="bbox 2028 1437 3613 1511; baseline -0.001 -18"><span class='ocrx_word' id='word_1_200' title='bbox 2028 1437 2220 1493; x_wconf 85' lang='lat' dir='ltr'><strong>Joanni</strong></span> <span class='ocrx_word' id='word_1_201' title='bbox 2257 1440 2357 1509; x_wconf 80' lang='lat' dir='ltr'><strong>(de</strong></span> <span class='ocrx_word' id='word_1_202' title='bbox 2387 1440 2604 1510; x_wconf 81' lang='lat' dir='ltr'><strong>Laudo)</strong></span> <span class='ocrx_word' id='word_1_203' title='bbox 2640 1441 2828 1511; x_wconf 83' lang='lat' dir='ltr'><strong>priori,</strong></span> <span class='ocrx_word' id='word_1_204' title='bbox 2874 1443 3086 1509; x_wconf 69' lang='lat' dir='ltr'><strong>tuisque</strong></span> <span class='ocrx_word' id='word_1_205' title='bbox 3125 1441 3531 1495; x_wconf 77' lang='lat' dir='ltr'><strong>successoribus</strong></span> <span class='ocrx_word' id='word_1_206' title='bbox 3560 1440 3613 1493; x_wconf 92' lang='lat' dir='ltr'><strong>in</strong></span> 
     </span>
    </p>
   </div>
   <div class='ocr_carea' id='block_1_28' title="bbox 2026 1529 3609 1599">
    <p class='ocr_par' dir='ltr' id='par_1_28' title="bbox 2026 1529 3609 1599">
     <span class='ocr_line' id='line_1_28' title="bbox 2026 1529 3609 1599; baseline -0.002 -15"><span class='ocrx_word' id='word_1_207' title='bbox 2026 1539 2367 1598; x_wconf 88' lang='lat' dir='ltr'><strong>perpetuum,</strong></span> <span class='ocrx_word' id='word_1_208' title='bbox 2418 1530 2468 1583; x_wconf 91' lang='lat' dir='ltr'><strong>id</strong></span> <span class='ocrx_word' id='word_1_209' title='bbox 2500 1539 2585 1584; x_wconf 83' lang='lat' dir='ltr'><strong>est</strong></span> <span class='ocrx_word' id='word_1_210' title='bbox 2611 1531 2675 1584; x_wconf 85' lang='lat' dir='ltr'><strong>de</strong></span> <span class='ocrx_word' id='word_1_211' title='bbox 2706 1530 2820 1599; x_wconf 88' lang='lat' dir='ltr'><strong>ipsa</strong></span> <span class='ocrx_word' id='word_1_212' title='bbox 2851 1530 3081 1586; x_wconf 81' lang='lat' dir='ltr'><strong>ecclesia</strong></span> <span class='ocrx_word' id='word_1_213' title='bbox 3114 1530 3288 1582; x_wconf 89' lang='lat' dir='ltr'><strong>sancti</strong></span> <span class='ocrx_word' id='word_1_214' title='bbox 3335 1529 3609 1599; x_wconf 80' lang='lat' dir='ltr'><strong>Apollina-</strong></span> 
     </span>
    </p>
   </div>
   <div class='ocr_carea' id='block_1_29' title="bbox 2030 1617 3608 1688">
    <p class='ocr_par' dir='ltr' id='par_1_29' title="bbox 2030 1617 3608 1688">
     <span class='ocr_line' id='line_1_29' title="bbox 2030 1617 3608 1688; baseline -0.001 -16"><span class='ocrx_word' id='word_1_215' title='bbox 2030 1618 2136 1683; x_wconf 84' lang='lat' dir='ltr'><strong>ris,</strong></span> <span class='ocrx_word' id='word_1_216' title='bbox 2176 1618 2350 1688; x_wconf 87' lang='lat' dir='ltr'><strong>posita</strong></span> <span class='ocrx_word' id='word_1_217' title='bbox 2397 1619 2451 1672; x_wconf 92' lang='lat' dir='ltr'><strong>in</strong></span> <span class='ocrx_word' id='word_1_218' title='bbox 2500 1617 2849 1683; x_wconf 81' lang='lat' dir='ltr'><strong>Nartianula,</strong></span> <span class='ocrx_word' id='word_1_219' title='bbox 2884 1637 2904 1671; x_wconf 75' lang='grc' dir='ltr'><strong>ι</strong></span> <span class='ocrx_word' id='word_1_220' title='bbox 2947 1628 3052 1674; x_wconf 89' lang='lat' dir='ltr'><strong>etc.</strong></span> <span class='ocrx_word' id='word_1_221' title='bbox 3083 1617 3338 1685; x_wconf 85' lang='lat' dir='ltr'><strong>Idemque</strong></span> <span class='ocrx_word' id='word_1_222' title='bbox 3369 1627 3514 1686; x_wconf 88' lang='lat' dir='ltr'><strong>patet</strong></span> <span class='ocrx_word' id='word_1_223' title='bbox 3544 1634 3608 1672; x_wconf 74' lang='lat' dir='ltr'><strong>ex</strong></span> 
     </span>
    </p>
   </div>
   <div class='ocr_carea' id='block_1_30' title="bbox 2028 1706 3609 1778">
    <p class='ocr_par' dir='ltr' id='par_1_30' title="bbox 2028 1706 3609 1778">
     <span class='ocr_line' id='line_1_30' title="bbox 2028 1706 3609 1778; baseline -0.003 -15"><span class='ocrx_word' id='word_1_224' title='bbox 2028 1708 2151 1763; x_wconf 87' lang='lat' dir='ltr'><strong>aliis</strong></span> <span class='ocrx_word' id='word_1_225' title='bbox 2181 1707 2297 1776; x_wconf 83' lang='lat' dir='ltr'><strong>ejus</strong></span> <span class='ocrx_word' id='word_1_226' title='bbox 2345 1709 2522 1764; x_wconf 60' lang='lat' dir='ltr'><strong>atatis</strong></span> <span class='ocrx_word' id='word_1_227' title='bbox 2553 1708 2937 1773; x_wconf 87' lang='lat' dir='ltr'><strong>monumentis,</strong></span> <span class='ocrx_word' id='word_1_228' title='bbox 2963 1717 3123 1778; x_wconf 87' lang='lat' dir='ltr'><strong>atque</strong></span> <span class='ocrx_word' id='word_1_229' title='bbox 3172 1714 3235 1761; x_wconf 78' lang='lat' dir='ltr'><strong>ex</strong></span> <span class='ocrx_word' id='word_1_230' title='bbox 3282 1706 3523 1773; x_wconf 82' lang='lat' dir='ltr'><strong>ejusdem</strong></span> <span class='ocrx_word' id='word_1_231' title='bbox 3550 1707 3609 1760; x_wconf 74' lang='lat' dir='ltr'><strong>S.</strong></span> 
     </span>
    </p>
   </div>
   <div class='ocr_carea' id='block_1_31' title="bbox 318 1776 3609 1869">
    <p class='ocr_par' dir='ltr' id='par_1_31' title="bbox 318 1776 3609 1869">
     <span class='ocr_line' id='line_1_31' title="bbox 318 1776 3609 1869; baseline -0.003 -12"><span class='ocrx_word' id='word_1_232' title='bbox 318 1816 440 1857; x_wconf 84' lang='lat' dir='ltr'><strong>esse</strong></span> <span class='ocrx_word' id='word_1_233' title='bbox 462 1776 656 1864; x_wconf 64' lang='lat' dir='ltr'><strong>ll&#39;ido,</strong></span> <span class='ocrx_word' id='word_1_234' title='bbox 683 1776 1098 1869; x_wconf 73' lang='lat' dir='ltr'><strong>animadvertit)</strong></span> <span class='ocrx_word' id='word_1_235' title='bbox 1144 1799 1366 1869; x_wconf 76' lang='lat' dir='ltr'><strong>intelligi</strong></span> <span class='ocrx_word' id='word_1_236' title='bbox 1398 1798 1553 1852; x_wconf 81' lang='lat' dir='ltr'><strong>facile</strong></span> <span class='ocrx_word' id='word_1_237' title='bbox 1582 1776 1778 1866; x_wconf 78' lang='lat' dir='ltr'><strong>potuit.</strong></span> <span class='ocrx_word' id='word_1_238' title='bbox 1815 1796 1925 1850; x_wconf 86' lang='lat' dir='ltr'><strong>Nec</strong></span> <span class='ocrx_word' id='word_1_239' title='bbox 1959 1776 2000 1833; x_wconf 68' lang='grc' dir='ltr'><strong><em>Β</em></strong></span> <span class='ocrx_word' id='word_1_240' title='bbox 2027 1795 2252 1851; x_wconf 78' lang='lat' dir='ltr'><strong>Joannis</strong></span> <span class='ocrx_word' id='word_1_241' title='bbox 2296 1796 2594 1851; x_wconf 84' lang='lat' dir='ltr'><strong>Laudensis</strong></span> <span class='ocrx_word' id='word_1_242' title='bbox 2633 1797 2904 1861; x_wconf 89' lang='lat' dir='ltr'><strong>llistoria,</strong></span> <span class='ocrx_word' id='word_1_243' title='bbox 2947 1813 3012 1851; x_wconf 80' lang='lat' dir='ltr'><strong>ex</strong></span> <span class='ocrx_word' id='word_1_244' title='bbox 3040 1776 3237 1867; x_wconf 78' lang='lat' dir='ltr'><strong>quibus</strong></span> <span class='ocrx_word' id='word_1_245' title='bbox 3265 1797 3392 1850; x_wconf 86' lang='lat' dir='ltr'><strong>item</strong></span> <span class='ocrx_word' id='word_1_246' title='bbox 3422 1797 3609 1865; x_wconf 85' lang='lat' dir='ltr'><strong>liquet,</strong></span> 
     </span>
    </p>
   </div>
   <div class='ocr_carea' id='block_1_32' title="bbox 324 1884 1925 1958">
    <p class='ocr_par' dir='ltr' id='par_1_32' title="bbox 324 1884 1925 1958">
     <span class='ocr_line' id='line_1_32' title="bbox 324 1884 1925 1958; baseline -0.006 -16"><span class='ocrx_word' id='word_1_247' title='bbox 324 1890 549 1943; x_wconf 84' lang='lat' dir='ltr'><strong>deerunt</strong></span> <span class='ocrx_word' id='word_1_248' title='bbox 590 1898 949 1958; x_wconf 77' lang='lat' dir='ltr'><strong>argumenta,</strong></span> <span class='ocrx_word' id='word_1_249' title='bbox 980 1903 1098 1955; x_wconf 73' lang='lat' dir='ltr'><strong>qua:</strong></span> <span class='ocrx_word' id='word_1_250' title='bbox 1146 1888 1284 1941; x_wconf 90' lang='lat' dir='ltr'><strong>hanc</strong></span> <span class='ocrx_word' id='word_1_251' title='bbox 1319 1888 1689 1954; x_wconf 85' lang='lat' dir='ltr'><strong>conjecturam</strong></span> <span class='ocrx_word' id='word_1_252' title='bbox 1719 1884 1925 1938; x_wconf 80' lang='lat' dir='ltr'><strong>contir-</strong></span> 
     </span>
    </p>
   </div>
   <div class='ocr_carea' id='block_1_33' title="bbox 322 1978 1925 2048">
    <p class='ocr_par' dir='ltr' id='par_1_33' title="bbox 322 1978 1925 2048">
     <span class='ocr_line' id='line_1_33' title="bbox 322 1978 1925 2048; baseline -0.002 -13"><span class='ocrx_word' id='word_1_253' title='bbox 322 1990 489 2041; x_wconf 82' lang='lat' dir='ltr'><strong>ntcnt,</strong></span> <span class='ocrx_word' id='word_1_254' title='bbox 522 1979 711 2048; x_wconf 88' lang='lat' dir='ltr'><strong>primo</strong></span> <span class='ocrx_word' id='word_1_255' title='bbox 762 1994 830 2034; x_wconf 80' lang='lat' dir='ltr'><strong>ex</strong></span> <span class='ocrx_word' id='word_1_256' title='bbox 886 1980 970 2033; x_wconf 89' lang='lat' dir='ltr'><strong>his</strong></span> <span class='ocrx_word' id='word_1_257' title='bbox 1023 1995 1142 2047; x_wconf 66' lang='lat' dir='ltr'><strong>quae</strong></span> <span class='ocrx_word' id='word_1_258' title='bbox 1193 1994 1377 2047; x_wconf 85' lang='lat' dir='ltr'><strong>supra,</strong></span> <span class='ocrx_word' id='word_1_259' title='bbox 1433 1982 1499 2033; x_wconf 89' lang='lat' dir='ltr'><strong>de</strong></span> <span class='ocrx_word' id='word_1_260' title='bbox 1552 1995 1696 2033; x_wconf 89' lang='lat' dir='ltr'><strong>anno</strong></span> <span class='ocrx_word' id='word_1_261' title='bbox 1737 1978 1925 2033; x_wconf 89' lang='lat' dir='ltr'><strong>mortis</strong></span> 
     </span>
    </p>
   </div>
   <div class='ocr_carea' id='block_1_34' title="bbox 322 2065 1921 2136">
    <p class='ocr_par' dir='ltr' id='par_1_34' title="bbox 322 2065 1921 2136">
     <span class='ocr_line' id='line_1_34' title="bbox 322 2065 1921 2136; baseline -0.003 -13"><span class='ocrx_word' id='word_1_262' title='bbox 322 2070 379 2124; x_wconf 83' lang='lat' dir='ltr'><strong>S.</strong></span> <span class='ocrx_word' id='word_1_263' title='bbox 424 2068 700 2136; x_wconf 65' lang='lat' dir='ltr'><strong>Rodulphi</strong></span> <span class='ocrx_word' id='word_1_264' title='bbox 732 2108 747 2130; x_wconf 87' lang='lat'><strong>.</strong></span> <span class='ocrx_word' id='word_1_265' title='bbox 800 2068 1200 2136; x_wconf 79' lang='lat' dir='ltr'><strong>expendimus.</strong></span> <span class='ocrx_word' id='word_1_266' title='bbox 1252 2067 1489 2122; x_wconf 80' lang='lat' dir='ltr'><strong>secundo</strong></span> <span class='ocrx_word' id='word_1_267' title='bbox 1542 2082 1604 2121; x_wconf 76' lang='lat' dir='ltr'><strong>ex</strong></span> <span class='ocrx_word' id='word_1_268' title='bbox 1653 2067 1811 2136; x_wconf 84' lang='lat' dir='ltr'><strong>epist.</strong></span> <span class='ocrx_word' id='word_1_269' title='bbox 1864 2065 1921 2130; x_wconf 74' lang='lat'><strong>2,</strong></span> 
     </span>
    </p>
   </div>
   <div class='ocr_carea' id='block_1_35' title="bbox 322 2146 1919 2225">
    <p class='ocr_par' dir='ltr' id='par_1_35' title="bbox 322 2146 1919 2225">
     <span class='ocr_line' id='line_1_35' title="bbox 322 2146 1919 2225; baseline -0.002 -15"><span class='ocrx_word' id='word_1_270' title='bbox 322 2158 411 2213; x_wconf 85' lang='lat' dir='ltr'><strong>lib.</strong></span> <span class='ocrx_word' id='word_1_271' title='bbox 444 2175 491 2211; x_wconf 76' lang='lat' dir='ltr'><strong>tv</strong></span> <span class='ocrx_word' id='word_1_272' title='bbox 528 2146 682 2212; x_wconf 79' lang='lat' dir='ltr'><strong>Petri</strong></span> <span class='ocrx_word' id='word_1_273' title='bbox 738 2157 987 2210; x_wconf 88' lang='lat' dir='ltr'><strong>Dantiani</strong></span> <span class='ocrx_word' id='word_1_274' title='bbox 1019 2158 1087 2208; x_wconf 79' lang='lat' dir='ltr'><strong>ml</strong></span> <span class='ocrx_word' id='word_1_275' title='bbox 1122 2156 1183 2208; x_wconf 75' lang='grc' dir='ltr'><strong>Β.</strong></span> <span class='ocrx_word' id='word_1_276' title='bbox 1213 2154 1529 2225; x_wconf 73' lang='lat' dir='ltr'><strong>Episcopum</strong></span> <span class='ocrx_word' id='word_1_277' title='bbox 1561 2155 1919 2225; x_wconf 77' lang='lat' dir='ltr'><strong>Eugubinum,</strong></span> 
     </span>
    </p>
   </div>
   <div class='ocr_carea' id='block_1_36' title="bbox 323 2245 1921 2317">
    <p class='ocr_par' dir='ltr' id='par_1_36' title="bbox 323 2245 1921 2317">
     <span class='ocr_line' id='line_1_36' title="bbox 323 2245 1921 2317; baseline -0.001 -17"><span class='ocrx_word' id='word_1_278' title='bbox 323 2263 485 2317; x_wconf 88' lang='lat' dir='ltr'><strong>quem</strong></span> <span class='ocrx_word' id='word_1_279' title='bbox 514 2246 687 2300; x_wconf 82' lang='lat' dir='ltr'><strong>alium</strong></span> <span class='ocrx_word' id='word_1_280' title='bbox 720 2245 891 2301; x_wconf 77' lang='lat' dir='ltr'><strong>fuisse</strong></span> <span class='ocrx_word' id='word_1_281' title='bbox 919 2262 947 2298; x_wconf 89' lang='lat' dir='ltr'><strong>a</strong></span> <span class='ocrx_word' id='word_1_282' title='bbox 979 2257 1163 2300; x_wconf 83' lang='lat' dir='ltr'><strong>nostro</strong></span> <span class='ocrx_word' id='word_1_283' title='bbox 1187 2245 1468 2315; x_wconf 81' lang='lat' dir='ltr'><strong>Rodulpho</strong></span> <span class='ocrx_word' id='word_1_284' title='bbox 1496 2255 1749 2301; x_wconf 60' lang='lat' dir='ltr'><strong>constare</strong></span> <span class='ocrx_word' id='word_1_285' title='bbox 1777 2247 1921 2300; x_wconf 78' lang='lat' dir='ltr'><strong>vidc-</strong></span> 
     </span>
    </p>
   </div>
   <div class='ocr_carea' id='block_1_37' title="bbox 321 2333 1918 2405">
    <p class='ocr_par' dir='ltr' id='par_1_37' title="bbox 321 2333 1918 2405">
     <span class='ocr_line' id='line_1_37' title="bbox 321 2333 1918 2405; baseline -0.002 -16"><span class='ocrx_word' id='word_1_286' title='bbox 321 2346 437 2400; x_wconf 86' lang='lat' dir='ltr'><strong>tur;</strong></span> <span class='ocrx_word' id='word_1_287' title='bbox 471 2336 599 2405; x_wconf 88' lang='lat' dir='ltr'><strong>quia</strong></span> <span class='ocrx_word' id='word_1_288' title='bbox 628 2335 925 2403; x_wconf 85' lang='lat' dir='ltr'><strong>episcopus</strong></span> <span class='ocrx_word' id='word_1_289' title='bbox 949 2334 1035 2389; x_wconf 91' lang='lat' dir='ltr'><strong>ille</strong></span> <span class='ocrx_word' id='word_1_290' title='bbox 1052 2334 1163 2386; x_wconf 68' lang='lat' dir='ltr'><strong>lt...</strong></span> <span class='ocrx_word' id='word_1_291' title='bbox 1183 2350 1287 2387; x_wconf 87' lang='lat' dir='ltr'><strong>non</strong></span> <span class='ocrx_word' id='word_1_292' title='bbox 1316 2334 1603 2387; x_wconf 84' lang='lat' dir='ltr'><strong>admodum</strong></span> <span class='ocrx_word' id='word_1_293' title='bbox 1634 2334 1795 2388; x_wconf 77' lang='lat' dir='ltr'><strong>l‘etro</strong></span> <span class='ocrx_word' id='word_1_294' title='bbox 1814 2333 1918 2386; x_wconf 86' lang='lat' dir='ltr'><strong>Da-</strong></span> 
     </span>
    </p>
   </div>
   <div class='ocr_carea' id='block_1_38' title="bbox 319 2420 1916 2492">
    <p class='ocr_par' dir='ltr' id='par_1_38' title="bbox 319 2420 1916 2492">
     <span class='ocr_line' id='line_1_38' title="bbox 319 2420 1916 2492; baseline -0.002 -14"><span class='ocrx_word' id='word_1_295' title='bbox 319 2424 499 2478; x_wconf 77' lang='lat' dir='ltr'><strong>miano</strong></span> <span class='ocrx_word' id='word_1_296' title='bbox 524 2424 806 2492; x_wconf 88' lang='lat' dir='ltr'><strong>propitius</strong></span> <span class='ocrx_word' id='word_1_297' title='bbox 830 2421 1135 2486; x_wconf 83' lang='lat' dir='ltr'><strong>videbatur,</strong></span> <span class='ocrx_word' id='word_1_298' title='bbox 1166 2420 1318 2489; x_wconf 89' lang='lat' dir='ltr'><strong>cujus</strong></span> <span class='ocrx_word' id='word_1_299' title='bbox 1348 2423 1633 2477; x_wconf 86' lang='lat' dir='ltr'><strong>ecclesiam</strong></span> <span class='ocrx_word' id='word_1_300' title='bbox 1659 2424 1916 2479; x_wconf 87' lang='lat' dir='ltr'><strong>ecclesia-</strong></span> 
     </span>
    </p>
   </div>
   <div class='ocr_carea' id='block_1_39' title="bbox 322 2513 1920 2581">
    <p class='ocr_par' dir='ltr' id='par_1_39' title="bbox 322 2513 1920 2581">
     <span class='ocr_line' id='line_1_39' title="bbox 322 2513 1920 2581; baseline 0.001 -12"><span class='ocrx_word' id='word_1_301' title='bbox 322 2515 461 2570; x_wconf 78' lang='lat' dir='ltr'><strong>stico</strong></span> <span class='ocrx_word' id='word_1_302' title='bbox 509 2515 818 2569; x_wconf 76' lang='lat' dir='ltr'><strong>interdicto</strong></span> <span class='ocrx_word' id='word_1_303' title='bbox 868 2513 1203 2581; x_wconf 87' lang='lat' dir='ltr'><strong>subjecerat;</strong></span> <span class='ocrx_word' id='word_1_304' title='bbox 1240 2516 1381 2569; x_wconf 89' lang='lat' dir='ltr'><strong>unde</strong></span> <span class='ocrx_word' id='word_1_305' title='bbox 1411 2514 1557 2567; x_wconf 91' lang='lat' dir='ltr'><strong>illum</strong></span> <span class='ocrx_word' id='word_1_306' title='bbox 1600 2516 1672 2569; x_wconf 89' lang='lat' dir='ltr'><strong>ita</strong></span> <span class='ocrx_word' id='word_1_307' title='bbox 1702 2516 1920 2570; x_wconf 87' lang='lat' dir='ltr'><strong>humilis</strong></span> 
     </span>
    </p>
   </div>
   <div class='ocr_carea' id='block_1_40' title="bbox 317 2602 1919 2674">
    <p class='ocr_par' dir='ltr' id='par_1_40' title="bbox 317 2602 1919 2674">
     <span class='ocr_line' id='line_1_40' title="bbox 317 2602 1919 2674; baseline 0 -17"><span class='ocrx_word' id='word_1_308' title='bbox 317 2606 685 2674; x_wconf 88' lang='lat' dir='ltr'><strong>deprecatur:</strong></span> <span class='ocrx_word' id='word_1_309' title='bbox 713 2622 730 2654; x_wconf 86' lang='grc' dir='ltr'><strong>ι</strong></span> <span class='ocrx_word' id='word_1_310' title='bbox 754 2602 1122 2659; x_wconf 72' lang='lat' dir='ltr'><strong>Obsecramus</strong></span> <span class='ocrx_word' id='word_1_311' title='bbox 1156 2604 1339 2674; x_wconf 72' lang='lat' dir='ltr'><strong>igitur,</strong></span> <span class='ocrx_word' id='word_1_312' title='bbox 1360 2603 1730 2669; x_wconf 87' lang='lat' dir='ltr'><strong>dilectissime,</strong></span> <span class='ocrx_word' id='word_1_313' title='bbox 1757 2606 1919 2659; x_wconf 80' lang='lat' dir='ltr'><strong>inter-</strong></span> 
     </span>
    </p>
   </div>
   <div class='ocr_carea' id='block_1_41' title="bbox 317 2692 1919 2759">
    <p class='ocr_par' dir='ltr' id='par_1_41' title="bbox 317 2692 1919 2759">
     <span class='ocr_line' id='line_1_41' title="bbox 317 2692 1919 2759; baseline 0.001 -12"><span class='ocrx_word' id='word_1_314' title='bbox 317 2692 522 2747; x_wconf 89' lang='lat' dir='ltr'><strong>dictum</strong></span> <span class='ocrx_word' id='word_1_315' title='bbox 555 2705 770 2751; x_wconf 76' lang='lat' dir='ltr'><strong>nostra:</strong></span> <span class='ocrx_word' id='word_1_316' title='bbox 799 2692 1059 2747; x_wconf 76' lang='lat' dir='ltr'><strong>Ecclesia:</strong></span> <span class='ocrx_word' id='word_1_317' title='bbox 1084 2692 1317 2747; x_wconf 75' lang='lat' dir='ltr'><strong>oﬂicium</strong></span> <span class='ocrx_word' id='word_1_318' title='bbox 1352 2694 1579 2759; x_wconf 85' lang='lat' dir='ltr'><strong>reddite,</strong></span> <span class='ocrx_word' id='word_1_319' title='bbox 1605 2706 1657 2747; x_wconf 89' lang='lat' dir='ltr'><strong>et</strong></span> <span class='ocrx_word' id='word_1_320' title='bbox 1683 2710 1787 2749; x_wconf 91' lang='lat' dir='ltr'><strong>non</strong></span> <span class='ocrx_word' id='word_1_321' title='bbox 1834 2711 1919 2748; x_wconf 88' lang='lat' dir='ltr'><strong>so-</strong></span> 
     </span>
    </p>
   </div>
   <div class='ocr_carea' id='block_1_42' title="bbox 316 2780 1920 2854">
    <p class='ocr_par' dir='ltr' id='par_1_42' title="bbox 316 2780 1920 2854">
     <span class='ocr_line' id='line_1_42' title="bbox 316 2780 1920 2854; baseline 0.002 -19"><span class='ocrx_word' id='word_1_322' title='bbox 316 2780 605 2837; x_wconf 83' lang='lat' dir='ltr'><strong>lum&#39;illam</strong></span> <span class='ocrx_word' id='word_1_323' title='bbox 664 2783 1193 2853; x_wconf 79' lang='lat' dir='ltr'><strong>possessiuncnlam,</strong></span> <span class='ocrx_word' id='word_1_324' title='bbox 1224 2798 1345 2851; x_wconf 75' lang='lat' dir='ltr'><strong>qua:</strong></span> <span class='ocrx_word' id='word_1_325' title='bbox 1382 2792 1573 2839; x_wconf 69' lang='lat' dir='ltr'><strong>vestrae</strong></span> <span class='ocrx_word' id='word_1_326' title='bbox 1603 2785 1788 2854; x_wconf 84' lang='lat' dir='ltr'><strong>procul</strong></span> <span class='ocrx_word' id='word_1_327' title='bbox 1825 2786 1920 2839; x_wconf 90' lang='lat' dir='ltr'><strong>du-</strong></span> 
     </span>
    </p>
   </div>
   <div class='ocr_carea' id='block_1_43' title="bbox 314 2872 1915 2941">
    <p class='ocr_par' dir='ltr' id='par_1_43' title="bbox 314 2872 1915 2941">
     <span class='ocr_line' id='line_1_43' title="bbox 314 2872 1915 2941; baseline 0 -14"><span class='ocrx_word' id='word_1_328' title='bbox 314 2873 401 2928; x_wconf 88' lang='lat' dir='ltr'><strong>bio</strong></span> <span class='ocrx_word' id='word_1_329' title='bbox 427 2874 697 2928; x_wconf 76' lang='lat' dir='ltr'><strong>dimcesis</strong></span> <span class='ocrx_word' id='word_1_330' title='bbox 738 2889 841 2935; x_wconf 73' lang='grc' dir='ltr'><strong>ρει,</strong></span> <span class='ocrx_word' id='word_1_331' title='bbox 894 2872 990 2927; x_wconf 85' lang='lat' dir='ltr'><strong>sed</strong></span> <span class='ocrx_word' id='word_1_332' title='bbox 1016 2882 1071 2927; x_wconf 91' lang='lat' dir='ltr'><strong>et</strong></span> <span class='ocrx_word' id='word_1_333' title='bbox 1118 2872 1376 2941; x_wconf 83' lang='lat' dir='ltr'><strong>quidquid</strong></span> <span class='ocrx_word' id='word_1_334' title='bbox 1421 2874 1702 2936; x_wconf 82' lang='lat' dir='ltr'><strong>habemus,</strong></span> <span class='ocrx_word' id='word_1_335' title='bbox 1735 2885 1915 2929; x_wconf 76' lang='lat' dir='ltr'><strong>vestra</strong></span> 
     </span>
    </p>
   </div>
   <div class='ocr_carea' id='block_1_44' title="bbox 314 2960 1918 3032">
    <p class='ocr_par' dir='ltr' id='par_1_44' title="bbox 314 2960 1918 3032">
     <span class='ocr_line' id='line_1_44' title="bbox 314 2960 1918 3032; baseline 0.001 -18"><span class='ocrx_word' id='word_1_336' title='bbox 314 2963 666 3023; x_wconf 72' lang='lat' dir='ltr'><strong>auctoritate,</strong></span> <span class='ocrx_word' id='word_1_337' title='bbox 710 2960 1011 3024; x_wconf 73' lang='lat' dir='ltr'><strong>defendite,</strong></span> <span class='ocrx_word' id='word_1_338' title='bbox 1061 2981 1078 3012; x_wconf 73' lang='grc' dir='ltr'><strong>ι</strong></span> <span class='ocrx_word' id='word_1_339' title='bbox 1132 2970 1236 3015; x_wconf 85' lang='lat' dir='ltr'><strong>etc.</strong></span> <span class='ocrx_word' id='word_1_340' title='bbox 1269 2961 1340 3014; x_wconf 83' lang='lat' dir='ltr'><strong>At</strong></span> <span class='ocrx_word' id='word_1_341' title='bbox 1372 2970 1555 3015; x_wconf 88' lang='lat' dir='ltr'><strong>noster</strong></span> <span class='ocrx_word' id='word_1_342' title='bbox 1605 2961 1918 3032; x_wconf 78' lang='lat' dir='ltr'><strong>ltodulphus</strong></span> 
     </span>
    </p>
   </div>
   <div class='ocr_carea' id='block_1_45' title="bbox 313 3048 1917 3120">
    <p class='ocr_par' dir='ltr' id='par_1_45' title="bbox 313 3048 1917 3120">
     <span class='ocr_line' id='line_1_45' title="bbox 313 3048 1917 3120; baseline 0.001 -17"><span class='ocrx_word' id='word_1_343' title='bbox 313 3048 532 3104; x_wconf 84' lang='lat' dir='ltr'><strong>Petrum</strong></span> <span class='ocrx_word' id='word_1_344' title='bbox 582 3051 955 3113; x_wconf 78' lang='lat' dir='ltr'><strong>Damianum,</strong></span> <span class='ocrx_word' id='word_1_345' title='bbox 1005 3057 1063 3103; x_wconf 90' lang='lat' dir='ltr'><strong>ut</strong></span> <span class='ocrx_word' id='word_1_346' title='bbox 1113 3059 1324 3118; x_wconf 85' lang='lat' dir='ltr'><strong>patrem</strong></span> <span class='ocrx_word' id='word_1_347' title='bbox 1372 3067 1529 3104; x_wconf 88' lang='lat' dir='ltr'><strong>smnu</strong></span> <span class='ocrx_word' id='word_1_348' title='bbox 1582 3053 1746 3105; x_wconf 85' lang='lat' dir='ltr'><strong>etiam</strong></span> <span class='ocrx_word' id='word_1_349' title='bbox 1798 3063 1917 3120; x_wconf 84' lang='lat' dir='ltr'><strong>post</strong></span> 
     </span>
    </p>
   </div>
   <div class='ocr_carea' id='block_1_46' title="bbox 2028 1884 3613 1954">
    <p class='ocr_par' dir='ltr' id='par_1_46' title="bbox 2028 1884 3613 1954">
     <span class='ocr_line' id='line_1_46' title="bbox 2028 1884 3613 1954; baseline -0.001 -17"><span class='ocrx_word' id='word_1_350' title='bbox 2028 1899 2137 1938; x_wconf 92' lang='lat' dir='ltr'><strong>non</strong></span> <span class='ocrx_word' id='word_1_351' title='bbox 2170 1884 2240 1939; x_wconf 79' lang='lat'><strong>36</strong></span> <span class='ocrx_word' id='word_1_352' title='bbox 2268 1900 2440 1941; x_wconf 88' lang='lat' dir='ltr'><strong>annos</strong></span> <span class='ocrx_word' id='word_1_353' title='bbox 2464 1886 2610 1940; x_wconf 91' lang='lat' dir='ltr'><strong>illum</strong></span> <span class='ocrx_word' id='word_1_354' title='bbox 2651 1886 2703 1939; x_wconf 89' lang='lat' dir='ltr'><strong>in</strong></span> <span class='ocrx_word' id='word_1_355' title='bbox 2741 1887 3050 1954; x_wconf 84' lang='lat' dir='ltr'><strong>episcopatu</strong></span> <span class='ocrx_word' id='word_1_356' title='bbox 3098 1887 3321 1947; x_wconf 78' lang='lat' dir='ltr'><strong>vixisse,</strong></span> <span class='ocrx_word' id='word_1_357' title='bbox 3361 1887 3454 1939; x_wconf 87' lang='lat' dir='ltr'><strong>sed</strong></span> <span class='ocrx_word' id='word_1_358' title='bbox 3506 1900 3613 1938; x_wconf 88' lang='lat' dir='ltr'><strong>uno</strong></span> 
     </span>
    </p>
   </div>
   <div class='ocr_carea' id='block_1_47' title="bbox 2025 1977 3614 2047">
    <p class='ocr_par' dir='ltr' id='par_1_47' title="bbox 2025 1977 3614 2047">
     <span class='ocr_line' id='line_1_47' title="bbox 2025 1977 3614 2047; baseline -0.001 -17"><span class='ocrx_word' id='word_1_359' title='bbox 2025 1977 2287 2030; x_wconf 78' lang='lat' dir='ltr'><strong>duntaxat</strong></span> <span class='ocrx_word' id='word_1_360' title='bbox 2319 1992 2485 2041; x_wconf 84' lang='lat' dir='ltr'><strong>anno,</strong></span> <span class='ocrx_word' id='word_1_361' title='bbox 2520 1984 2613 2029; x_wconf 90' lang='lat' dir='ltr'><strong>aut</strong></span> <span class='ocrx_word' id='word_1_362' title='bbox 2644 1979 2829 2046; x_wconf 81' lang='lat' dir='ltr'><strong>paucis</strong></span> <span class='ocrx_word' id='word_1_363' title='bbox 2859 1978 3079 2047; x_wconf 89' lang='lat' dir='ltr'><strong>insuper</strong></span> <span class='ocrx_word' id='word_1_364' title='bbox 3108 1979 3407 2040; x_wconf 80' lang='lat' dir='ltr'><strong>mensibus,</strong></span> <span class='ocrx_word' id='word_1_365' title='bbox 3436 1992 3614 2045; x_wconf 84' lang='lat' dir='ltr'><strong>neque</strong></span> 
     </span>
    </p>
   </div>
   <div class='ocr_carea' id='block_1_48' title="bbox 2025 2065 3615 2138">
    <p class='ocr_par' dir='ltr' id='par_1_48' title="bbox 2025 2065 3615 2138">
     <span class='ocr_line' id='line_1_48' title="bbox 2025 2065 3615 2138; baseline 0.001 -20"><span class='ocrx_word' id='word_1_366' title='bbox 2025 2079 2170 2120; x_wconf 84' lang='lat' dir='ltr'><strong>anno</strong></span> <span class='ocrx_word' id='word_1_367' title='bbox 2209 2066 2366 2131; x_wconf 84' lang='grc'><strong>1116,</strong></span> <span class='ocrx_word' id='word_1_368' title='bbox 2407 2067 2502 2121; x_wconf 89' lang='lat' dir='ltr'><strong>sed</strong></span> <span class='ocrx_word' id='word_1_369' title='bbox 2542 2067 2717 2128; x_wconf 83' lang='grc'><strong>1106,</strong></span> <span class='ocrx_word' id='word_1_370' title='bbox 2773 2066 2940 2122; x_wconf 90' lang='lat' dir='ltr'><strong>Deum</strong></span> <span class='ocrx_word' id='word_1_371' title='bbox 2979 2066 3177 2122; x_wconf 80' lang='lat' dir='ltr'><strong>adiisse</strong></span> <span class='ocrx_word' id='word_1_372' title='bbox 3202 2108 3217 2132; x_wconf 93' lang='lat'><strong>,</strong></span> <span class='ocrx_word' id='word_1_373' title='bbox 3270 2077 3328 2120; x_wconf 91' lang='lat' dir='ltr'><strong>ut</strong></span> <span class='ocrx_word' id='word_1_374' title='bbox 3359 2065 3615 2138; x_wconf 74' lang='lat' dir='ltr'><strong>Ugliellus</strong></span> 
     </span>
    </p>
   </div>
   <div class='ocr_carea' id='block_1_49' title="bbox 2024 2156 2527 2212">
    <p class='ocr_par' dir='ltr' id='par_1_49' title="bbox 2024 2156 2527 2212">
     <span class='ocr_line' id='line_1_49' title="bbox 2024 2156 2527 2212; baseline -0.004 -2"><span class='ocrx_word' id='word_1_375' title='bbox 2024 2156 2187 2210; x_wconf 89' lang='lat' dir='ltr'><strong>etiam</strong></span> <span class='ocrx_word' id='word_1_376' title='bbox 2220 2157 2527 2212; x_wconf 81' lang='lat' dir='ltr'><strong>continuat.</strong></span> 
     </span>
    </p>
   </div>
   <div class='ocr_carea' id='block_1_50' title="bbox 2095 2244 3607 2310">
    <p class='ocr_par' dir='ltr' id='par_1_50' title="bbox 2095 2244 3607 2310">
     <span class='ocr_line' id='line_1_50' title="bbox 2095 2244 3607 2310; baseline -0.001 -11"><span class='ocrx_word' id='word_1_377' title='bbox 2095 2245 2209 2299; x_wconf 80' lang='lat' dir='ltr'><strong>Xll.</strong></span> <span class='ocrx_word' id='word_1_378' title='bbox 2249 2244 2421 2300; x_wconf 85' lang='lat' dir='ltr'><strong>Porro</strong></span> <span class='ocrx_word' id='word_1_379' title='bbox 2444 2247 2694 2301; x_wconf 87' lang='lat' dir='ltr'><strong>eumdem</strong></span> <span class='ocrx_word' id='word_1_380' title='bbox 2720 2246 2987 2301; x_wconf 86' lang='lat' dir='ltr'><strong>Joannem</strong></span> <span class='ocrx_word' id='word_1_381' title='bbox 3015 2245 3372 2310; x_wconf 87' lang='lat' dir='ltr'><strong>Laudcnsem,</strong></span> <span class='ocrx_word' id='word_1_382' title='bbox 3413 2246 3607 2300; x_wconf 84' lang='lat' dir='ltr'><strong>nedum</strong></span> 
     </span>
    </p>
   </div>
   <div class='ocr_carea' id='block_1_51' title="bbox 2022 2331 3610 2405">
    <p class='ocr_par' dir='ltr' id='par_1_51' title="bbox 2022 2331 3610 2405">
     <span class='ocr_line' id='line_1_51' title="bbox 2022 2331 3610 2405; baseline -0.001 -18"><span class='ocrx_word' id='word_1_383' title='bbox 2022 2331 2355 2389; x_wconf 84' lang='lat' dir='ltr'><strong>Laderebius</strong></span> <span class='ocrx_word' id='word_1_384' title='bbox 2381 2335 2493 2405; x_wconf 89' lang='lat' dir='ltr'><strong>ipse</strong></span> <span class='ocrx_word' id='word_1_385' title='bbox 2528 2335 2621 2389; x_wconf 90' lang='lat' dir='ltr'><strong>lib.</strong></span> <span class='ocrx_word' id='word_1_386' title='bbox 2654 2350 2746 2399; x_wconf 87' lang='lat' dir='ltr'><strong>ut,</strong></span> <span class='ocrx_word' id='word_1_387' title='bbox 2788 2350 2909 2404; x_wconf 86' lang='lat' dir='ltr'><strong>cap.</strong></span> <span class='ocrx_word' id='word_1_388' title='bbox 2951 2335 3052 2396; x_wconf 70' lang='lat'><strong>27,</strong></span> <span class='ocrx_word' id='word_1_389' title='bbox 3093 2350 3244 2389; x_wconf 90' lang='lat' dir='ltr'><strong>nmn.</strong></span> <span class='ocrx_word' id='word_1_390' title='bbox 3292 2336 3357 2396; x_wconf 71' lang='lat'><strong>2,</strong></span> <span class='ocrx_word' id='word_1_391' title='bbox 3411 2333 3610 2388; x_wconf 78' lang='lat' dir='ltr'><strong>fatetur</strong></span> 
     </span>
    </p>
   </div>
   <div class='ocr_carea' id='block_1_52' title="bbox 2026 2423 3604 2493">
    <p class='ocr_par' dir='ltr' id='par_1_52' title="bbox 2026 2423 3604 2493">
     <span class='ocr_line' id='line_1_52' title="bbox 2026 2423 3604 2493; baseline -0.001 -15"><span class='ocrx_word' id='word_1_392' title='bbox 2026 2423 2192 2478; x_wconf 85' lang='lat' dir='ltr'><strong>Petro</strong></span> <span class='ocrx_word' id='word_1_393' title='bbox 2217 2424 2461 2478; x_wconf 89' lang='lat' dir='ltr'><strong>Damiani</strong></span> <span class='ocrx_word' id='word_1_394' title='bbox 2496 2425 2809 2479; x_wconf 85' lang='lat' dir='ltr'><strong>immediate</strong></span> <span class='ocrx_word' id='word_1_395' title='bbox 2841 2424 2893 2477; x_wconf 92' lang='lat' dir='ltr'><strong>in</strong></span> <span class='ocrx_word' id='word_1_396' title='bbox 2917 2424 3159 2493; x_wconf 88' lang='lat' dir='ltr'><strong>prioratu</strong></span> <span class='ocrx_word' id='word_1_397' title='bbox 3184 2423 3456 2477; x_wconf 77' lang='lat' dir='ltr'><strong>Avellana:</strong></span> <span class='ocrx_word' id='word_1_398' title='bbox 3478 2438 3604 2478; x_wconf 86' lang='lat' dir='ltr'><strong>suc-</strong></span> 
     </span>
    </p>
   </div>
   <div class='ocr_carea' id='block_1_53' title="bbox 1996 2510 3609 2582">
    <p class='ocr_par' dir='ltr' id='par_1_53' title="bbox 1996 2510 3609 2582">
     <span class='ocr_line' id='line_1_53' title="bbox 1996 2510 3609 2582; baseline -0.002 -14"><span class='ocrx_word' id='word_1_399' title='bbox 1996 2513 2269 2580; x_wconf 86' lang='lat' dir='ltr'><strong>-eessisse,</strong></span> <span class='ocrx_word' id='word_1_400' title='bbox 2298 2528 2485 2567; x_wconf 89' lang='lat' dir='ltr'><strong>verum</strong></span> <span class='ocrx_word' id='word_1_401' title='bbox 2535 2514 2587 2567; x_wconf 93' lang='lat' dir='ltr'><strong>id</strong></span> <span class='ocrx_word' id='word_1_402' title='bbox 2632 2513 2796 2567; x_wconf 87' lang='lat' dir='ltr'><strong>habet</strong></span> <span class='ocrx_word' id='word_1_403' title='bbox 2827 2513 2989 2567; x_wconf 87' lang='lat' dir='ltr'><strong>etiam</strong></span> <span class='ocrx_word' id='word_1_404' title='bbox 3022 2521 3214 2567; x_wconf 84' lang='lat' dir='ltr'><strong>auctor</strong></span> <span class='ocrx_word' id='word_1_405' title='bbox 3258 2510 3396 2566; x_wconf 77' lang='lat' dir='ltr'><strong>Vita:</strong></span> <span class='ocrx_word' id='word_1_406' title='bbox 3441 2512 3609 2582; x_wconf 83' lang='lat' dir='ltr'><strong>ipsius</strong></span> 
     </span>
    </p>
   </div>
   <div class='ocr_carea' id='block_1_54' title="bbox 2020 2600 3611 2671">
    <p class='ocr_par' dir='ltr' id='par_1_54' title="bbox 2020 2600 3611 2671">
     <span class='ocr_line' id='line_1_54' title="bbox 2020 2600 3611 2671; baseline -0.002 -15"><span class='ocrx_word' id='word_1_407' title='bbox 2020 2602 2263 2667; x_wconf 80' lang='lat' dir='ltr'><strong>Joannis,</strong></span> <span class='ocrx_word' id='word_1_408' title='bbox 2297 2601 2449 2670; x_wconf 88' lang='lat' dir='ltr'><strong>cujus</strong></span> <span class='ocrx_word' id='word_1_409' title='bbox 2478 2601 2837 2671; x_wconf 77' lang='lat' dir='ltr'><strong>fragmentum</strong></span> <span class='ocrx_word' id='word_1_410' title='bbox 2877 2601 3042 2656; x_wconf 79' lang='lat' dir='ltr'><strong>refert</strong></span> <span class='ocrx_word' id='word_1_411' title='bbox 3070 2601 3463 2656; x_wconf 86' lang='lat' dir='ltr'><strong>Constantinus</strong></span> <span class='ocrx_word' id='word_1_412' title='bbox 3507 2600 3611 2654; x_wconf 82' lang='lat' dir='ltr'><strong>Ca-</strong></span> 
     </span>
    </p>
   </div>
   <div class='ocr_carea' id='block_1_55' title="bbox 2013 2691 3598 2762">
    <p class='ocr_par' dir='ltr' id='par_1_55' title="bbox 2013 2691 3598 2762">
     <span class='ocr_line' id='line_1_55' title="bbox 2013 2691 3598 2762; baseline -0.003 -13"><span class='ocrx_word' id='word_1_413' title='bbox 2013 2702 2235 2761; x_wconf 71' lang='lat' dir='ltr'><strong>jetanus</strong></span> <span class='ocrx_word' id='word_1_414' title='bbox 2266 2695 2419 2749; x_wconf 90' lang='lat' dir='ltr'><strong>initio</strong></span> <span class='ocrx_word' id='word_1_415' title='bbox 2445 2696 2573 2748; x_wconf 89' lang='lat' dir='ltr'><strong>tomi</strong></span> <span class='ocrx_word' id='word_1_416' title='bbox 2604 2693 2645 2747; x_wconf 92' lang='lat' dir='ltr'><strong>ll</strong></span> <span class='ocrx_word' id='word_1_417' title='bbox 2676 2708 2900 2762; x_wconf 84' lang='lat' dir='ltr'><strong>operum</strong></span> <span class='ocrx_word' id='word_1_418' title='bbox 2926 2692 2985 2745; x_wconf 85' lang='grc' dir='ltr'><strong>Β.</strong></span> <span class='ocrx_word' id='word_1_419' title='bbox 3022 2691 3164 2747; x_wconf 81' lang='lat' dir='ltr'><strong>Petri</strong></span> <span class='ocrx_word' id='word_1_420' title='bbox 3198 2692 3443 2745; x_wconf 87' lang='lat' dir='ltr'><strong>D.uniani</strong></span> <span class='ocrx_word' id='word_1_421' title='bbox 3471 2709 3484 2745; x_wconf 74' lang='grc' dir='ltr'>ε</span> <span class='ocrx_word' id='word_1_422' title='bbox 3520 2702 3598 2747; x_wconf 81' lang='lat' dir='ltr'><strong>te-</strong></span> 
     </span>
    </p>
   </div>
   <div class='ocr_carea' id='block_1_56' title="bbox 2021 2784 3604 2855">
    <p class='ocr_par' dir='ltr' id='par_1_56' title="bbox 2021 2784 3604 2855">
     <span class='ocr_line' id='line_1_56' title="bbox 2021 2784 3604 2855; baseline -0.003 -14"><span class='ocrx_word' id='word_1_423' title='bbox 2021 2794 2199 2841; x_wconf 86' lang='lat' dir='ltr'><strong>statur</strong></span> <span class='ocrx_word' id='word_1_424' title='bbox 2250 2786 2396 2841; x_wconf 87' lang='lat' dir='ltr'><strong>enim</strong></span> <span class='ocrx_word' id='word_1_425' title='bbox 2447 2787 2589 2855; x_wconf 89' lang='lat' dir='ltr'><strong>quod</strong></span> <span class='ocrx_word' id='word_1_426' title='bbox 2632 2794 2752 2855; x_wconf 86' lang='lat' dir='ltr'><strong>post</strong></span> <span class='ocrx_word' id='word_1_427' title='bbox 2810 2794 3039 2840; x_wconf 81' lang='lat' dir='ltr'><strong>mortem</strong></span> <span class='ocrx_word' id='word_1_428' title='bbox 3107 2784 3280 2838; x_wconf 86' lang='lat' dir='ltr'><strong>sancti</strong></span> <span class='ocrx_word' id='word_1_429' title='bbox 3348 2785 3604 2844; x_wconf 81' lang='lat' dir='ltr'><strong>doctoris.</strong></span> 
     </span>
    </p>
   </div>
   <div class='ocr_carea' id='block_1_57' title="bbox 2026 2875 3607 2947">
    <p class='ocr_par' dir='ltr' id='par_1_57' title="bbox 2026 2875 3607 2947">
     <span class='ocr_line' id='line_1_57' title="bbox 2026 2875 3607 2947; baseline 0 -20"><span class='ocrx_word' id='word_1_430' title='bbox 2026 2895 2046 2927; x_wconf 73' lang='grc' dir='ltr'><strong>ι</strong></span> <span class='ocrx_word' id='word_1_431' title='bbox 2086 2876 2307 2933; x_wconf 84' lang='lat' dir='ltr'><strong>Fratres</strong></span> <span class='ocrx_word' id='word_1_432' title='bbox 2346 2877 2593 2947; x_wconf 89' lang='lat' dir='ltr'><strong>inspirati</strong></span> <span class='ocrx_word' id='word_1_433' title='bbox 2642 2893 2671 2931; x_wconf 90' lang='lat' dir='ltr'><strong>a</strong></span> <span class='ocrx_word' id='word_1_434' title='bbox 2712 2875 2942 2930; x_wconf 91' lang='lat' dir='ltr'><strong>Domino</strong></span> <span class='ocrx_word' id='word_1_435' title='bbox 2975 2876 3343 2939; x_wconf 88' lang='lat' dir='ltr'><strong>concorditer,</strong></span> <span class='ocrx_word' id='word_1_436' title='bbox 3379 2884 3436 2929; x_wconf 90' lang='lat' dir='ltr'><strong>et</strong></span> <span class='ocrx_word' id='word_1_437' title='bbox 3476 2892 3607 2929; x_wconf 87' lang='lat' dir='ltr'><strong>tma-</strong></span> 
     </span>
    </p>
   </div>
   <div class='ocr_carea' id='block_1_58' title="bbox 2023 2962 3607 3032">
    <p class='ocr_par' dir='ltr' id='par_1_58' title="bbox 2023 2962 3607 3032">
     <span class='ocr_line' id='line_1_58' title="bbox 2023 2962 3607 3032; baseline -0.001 -13"><span class='ocrx_word' id='word_1_438' title='bbox 2023 2966 2242 3021; x_wconf 89' lang='lat' dir='ltr'><strong>nimiter</strong></span> <span class='ocrx_word' id='word_1_439' title='bbox 2272 2974 2522 3021; x_wconf 82' lang='lat' dir='ltr'><strong>sanctum</strong></span> <span class='ocrx_word' id='word_1_440' title='bbox 2561 2965 2735 3019; x_wconf 83' lang='lat' dir='ltr'><strong>virum</strong></span> <span class='ocrx_word' id='word_1_441' title='bbox 2766 2962 3025 3020; x_wconf 89' lang='lat' dir='ltr'><strong>Joannem</strong></span> <span class='ocrx_word' id='word_1_442' title='bbox 3064 2966 3129 3018; x_wconf 90' lang='lat' dir='ltr'><strong>de</strong></span> <span class='ocrx_word' id='word_1_443' title='bbox 3163 2963 3347 3018; x_wconf 89' lang='lat' dir='ltr'><strong>Laudo</strong></span> <span class='ocrx_word' id='word_1_444' title='bbox 3378 2964 3428 3018; x_wconf 92' lang='lat' dir='ltr'><strong>in</strong></span> <span class='ocrx_word' id='word_1_445' title='bbox 3462 2965 3607 3032; x_wconf 76' lang='lat' dir='ltr'><strong>prio-</strong></span> 
     </span>
    </p>
   </div>
   <div class='ocr_carea' id='block_1_59' title="bbox 2023 3055 3601 3126">
    <p class='ocr_par' dir='ltr' id='par_1_59' title="bbox 2023 3055 3601 3126">
     <span class='ocr_line' id='line_1_59' title="bbox 2023 3055 3601 3126; baseline -0.003 -16"><span class='ocrx_word' id='word_1_446' title='bbox 2023 3069 2136 3111; x_wconf 87' lang='lat' dir='ltr'><strong>rem</strong></span> <span class='ocrx_word' id='word_1_447' title='bbox 2192 3056 2523 3126; x_wconf 67' lang='lat' dir='ltr'><strong>prrecipuutn</strong></span> <span class='ocrx_word' id='word_1_448' title='bbox 2570 3055 2850 3125; x_wconf 76' lang='lat' dir='ltr'><strong>elegerunt</strong></span> <span class='ocrx_word' id='word_1_449' title='bbox 2895 3073 2906 3107; x_wconf 93' lang='lat'>:</span> <span class='ocrx_word' id='word_1_450' title='bbox 2950 3066 3008 3109; x_wconf 93' lang='lat' dir='ltr'><strong>ut</strong></span> <span class='ocrx_word' id='word_1_451' title='bbox 3056 3055 3195 3109; x_wconf 83' lang='lat' dir='ltr'><strong>sicut</strong></span> <span class='ocrx_word' id='word_1_452' title='bbox 3232 3064 3423 3109; x_wconf 89' lang='lat' dir='ltr'><strong>sancto</strong></span> <span class='ocrx_word' id='word_1_453' title='bbox 3464 3056 3601 3123; x_wconf 85' lang='lat' dir='ltr'><strong>patri</strong></span> 
     </span>
    </p>
   </div>
   <div class='ocr_carea' id='block_1_60' title="bbox 312 3120 3601 3211">
    <p class='ocr_par' dir='ltr' id='par_1_60' title="bbox 312 3120 3601 3211">
     <span class='ocr_line' id='line_1_60' title="bbox 312 3120 3601 3211; baseline 0.001 -18"><span class='ocrx_word' id='word_1_454' title='bbox 312 3138 687 3211; x_wconf 83' lang='lat' dir='ltr'><strong>episcopalem</strong></span> <span class='ocrx_word' id='word_1_455' title='bbox 735 3137 1229 3200; x_wconf 80' lang='lat' dir='ltr'><strong>consecrationem.</strong></span> <span class='ocrx_word' id='word_1_456' title='bbox 1261 3152 1475 3209; x_wconf 79' lang='lat' dir='ltr'><strong>semper</strong></span> <span class='ocrx_word' id='word_1_457' title='bbox 1506 3140 1751 3209; x_wconf 64' lang='lat' dir='ltr'><strong>snspetit</strong></span> <span class='ocrx_word' id='word_1_458' title='bbox 1798 3139 1914 3209; x_wconf 86' lang='lat' dir='ltr'><strong>ejus</strong></span> <span class='ocrx_word' id='word_1_459' title='bbox 1944 3120 1987 3181; x_wconf 61' lang='grc' dir='ltr'><strong>(ἶ</strong></span> <span class='ocrx_word' id='word_1_460' title='bbox 2021 3143 2181 3197; x_wconf 86' lang='lat' dir='ltr'><strong>Petro</strong></span> <span class='ocrx_word' id='word_1_461' title='bbox 2221 3143 2482 3197; x_wconf 84' lang='lat' dir='ltr'><strong>Damiano</strong></span> <span class='ocrx_word' id='word_1_462' title='bbox 2508 3143 2559 3196; x_wconf 91' lang='lat' dir='ltr'><strong>iu</strong></span> <span class='ocrx_word' id='word_1_463' title='bbox 2588 3142 2896 3205; x_wconf 82' lang='lat' dir='ltr'><strong>sanctitate,</strong></span> <span class='ocrx_word' id='word_1_464' title='bbox 2924 3152 2975 3197; x_wconf 89' lang='lat' dir='ltr'><strong>et</strong></span> <span class='ocrx_word' id='word_1_465' title='bbox 3007 3143 3273 3210; x_wconf 77' lang='lat' dir='ltr'><strong>sapientia</strong></span> <span class='ocrx_word' id='word_1_466' title='bbox 3303 3120 3601 3197; x_wconf 77' lang='lat' dir='ltr'><strong>consimilis</strong></span> 
     </span>
    </p>
   </div>
   <div class='ocr_carea' id='block_1_61' title="bbox 314 3230 1914 3294">
    <p class='ocr_par' dir='ltr' id='par_1_61' title="bbox 314 3230 1914 3294">
     <span class='ocr_line' id='line_1_61' title="bbox 314 3230 1914 3294; baseline 0.003 -11"><span class='ocrx_word' id='word_1_467' title='bbox 314 3241 467 3294; x_wconf 86' lang='lat' dir='ltr'><strong>nutu,</strong></span> <span class='ocrx_word' id='word_1_468' title='bbox 495 3240 552 3285; x_wconf 91' lang='lat' dir='ltr'><strong>et</strong></span> <span class='ocrx_word' id='word_1_469' title='bbox 600 3230 844 3285; x_wconf 75' lang='lat' dir='ltr'><strong>consiiio</strong></span> <span class='ocrx_word' id='word_1_470' title='bbox 893 3237 1091 3284; x_wconf 80' lang='lat' dir='ltr'><strong>cuneta</strong></span> <span class='ocrx_word' id='word_1_471' title='bbox 1140 3230 1494 3293; x_wconf 85' lang='lat' dir='ltr'><strong>decernebat;</strong></span> <span class='ocrx_word' id='word_1_472' title='bbox 1544 3242 1599 3283; x_wconf 87' lang='lat' dir='ltr'><strong>et</strong></span> <span class='ocrx_word' id='word_1_473' title='bbox 1642 3232 1695 3284; x_wconf 90' lang='lat' dir='ltr'><strong>in</strong></span> <span class='ocrx_word' id='word_1_474' title='bbox 1731 3248 1914 3287; x_wconf 83' lang='lat' dir='ltr'><strong>eremo</strong></span> 
     </span>
    </p>
   </div>
   <div class='ocr_carea' id='block_1_62' title="bbox 314 3316 1913 3389">
    <p class='ocr_par' dir='ltr' id='par_1_62' title="bbox 314 3316 1913 3389">
     <span class='ocr_line' id='line_1_62' title="bbox 314 3316 1913 3389; baseline 0 -16"><span class='ocrx_word' id='word_1_475' title='bbox 314 3320 504 3388; x_wconf 72' lang='lat' dir='ltr'><strong>magis,</strong></span> <span class='ocrx_word' id='word_1_476' title='bbox 544 3334 723 3389; x_wconf 90' lang='lat' dir='ltr'><strong>quam</strong></span> <span class='ocrx_word' id='word_1_477' title='bbox 763 3318 816 3371; x_wconf 87' lang='lat' dir='ltr'><strong>in</strong></span> <span class='ocrx_word' id='word_1_478' title='bbox 846 3316 1094 3373; x_wconf 74' lang='lat' dir='ltr'><strong>ecclesia:</strong></span> <span class='ocrx_word' id='word_1_479' title='bbox 1131 3333 1242 3373; x_wconf 63' lang='lat' dir='ltr'><strong>sua:</strong></span> <span class='ocrx_word' id='word_1_480' title='bbox 1276 3316 1474 3387; x_wconf 87' lang='lat' dir='ltr'><strong>palatio</strong></span> <span class='ocrx_word' id='word_1_481' title='bbox 1504 3318 1690 3374; x_wconf 79' lang='lat' dir='ltr'><strong>vivens</strong></span> <span class='ocrx_word' id='word_1_482' title='bbox 1713 3359 1727 3383; x_wconf 92' lang='lat'><strong>,</strong></span> <span class='ocrx_word' id='word_1_483' title='bbox 1758 3339 1777 3371; x_wconf 71' lang='grc' dir='ltr'><strong>ι</strong></span> <span class='ocrx_word' id='word_1_484' title='bbox 1814 3319 1913 3373; x_wconf 58' lang='lat' dir='ltr'><strong>Ec-</strong></span> 
     </span>
    </p>
   </div>
   <div class='ocr_carea' id='block_1_63' title="bbox 313 3406 1912 3477">
    <p class='ocr_par' dir='ltr' id='par_1_63' title="bbox 313 3406 1912 3477">
     <span class='ocr_line' id='line_1_63' title="bbox 313 3406 1912 3477; baseline -0.001 -14"><span class='ocrx_word' id='word_1_485' title='bbox 313 3406 534 3463; x_wconf 82' lang='lat' dir='ltr'><strong>clesiam</strong></span> <span class='ocrx_word' id='word_1_486' title='bbox 597 3408 914 3477; x_wconf 85' lang='lat' dir='ltr'><strong>deputabat</strong></span> <span class='ocrx_word' id='word_1_487' title='bbox 966 3406 1304 3475; x_wconf 80' lang='lat' dir='ltr'><strong>hospitium,</strong></span> <span class='ocrx_word' id='word_1_488' title='bbox 1357 3406 1668 3463; x_wconf 81' lang='lat' dir='ltr'><strong>solitudinis</strong></span> <span class='ocrx_word' id='word_1_489' title='bbox 1732 3420 1912 3462; x_wconf 83' lang='lat' dir='ltr'><strong>autent</strong></span> 
     </span>
    </p>
   </div>
   <div class='ocr_carea' id='block_1_64' title="bbox 312 3498 1915 3567">
    <p class='ocr_par' dir='ltr' id='par_1_64' title="bbox 312 3498 1915 3567">
     <span class='ocr_line' id='line_1_64' title="bbox 312 3498 1915 3567; baseline -0.001 -14"><span class='ocrx_word' id='word_1_490' title='bbox 312 3498 560 3554; x_wconf 81' lang='lat' dir='ltr'><strong>cellulam</strong></span> <span class='ocrx_word' id='word_1_491' title='bbox 600 3498 986 3553; x_wconf 85' lang='lat' dir='ltr'><strong>habitaculum</strong></span> <span class='ocrx_word' id='word_1_492' title='bbox 1037 3498 1393 3562; x_wconf 91' lang='lat' dir='ltr'><strong>decernebat,</strong></span> <span class='ocrx_word' id='word_1_493' title='bbox 1434 3517 1451 3549; x_wconf 76' lang='grc' dir='ltr'><strong>ι</strong></span> <span class='ocrx_word' id='word_1_494' title='bbox 1486 3508 1543 3553; x_wconf 81' lang='grc' dir='ltr'><strong>ιιι</strong></span> <span class='ocrx_word' id='word_1_495' title='bbox 1582 3508 1770 3552; x_wconf 88' lang='lat' dir='ltr'><strong>narrat</strong></span> <span class='ocrx_word' id='word_1_496' title='bbox 1800 3498 1915 3567; x_wconf 85' lang='lat' dir='ltr'><strong>ipse</strong></span> 
     </span>
    </p>
   </div>
   <div class='ocr_carea' id='block_1_65' title="bbox 315 3585 1911 3655">
    <p class='ocr_par' dir='ltr' id='par_1_65' title="bbox 315 3585 1911 3655">
     <span class='ocr_line' id='line_1_65' title="bbox 315 3585 1911 3655; baseline -0.002 -15"><span class='ocrx_word' id='word_1_497' title='bbox 315 3585 504 3643; x_wconf 79' lang='lat' dir='ltr'><strong>Petrus</strong></span> <span class='ocrx_word' id='word_1_498' title='bbox 533 3588 823 3651; x_wconf 90' lang='lat' dir='ltr'><strong>Damiani,</strong></span> <span class='ocrx_word' id='word_1_499' title='bbox 866 3586 1046 3655; x_wconf 88' lang='lat' dir='ltr'><strong>quiet</strong></span> <span class='ocrx_word' id='word_1_500' title='bbox 1088 3585 1228 3640; x_wconf 79' lang='lat' dir='ltr'><strong>inl‘ra</strong></span> <span class='ocrx_word' id='word_1_501' title='bbox 1266 3585 1415 3639; x_wconf 89' lang='lat' dir='ltr'><strong>addit</strong></span> <span class='ocrx_word' id='word_1_502' title='bbox 1446 3602 1459 3639; x_wconf 86' lang='lat'>:</span> <span class='ocrx_word' id='word_1_503' title='bbox 1499 3605 1516 3636; x_wconf 83' lang='grc' dir='ltr'><strong>ι</strong></span> <span class='ocrx_word' id='word_1_504' title='bbox 1552 3585 1634 3639; x_wconf 78' lang='lat' dir='ltr'><strong>Me</strong></span> <span class='ocrx_word' id='word_1_505' title='bbox 1678 3586 1785 3639; x_wconf 77' lang='lat' dir='ltr'><strong>vim</strong></span> <span class='ocrx_word' id='word_1_506' title='bbox 1826 3586 1911 3640; x_wconf 91' lang='lat' dir='ltr'><strong>in-</strong></span> 
     </span>
    </p>
   </div>
   <div class='ocr_carea' id='block_1_66' title="bbox 313 3676 1908 3748">
    <p class='ocr_par' dir='ltr' id='par_1_66' title="bbox 313 3676 1908 3748">
     <span class='ocr_line' id='line_1_66' title="bbox 313 3676 1908 3748; baseline -0.001 -16"><span class='ocrx_word' id='word_1_507' title='bbox 313 3687 534 3748; x_wconf 66' lang='lat' dir='ltr'><strong>gerente</strong></span> <span class='ocrx_word' id='word_1_508' title='bbox 584 3687 823 3735; x_wconf 87' lang='lat' dir='ltr'><strong>coactus</strong></span> <span class='ocrx_word' id='word_1_509' title='bbox 846 3717 861 3742; x_wconf 94' lang='lat'><strong>,</strong></span> <span class='ocrx_word' id='word_1_510' title='bbox 908 3677 1221 3740; x_wconf 89' lang='lat' dir='ltr'><strong>ecclesiam,</strong></span> <span class='ocrx_word' id='word_1_511' title='bbox 1256 3693 1417 3745; x_wconf 86' lang='lat' dir='ltr'><strong>quam</strong></span> <span class='ocrx_word' id='word_1_512' title='bbox 1451 3676 1733 3731; x_wconf 84' lang='lat' dir='ltr'><strong>dimiserat</strong></span> <span class='ocrx_word' id='word_1_513' title='bbox 1764 3686 1908 3738; x_wconf 83' lang='lat' dir='ltr'><strong>voto.</strong></span> 
     </span>
    </p>
   </div>
   <div class='ocr_carea' id='block_1_67' title="bbox 311 3763 1912 3833">
    <p class='ocr_par' dir='ltr' id='par_1_67' title="bbox 311 3763 1912 3833">
     <span class='ocr_line' id='line_1_67' title="bbox 311 3763 1912 3833; baseline 0 -15"><span class='ocrx_word' id='word_1_514' title='bbox 311 3763 585 3819; x_wconf 86' lang='lat' dir='ltr'><strong>retinebat</strong></span> <span class='ocrx_word' id='word_1_515' title='bbox 612 3763 907 3819; x_wconf 83' lang='lat' dir='ltr'><strong>otlicio:in</strong></span> <span class='ocrx_word' id='word_1_516' title='bbox 930 3778 1116 3819; x_wconf 87' lang='lat' dir='ltr'><strong>eremo</strong></span> <span class='ocrx_word' id='word_1_517' title='bbox 1148 3777 1328 3818; x_wconf 84' lang='lat' dir='ltr'><strong>tamen</strong></span> <span class='ocrx_word' id='word_1_518' title='bbox 1354 3764 1789 3833; x_wconf 87' lang='lat' dir='ltr'><strong>perseverantius</strong></span> <span class='ocrx_word' id='word_1_519' title='bbox 1821 3766 1912 3819; x_wconf 88' lang='lat' dir='ltr'><strong>ha-</strong></span> 
     </span>
    </p>
   </div>
   <div class='ocr_carea' id='block_1_68' title="bbox 311 3855 1911 3922">
    <p class='ocr_par' dir='ltr' id='par_1_68' title="bbox 311 3855 1911 3922">
     <span class='ocr_line' id='line_1_68' title="bbox 311 3855 1911 3922; baseline 0.003 -14"><span class='ocrx_word' id='word_1_520' title='bbox 311 3855 536 3911; x_wconf 84' lang='lat' dir='ltr'><strong>bitabat.</strong></span> <span class='ocrx_word' id='word_1_521' title='bbox 577 3874 598 3908; x_wconf 77' lang='grc' dir='ltr'><strong>ι</strong></span> <span class='ocrx_word' id='word_1_522' title='bbox 650 3855 833 3922; x_wconf 83' lang='lat' dir='ltr'><strong>Quare</strong></span> <span class='ocrx_word' id='word_1_523' title='bbox 859 3856 1245 3910; x_wconf 80' lang='lat' dir='ltr'><strong>verosimiliter</strong></span> <span class='ocrx_word' id='word_1_524' title='bbox 1272 3855 1417 3909; x_wconf 85' lang='lat' dir='ltr'><strong>Petri</strong></span> <span class='ocrx_word' id='word_1_525' title='bbox 1449 3856 1692 3910; x_wconf 85' lang='lat' dir='ltr'><strong>Damiani</strong></span> <span class='ocrx_word' id='word_1_526' title='bbox 1741 3857 1911 3913; x_wconf 80' lang='lat' dir='ltr'><strong>eccle-</strong></span> 
     </span>
    </p>
   </div>
   <div class='ocr_carea' id='block_1_69' title="bbox 312 3946 1912 4018">
    <p class='ocr_par' dir='ltr' id='par_1_69' title="bbox 312 3946 1912 4018">
     <span class='ocr_line' id='line_1_69' title="bbox 312 3946 1912 4018; baseline 0.001 -18"><span class='ocrx_word' id='word_1_527' title='bbox 312 3947 441 4000; x_wconf 74' lang='lat' dir='ltr'><strong>siam</strong></span> <span class='ocrx_word' id='word_1_528' title='bbox 475 3946 788 4002; x_wconf 80' lang='lat' dir='ltr'><strong>interdicto</strong></span> <span class='ocrx_word' id='word_1_529' title='bbox 815 3964 925 4001; x_wconf 91' lang='lat' dir='ltr'><strong>non</strong></span> <span class='ocrx_word' id='word_1_530' title='bbox 974 3948 1314 4017; x_wconf 87' lang='lat' dir='ltr'><strong>subjecisset,</strong></span> <span class='ocrx_word' id='word_1_531' title='bbox 1349 3956 1637 4017; x_wconf 79' lang='lat' dir='ltr'><strong>antequam</strong></span> <span class='ocrx_word' id='word_1_532' title='bbox 1674 3952 1743 4004; x_wconf 86' lang='lat' dir='ltr'><strong>ab</strong></span> <span class='ocrx_word' id='word_1_533' title='bbox 1792 3949 1912 4018; x_wconf 84' lang='lat' dir='ltr'><strong>ipso</strong></span> 
     </span>
    </p>
   </div>
   <div class='ocr_carea' id='block_1_70' title="bbox 313 4020 1907 4109">
    <p class='ocr_par' dir='ltr' id='par_1_70' title="bbox 313 4020 1907 4109">
     <span class='ocr_line' id='line_1_70' title="bbox 313 4020 1907 4109; baseline 0.003 -18"><span class='ocrx_word' id='word_1_534' title='bbox 313 4038 577 4093; x_wconf 83' lang='lat' dir='ltr'><strong>rationem</strong></span> <span class='ocrx_word' id='word_1_535' title='bbox 617 4038 976 4108; x_wconf 76' lang='lat' dir='ltr'><strong>intelligeret,</strong></span> <span class='ocrx_word' id='word_1_536' title='bbox 1013 4053 1112 4093; x_wconf 91' lang='lat' dir='ltr'><strong>cur</strong></span> <span class='ocrx_word' id='word_1_537' title='bbox 1158 4040 1302 4095; x_wconf 83' lang='lat' dir='ltr'><strong>illam</strong></span> <span class='ocrx_word' id='word_1_538' title='bbox 1345 4056 1538 4109; x_wconf 87' lang='lat' dir='ltr'><strong>passus</strong></span> <span class='ocrx_word' id='word_1_539' title='bbox 1560 4050 1707 4096; x_wconf 86' lang='lat' dir='ltr'><strong>esset</strong></span> <span class='ocrx_word' id='word_1_540' title='bbox 1734 4055 1764 4095; x_wconf 89' lang='lat' dir='ltr'><strong>a</strong></span> <span class='ocrx_word' id='word_1_541' title='bbox 1806 4020 1907 4096; x_wconf 73' lang='lat' dir='ltr'><strong>Fo-</strong></span> 
     </span>
    </p>
   </div>
   <div class='ocr_carea' id='block_1_71' title="bbox 315 4126 1908 4199">
    <p class='ocr_par' dir='ltr' id='par_1_71' title="bbox 315 4126 1908 4199">
     <span class='ocr_line' id='line_1_71' title="bbox 315 4126 1908 4199; baseline 0 -17"><span class='ocrx_word' id='word_1_542' title='bbox 315 4126 797 4199; x_wconf 83' lang='lat' dir='ltr'><strong>rosemproniensi</strong></span> <span class='ocrx_word' id='word_1_543' title='bbox 826 4126 1083 4195; x_wconf 82' lang='lat' dir='ltr'><strong>episcopo</strong></span> <span class='ocrx_word' id='word_1_544' title='bbox 1103 4129 1434 4183; x_wconf 85' lang='lat' dir='ltr'><strong>consecrari.</strong></span> <span class='ocrx_word' id='word_1_545' title='bbox 1462 4128 1615 4185; x_wconf 83' lang='lat' dir='ltr'><strong>Alius</strong></span> <span class='ocrx_word' id='word_1_546' title='bbox 1639 4145 1769 4199; x_wconf 80' lang='lat' dir='ltr'><strong>ergo</strong></span> <span class='ocrx_word' id='word_1_547' title='bbox 1798 4131 1908 4199; x_wconf 83' lang='lat' dir='ltr'><strong>epi-</strong></span> 
     </span>
    </p>
   </div>
   <div class='ocr_carea' id='block_1_72' title="bbox 312 4219 1909 4291">
    <p class='ocr_par' dir='ltr' id='par_1_72' title="bbox 312 4219 1909 4291">
     <span class='ocr_line' id='line_1_72' title="bbox 312 4219 1909 4291; baseline 0.003 -20"><span class='ocrx_word' id='word_1_548' title='bbox 312 4234 503 4288; x_wconf 74' lang='lat' dir='ltr'><strong>scopus</strong></span> <span class='ocrx_word' id='word_1_549' title='bbox 541 4220 660 4275; x_wconf 69' lang='grc' dir='ltr'><strong>Κ..</strong></span> <span class='ocrx_word' id='word_1_550' title='bbox 688 4256 702 4272; x_wconf 92' lang='grc'><strong>.</strong></span> <span class='ocrx_word' id='word_1_551' title='bbox 748 4229 879 4274; x_wconf 85' lang='lat' dir='ltr'><strong>ante</strong></span> <span class='ocrx_word' id='word_1_552' title='bbox 933 4229 1175 4275; x_wconf 86' lang='lat' dir='ltr'><strong>nostrum</strong></span> <span class='ocrx_word' id='word_1_553' title='bbox 1228 4219 1569 4290; x_wconf 82' lang='lat' dir='ltr'><strong>Rodulphum</strong></span> <span class='ocrx_word' id='word_1_554' title='bbox 1616 4221 1909 4291; x_wconf 76' lang='lat' dir='ltr'><strong>Eugubina:</strong></span> 
     </span>
    </p>
   </div>
   <div class='ocr_carea' id='block_1_73' title="bbox 311 4308 1907 4381">
    <p class='ocr_par' dir='ltr' id='par_1_73' title="bbox 311 4308 1907 4381">
     <span class='ocr_line' id='line_1_73' title="bbox 311 4308 1907 4381; baseline 0.003 -18"><span class='ocrx_word' id='word_1_555' title='bbox 311 4309 523 4377; x_wconf 65' lang='lat' dir='ltr'><strong>prteruit</strong></span> <span class='ocrx_word' id='word_1_556' title='bbox 558 4308 850 4372; x_wconf 69' lang='lat' dir='ltr'><strong>ecclesiae,</strong></span> <span class='ocrx_word' id='word_1_557' title='bbox 904 4318 1069 4377; x_wconf 88' lang='lat' dir='ltr'><strong>atque</strong></span> <span class='ocrx_word' id='word_1_558' title='bbox 1116 4309 1164 4364; x_wconf 78' lang='lat' dir='ltr'><strong>is</strong></span> <span class='ocrx_word' id='word_1_559' title='bbox 1196 4310 1370 4379; x_wconf 87' lang='lat' dir='ltr'><strong>potuit</strong></span> <span class='ocrx_word' id='word_1_560' title='bbox 1405 4310 1661 4366; x_wconf 75' lang='lat' dir='ltr'><strong>Romana:</strong></span> <span class='ocrx_word' id='word_1_561' title='bbox 1700 4313 1907 4381; x_wconf 82' lang='lat' dir='ltr'><strong>synodo</strong></span> 
     </span>
    </p>
   </div>
   <div class='ocr_carea' id='block_1_74' title="bbox 313 4397 1774 4472">
    <p class='ocr_par' dir='ltr' id='par_1_74' title="bbox 313 4397 1774 4472">
     <span class='ocr_line' id='line_1_74' title="bbox 313 4397 1774 4472; baseline 0 -21"><span class='ocrx_word' id='word_1_562' title='bbox 313 4397 411 4453; x_wconf 74' lang='lat' dir='ltr'><strong>sub</strong></span> <span class='ocrx_word' id='word_1_563' title='bbox 438 4397 675 4456; x_wconf 80' lang='lat' dir='ltr'><strong>Nicolao</strong></span> <span class='ocrx_word' id='word_1_564' title='bbox 707 4397 750 4452; x_wconf 92' lang='lat' dir='ltr'><strong>ll</strong></span> <span class='ocrx_word' id='word_1_565' title='bbox 789 4398 1155 4454; x_wconf 80' lang='lat' dir='ltr'><strong>subscribere.</strong></span> <span class='ocrx_word' id='word_1_566' title='bbox 1770 4467 1774 4472; x_wconf 26' lang='lat'>&#39;</span> 
     </span>
    </p>
   </div>
   <div class='ocr_carea' id='block_1_75' title="bbox 396 4485 1904 4559">
    <p class='ocr_par' dir='ltr' id='par_1_75' title="bbox 396 4485 1904 4559">
     <span class='ocr_line' id='line_1_75' title="bbox 396 4485 1904 4559; baseline 0.003 -17"><span class='ocrx_word' id='word_1_567' title='bbox 396 4488 484 4544; x_wconf 81' lang='lat' dir='ltr'><strong>XI.</strong></span> <span class='ocrx_word' id='word_1_568' title='bbox 530 4489 791 4559; x_wconf 84' lang='lat' dir='ltr'><strong>Septimo</strong></span> <span class='ocrx_word' id='word_1_569' title='bbox 836 4488 983 4543; x_wconf 85' lang='lat' dir='ltr'><strong>circa</strong></span> <span class='ocrx_word' id='word_1_570' title='bbox 1028 4485 1289 4543; x_wconf 89' lang='lat' dir='ltr'><strong>Joannem</strong></span> <span class='ocrx_word' id='word_1_571' title='bbox 1335 4488 1478 4545; x_wconf 81' lang='lat' dir='ltr'><strong>Petri</strong></span> <span class='ocrx_word' id='word_1_572' title='bbox 1529 4490 1770 4545; x_wconf 88' lang='lat' dir='ltr'><strong>Damiani</strong></span> <span class='ocrx_word' id='word_1_573' title='bbox 1820 4492 1904 4546; x_wconf 83' lang='lat' dir='ltr'><strong>di-</strong></span> 
     </span>
    </p>
   </div>
   <div class='ocr_carea' id='block_1_76' title="bbox 310 4579 1907 4651">
    <p class='ocr_par' dir='ltr' id='par_1_76' title="bbox 310 4579 1907 4651">
     <span class='ocr_line' id='line_1_76' title="bbox 310 4579 1907 4651; baseline 0.004 -19"><span class='ocrx_word' id='word_1_574' title='bbox 310 4580 578 4650; x_wconf 72' lang='lat' dir='ltr'><strong>lcipttltﬂl</strong></span> <span class='ocrx_word' id='word_1_575' title='bbox 604 4620 623 4645; x_wconf 90' lang='lat'><strong>,</strong></span> <span class='ocrx_word' id='word_1_576' title='bbox 680 4581 909 4651; x_wconf 86' lang='lat' dir='ltr'><strong>ejusque</strong></span> <span class='ocrx_word' id='word_1_577' title='bbox 950 4579 1085 4635; x_wconf 76' lang='lat' dir='ltr'><strong>Vita:</strong></span> <span class='ocrx_word' id='word_1_578' title='bbox 1119 4582 1437 4650; x_wconf 87' lang='lat' dir='ltr'><strong>scriptorem</strong></span> <span class='ocrx_word' id='word_1_579' title='bbox 1461 4624 1475 4648; x_wconf 94' lang='lat'><strong>,</strong></span> <span class='ocrx_word' id='word_1_580' title='bbox 1505 4598 1609 4637; x_wconf 91' lang='lat' dir='ltr'><strong>non</strong></span> <span class='ocrx_word' id='word_1_581' title='bbox 1651 4583 1782 4638; x_wconf 81' lang='lat' dir='ltr'><strong>leris</strong></span> <span class='ocrx_word' id='word_1_582' title='bbox 1824 4594 1907 4639; x_wconf 90' lang='lat' dir='ltr'><strong>est</strong></span> 
     </span>
    </p>
   </div>
   <div class='ocr_carea' id='block_1_77' title="bbox 310 4668 1903 4734">
    <p class='ocr_par' dir='ltr' id='par_1_77' title="bbox 310 4668 1903 4734">
     <span class='ocr_line' id='line_1_77' title="bbox 310 4668 1903 4734; baseline 0.002 -8"><span class='ocrx_word' id='word_1_583' title='bbox 310 4668 609 4727; x_wconf 75' lang='lat' dir='ltr'><strong>Laderchii</strong></span> <span class='ocrx_word' id='word_1_584' title='bbox 659 4671 1050 4734; x_wconf 90' lang='lat' dir='ltr'><strong>hallucinatio,</strong></span> <span class='ocrx_word' id='word_1_585' title='bbox 1091 4672 1218 4725; x_wconf 89' lang='lat' dir='ltr'><strong>dum</strong></span> <span class='ocrx_word' id='word_1_586' title='bbox 1267 4672 1413 4726; x_wconf 88' lang='lat' dir='ltr'><strong>illum</strong></span> <span class='ocrx_word' id='word_1_587' title='bbox 1460 4689 1580 4727; x_wconf 87' lang='lat' dir='ltr'><strong>cum</strong></span> <span class='ocrx_word' id='word_1_588' title='bbox 1609 4673 1665 4727; x_wconf 92' lang='lat' dir='ltr'><strong>S.</strong></span> <span class='ocrx_word' id='word_1_589' title='bbox 1697 4674 1903 4729; x_wconf 87' lang='lat' dir='ltr'><strong>Joanne</strong></span> 
     </span>
    </p>
   </div>
   <div class='ocr_carea' id='block_1_78' title="bbox 311 4757 1904 4829">
    <p class='ocr_par' dir='ltr' id='par_1_78' title="bbox 311 4757 1904 4829">
     <span class='ocr_line' id='line_1_78' title="bbox 311 4757 1904 4829; baseline 0.003 -16"><span class='ocrx_word' id='word_1_590' title='bbox 311 4757 582 4816; x_wconf 77' lang='lat' dir='ltr'><strong>Laudensi</strong></span> <span class='ocrx_word' id='word_1_591' title='bbox 613 4759 904 4828; x_wconf 78' lang='lat' dir='ltr'><strong>Eugubino</strong></span> <span class='ocrx_word' id='word_1_592' title='bbox 930 4760 1183 4829; x_wconf 83' lang='lat' dir='ltr'><strong>episcopo</strong></span> <span class='ocrx_word' id='word_1_593' title='bbox 1204 4760 1297 4814; x_wconf 83' lang='lat' dir='ltr'><strong>lib.</strong></span> <span class='ocrx_word' id='word_1_594' title='bbox 1331 4777 1401 4825; x_wconf 82' lang='lat' dir='ltr'><strong>\‘l,</strong></span> <span class='ocrx_word' id='word_1_595' title='bbox 1430 4779 1546 4829; x_wconf 86' lang='lat' dir='ltr'><strong>cap.</strong></span> <span class='ocrx_word' id='word_1_596' title='bbox 1566 4763 1657 4821; x_wconf 73' lang='lat'><strong>28.</strong></span> <span class='ocrx_word' id='word_1_597' title='bbox 1682 4766 1904 4817; x_wconf 76' lang='lat' dir='ltr'><strong>confun-</strong></span> 
     </span>
    </p>
   </div>
   <div class='ocr_carea' id='block_1_79' title="bbox 313 4852 1900 4921">
    <p class='ocr_par' dir='ltr' id='par_1_79' title="bbox 313 4852 1900 4921">
     <span class='ocr_line' id='line_1_79' title="bbox 313 4852 1900 4921; baseline 0.002 -15"><span class='ocrx_word' id='word_1_598' title='bbox 313 4853 385 4907; x_wconf 86' lang='lat' dir='ltr'><strong>dit</strong></span> <span class='ocrx_word' id='word_1_599' title='bbox 414 4870 430 4908; x_wconf 91' lang='lat'><strong>:</strong></span> <span class='ocrx_word' id='word_1_600' title='bbox 460 4856 726 4921; x_wconf 85' lang='lat' dir='ltr'><strong>idemque</strong></span> <span class='ocrx_word' id='word_1_601' title='bbox 750 4852 1030 4907; x_wconf 83' lang='lat' dir='ltr'><strong>asserendi</strong></span> <span class='ocrx_word' id='word_1_602' title='bbox 1052 4862 1160 4905; x_wconf 91' lang='lat' dir='ltr'><strong>tmn</strong></span> <span class='ocrx_word' id='word_1_603' title='bbox 1186 4852 1527 4908; x_wconf 75' lang='lat' dir='ltr'><strong>Machiarello</strong></span> <span class='ocrx_word' id='word_1_604' title='bbox 1553 4868 1756 4917; x_wconf 86' lang='lat' dir='ltr'><strong>nostro,</strong></span> <span class='ocrx_word' id='word_1_605' title='bbox 1791 4865 1900 4909; x_wconf 91' lang='lat' dir='ltr'><strong>tum</strong></span> 
     </span>
    </p>
   </div>
   <div class='ocr_carea' id='block_1_80' title="bbox 316 4937 1899 5014">
    <p class='ocr_par' dir='ltr' id='par_1_80' title="bbox 316 4937 1899 5014">
     <span class='ocr_line' id='line_1_80' title="bbox 316 4937 1899 5014; baseline 0.001 -17"><span class='ocrx_word' id='word_1_606' title='bbox 316 4948 523 5001; x_wconf 71' lang='lat' dir='ltr'><strong>ani-utri</strong></span> <span class='ocrx_word' id='word_1_607' title='bbox 569 4944 746 4999; x_wconf 87' lang='lat' dir='ltr'><strong>Diarii</strong></span> <span class='ocrx_word' id='word_1_608' title='bbox 775 4942 1001 5004; x_wconf 80' lang='lat' dir='ltr'><strong>Gallici,</strong></span> <span class='ocrx_word' id='word_1_609' title='bbox 1044 4942 1270 5011; x_wconf 72' lang='lat' dir='ltr'><strong>prtebuit</strong></span> <span class='ocrx_word' id='word_1_610' title='bbox 1296 4944 1635 4999; x_wconf 82' lang='lat' dir='ltr'><strong>occasionem</strong></span> <span class='ocrx_word' id='word_1_611' title='bbox 1665 4962 1677 4997; x_wconf 89' lang='lat'><strong>:</strong></span> <span class='ocrx_word' id='word_1_612' title='bbox 1710 4937 1815 5014; x_wconf 87' lang='lat' dir='ltr'><strong>qua</strong></span> <span class='ocrx_word' id='word_1_613' title='bbox 1847 4946 1899 4999; x_wconf 88' lang='lat' dir='ltr'><strong>itt</strong></span> 
     </span>
    </p>
   </div>
   <div class='ocr_carea' id='block_1_81' title="bbox 313 5030 1900 5100">
    <p class='ocr_par' dir='ltr' id='par_1_81' title="bbox 313 5030 1900 5100">
     <span class='ocr_line' id='line_1_81' title="bbox 313 5030 1900 5100; baseline -0.002 -11"><span class='ocrx_word' id='word_1_614' title='bbox 313 5048 389 5097; x_wconf 87' lang='lat' dir='ltr'><strong>re.</strong></span> <span class='ocrx_word' id='word_1_615' title='bbox 437 5036 570 5091; x_wconf 89' lang='lat' dir='ltr'><strong>licet</strong></span> <span class='ocrx_word' id='word_1_616' title='bbox 622 5042 820 5087; x_wconf 80' lang='lat' dir='ltr'><strong>auctor</strong></span> <span class='ocrx_word' id='word_1_617' title='bbox 863 5030 1071 5100; x_wconf 78' lang='lat' dir='ltr'><strong>Dialogi</strong></span> <span class='ocrx_word' id='word_1_618' title='bbox 1116 5031 1249 5086; x_wconf 84' lang='lat' dir='ltr'><strong>satis</strong></span> <span class='ocrx_word' id='word_1_619' title='bbox 1294 5032 1609 5086; x_wconf 72' lang='lat' dir='ltr'><strong>historicum</strong></span> <span class='ocrx_word' id='word_1_620' title='bbox 1659 5042 1900 5087; x_wconf 87' lang='lat' dir='ltr'><strong>nostrum</strong></span> 
     </span>
    </p>
   </div>
   <div class='ocr_carea' id='block_1_82' title="bbox 313 5120 1903 5197">
    <p class='ocr_par' dir='ltr' id='par_1_82' title="bbox 313 5120 1903 5197">
     <span class='ocr_line' id='line_1_82' title="bbox 313 5120 1903 5197; baseline -0.001 -22"><span class='ocrx_word' id='word_1_621' title='bbox 313 5123 714 5185; x_wconf 79' lang='lat' dir='ltr'><strong>confutaverit,</strong></span> <span class='ocrx_word' id='word_1_622' title='bbox 755 5120 1093 5197; x_wconf 75' lang='lat' dir='ltr'><strong>argumentis</strong></span> <span class='ocrx_word' id='word_1_623' title='bbox 1123 5128 1300 5174; x_wconf 87' lang='lat' dir='ltr'><strong>tamen</strong></span> <span class='ocrx_word' id='word_1_624' title='bbox 1349 5132 1429 5174; x_wconf 73' lang='lat' dir='ltr'><strong>est</strong></span> <span class='ocrx_word' id='word_1_625' title='bbox 1461 5138 1625 5184; x_wconf 75' lang='lat' dir='ltr'><strong>usus,</strong></span> <span class='ocrx_word' id='word_1_626' title='bbox 1674 5136 1792 5189; x_wconf 77' lang='lat' dir='ltr'><strong>qute</strong></span> <span class='ocrx_word' id='word_1_627' title='bbox 1834 5123 1903 5174; x_wconf 81' lang='lat' dir='ltr'><strong>ad</strong></span> 
     </span>
    </p>
   </div>
   <div class='ocr_carea' id='block_1_83' title="bbox 314 5208 1904 5280">
    <p class='ocr_par' dir='ltr' id='par_1_83' title="bbox 314 5208 1904 5280">
     <span class='ocr_line' id='line_1_83' title="bbox 314 5208 1904 5280; baseline 0 -16"><span class='ocrx_word' id='word_1_628' title='bbox 314 5212 573 5267; x_wconf 75' lang='lat' dir='ltr'><strong>hominem</strong></span> <span class='ocrx_word' id='word_1_629' title='bbox 608 5212 693 5280; x_wconf 89' lang='lat' dir='ltr'><strong>(ut</strong></span> <span class='ocrx_word' id='word_1_630' title='bbox 744 5210 850 5265; x_wconf 87' lang='lat' dir='ltr'><strong>dici</strong></span> <span class='ocrx_word' id='word_1_631' title='bbox 904 5208 1064 5278; x_wconf 86' lang='lat' dir='ltr'><strong>solet)</strong></span> <span class='ocrx_word' id='word_1_632' title='bbox 1111 5224 1217 5263; x_wconf 89' lang='lat' dir='ltr'><strong>non</strong></span> <span class='ocrx_word' id='word_1_633' title='bbox 1265 5208 1334 5261; x_wconf 82' lang='lat' dir='ltr'><strong>ad</strong></span> <span class='ocrx_word' id='word_1_634' title='bbox 1360 5210 1621 5277; x_wconf 79' lang='lat' dir='ltr'><strong>judicium</strong></span> <span class='ocrx_word' id='word_1_635' title='bbox 1648 5249 1660 5271; x_wconf 90' lang='lat'><strong>,</strong></span> <span class='ocrx_word' id='word_1_636' title='bbox 1702 5210 1904 5264; x_wconf 88' lang='lat' dir='ltr'><strong>intento</strong></span> 
     </span>
    </p>
   </div>
   <div class='ocr_carea' id='block_1_84' title="bbox 314 5297 1899 5369">
    <p class='ocr_par' dir='ltr' id='par_1_84' title="bbox 314 5297 1899 5369">
     <span class='ocr_line' id='line_1_84' title="bbox 314 5297 1899 5369; baseline -0.001 -14"><span class='ocrx_word' id='word_1_637' title='bbox 314 5303 588 5368; x_wconf 85' lang='lat' dir='ltr'><strong>probando</strong></span> <span class='ocrx_word' id='word_1_638' title='bbox 611 5301 949 5357; x_wconf 77' lang='lat' dir='ltr'><strong>conducunt.</strong></span> <span class='ocrx_word' id='word_1_639' title='bbox 979 5297 1265 5353; x_wconf 76' lang='lat' dir='ltr'><strong>Enimvero</strong></span> <span class='ocrx_word' id='word_1_640' title='bbox 1289 5316 1390 5353; x_wconf 90' lang='lat' dir='ltr'><strong>non</strong></span> <span class='ocrx_word' id='word_1_641' title='bbox 1415 5315 1556 5352; x_wconf 80' lang='lat' dir='ltr'><strong>anno</strong></span> <span class='ocrx_word' id='word_1_642' title='bbox 1585 5299 1715 5351; x_wconf 80' lang='grc'><strong>1076</strong></span> <span class='ocrx_word' id='word_1_643' title='bbox 1741 5314 1899 5369; x_wconf 87' lang='lat' dir='ltr'><strong>quem</strong></span> 
     </span>
    </p>
   </div>
   <div class='ocr_carea' id='block_1_85' title="bbox 313 5388 1900 5457">
    <p class='ocr_par' dir='ltr' id='par_1_85' title="bbox 313 5388 1900 5457">
     <span class='ocr_line' id='line_1_85' title="bbox 313 5388 1900 5457; baseline -0.001 -12"><span class='ocrx_word' id='word_1_644' title='bbox 313 5388 644 5449; x_wconf 67' lang='lat' dir='ltr'><strong>Ladercbins</strong></span> <span class='ocrx_word' id='word_1_645' title='bbox 676 5406 743 5446; x_wconf 77' lang='lat' dir='ltr'><strong>ex</strong></span> <span class='ocrx_word' id='word_1_646' title='bbox 778 5388 1037 5445; x_wconf 80' lang='lat' dir='ltr'><strong>Ferrario</strong></span> <span class='ocrx_word' id='word_1_647' title='bbox 1065 5388 1406 5449; x_wconf 87' lang='lat' dir='ltr'><strong>determinat,</strong></span> <span class='ocrx_word' id='word_1_648' title='bbox 1442 5390 1535 5442; x_wconf 85' lang='lat' dir='ltr'><strong>sed</strong></span> <span class='ocrx_word' id='word_1_649' title='bbox 1570 5391 1724 5457; x_wconf 80' lang='lat' dir='ltr'><strong>longe</strong></span> <span class='ocrx_word' id='word_1_650' title='bbox 1760 5402 1900 5457; x_wconf 86' lang='lat' dir='ltr'><strong>post,</strong></span> 
     </span>
    </p>
   </div>
   <div class='ocr_carea' id='block_1_86' title="bbox 313 5476 1899 5551">
    <p class='ocr_par' dir='ltr' id='par_1_86' title="bbox 313 5476 1899 5551">
     <span class='ocr_line' id='line_1_86' title="bbox 313 5476 1899 5551; baseline -0.001 -18"><span class='ocrx_word' id='word_1_651' title='bbox 313 5493 498 5551; x_wconf 84' lang='lat' dir='ltr'><strong>nempe</strong></span> <span class='ocrx_word' id='word_1_652' title='bbox 529 5496 680 5536; x_wconf 79' lang='lat' dir='ltr'><strong>anno</strong></span> <span class='ocrx_word' id='word_1_653' title='bbox 711 5479 878 5542; x_wconf 80' lang='lat' dir='ltr'><strong>H05,</strong></span> <span class='ocrx_word' id='word_1_654' title='bbox 912 5489 969 5531; x_wconf 86' lang='grc' dir='ltr'><strong>ιιι</strong></span> <span class='ocrx_word' id='word_1_655' title='bbox 998 5477 1158 5533; x_wconf 88' lang='lat' dir='ltr'><strong>habet</strong></span> <span class='ocrx_word' id='word_1_656' title='bbox 1181 5477 1451 5547; x_wconf 71' lang='lat' dir='ltr'><strong>Ugltelltts,</strong></span> <span class='ocrx_word' id='word_1_657' title='bbox 1478 5476 1735 5532; x_wconf 74' lang='lat' dir='ltr'><strong>Joannem</strong></span> <span class='ocrx_word' id='word_1_658' title='bbox 1762 5480 1899 5532; x_wconf 81' lang='lat' dir='ltr'><strong>Latt-</strong></span> 
     </span>
    </p>
   </div>
   <div class='ocr_carea' id='block_1_87' title="bbox 313 5566 1893 5634">
    <p class='ocr_par' dir='ltr' id='par_1_87' title="bbox 313 5566 1893 5634">
     <span class='ocr_line' id='line_1_87' title="bbox 313 5566 1893 5634; baseline -0.002 -13"><span class='ocrx_word' id='word_1_659' title='bbox 313 5568 523 5627; x_wconf 83' lang='lat' dir='ltr'><strong>denscnt</strong></span> <span class='ocrx_word' id='word_1_660' title='bbox 571 5570 926 5634; x_wconf 67' lang='lat' dir='ltr'><strong>Eugubinam</strong></span> <span class='ocrx_word' id='word_1_661' title='bbox 957 5566 1267 5623; x_wconf 86' lang='lat' dir='ltr'><strong>cathedram</strong></span> <span class='ocrx_word' id='word_1_662' title='bbox 1298 5568 1605 5620; x_wconf 70' lang='lat' dir='ltr'><strong>ascendisse</strong></span> <span class='ocrx_word' id='word_1_663' title='bbox 1639 5576 1843 5621; x_wconf 78' lang='lat' dir='ltr'><strong>Constat</strong></span> <span class='ocrx_word' id='word_1_664' title='bbox 1884 5588 1893 5618; x_wconf 89' lang='lat'><em>:</em></span> 
     </span>
    </p>
   </div>
   <div class='ocr_carea' id='block_1_88' title="bbox 314 5656 1897 5735">
    <p class='ocr_par' dir='ltr' id='par_1_88' title="bbox 314 5656 1897 5735">
     <span class='ocr_line' id='line_1_88' title="bbox 314 5656 1897 5735; baseline 0 -24"><span class='ocrx_word' id='word_1_665' title='bbox 314 5659 388 5713; x_wconf 63' lang='grc' dir='ltr'><strong>γει</strong></span> <span class='ocrx_word' id='word_1_666' title='bbox 412 5677 478 5715; x_wconf 71' lang='lat' dir='ltr'><strong>ex</strong></span> <span class='ocrx_word' id='word_1_667' title='bbox 498 5677 580 5735; x_wconf 69' lang='lat' dir='ltr'><strong>eo,</strong></span> <span class='ocrx_word' id='word_1_668' title='bbox 614 5661 765 5735; x_wconf 82' lang='lat' dir='ltr'><strong>quod</strong></span> <span class='ocrx_word' id='word_1_669' title='bbox 790 5674 939 5714; x_wconf 85' lang='lat' dir='ltr'><strong>anno</strong></span> <span class='ocrx_word' id='word_1_670' title='bbox 975 5656 1100 5713; x_wconf 73' lang='grc'><strong>1081</strong></span> <span class='ocrx_word' id='word_1_671' title='bbox 1131 5658 1375 5714; x_wconf 60' lang='lat' dir='ltr'><strong>eumdem</strong></span> <span class='ocrx_word' id='word_1_672' title='bbox 1411 5656 1669 5711; x_wconf 64' lang='lat' dir='ltr'><strong>.lmunrm</strong></span> <span class='ocrx_word' id='word_1_673' title='bbox 1701 5658 1897 5724; x_wconf 62' lang='lat' dir='ltr'><strong>priom</strong></span> 
     </span>
    </p>
   </div>
   <div class='ocr_carea' id='block_1_89' title="bbox 2017 3230 3608 3299">
    <p class='ocr_par' dir='ltr' id='par_1_89' title="bbox 2017 3230 3608 3299">
     <span class='ocr_line' id='line_1_89' title="bbox 2017 3230 3608 3299; baseline -0.002 -12"><span class='ocrx_word' id='word_1_674' title='bbox 2017 3242 2156 3297; x_wconf 89' lang='lat' dir='ltr'><strong>erat,</strong></span> <span class='ocrx_word' id='word_1_675' title='bbox 2185 3234 2255 3287; x_wconf 89' lang='lat' dir='ltr'><strong>ita</strong></span> <span class='ocrx_word' id='word_1_676' title='bbox 2277 3232 2326 3286; x_wconf 90' lang='lat' dir='ltr'><strong>ei</strong></span> <span class='ocrx_word' id='word_1_677' title='bbox 2357 3232 2408 3285; x_wconf 92' lang='lat' dir='ltr'><strong>in</strong></span> <span class='ocrx_word' id='word_1_678' title='bbox 2432 3232 2674 3299; x_wconf 88' lang='lat' dir='ltr'><strong>prioratu</strong></span> <span class='ocrx_word' id='word_1_679' title='bbox 2698 3231 3031 3287; x_wconf 88' lang='lat' dir='ltr'><strong>succederet.</strong></span> <span class='ocrx_word' id='word_1_680' title='bbox 3073 3251 3091 3283; x_wconf 74' lang='grc' dir='ltr'><strong>ι</strong></span> <span class='ocrx_word' id='word_1_681' title='bbox 3121 3232 3256 3287; x_wconf 79' lang='lat' dir='ltr'><strong>Cum</strong></span> <span class='ocrx_word' id='word_1_682' title='bbox 3286 3246 3417 3287; x_wconf 71' lang='lat' dir='ltr'><strong>vero</strong></span> <span class='ocrx_word' id='word_1_683' title='bbox 3443 3230 3608 3287; x_wconf 85' lang='lat' dir='ltr'><strong>Joan-</strong></span> 
     </span>
    </p>
   </div>
   <div class='ocr_carea' id='block_1_90' title="bbox 2017 3320 3606 3392">
    <p class='ocr_par' dir='ltr' id='par_1_90' title="bbox 2017 3320 3606 3392">
     <span class='ocr_line' id='line_1_90' title="bbox 2017 3320 3606 3392; baseline -0.005 -14"><span class='ocrx_word' id='word_1_684' title='bbox 2017 3338 2114 3380; x_wconf 84' lang='lat' dir='ltr'><strong>nes</strong></span> <span class='ocrx_word' id='word_1_685' title='bbox 2151 3323 2384 3392; x_wconf 86' lang='lat' dir='ltr'><strong>scriptor</strong></span> <span class='ocrx_word' id='word_1_686' title='bbox 2421 3323 2552 3376; x_wconf 73' lang='lat' dir='ltr'><strong>Vita:</strong></span> <span class='ocrx_word' id='word_1_687' title='bbox 2594 3322 2739 3377; x_wconf 85' lang='lat' dir='ltr'><strong>Petri</strong></span> <span class='ocrx_word' id='word_1_688' title='bbox 2789 3321 3036 3376; x_wconf 86' lang='lat' dir='ltr'><strong>Damiani</strong></span> <span class='ocrx_word' id='word_1_689' title='bbox 3089 3320 3326 3377; x_wconf 78' lang='lat' dir='ltr'><strong>fateatur</strong></span> <span class='ocrx_word' id='word_1_690' title='bbox 3371 3336 3430 3377; x_wconf 87' lang='lat' dir='ltr'><strong>se</strong></span> <span class='ocrx_word' id='word_1_691' title='bbox 3489 3338 3606 3375; x_wconf 72' lang='lat' dir='ltr'><strong>me-</strong></span> 
     </span>
    </p>
   </div>
   <div class='ocr_carea' id='block_1_91' title="bbox 2015 3412 3593 3484">
    <p class='ocr_par' dir='ltr' id='par_1_91' title="bbox 2015 3412 3593 3484">
     <span class='ocr_line' id='line_1_91' title="bbox 2015 3412 3593 3484; baseline -0.001 -16"><span class='ocrx_word' id='word_1_692' title='bbox 2015 3415 2248 3470; x_wconf 85' lang='lat' dir='ltr'><strong>nachum</strong></span> <span class='ocrx_word' id='word_1_693' title='bbox 2278 3430 2400 3470; x_wconf 86' lang='lat' dir='ltr'><strong>esse</strong></span> <span class='ocrx_word' id='word_1_694' title='bbox 2427 3413 2526 3468; x_wconf 85' lang='lat' dir='ltr'><strong>sub</strong></span> <span class='ocrx_word' id='word_1_695' title='bbox 2572 3412 2829 3484; x_wconf 89' lang='lat' dir='ltr'><strong>Liprandi</strong></span> <span class='ocrx_word' id='word_1_696' title='bbox 2878 3414 3077 3483; x_wconf 83' lang='lat' dir='ltr'><strong>prioris</strong></span> <span class='ocrx_word' id='word_1_697' title='bbox 3106 3414 3417 3470; x_wconf 88' lang='lat' dir='ltr'><strong>obedientia</strong></span> <span class='ocrx_word' id='word_1_698' title='bbox 3461 3430 3593 3470; x_wconf 85' lang='lat' dir='ltr'><strong>con-</strong></span> 
     </span>
    </p>
   </div>
   <div class='ocr_carea' id='block_1_92' title="bbox 2016 3503 3601 3573">
    <p class='ocr_par' dir='ltr' id='par_1_92' title="bbox 2016 3503 3601 3573">
     <span class='ocr_line' id='line_1_92' title="bbox 2016 3503 3601 3573; baseline -0.001 -14"><span class='ocrx_word' id='word_1_699' title='bbox 2016 3506 2281 3568; x_wconf 88' lang='lat' dir='ltr'><strong>stilutum,</strong></span> <span class='ocrx_word' id='word_1_700' title='bbox 2314 3504 2556 3573; x_wconf 88' lang='lat' dir='ltr'><strong>ejusque,</strong></span> <span class='ocrx_word' id='word_1_701' title='bbox 2580 3514 2633 3559; x_wconf 89' lang='lat' dir='ltr'><strong>et</strong></span> <span class='ocrx_word' id='word_1_702' title='bbox 2663 3504 2891 3558; x_wconf 90' lang='lat' dir='ltr'><strong>aliorum</strong></span> <span class='ocrx_word' id='word_1_703' title='bbox 2924 3506 3198 3559; x_wconf 86' lang='lat' dir='ltr'><strong>seniorum</strong></span> <span class='ocrx_word' id='word_1_704' title='bbox 3227 3505 3411 3558; x_wconf 82' lang='lat' dir='ltr'><strong>Fontis</strong></span> <span class='ocrx_word' id='word_1_705' title='bbox 3440 3503 3601 3558; x_wconf 74' lang='lat' dir='ltr'><strong>Avel-</strong></span> 
     </span>
    </p>
   </div>
   <div class='ocr_carea' id='block_1_93' title="bbox 2013 3592 3593 3664">
    <p class='ocr_par' dir='ltr' id='par_1_93' title="bbox 2013 3592 3593 3664">
     <span class='ocr_line' id='line_1_93' title="bbox 2013 3592 3593 3664; baseline 0.002 -18"><span class='ocrx_word' id='word_1_706' title='bbox 2013 3594 2151 3649; x_wconf 64' lang='lat' dir='ltr'><strong>lanze</strong></span> <span class='ocrx_word' id='word_1_707' title='bbox 2192 3596 2365 3662; x_wconf 88' lang='lat' dir='ltr'><strong>jussu,</strong></span> <span class='ocrx_word' id='word_1_708' title='bbox 2415 3594 2481 3647; x_wconf 93' lang='lat' dir='ltr'><strong>ad</strong></span> <span class='ocrx_word' id='word_1_709' title='bbox 2526 3608 2643 3648; x_wconf 90' lang='lat' dir='ltr'><strong>eam</strong></span> <span class='ocrx_word' id='word_1_710' title='bbox 2689 3594 2969 3649; x_wconf 82' lang='lat' dir='ltr'><strong>historiam</strong></span> <span class='ocrx_word' id='word_1_711' title='bbox 3018 3594 3374 3664; x_wconf 78' lang='lat' dir='ltr'><strong>colligendam</strong></span> <span class='ocrx_word' id='word_1_712' title='bbox 3424 3592 3593 3649; x_wconf 76' lang='lat' dir='ltr'><strong>fuisse</strong></span> 
     </span>
    </p>
   </div>
   <div class='ocr_carea' id='block_1_94' title="bbox 2012 3685 3600 3756">
    <p class='ocr_par' dir='ltr' id='par_1_94' title="bbox 2012 3685 3600 3756">
     <span class='ocr_line' id='line_1_94' title="bbox 2012 3685 3600 3756; baseline -0.002 -15"><span class='ocrx_word' id='word_1_713' title='bbox 2012 3686 2346 3755; x_wconf 86' lang='lat' dir='ltr'><strong>compulsum</strong></span> <span class='ocrx_word' id='word_1_714' title='bbox 2390 3686 2489 3756; x_wconf 89' lang='lat' dir='ltr'><strong>(ait</strong></span> <span class='ocrx_word' id='word_1_715' title='bbox 2546 3686 2691 3739; x_wconf 90' lang='lat' dir='ltr'><strong>enim</strong></span> <span class='ocrx_word' id='word_1_716' title='bbox 2744 3686 2794 3739; x_wconf 93' lang='lat' dir='ltr'><strong>iu</strong></span> <span class='ocrx_word' id='word_1_717' title='bbox 2841 3687 3104 3755; x_wconf 66' lang='lat' dir='ltr'><strong>prommio</strong></span> <span class='ocrx_word' id='word_1_718' title='bbox 3148 3704 3160 3738; x_wconf 93' lang='lat'><strong>:</strong></span> <span class='ocrx_word' id='word_1_719' title='bbox 3202 3705 3219 3736; x_wconf 81' lang='grc' dir='ltr'><strong>ι</strong></span> <span class='ocrx_word' id='word_1_720' title='bbox 3261 3686 3466 3739; x_wconf 89' lang='lat' dir='ltr'><strong>Doumo</strong></span> <span class='ocrx_word' id='word_1_721' title='bbox 3519 3685 3600 3738; x_wconf 85' lang='lat' dir='ltr'><strong>Li-</strong></span> 
     </span>
    </p>
   </div>
   <div class='ocr_carea' id='block_1_95' title="bbox 2012 3774 3597 3845">
    <p class='ocr_par' dir='ltr' id='par_1_95' title="bbox 2012 3774 3597 3845">
     <span class='ocr_line' id='line_1_95' title="bbox 2012 3774 3597 3845; baseline -0.002 -16"><span class='ocrx_word' id='word_1_722' title='bbox 2012 3776 2219 3845; x_wconf 87' lang='lat' dir='ltr'><strong>prando</strong></span> <span class='ocrx_word' id='word_1_723' title='bbox 2243 3775 2441 3844; x_wconf 89' lang='lat' dir='ltr'><strong>priori,</strong></span> <span class='ocrx_word' id='word_1_724' title='bbox 2496 3785 2551 3830; x_wconf 88' lang='lat' dir='ltr'><strong>et</strong></span> <span class='ocrx_word' id='word_1_725' title='bbox 2580 3775 2793 3830; x_wconf 74' lang='lat' dir='ltr'><strong>caeteris</strong></span> <span class='ocrx_word' id='word_1_726' title='bbox 2828 3776 3134 3830; x_wconf 88' lang='lat' dir='ltr'><strong>senioribus</strong></span> <span class='ocrx_word' id='word_1_727' title='bbox 3184 3776 3350 3829; x_wconf 87' lang='lat' dir='ltr'><strong>eremi</strong></span> <span class='ocrx_word' id='word_1_728' title='bbox 3410 3774 3597 3828; x_wconf 62' lang='lat' dir='ltr'><strong>Fontis</strong></span> 
     </span>
    </p>
   </div>
   <div class='ocr_carea' id='block_1_96' title="bbox 2010 3865 3591 3936">
    <p class='ocr_par' dir='ltr' id='par_1_96' title="bbox 2010 3865 3591 3936">
     <span class='ocr_line' id='line_1_96' title="bbox 2010 3865 3591 3936; baseline -0.001 -17"><span class='ocrx_word' id='word_1_729' title='bbox 2010 3865 2280 3920; x_wconf 73' lang='lat' dir='ltr'><strong>Avellante</strong></span> <span class='ocrx_word' id='word_1_730' title='bbox 2305 3906 2320 3931; x_wconf 94' lang='lat'><strong>,</strong></span> <span class='ocrx_word' id='word_1_731' title='bbox 2374 3868 2628 3920; x_wconf 84' lang='lat' dir='ltr'><strong>Joannes.</strong></span> <span class='ocrx_word' id='word_1_732' title='bbox 2681 3866 2828 3933; x_wconf 88' lang='lat' dir='ltr'><strong>Opus</strong></span> <span class='ocrx_word' id='word_1_733' title='bbox 2871 3866 3140 3930; x_wconf 81' lang='lat' dir='ltr'><strong>mirabile,</strong></span> <span class='ocrx_word' id='word_1_734' title='bbox 3179 3865 3371 3920; x_wconf 82' lang='lat' dir='ltr'><strong>Patres</strong></span> <span class='ocrx_word' id='word_1_735' title='bbox 3395 3906 3409 3930; x_wconf 94' lang='lat'><strong>,</strong></span> <span class='ocrx_word' id='word_1_736' title='bbox 3447 3867 3591 3936; x_wconf 68' lang='lat' dir='ltr'><strong>quod</strong></span> 
     </span>
    </p>
   </div>
   <div class='ocr_carea' id='block_1_97' title="bbox 2011 3942 3595 4026">
    <p class='ocr_par' dir='ltr' id='par_1_97' title="bbox 2011 3942 3595 4026">
     <span class='ocr_line' id='line_1_97' title="bbox 2011 3942 3595 4026; baseline -0.001 -18"><span class='ocrx_word' id='word_1_737' title='bbox 2011 3954 2287 4009; x_wconf 77' lang='lat' dir='ltr'><strong>sanctitati</strong></span> <span class='ocrx_word' id='word_1_738' title='bbox 2331 3966 2525 4009; x_wconf 75' lang='lat' dir='ltr'><strong>vestra:</strong></span> <span class='ocrx_word' id='word_1_739' title='bbox 2562 3955 2764 4025; x_wconf 87' lang='lat' dir='ltr'><strong>placuit</strong></span> <span class='ocrx_word' id='word_1_740' title='bbox 2796 3970 2928 4009; x_wconf 66' lang='lat' dir='ltr'><strong>mese</strong></span> <span class='ocrx_word' id='word_1_741' title='bbox 2971 3954 3248 4026; x_wconf 78' lang='lat' dir='ltr'><strong>injuugere</strong></span> <span class='ocrx_word' id='word_1_742' title='bbox 3274 3942 3595 4025; x_wconf 85' lang='lat' dir='ltr'><strong>parvitati...</strong></span> 
     </span>
    </p>
   </div>
   <div class='ocr_carea' id='block_1_98' title="bbox 2009 4042 3594 4115">
    <p class='ocr_par' dir='ltr' id='par_1_98' title="bbox 2009 4042 3594 4115">
     <span class='ocr_line' id='line_1_98' title="bbox 2009 4042 3594 4115; baseline 0 -18"><span class='ocrx_word' id='word_1_743' title='bbox 2009 4042 2080 4097; x_wconf 83' lang='lat' dir='ltr'><strong>At</strong></span> <span class='ocrx_word' id='word_1_744' title='bbox 2121 4043 2246 4112; x_wconf 88' lang='lat' dir='ltr'><strong>quia</strong></span> <span class='ocrx_word' id='word_1_745' title='bbox 2293 4059 2398 4097; x_wconf 91' lang='lat' dir='ltr'><strong>non</strong></span> <span class='ocrx_word' id='word_1_746' title='bbox 2438 4059 2704 4114; x_wconf 68' lang='lat' dir='ltr'><strong>praesumo</strong></span> <span class='ocrx_word' id='word_1_747' title='bbox 2753 4054 2934 4099; x_wconf 88' lang='lat' dir='ltr'><strong>vestro</strong></span> <span class='ocrx_word' id='word_1_748' title='bbox 2980 4046 3273 4113; x_wconf 87' lang='lat' dir='ltr'><strong>quidquam</strong></span> <span class='ocrx_word' id='word_1_749' title='bbox 3322 4045 3594 4115; x_wconf 74' lang='lat' dir='ltr'><strong>abnegare</strong></span> 
     </span>
    </p>
   </div>
   <div class='ocr_carea' id='block_1_99' title="bbox 2010 4130 3587 4201">
    <p class='ocr_par' dir='ltr' id='par_1_99' title="bbox 2010 4130 3587 4201">
     <span class='ocr_line' id='line_1_99' title="bbox 2010 4130 3587 4201; baseline -0.001 -15"><span class='ocrx_word' id='word_1_750' title='bbox 2010 4132 2301 4201; x_wconf 81' lang='lat' dir='ltr'><strong>imperio...</strong></span> <span class='ocrx_word' id='word_1_751' title='bbox 2340 4130 2483 4185; x_wconf 87' lang='lat' dir='ltr'><strong>Petri</strong></span> <span class='ocrx_word' id='word_1_752' title='bbox 2519 4130 2761 4185; x_wconf 89' lang='lat' dir='ltr'><strong>Damiani</strong></span> <span class='ocrx_word' id='word_1_753' title='bbox 2787 4132 3016 4195; x_wconf 82' lang='lat' dir='ltr'><strong>meritis,</strong></span> <span class='ocrx_word' id='word_1_754' title='bbox 3051 4133 3117 4185; x_wconf 90' lang='lat' dir='ltr'><strong>ad</strong></span> <span class='ocrx_word' id='word_1_755' title='bbox 3157 4131 3310 4200; x_wconf 87' lang='lat' dir='ltr'><strong>cujus</strong></span> <span class='ocrx_word' id='word_1_756' title='bbox 3339 4146 3434 4186; x_wconf 78' lang='lat' dir='ltr'><strong>ros</strong></span> <span class='ocrx_word' id='word_1_757' title='bbox 3465 4144 3587 4185; x_wconf 77' lang='lat' dir='ltr'><strong>acta</strong></span> 
     </span>
    </p>
   </div>
   <div class='ocr_carea' id='block_1_100' title="bbox 2008 4219 3597 4291">
    <p class='ocr_par' dir='ltr' id='par_1_100' title="bbox 2008 4219 3597 4291">
     <span class='ocr_line' id='line_1_100' title="bbox 2008 4219 3597 4291; baseline -0.001 -17"><span class='ocrx_word' id='word_1_758' title='bbox 2008 4220 2280 4274; x_wconf 75' lang='lat' dir='ltr'><strong>exaranda</strong></span> <span class='ocrx_word' id='word_1_759' title='bbox 2304 4234 2478 4275; x_wconf 89' lang='lat' dir='ltr'><strong>meam</strong></span> <span class='ocrx_word' id='word_1_760' title='bbox 2504 4219 2868 4274; x_wconf 86' lang='lat' dir='ltr'><strong>obedientiam</strong></span> <span class='ocrx_word' id='word_1_761' title='bbox 2901 4222 3232 4289; x_wconf 84' lang='lat' dir='ltr'><strong>provocatis,</strong></span> <span class='ocrx_word' id='word_1_762' title='bbox 3256 4240 3273 4271; x_wconf 73' lang='grc' dir='ltr'><strong>ι</strong></span> <span class='ocrx_word' id='word_1_763' title='bbox 3307 4222 3447 4291; x_wconf 90' lang='lat' dir='ltr'><strong>)etc.</strong></span> <span class='ocrx_word' id='word_1_764' title='bbox 3475 4220 3597 4273; x_wconf 72' lang='lat' dir='ltr'><strong>Eri-</strong></span> 
     </span>
    </p>
   </div>
   <div class='ocr_carea' id='block_1_101' title="bbox 2008 4306 3594 4377">
    <p class='ocr_par' dir='ltr' id='par_1_101' title="bbox 2008 4306 3594 4377">
     <span class='ocr_line' id='line_1_101' title="bbox 2008 4306 3594 4377; baseline -0.002 -15"><span class='ocrx_word' id='word_1_765' title='bbox 2008 4308 2144 4362; x_wconf 88' lang='lat' dir='ltr'><strong>dens</strong></span> <span class='ocrx_word' id='word_1_766' title='bbox 2170 4309 2357 4377; x_wconf 87' lang='lat' dir='ltr'><strong>utique</strong></span> <span class='ocrx_word' id='word_1_767' title='bbox 2398 4317 2660 4373; x_wconf 85' lang='lat' dir='ltr'><strong>remanet,</strong></span> <span class='ocrx_word' id='word_1_768' title='bbox 2691 4308 2943 4361; x_wconf 87' lang='lat' dir='ltr'><strong>eumdem</strong></span> <span class='ocrx_word' id='word_1_769' title='bbox 2968 4323 3090 4363; x_wconf 81' lang='lat' dir='ltr'><strong>esse</strong></span> <span class='ocrx_word' id='word_1_770' title='bbox 3124 4324 3228 4362; x_wconf 93' lang='lat' dir='ltr'><strong>non</strong></span> <span class='ocrx_word' id='word_1_771' title='bbox 3254 4323 3410 4376; x_wconf 83' lang='lat' dir='ltr'><strong>posse</strong></span> <span class='ocrx_word' id='word_1_772' title='bbox 3432 4306 3594 4362; x_wconf 84' lang='lat' dir='ltr'><strong>Joan-</strong></span> 
     </span>
    </p>
   </div>
   <div class='ocr_carea' id='block_1_102' title="bbox 2012 4394 3594 4466">
    <p class='ocr_par' dir='ltr' id='par_1_102' title="bbox 2012 4394 3594 4466">
     <span class='ocr_line' id='line_1_102' title="bbox 2012 4394 3594 4466; baseline -0.002 -17"><span class='ocrx_word' id='word_1_773' title='bbox 2012 4410 2133 4451; x_wconf 91' lang='lat' dir='ltr'><strong>nem</strong></span> <span class='ocrx_word' id='word_1_774' title='bbox 2163 4396 2308 4451; x_wconf 88' lang='lat' dir='ltr'><strong>hunc</strong></span> <span class='ocrx_word' id='word_1_775' title='bbox 2350 4394 2485 4450; x_wconf 76' lang='lat' dir='ltr'><strong>Vita:</strong></span> <span class='ocrx_word' id='word_1_776' title='bbox 2514 4394 2759 4449; x_wconf 86' lang='lat' dir='ltr'><strong>Damiani</strong></span> <span class='ocrx_word' id='word_1_777' title='bbox 2811 4397 3131 4466; x_wconf 85' lang='lat' dir='ltr'><strong>scriptorem</strong></span> <span class='ocrx_word' id='word_1_778' title='bbox 3162 4413 3284 4450; x_wconf 89' lang='lat' dir='ltr'><strong>cum</strong></span> <span class='ocrx_word' id='word_1_779' title='bbox 3316 4396 3407 4450; x_wconf 92' lang='lat' dir='ltr'><strong>illo</strong></span> <span class='ocrx_word' id='word_1_780' title='bbox 3456 4395 3594 4449; x_wconf 82' lang='lat' dir='ltr'><strong>Lan-</strong></span> 
     </span>
    </p>
   </div>
   <div class='ocr_carea' id='block_1_103' title="bbox 2014 4485 3590 4557">
    <p class='ocr_par' dir='ltr' id='par_1_103' title="bbox 2014 4485 3590 4557">
     <span class='ocr_line' id='line_1_103' title="bbox 2014 4485 3590 4557; baseline -0.003 -15"><span class='ocrx_word' id='word_1_781' title='bbox 2014 4487 2163 4542; x_wconf 87' lang='lat' dir='ltr'><strong>densi</strong></span> <span class='ocrx_word' id='word_1_782' title='bbox 2189 4486 2472 4557; x_wconf 75' lang='lat' dir='ltr'><strong>Eugubino</strong></span> <span class='ocrx_word' id='word_1_783' title='bbox 2494 4487 2768 4556; x_wconf 85' lang='lat' dir='ltr'><strong>episeopo,</strong></span> <span class='ocrx_word' id='word_1_784' title='bbox 2800 4486 2894 4556; x_wconf 88' lang='lat' dir='ltr'><strong>qui</strong></span> <span class='ocrx_word' id='word_1_785' title='bbox 2923 4495 3044 4557; x_wconf 88' lang='lat' dir='ltr'><strong>post</strong></span> <span class='ocrx_word' id='word_1_786' title='bbox 3076 4488 3319 4542; x_wconf 80' lang='lat' dir='ltr'><strong>Damiani</strong></span> <span class='ocrx_word' id='word_1_787' title='bbox 3350 4485 3590 4555; x_wconf 87' lang='lat' dir='ltr'><strong>ejusdem</strong></span> 
     </span>
    </p>
   </div>
   <div class='ocr_carea' id='block_1_104' title="bbox 2013 4578 3587 4651">
    <p class='ocr_par' dir='ltr' id='par_1_104' title="bbox 2013 4578 3587 4651">
     <span class='ocr_line' id='line_1_104' title="bbox 2013 4578 3587 4651; baseline 0 -16"><span class='ocrx_word' id='word_1_788' title='bbox 2013 4578 2218 4635; x_wconf 88' lang='lat' dir='ltr'><strong>obitum</strong></span> <span class='ocrx_word' id='word_1_789' title='bbox 2244 4618 2260 4642; x_wconf 91' lang='lat'><strong>,</strong></span> <span class='ocrx_word' id='word_1_790' title='bbox 2296 4578 2479 4633; x_wconf 86' lang='lat' dir='ltr'><strong>statim</strong></span> <span class='ocrx_word' id='word_1_791' title='bbox 2511 4578 2783 4633; x_wconf 74' lang='lat' dir='ltr'><strong>Arellana:</strong></span> <span class='ocrx_word' id='word_1_792' title='bbox 2826 4579 3006 4647; x_wconf 88' lang='lat' dir='ltr'><strong>prior,</strong></span> <span class='ocrx_word' id='word_1_793' title='bbox 3040 4588 3093 4633; x_wconf 89' lang='lat' dir='ltr'><strong>et</strong></span> <span class='ocrx_word' id='word_1_794' title='bbox 3143 4593 3267 4634; x_wconf 79' lang='lat' dir='ltr'><strong>mox</strong></span> <span class='ocrx_word' id='word_1_795' title='bbox 3298 4582 3587 4651; x_wconf 72' lang='lat' dir='ltr'><strong>episcopus</strong></span> 
     </span>
    </p>
   </div>
   <div class='ocr_carea' id='block_1_105' title="bbox 2012 4667 3591 4740">
    <p class='ocr_par' dir='ltr' id='par_1_105' title="bbox 2012 4667 3591 4740">
     <span class='ocr_line' id='line_1_105' title="bbox 2012 4667 3591 4740; baseline 0.002 -18"><span class='ocrx_word' id='word_1_796' title='bbox 2012 4667 2185 4725; x_wconf 78' lang='lat' dir='ltr'><strong>factus</strong></span> <span class='ocrx_word' id='word_1_797' title='bbox 2209 4680 2307 4733; x_wconf 49' lang='lat' dir='ltr'><strong>est,</strong></span> <span class='ocrx_word' id='word_1_798' title='bbox 2346 4684 2621 4738; x_wconf 87' lang='lat' dir='ltr'><strong>nunquam</strong></span> <span class='ocrx_word' id='word_1_799' title='bbox 2664 4684 2794 4724; x_wconf 89' lang='lat' dir='ltr'><strong>vero</strong></span> <span class='ocrx_word' id='word_1_800' title='bbox 2840 4670 3067 4740; x_wconf 81' lang='lat' dir='ltr'><strong>simplex</strong></span> <span class='ocrx_word' id='word_1_801' title='bbox 3113 4670 3412 4727; x_wconf 80' lang='lat' dir='ltr'><strong>monachus</strong></span> <span class='ocrx_word' id='word_1_802' title='bbox 3439 4672 3591 4735; x_wconf 78' lang='lat' dir='ltr'><strong>vixit,</strong></span> 
     </span>
    </p>
   </div>
   <div class='ocr_carea' id='block_1_106' title="bbox 2012 4761 3118 4830">
    <p class='ocr_par' dir='ltr' id='par_1_106' title="bbox 2012 4761 3118 4830">
     <span class='ocr_line' id='line_1_106' title="bbox 2012 4761 3118 4830; baseline -0.002 -13"><span class='ocrx_word' id='word_1_803' title='bbox 2012 4772 2070 4817; x_wconf 92' lang='lat' dir='ltr'><strong>ut</strong></span> <span class='ocrx_word' id='word_1_804' title='bbox 2096 4762 2323 4816; x_wconf 89' lang='lat' dir='ltr'><strong>aliormn</strong></span> <span class='ocrx_word' id='word_1_805' title='bbox 2356 4761 2638 4830; x_wconf 68' lang='lat' dir='ltr'><strong>praeceptis</strong></span> <span class='ocrx_word' id='word_1_806' title='bbox 2664 4769 2810 4815; x_wconf 82' lang='lat' dir='ltr'><strong>esset</strong></span> <span class='ocrx_word' id='word_1_807' title='bbox 2833 4761 3118 4816; x_wconf 79' lang='lat' dir='ltr'><strong>obnoxius.</strong></span> 
     </span>
    </p>
   </div>
   <div class='ocr_carea' id='block_1_107' title="bbox 2083 4851 3587 4919">
    <p class='ocr_par' dir='ltr' id='par_1_107' title="bbox 2083 4851 3587 4919">
     <span class='ocr_line' id='line_1_107' title="bbox 2083 4851 3587 4919; baseline 0.003 -13"><span class='ocrx_word' id='word_1_808' title='bbox 2083 4852 2215 4906; x_wconf 72' lang='lat' dir='ltr'><strong>Xlll.</strong></span> <span class='ocrx_word' id='word_1_809' title='bbox 2247 4854 2353 4907; x_wconf 80' lang='lat' dir='ltr'><strong>Sed</strong></span> <span class='ocrx_word' id='word_1_810' title='bbox 2410 4860 2465 4906; x_wconf 88' lang='lat' dir='ltr'><strong>et</strong></span> <span class='ocrx_word' id='word_1_811' title='bbox 2521 4851 2843 4907; x_wconf 85' lang='lat' dir='ltr'><strong>luculentius</strong></span> <span class='ocrx_word' id='word_1_812' title='bbox 2895 4853 3035 4908; x_wconf 85' lang='lat' dir='ltr'><strong>idem</strong></span> <span class='ocrx_word' id='word_1_813' title='bbox 3076 4856 3587 4919; x_wconf 59' lang='lat' dir='ltr'><strong>demonstraturmt</strong></span> 
     </span>
    </p>
   </div>
   <div class='ocr_carea' id='block_1_108' title="bbox 2008 4939 3590 5019">
    <p class='ocr_par' dir='ltr' id='par_1_108' title="bbox 2008 4939 3590 5019">
     <span class='ocr_line' id='line_1_108' title="bbox 2008 4939 3590 5019; baseline 0.006 -25"><span class='ocrx_word' id='word_1_814' title='bbox 2008 4959 2117 5011; x_wconf 89' lang='lat' dir='ltr'><strong>quo</strong></span> <span class='ocrx_word' id='word_1_815' title='bbox 2169 4941 2285 4995; x_wconf 73' lang='lat' dir='ltr'><strong>Vita</strong></span> <span class='ocrx_word' id='word_1_816' title='bbox 2336 4941 2451 4996; x_wconf 70' lang='lat' dir='ltr'><strong>lucc</strong></span> <span class='ocrx_word' id='word_1_817' title='bbox 2500 4939 2643 4995; x_wconf 84' lang='lat' dir='ltr'><strong>Petri</strong></span> <span class='ocrx_word' id='word_1_818' title='bbox 2698 4940 2942 4996; x_wconf 90' lang='lat' dir='ltr'><strong>Datniani</strong></span> <span class='ocrx_word' id='word_1_819' title='bbox 2994 4953 3117 5012; x_wconf 87' lang='lat' dir='ltr'><strong>post</strong></span> <span class='ocrx_word' id='word_1_820' title='bbox 3169 4960 3375 5019; x_wconf 65' lang='lat' dir='ltr'><strong>annunt</strong></span> <span class='ocrx_word' id='word_1_821' title='bbox 3413 4947 3546 5000; x_wconf 86' lang='grc'><strong>1110</strong></span> <span class='ocrx_word' id='word_1_822' title='bbox 3576 4986 3590 5004; x_wconf 84' lang='lat'><strong>.</strong></span> 
     </span>
    </p>
   </div>
   <div class='ocr_carea' id='block_1_109' title="bbox 2008 5031 3586 5109">
    <p class='ocr_par' dir='ltr' id='par_1_109' title="bbox 2008 5031 3586 5109">
     <span class='ocr_line' id='line_1_109' title="bbox 2008 5031 3586 5109; baseline 0.001 -24"><span class='ocrx_word' id='word_1_823' title='bbox 2008 5033 2251 5101; x_wconf 86' lang='lat' dir='ltr'><strong>adeoque</strong></span> <span class='ocrx_word' id='word_1_824' title='bbox 2282 5032 2438 5100; x_wconf 78' lang='lat' dir='ltr'><strong>longe</strong></span> <span class='ocrx_word' id='word_1_825' title='bbox 2480 5038 2599 5100; x_wconf 90' lang='lat' dir='ltr'><strong>post</strong></span> <span class='ocrx_word' id='word_1_826' title='bbox 2634 5041 2865 5085; x_wconf 87' lang='lat' dir='ltr'><strong>mortem</strong></span> <span class='ocrx_word' id='word_1_827' title='bbox 2898 5031 2955 5085; x_wconf 80' lang='lat' dir='ltr'><strong>S.</strong></span> <span class='ocrx_word' id='word_1_828' title='bbox 3004 5032 3231 5089; x_wconf 87' lang='lat' dir='ltr'><strong>Joannis</strong></span> <span class='ocrx_word' id='word_1_829' title='bbox 3269 5036 3586 5109; x_wconf 58' lang='lat' dir='ltr'><strong>Laudensis.</strong></span> 
     </span>
    </p>
   </div>
   <div class='ocr_carea' id='block_1_110' title="bbox 2007 5122 3583 5197">
    <p class='ocr_par' dir='ltr' id='par_1_110' title="bbox 2007 5122 3583 5197">
     <span class='ocr_line' id='line_1_110' title="bbox 2007 5122 3583 5197; baseline 0.003 -22"><span class='ocrx_word' id='word_1_830' title='bbox 2007 5138 2125 5193; x_wconf 71' lang='lat' dir='ltr'><strong>qua:</strong></span> <span class='ocrx_word' id='word_1_831' title='bbox 2157 5123 2314 5185; x_wconf 82' lang='grc'><strong>1106,</strong></span> <span class='ocrx_word' id='word_1_832' title='bbox 2350 5131 2408 5174; x_wconf 88' lang='grc' dir='ltr'><strong>ιιι</strong></span> <span class='ocrx_word' id='word_1_833' title='bbox 2439 5122 2675 5175; x_wconf 72' lang='lat' dir='ltr'><strong>diximus</strong></span> <span class='ocrx_word' id='word_1_834' title='bbox 2701 5162 2715 5185; x_wconf 93' lang='lat'><strong>,</strong></span> <span class='ocrx_word' id='word_1_835' title='bbox 2772 5124 3016 5191; x_wconf 78' lang='lat' dir='ltr'><strong>contigit,</strong></span> <span class='ocrx_word' id='word_1_836' title='bbox 3048 5126 3353 5181; x_wconf 88' lang='lat' dir='ltr'><strong>certissime</strong></span> <span class='ocrx_word' id='word_1_837' title='bbox 3384 5128 3583 5197; x_wconf 75' lang='lat' dir='ltr'><strong>scripta</strong></span> 
     </span>
    </p>
   </div>
   <div class='ocr_carea' id='block_1_111' title="bbox 2009 5210 3586 5280">
    <p class='ocr_par' dir='ltr' id='par_1_111' title="bbox 2009 5210 3586 5280">
     <span class='ocr_line' id='line_1_111' title="bbox 2009 5210 3586 5280; baseline 0.003 -15"><span class='ocrx_word' id='word_1_838' title='bbox 2009 5212 2441 5266; x_wconf 78' lang='lat' dir='ltr'><strong>fuerit:tantum</strong></span> <span class='ocrx_word' id='word_1_839' title='bbox 2468 5210 2651 5272; x_wconf 82' lang='lat' dir='ltr'><strong>abest.</strong></span> <span class='ocrx_word' id='word_1_840' title='bbox 2692 5220 2750 5265; x_wconf 90' lang='lat' dir='ltr'><strong>ut</strong></span> <span class='ocrx_word' id='word_1_841' title='bbox 2798 5211 3014 5280; x_wconf 84' lang='lat' dir='ltr'><strong>ipsimet</strong></span> <span class='ocrx_word' id='word_1_842' title='bbox 3064 5214 3257 5268; x_wconf 85' lang='lat' dir='ltr'><strong>Joanui</strong></span> <span class='ocrx_word' id='word_1_843' title='bbox 3316 5215 3586 5270; x_wconf 72' lang='lat' dir='ltr'><strong>Landcnsi</strong></span> 
     </span>
    </p>
   </div>
   <div class='ocr_carea' id='block_1_112' title="bbox 2008 5301 3581 5375">
    <p class='ocr_par' dir='ltr' id='par_1_112' title="bbox 2008 5301 3581 5375">
     <span class='ocr_line' id='line_1_112' title="bbox 2008 5301 3581 5375; baseline 0.003 -19"><span class='ocrx_word' id='word_1_844' title='bbox 2008 5302 2168 5356; x_wconf 89' lang='lat' dir='ltr'><strong>tribui</strong></span> <span class='ocrx_word' id='word_1_845' title='bbox 2214 5302 2426 5355; x_wconf 78' lang='lat' dir='ltr'><strong>del-eat.</strong></span> <span class='ocrx_word' id='word_1_846' title='bbox 2468 5301 2752 5356; x_wconf 80' lang='lat' dir='ltr'><strong>Enimvero</strong></span> <span class='ocrx_word' id='word_1_847' title='bbox 2784 5302 3035 5371; x_wconf 80' lang='lat' dir='ltr'><strong>Liprandi</strong></span> <span class='ocrx_word' id='word_1_848' title='bbox 3065 5308 3263 5372; x_wconf 87' lang='lat' dir='ltr'><strong>prioris</strong></span> <span class='ocrx_word' id='word_1_849' title='bbox 3291 5317 3501 5375; x_wconf 60' lang='lat' dir='ltr'><strong>tempus</strong></span> <span class='ocrx_word' id='word_1_850' title='bbox 3530 5308 3543 5361; x_wconf 94' lang='lat' dir='ltr'><strong>i</strong></span> <span class='ocrx_word' id='word_1_851' title='bbox 3570 5310 3581 5360; x_wconf 92' lang='grc' dir='ltr'><strong>Ι</strong></span> 
     </span>
    </p>
   </div>
   <div class='ocr_carea' id='block_1_113' title="bbox 2004 5391 3581 5462">
    <p class='ocr_par' dir='ltr' id='par_1_113' title="bbox 2004 5391 3581 5462">
     <span class='ocr_line' id='line_1_113' title="bbox 2004 5391 3581 5462; baseline -0.001 -17"><span class='ocrx_word' id='word_1_852' title='bbox 2004 5391 2149 5445; x_wconf 87' lang='lat' dir='ltr'><strong>clare</strong></span> <span class='ocrx_word' id='word_1_853' title='bbox 2183 5392 2405 5453; x_wconf 76' lang='lat' dir='ltr'><strong>evincit,</strong></span> <span class='ocrx_word' id='word_1_854' title='bbox 2438 5393 2579 5459; x_wconf 82' lang='lat' dir='ltr'><strong>quod</strong></span> <span class='ocrx_word' id='word_1_855' title='bbox 2619 5393 2669 5444; x_wconf 76' lang='grc' dir='ltr'><strong>ιιι</strong></span> <span class='ocrx_word' id='word_1_856' title='bbox 2702 5392 2949 5460; x_wconf 68' lang='lat' dir='ltr'><strong>catalogo</strong></span> <span class='ocrx_word' id='word_1_857' title='bbox 2998 5394 3238 5462; x_wconf 82' lang='lat' dir='ltr'><strong>priorum</strong></span> <span class='ocrx_word' id='word_1_858' title='bbox 3290 5397 3581 5452; x_wconf 64' lang='lat' dir='ltr'><strong>Arellanm,</strong></span> 
     </span>
    </p>
   </div>
   <div class='ocr_carea' id='block_1_114' title="bbox 1995 5478 3583 5553">
    <p class='ocr_par' dir='ltr' id='par_1_114' title="bbox 1995 5478 3583 5553">
     <span class='ocr_line' id='line_1_114' title="bbox 1995 5478 3583 5553; baseline 0.003 -23"><span class='ocrx_word' id='word_1_859' title='bbox 1995 5478 2147 5547; x_wconf 71' lang='lat' dir='ltr'><strong>juxta</strong></span> <span class='ocrx_word' id='word_1_860' title='bbox 2177 5478 2413 5545; x_wconf 76' lang='lat' dir='ltr'><strong>ejusdem</strong></span> <span class='ocrx_word' id='word_1_861' title='bbox 2444 5480 2755 5532; x_wconf 80' lang='lat' dir='ltr'><strong>monasterii</strong></span> <span class='ocrx_word' id='word_1_862' title='bbox 2788 5490 3138 5536; x_wconf 84' lang='lat' dir='ltr'><strong>monumenta</strong></span> <span class='ocrx_word' id='word_1_863' title='bbox 3164 5486 3480 5553; x_wconf 73' lang='lat' dir='ltr'><strong>Composito.</strong></span> <span class='ocrx_word' id='word_1_864' title='bbox 3514 5485 3583 5536; x_wconf 81' lang='lat' dir='ltr'><strong>ad</strong></span> 
     </span>
    </p>
   </div>
   <div class='ocr_carea' id='block_1_115' title="bbox 1991 5566 3573 5647">
    <p class='ocr_par' dir='ltr' id='par_1_115' title="bbox 1991 5566 3573 5647">
     <span class='ocr_line' id='line_1_115' title="bbox 1991 5566 3573 5647; baseline 0.006 -30"><span class='ocrx_word' id='word_1_865' title='bbox 1991 5567 2312 5647; x_wconf 57' lang='lat' dir='ltr'><strong>.‘ll‘tCtiltilll‘tl</strong></span> <span class='ocrx_word' id='word_1_866' title='bbox 2361 5582 2559 5620; x_wconf 83' lang='lat' dir='ltr'><strong>annum</strong></span> <span class='ocrx_word' id='word_1_867' title='bbox 2620 5566 2753 5619; x_wconf 77' lang='grc'><strong>1111)</strong></span> <span class='ocrx_word' id='word_1_868' title='bbox 2792 5571 3161 5639; x_wconf 62' lang='lat' dir='ltr'><strong>consignatur.</strong></span> <span class='ocrx_word' id='word_1_869' title='bbox 3211 5572 3446 5626; x_wconf 77' lang='lat' dir='ltr'><strong>Joannes</strong></span> <span class='ocrx_word' id='word_1_870' title='bbox 3495 5576 3573 5626; x_wconf 65' lang='lat' dir='ltr'><strong>ni-</strong></span> 
     </span>
    </p>
   </div>
   <div class='ocr_carea' id='block_1_116' title="bbox 2001 5658 3580 5729">
    <p class='ocr_par' dir='ltr' id='par_1_116' title="bbox 2001 5658 3580 5729">
     <span class='ocr_line' id='line_1_116' title="bbox 2001 5658 3580 5729; baseline 0.001 -18"><span class='ocrx_word' id='word_1_871' title='bbox 2001 5659 2213 5729; x_wconf 75' lang='lat' dir='ltr'><strong>quidcni</strong></span> <span class='ocrx_word' id='word_1_872' title='bbox 2245 5658 2539 5714; x_wconf 57' lang='lat' dir='ltr'><strong>i.‘.lllt.it‘li?l\</strong></span> <span class='ocrx_word' id='word_1_873' title='bbox 2606 5667 2657 5706; x_wconf 89' lang='lat' dir='ltr'><strong>ut</strong></span> <span class='ocrx_word' id='word_1_874' title='bbox 2693 5661 3016 5714; x_wconf 67' lang='grc' dir='ltr'>ιιοιιιιιειιιις.</span> <span class='ocrx_word' id='word_1_875' title='bbox 3056 5664 3360 5715; x_wconf 72' lang='lat' dir='ltr'><strong>immediate</strong></span> <span class='ocrx_word' id='word_1_876' title='bbox 3419 5662 3580 5717; x_wconf 78' lang='lat' dir='ltr'><strong>l&#39;etro</strong></span> 
     </span>
    </p>
   </div>
  </div>
