4040 6376
524 351 601 411 B7
1098 390 1101 391 ν
1413 348 1473 405 S.
1514 342 1789 403 PETRUS
1824 339 2114 399 DAMIANI

2218 337 2275 396 Β.
2307 337 2376 393 Β.
2416 336 2477 393 Ε.
2512 324 2940 393 CARDINALIS;
3724 328 3802 385 88

527 474 793 529 Damiano
834 472 1156 543 subrogatus
1190 469 1424 541 legitur:
1457 469 1583 524 huic
1632 482 1761 522 vero
1793 479 1935 519 anno
1966 460 2106 517 1105
2136 464 2183 521 Α
2216 457 2567 513 fundamento
2589 496 2604 520 ,
2647 453 2907 508 adversus
2954 457 3065 504 tam
3104 445 3416 518 multiplicis
3459 447 3805 504 discriminis

529 567 603 622 ad
626 568 993 637 episc0patum
1023 562 1361 634 Eugubiuum
1388 570 1655 632 promoto,
1685 559 1877 614 Petrus
1908 555 2106 610 Arimi-

528 656 718 711 mensis
746 655 798 710 in
832 656 1070 722 prioratu
1104 654 1407 717 successit,
1441 661 1553 707 tum
1604 664 1746 703 anno
1794 646 1928 702 1110
1955 687 1969 707 ,
2018 645 2107 698 Li-

528 754 771 823 prandus
794 751 955 807 Petro
995 750 1251 807 sull‘ectus
1295 761 1398 815 est,
1427 751 1580 818 cujus
1628 760 1757 804 nutu
1792 758 2104 817 susceptum

533 850 615 898 est
641 857 671 895 a
700 841 904 896 Joanne
928 841 1173 896 Damiani
1204 842 1466 912 discipulo
1495 840 1774 895 consilium
1808 838 1937 893 Viue
1983 856 2109 894 san-

531 934 604 988 cti
656 933 896 990 doctoris
922 937 1347 1000 conscribendae,
1384 936 1591 1005 ipsique
1620 936 1892 1005 Lipraudu
1938 935 2104 1004 priori

530 1025 879 1101 dedicandae;
924 1044 1044 1082 cum
1089 1028 1249 1098 igitur
1275 1028 1331 1082 S.
1368 1026 1603 1082 Joannes
1645 1026 1940 1081 Laudensis
1974 1043 2109 1095 qua-

536 1119 787 1183 driennio
824 1129 948 1174 ante
980 1118 1323 1173 mortalitatis
1352 1120 1576 1173 exuvias
1597 1119 1952 1187 deposuisset,
1979 1134 2109 1172 con-

533 1219 644 1265 stat
690 1210 849 1282 longe
884 1212 1153 1265 diversum
1185 1226 1306 1266 esse
1330 1212 1593 1266 Joannem
1634 1213 1767 1267 Viue
1807 1212 1950 1267 Petri
2006 1213 2109 1266 Da-

531 1301 698 1355 miani
756 1302 1071 1371 scriptorem
1118 1318 1149 1356 a
1200 1302 1255 1357 S.
1293 1303 1501 1358 Joanne
1539 1304 1807 1360 Laudensi
1856 1306 2109 1375 episcopo

532 1390 831 1462 Eugubino.
867 1391 1020 1458 Quod
1065 1394 1109 1446 si
1153 1394 1316 1448 etiam
1347 1395 1590 1450 Jacobilli
1618 1395 1882 1449 calculum
1914 1411 2108 1465 seque-

532 1495 753 1544 remur,
805 1482 894 1550 qui
947 1481 1277 1551 Liprandum
1326 1484 1521 1539 alicubi
1566 1485 1751 1539 scribit
1804 1486 2111 1540 immediate

534 1570 723 1626 Joanni
754 1571 1024 1628 Laudcnsi
1048 1575 1099 1628 in
1129 1576 1366 1645 prioratu
1396 1578 1741 1641 successisse,
1767 1577 1957 1647 liquet,
1989 1577 2111 1632 huic

528 1660 641 1729 jam
670 1664 921 1733 episcopo
950 1663 1111 1726 facto.
1140 1675 1195 1721 et
1223 1682 1317 1736 per
1346 1685 1566 1733 annum,
1594 1687 1656 1725 ac
1678 1686 1875 1739 paucos
1900 1686 2111 1725 menses

534 1753 836 1820 superstiti,
877 1770 981 1808 non
1015 1756 1253 1825 potuisse
1284 1758 1351 1811 ab
1392 1758 1480 1812 illo
1510 1760 1642 1815 Vita:
1673 1760 1815 1815 Petri
1864 1760 2107 1832 Damiaqi

526 1838 901 1913 compilandae
923 1846 1253 1914 provinciam
1294 1847 1518 1917 iniungi.

608 1933 745 1988 XIV.
785 1937 958 2002 Addo,
987 1939 1129 2007 quod
1161 1940 1441 2011 utriusque
1469 1941 1693 1998 Joannis
1726 1944 2015 2001 discrimen
2044 1963 2111 2003 ex

534 2024 749 2081 diversa
788 2031 994 2096 patria,
1035 2031 1358 2101 diversoque
1403 2035 1593 2088 mortis
1635 2046 1876 2106 tempore
1908 2039 2113 2107 colligi-

534 2128 666 2175 tur:
701 2123 923 2177 tradunt
967 2140 1161 2193 nempe
1195 2126 1507 2188 scriptores.
1541 2126 1799 2183 Joannem
1832 2129 1975 2185 Petri
2008 2130 2113 2185 Da-

534 2212 703 2265 miani
732 2213 1050 2283 discipulum
1072 2255 1087 2279 ,
1128 2214 1351 2284 ejusque
1379 2215 1514 2271 Vitae
1558 2219 1912 2288 scriptorem,
1947 2220 2113 2289 ipsius

534 2303 699 2358 etiam
725 2306 1025 2369 concivem,
1056 2322 1249 2376 nempe
1274 2307 1638 2365 Ravennatem
1674 2312 1857 2374 fuisse,
1878 2311 2113 2369 Joannes

536 2403 718 2449 autem
747 2394 1062 2465 Eugubinus
1095 2411 1381 2468 episcopus
1408 2440 1422 2462 ,
1454 2400 1629 2469 patria
1675 2401 1974 2458 Laudensis
1996 2445 2011 2467 ,
2060 2404 2113 2457 in

534 2483 807 2549 Insubria,
841 2502 945 2541 non
978 2487 1033 2541 in
1065 2486 1282 2543 Emilia
1338 2499 1496 2544 natus
1523 2501 1627 2545 est.
1677 2492 1768 2546 Ille
1801 2494 2019 2563 quidem
2062 2495 2114 2548 in

537 2575 847 2631 calendario
898 2578 1169 2633 Avellanre
1216 2580 1414 2637 obiisse
1466 2590 1687 2637 notatur
1735 2585 1821 2639 die
1873 2586 1942 2639 26
1991 2586 2113 2641 Maii

537 2665 697 2721 1115.
727 2665 825 2722 Hic
874 2684 1005 2723 vero
1032 2668 1197 2725 Deum
1224 2671 1354 2725 adiit
1396 2672 1484 2728 die
1510 2673 1544 2725 2
1574 2673 1909 2743 Septembris
1956 2676 2112 2731 1106.

534 2755 633 2810 Ille
676 2757 817 2826 apud
858 2758 1130 2815 Avellante
1161 2775 1425 2827 eremum,
1460 2763 1545 2817 hic
1575 2765 1713 2832 apud
1751 2765 2114 2821 cathedralem

536 2844 802 2915 Eugubii;
838 2847 925 2900 ille
954 2848 1195 2918 privatus
1240 2852 1557 2916 monachus,
1590 2853 1678 2907 hic
1706 2869 1770 2908 ex
1800 2855 1978 2923 priore
2006 2856 2119 2926 epi-

538 2951 756 3007 scopus.
788 2939 883 2994 Ille
913 2936 1131 3009 quidem
1165 2941 1344 3010 aliqua
1392 2945 1763 3000 sanctimoniae
1804 2946 1961 3001 laude
1989 2947 2121 3002 insi-

541 3028 681 3098 guis,
719 3030 811 3083 sed
844 3045 1021 3099 neque
1055 3031 1248 3097 sancti,
1282 3047 1455 3103 neque
1487 3035 1625 3089 beati
1670 3037 1961 3107 aliquando
1998 3039 2121 3093 titu-

540 3118 655 3173 lum
682 3119 939 3191 adeptus;
969 3121 1058 3175 hic
1081 3138 1209 3176 vero
1240 3122 1420 3179 multis
1450 3138 1570 3195 post
1595 3128 1800 3181 obitum
1842 3130 2115 3185 miraculis

540 3208 740 3275 clarus,
771 3227 799 3265 a
828 3211 1076 3267 Pascltali
1102 3213 1144 3268 Il
1170 3224 1480 3270 sanctorum
1533 3218 1779 3289 catalogo
1819 3228 1898 3273 est
1942 3221 2109 3274 ascri-

538 3311 684 3369 ptus.
718 3300 831 3356 Non
861 3302 1023 3372 igitur
1066 3314 1291 3374 uterque
1320 3305 1555 3363 Joannes
1590 3324 1619 3362 a
1650 3308 1944 3364 Laderchio
1990 3327 2119 3366 con-

544 3391 695 3449 fundi
749 3395 1245 3469 debuerat,_nullo
1289 3401 1589 3468 praesertim
1640 3402 1960 3457 assertionis
2006 3417 2118 3457 suae

2210 555 2522 619 argumenta
2556 544 2813 615 allegato,

2282 641 2391 695 XV.
2432 639 2609 709 Atque
2643 638 2755 692 haec
2794 653 2824 691 e
2865 636 3047 691 multis
3086 636 3137 691 in
3178 634 3553 691 Laderchiana
3602 633 3798 690 Histo-

2209 732 2289 786 ria
2320 731 2609 785 adnotasse
2634 728 2884 791 sulliciat,
2931 729 3050 783 aliis
3082 728 3226 782 enim
3251 728 3418 791 curis,
3451 728 3519 782 ab
3550 727 3653 781 hoc
3675 736 3805 781 stu-

2208 823 2416 877 diorum
2447 836 2645 891 genere
2693 835 2776 874 me
2821 818 3094 889 potentius
3143 817 3536 881 avocantibus,
3596 818 3802 872 cedere

2208 926 2389 982 cogor.
2425 909 2481 964 Si
2516 910 2821 964 desiderato
2846 923 3035 963 mrsus
3067 908 3179 962 otio
3206 906 3310 961 frui
3344 906 3636 976 aliquando
3667 905 3807 961 lice-

2207 1001 2309 1064 bit,
2361 1011 2525 1070 atque
2568 1000 2764 1053 iterum
2819 998 3153 1052 Ladercbius
3206 998 3318 1067 ipse
3363 996 3596 1065 lapidem
3656 996 3809 1050 hunc

2206 1108 2426 1147 versare
2448 1091 2695 1160 jusserit,
2735 1091 2786 1145 iu
2813 1092 2918 1155 his,
2954 1107 3073 1160 quae
3105 1107 3251 1145 nunc
3282 1088 3668 1159 praetermissa,
3701 1095 3809 1142 aut

2210 1184 2454 1254 neglecta
2495 1182 2657 1246 volui,
2688 1182 3000 1252 supplendis
3024 1198 3245 1252 operam
3278 1196 3459 1235 meam
3491 1180 3804 1235 desiderari

2208 1291 2312 1330 non
2368 1276 2567 1345 patiar.
2610 1274 2770 1341 Equi
2816 1274 3048 1342 bonique
3098 1272 3367 1335 consulat,
3424 1286 3574 1342 rogo,
3621 1269 3809 1324 Lucu-

2208 1366 2510 1419 brationem
2539 1365 2695 1425 hanc,
2728 1362 2789 1417 P.
2822 1363 3186 1427 Laderchius,
3220 1378 3381 1432 quam
3424 1362 3675 1416 veritatis
3706 1374 3807 1414 ze-

2209 1460 2315 1523 lus,
2348 1469 2403 1514 et
2443 1460 2741 1513 amicorum
2776 1457 2998 1512 consilia
3032 1473 3060 1511 a
3094 1471 3180 1511 me
3222 1456 3609 1525 impetrarunt,
3660 1467 3808 1522 prae-

2209 1551 2395 1605 scrtim
2426 1566 2545 1605 cum
2578 1550 2721 1603 illam
2748 1565 2851 1603 non
2886 1548 3071 1613 livido,
3096 1557 3147 1602 et
3180 1562 3395 1613 averso,
3422 1547 3515 1602 Sed
3544 1545 3805 1611 candido,

2210 1650 2265 1695 et
2302 1640 2482 1695 amico
2510 1640 2691 1694 animo
2718 1640 2975 1708 scriptam
3006 1638 3264 1703 inveniat,
3298 1653 3399 1692 nec
3428 1653 3533 1693 non
3576 1637 3645 1691 ab
3675 1651 3800 1691 om-

2213 1730 2371 1785 nibus
2413 1730 2517 1783 illis
2554 1729 2755 1783 amaris
2796 1728 2937 1798 jocis
2967 1727 3222 1791 alienam,
3270 1726 3468 1797 quibus
3516 1723 3698 1794 Sejani
3748 1732 3810 1779 et

2139 1822 2185 1881 Β
2216 1821 2390 1874 Ruﬁni
2418 1820 2669 1890 Dialogus
2695 1827 2886 1879 scatet,
2918 1827 3080 1885 atque
3110 1812 3566 1887 intemperantius
3607 1814 3808 1869 redun-

2214 1912 2499 1982 dat:quid
2570 1912 2713 1966 enim
2774 1910 3035 1965 conviciis
3090 1924 3225 1978 Opus
3267 1918 3350 1963 est
3398 1908 3463 1961 ad
3512 1908 3806 1961 veritatem

2211 2003 2633 2058 vindicandam?
2665 2003 2733 2054 At
2758 2001 3055 2069 dialogista:
3086 1999 3161 2053 illi
3190 1999 3420 2055 fortasse
3444 1998 3807 2069 parcendum,

2213 2096 2302 2165 qui
2336 2096 2399 2164 (si
2431 2094 2558 2164 quid
2587 2092 2916 2159 coniecturis
2954 2091 3319 2160 asscquimur)
3359 2100 3452 2143 aut
3477 2090 3523 2143 is
3548 2090 3663 2157 ipse
3694 2097 3805 2149 est.

2214 2196 2307 2242 aut
2332 2204 2395 2241 ex
2428 2202 2489 2240 ea
2522 2186 2720 2255 prodiit
2757 2184 2963 2249 schola,
2994 2182 3150 2252 cujus
3178 2183 3494 2253 magistrum
3522 2182 3674 2251 prior
3704 2180 3812 2235 La-

2213 2280 2466 2334 derchins
2505 2288 2631 2332 tom.
2673 2277 2736 2331 Ill
2765 2318 2779 2341 ,
2823 2292 2946 2347 pag.
2992 2275 3097 2330 515
3160 2282 3215 2329 et
3251 2274 3356 2327 323
3384 2315 3398 2336 ,
3453 2272 3810 2327 acerbissime

2213 2373 2599 2441 exagitaverat.
2650 2369 2838 2423 Causze
2886 2383 3015 2423 vero
3044 2374 3240 2421 nostrce
3288 2365 3447 2435 longe
3483 2364 3669 2433 diapar
3720 2369 3812 2417 est

2217 2463 2373 2525 ratio,
2421 2461 2753 2531 proindeque
2789 2468 2843 2514 et
2890 2459 3073 2512 mitior
3113 2468 3197 2511 est
3249 2457 3501 2520 indoles,
3562 2454 3809 2524 quandiu

2217 2553 2425 2607 scilicet
2449 2552 2838 2607 sententiarum
2867 2550 3151 2612 duntaxat,
3187 2566 3290 2604 non
3320 2548 3659 2602 voluntatum
3694 2547 3811 2601 dis-

2217 2644 2470 2699 sensione
2495 2643 2885 2709 discrepamus.
2922 2640 3140 2696 Utinam
3172 2640 3287 2693 haec
3316 2639 3381 2692 ad
3410 2636 3659 2692 veritatis
3680 2635 3809 2691 illu-

2216 2734 2557 2797 strationem,
2618 2740 2781 2801 atque
2840 2731 3023 2786 eximii
3062 2730 3304 2784 doctoris
3352 2728 3521 2782 I‘srnt
3573 2727 3809 2781 Duram

2218 2825 2465 2896 gloriam,
2509 2825 2664 2878 nobis
2694 2824 2869 2876 iubae
2922 2822 3301 2875 dissertatione
3350 2818 3510 2873 unice
3552 2817 3810 2887 proposi-

2219 2924 2354 2979 tam,
2384 2916 2611 2978 cedant;
2642 2912 2971 2983 necjurgiis.
3003 2927 3030 2964 a
3061 2911 3257 2980 quibus
3286 2923 3500 2979 semper
3520 2908 3812 2972 abborrui,

2219 3022 2320 3060 nec
2345 3005 2709 3064 contumeliis.
2742 3019 2770 3055 a
2800 3003 2998 3072 quibus
3023 3001 3286 3055 hactenus
3320 2998 3583 3062 abstinui,
3606 3014 3806 3054 ansam

2222 3096 2384 3150 ullam
2413 3096 2724 3149 ministrent
2751 3112 2762 3147 :
2797 3108 2938 3162 qum,
2964 3102 3021 3144 ut
3050 3106 3293 3145 meorum
3322 3104 3534 3144 summa
3556 3099 3811 3145 votorum

2220 3196 2319 3249 est,
2362 3187 2433 3241 ita
2462 3186 2681 3240 cuilibet
2710 3200 2921 3239 mecum
2966 3182 3261 3252 disputanti
3296 3182 3399 3233 tlxa
3430 3180 3525 3243 sit,
3558 3187 3614 3234 et
3656 3188 3807 3245 rata,

2221 3283 2499 3337 desidero:
2522 3291 2791 3350 quatenus
2820 3281 3072 3348 utrinque
3101 3278 3330 3349 pariter,
3354 3296 3371 3328 ι
3396 3277 3600 3346 absque
3623 3292 3786 3347 perso

2220 3390 2411 3430 narum
2441 3374 2783 3446 prrejudiciis,
2800 3374 3045 3430 veritatis
3067 3371 3378 3444 pra'judicia
3398 3370 3760 3426 vindicentur.
3784 3385 3813 3424 ι

555 3622 3806 3666 ῳ

1087 3798 1862 3918 GODEFRIDI
1951 3803 2828 3917 HENSCHENII
2914 3802 3032 3915 S.
3123 3806 3233 3919 J.

1546 4060 1679 4135 DE
1728 4062 1812 4136 B.
1871 4060 2206 4137 PETRO
2282 4056 2780 4136 DAMIANO.

1036 4396 1039 4401 .
1141 4298 2393 4430 COMMENTARIUS
2490 4299 3266 4431 PR/EVIUS.

1533 4555 1641 4625 (Ex
1682 4554 1971 4611 Februario
2008 4554 2387 4623 Bollandiano,
2425 4556 2520 4609 sub
2558 4555 2643 4608 die
2670 4554 2783 4625 33.)

1286 4882 1393 4953 §l.

559 4973 778 5029 breuius
827 4984 1021 5029 sanctae
1066 4973 1248 5027 Crucis
1297 4973 1483 5027 Fontis
1530 4975 1764 5029 Avellnnt
1809 4990 1863 5026 in
1922 4974 2129 5026 dioecesi

630 5044 910 5112 Eugubinn
970 5044 1141 5099 ordini
1192 5043 1581 5096 Camaldulcnsi
1642 5045 1914 5113 adjuncta.
1968 5043 2127 5113 Illius

632 5116 946 5177 institutum,
1002 5116 1417 5175 incrementum;
1453 5112 1888 5167 monachi’sancti
1927 5112 2019 5166 sub
2058 5112 2124 5167 B.

637 5182 788 5237 Petro
820 5185 1097 5238 Damiano.

630 5275 681 5327 1.
726 5272 1022 5342 Inguvium,
1052 5274 1166 5328 sive
1202 5271 1468 5340 Iguvium,
1503 5272 1738 5328 Umbriae
1771 5274 1851 5328 cis
1886 5273 2124 5343 Apenni-

555 5379 684 5419 num
708 5364 963 5434 oppidum
1014 5366 1069 5419 in
1109 5364 1238 5434 ipsis
1278 5364 1542 5418 montium
1590 5364 1878 5424 radicibus.
1922 5363 2123 5419 Ctesari

556 5458 633 5510 l.t
675 5455 806 5509 Belli
845 5457 1043 5520 givitis,
1089 5456 1335 5510 Ciceroni
1366 5456 1400 5509 l.
1454 5472 1551 5520 vn,
1597 5456 1663 5509 ad
1702 5455 1937 5509 Atticum
1967 5456 2125 5525 epist.

559 5548 649 5609 15,
681 5547 815 5601 Silio
839 5547 1026 5602 Italico
1058 5547 1094 5603 1.
1118 5564 1231 5610 vut,
1262 5548 1490 5617 aliisque
1516 5548 1753 5617 antiquis
1774 5546 2128 5617 scriptoribus

561 5646 771 5703 uotum,
807 5638 967 5693 hodie
1017 5638 1337 5708 Eugubium,
1394 5639 1537 5692 Italis
1582 5638 1783 5693 σειὺὸἰο
1826 5646 1880 5694 et
1929 5638 2127 5708 Agubio

562 5726 757 5781 dicitur
785 5745 797 5780 :
834 5730 975 5798 quod
1009 5738 1184 5784 tamen
1216 5746 1280 5783 ex
1313 5730 1502 5785 vicinis
1531 5730 1731 5799 autiqui
1761 5729 1938 5799 oppidi
1966 5728 2123 5784 rude-

2152 4861 2205 4919 D

2234 4896 2404 4960 ribus,
2456 4905 2580 4967 post
2626 4896 2977 4951 barbarorum
3016 4896 3067 4949 in
3122 4897 3328 4951 Italiam
3377 4896 3814 4965 inundationem,

2234 4997 2598 5043 restauratum
2646 4988 2851 5043 volunt.
2897 4987 3065 5042 Sedes
3095 4988 3203 5042 illic
3233 4988 3359 5043 olim
3389 4997 3570 5043 erecta
3597 4991 3812 5060 episco-

2234 5080 2395 5149 palis,
2423 5079 2507 5133 cui
2542 5078 2740 5133 saeculo
2782 5078 2983 5132 Christi
3025 5077 3314 5133 undecimo
3354 5079 3539 5149 plures
3581 5082 3817 5149 praefue-

2235 5180 2379 5233 runt,
2423 5170 2683 5239 assumpti
2715 5184 2746 5224 e
2788 5171 3121 5224 monasterio
3176 5170 3350 5223 Eremi
3382 5180 3581 5225 sancta:
3628 5171 3818 5229 Crucis

2240 5263 2423 5317 Fontis
2456 5263 2710 5328 Avellani,
2745 5264 2857 5318 sive
2887 5263 3151 5318 Avellana:
3182 5280 3201 5318 :
3235 5265 3379 5334 quod
3421 5264 3658 5320 millibus
3682 5281 3817 5336 pas-

2238 5371 2393 5410 suum
2446 5356 2857 5425 quatuordecim
2912 5371 2942 5409 a
3009 5357 3230 5412 civitate
3282 5358 3563 5429 Eugubina
3627 5358 3814 5425 distat,

2236 5447 2398 5503 situm
2439 5448 2492 5501 in
2533 5448 2811 5502 radicibus
2848 5449 3047 5503 montis
3072 5448 3269 5503 Catrire
3292 5464 3483 5503 versus
3518 5449 3810 5515 orientem,

2238 5540 2317 5593 uti
2347 5539 2454 5594 illic
2480 5556 2609 5609 pars
2637 5540 2905 5611 Apennini
2937 5540 3237 5611 appellatur
3265 5542 3316 5595 in
3348 5540 3618 5596 Chronico
3652 5539 3818 5595 Gual-

2238 5632 2411 5698 densi,
2459 5632 2663 5701 antiqui
2707 5632 3012 5702 scriptoris,
3042 5641 3099 5685 et
3150 5632 3218 5685 ab
3265 5646 3532 5701 anonymo
3572 5628 3817 5699 ejusdem

2240 5726 2343 5782 loci
2392 5726 2615 5783 eremita
2676 5727 2813 5796 apud
2869 5723 3221 5795 Caietanum,
3276 5726 3328 5780 in
3386 5724 3701 5795 praefatione
3750 5721 3818 5777 ad
