4040 6380
268 365 326 426 89

777 355 1324 416 PROLEGOMENA.
1362 384 1434 397 -—
1471 353 1562 411 DE
1603 354 1661 410 S.
1704 353 1937 412 PETRO
1972 353 2287 413 DAMIANO
2324 354 2739 413 llENSCllENU
2774 356 3137 413 COMMENT.

3479 358 3551 415 90

266 477 420 547 Opera
464 473 526 528 Β.
578 471 728 530 Petri
782 470 1053 526 Damiani.
1103 468 1405 526 Petrarcha
1440 468 1480 523 1.
1510 467 1665 535 tt,de
1704 468 1830 523 Vita
1862 467 2302 536 Areferuntur:
2352 485 2475 541 qua:
2541 485 2668 525 cum
2727 470 2849 526 aliis
2900 471 3227 541 quibusdam
3281 472 3337 526 in
3386 487 3553 528 unam

265 566 511 635 solitaria,
549 573 707 621 tract.
733 579 819 628 ιιι,
844 579 965 635 cap.
998 565 1087 630 17,
1114 582 1131 615 ι
1153 562 1551 634 quietissimam
1578 562 1836 632 iudigetat

263 660 592 719 solituliuem
623 656 674 711 in
705 655 872 711 Italia:
908 656 1111 720 medio,
1138 655 1204 710 ad
1236 655 1521 710 sinistrum
1560 653 1833 724 Apennini

263 750 405 813 latus.
418 764 542 820 qua:
566 757 721 803 vetns
738 747 913 802 adlmc
935 747 1124 803 Fontis
1140 747 1412 802 Avellana:
1425 761 1620 801 nomen
1649 761 1836 801 serva-

262 842 358 906 bat,
411 860 429 892 ι
489 840 619 895 dum
654 840 699 895 is
726 840 924 895 srcculo
965 855 1057 893 xiv
1098 840 1398 905 scriberet;
1438 854 1581 893 nunc
1604 851 1837 908 eamque

262 948 434 990 sancte
475 929 660 986 Crucis
704 930 915 984 titulum
973 946 1151 1000 gerere
1198 930 1455 983 observat
1494 928 1834 998 Augustinus

261 1026 589 1084 Florentinus
646 1024 679 1077 Ι.
732 1038 765 1074 v
820 1021 1075 1077 Hister-ire
1132 1020 1612 1083 Camaldulensis.
1674 1036 1725 1077 c.
1779 1019 1835 1087 7,

260 1132 471 1187 eamque
506 1126 705 1171 sancti:
742 1111 926 1169 Crucis
967 1114 1464 1170 nomenclationem
1497 1121 1835 1182 assumptum

262 1210 323 1268 ob
345 1217 506 1265 sexta:
526 1206 673 1261 feria:
706 1204 996 1275 jejunium,
1031 1216 1274 1276 tempore
1304 1205 1365 1259 Β.
1392 1204 1541 1259 Petri
1582 1203 1836 1259 Damiani

260 1299 440 1356 ibidem
484 1305 740 1364 emptum.

320 1391 372 1445 ἰ.
399 1388 513 1443 lloc
560 1386 749 1443 Fontis
798 1388 1041 1443 Avellani
1073 1389 1458 1453 eremitorium,
1487 1395 1550 1441 ut
1591 1385 1835 1441 nonnulli

256 1483 536 1556 appellant,
571 1482 719 1537 circa
759 1497 848 1536 an.
880 1481 1082 1537 Christi
1126 1482 1500 1547 millesinnnu,
1537 1489 1631 1534 aut
1676 1480 1836 1552 paulo

256 1587 369 1631 ante
396 1574 629 1629 traditur
659 1582 997 1629 exstructum
1034 1590 1061 1628 a
1097 1576 1333 1644 quodam
1376 1572 1658 1643 Lodnlpho
1696 1572 1835 1629 Ges-

254 1666 391 1721 sonis
431 1665 565 1729 tilio,
617 1664 710 1735 qui
756 1664 808 1719 in
858 1665 1173 1736 episcopum
1222 1664 1564 1735 Euguhinum
1607 1664 1833 1730 electus,

254 1756 384 1811 ultro
410 1756 497 1811 isti
532 1755 723 1811 honori
750 1757 916 1811 cessit
949 1774 961 1809 :
996 1772 1158 1826 quem
1201 1766 1383 1810 tamen
1417 1771 1481 1811 ex
1510 1770 1695 1811 eremo
1736 1754 1828 1809 illa

250 1848 427 1903 Fontis
471 1846 723 1902 Avellani
763 1847 1106 1902 admiserunt
1146 1847 1423 1912 Julianus,
1468 1846 1834 1912 Theobaldus,
1870 1841 1915 1900 Β
1946 1857 2188 1918 tempore
2240 1852 2539 1906 utebantur
2580 1866 2596 1905 :

251 1954 337 1996 seu
368 1938 660 2000 Tedaldus,
700 1936 763 1993 S.
809 1938 1149 2009 Rodulphus,
1181 1937 1510 2010 Maynardus
1543 1956 1556 1991 :
1592 1953 1827 2007 quorum

256 2030 578 2101 temporibus
606 2029 740 2083 vixit
766 2028 826 2082 Β.
850 2028 1044 2084 Petrus
1072 2031 1388 2096 Damianus,
1419 2039 1475 2085 et
1505 2030 1750 2099 quidem,
1787 2029 1833 2085 si

249 2122 446 2192 primus
464 2120 788 2190 excipiatur,
804 2129 1091 2190 p0stquam
1115 2120 1472 2175 monasticam
1491 2121 1835 2191 disciplinam

247 2214 296 2269 in
321 2213 404 2269 illa
437 2227 627 2268 eremo
653 2212 935 2282 amplexus
960 2224 1045 2269 est
1080 2230 1093 2267 :
1136 2214 1226 2284 qui
1253 2212 1492 2283 aliquam
1524 2213 1630 2267 sibi
1662 2214 1830 2267 etiam

249 2307 477 2378 ejusdem
527 2305 785 2361 Ecclesia:
827 2320 1014 2359 curam
1064 2306 1379 2375 impositam
1424 2304 1592 2359 fuisse
1642 2305 1837 2360 scribit

244 2399 407 2469 Epist.
438 2398 529 2461 14,
556 2399 591 2451 ι.
620 2413 658 2463 t,
683 2398 749 2451 ad
778 2397 1148 2453 Alexandrum
1174 2397 1215 2452 ll
1253 2397 1567 2468 pontificem
1596 2396 1682 2451 his
1709 2412 1837 2451 ver-

244 2482 328 2547 bis
344 2508 357 2545 :
397 2509 414 2541 ι
451 2488 609 2556 Quod
641 2488 921 2558 Eugubina
952 2488 1222 2552 Ecclesia,
1250 2504 1367 2559 quas
1403 2488 1537 2543 mihi
1568 2488 1771 2543 dudmn
1802 2504 1834 2544 a

245 2581 429 2637 vestris
452 2581 834 2636 deeesscribus
860 2591 941 2637 est
971 2582 1285 2647 commissa,
1318 2596 1463 2637 nunc
1492 2582 1629 2651 proh
1655 2580 1832 2647 dolor,

243 2686 318 2731 est
342 2675 567 2731 omnino
595 2674 917 2739 soufusa,et
946 2676 1089 2731 velut
1113 2690 1262 2741 area,
1287 2690 1407 2745 qua:
1439 2675 1669 2746 pedibus
1700 2691 1835 2730 coa-

244 2769 499 2834 culcatur,
541 2768 789 2837 abjecta;
822 2770 1234 2863 peccatismeis
1265 2770 1316 2825 id
1347 2771 1693 2842 exigentibus
1735 2770 1834 2825 de-

243 2867 383 2927 puto.
420 2878 438 2910 ι
473 2858 621 2914 idem
644 2860 803 2929 epist.
831 2859 884 2924 8,
912 2859 948 2912 l.
984 2858 1076 2925 tv:
1091 2860 1205 2914 lucc
1236 2859 1533 2931 Meynardo
1571 2860 1836 2930 episcopo

242 2946 517 3020 Eugubino
550 2951 772 3004 mandat
816 2969 829 3004 :
870 2968 889 3001 ι
938 2951 1212 3017 lnstaura,
1264 2953 1594 3007 venerabilis
1636 2952 1833 3020 frater,

241 3038 489 3096 Ecclesia:
518 3053 626 3096 tuae
650 3042 872 3112 praedia,
917 3045 1145 3114 prodige
1190 3045 1549 3101 saecularibus
1582 3045 1781 3099 tradita
1816 3060 1831 3098 :

243 3146 423 3187 revoca
446 3134 649 3188 diversi
674 3134 891 3203 generis
910 3146 1231 3189 ornamenta
1258 3148 1519 3191 nocenter
1540 3138 1789 3207 exposita
1812 3156 1827 3192 :

240 3232 290 3277 et
311 3222 500 3277 saltem
545 3222 781 3294 insignia
812 3238 1043 3292 qumque
1076 3222 1159 3278 vel
1199 3225 1405 3293 Optima
1446 3204 1829 3295 restituantur,
1860 3204 1906 3267 ε

241 3325 351 3381 quae
394 3311 731 3381 pra-lunonis
785 3321 888 3367 tua:
932 3321 1176 3382 tempore
1204 3314 1446 3383 graviter
1480 3316 1826 3385 suspiramus

241 3402 426 3457 ablata.
462 3421 483 3454 ι
502 3401 633 3458 llaec
662 3402 750 3457 ille
779 3418 877 3473 pro
896 3403 1267 3459 sollicitudine
1293 3406 1411 3475 ejus
1441 3406 1699 3462 Ecclesize
1728 3409 1833 3462 sibi

239 3495 556 3551 commissae.
588 3496 658 3551 At
687 3495 949 3552 librorum
982 3514 1011 3551 a
1039 3513 1099 3553 se
1128 3500 1565 3569 conscriptorum
1589 3500 1829 3569 judices,

238 3600 294 3640 ac
320 3588 472 3656 quasi
520 3601 803 3653 censores,
847 3589 1134 3644 constituit
1173 3588 1232 3645 S.
1264 3589 1601 3661 ΒοιΙιιΙιιΙιιωη
1632 3596 1834 3664 episco-

238 3698 349 3750 pum
401 3679 750 3753 Eugubinum
814 3692 869 3738 et
932 3682 1288 3738 Theodosium
1354 3683 1829 3756 Senogalliensem,

236 3775 379 3843 cujus
430 3777 603 3832 etiam
647 3776 903 3833 ditecesis
944 3791 1131 3835 eremo
1156 3778 1347 3834 Fontis
1371 3780 1621 3836 Avellaui
1655 3784 1830 3839 vicina

238 3877 312 3920 est
366 3882 563 3923 versus
612 3883 766 3924 mare
809 3869 1173 3925 Adriaticum.
1240 3870 1434 3927 Exstat
1488 3874 1717 3944 epistola
1762 3877 1830 3931 ad

238 3956 345 4014 illos
365 3958 399 4012 l.
435 3976 515 4027 tv,
551 3976 609 4015 n.
654 3960 743 4015 11.
787 3959 864 4015 De
908 3961 1180 4031 episcopis
1214 3961 1514 4033 Eugubinis
1563 3974 1617 4019 et
1659 3964 1831 4021 Seno-

238 4050 584 4121 galliensibus
609 4053 833 4109 consule
858 4053 1069 4108 italiam
1099 4070 1313 4111 sacram
1346 4055 1580 4127 Ugltelli.

296 4144 349 4198 3.
381 4146 621 4212 Quinam
652 4145 971 4216 prccfuerint
1000 4147 1127 4203 huic
1147 4163 1336 4203 eremo
1360 4147 1551 4205 Fontis
1580 4133 1827 4205 Avellani

238 4243 352 4287 ante
376 4234 435 4287 Β.
469 4234 797 4290 Damianum
822 4236 1041 4292 Priores
1067 4238 1165 4308 (ita
1195 4237 1569 4295 Moderatores
1591 4240 1831 4310 appella-

236 4324 452 4398 bantur)
510 4328 745 4381 necdum
813 4327 1062 4400 legimus.
1130 4330 1252 4400 Ipse
1326 4332 1524 4387 beatus
1597 4332 1827 4401 Petrus,

238 4428 409 4482 opusc.‘
438 4432 637 4485 xxxiv,
667 4433 716 4471 c.
748 4416 817 4471 ϐε
859 4436 877 4469 ι
922 4418 981 4472 Ιιι
1022 4419 1149 4485 hac,
1188 4420 1384 4490 inquit,
1414 4437 1601 4477 eremo
1640 4421 1830 4479 Fontis

235 4504 493 4573 Avellani,
526 4508 623 4562 ubi
654 4524 798 4564 nunc
828 4509 1036 4577 habito,
1065 4512 1218 4581 prior
1240 4514 1462 4581 quidam
1497 4513 1702 4579 fuerat,
1734 4532 1830 4569 no-

1941 561 2266 618 coaluerunt
2296 562 2803 635 congregationem,
2837 561 2993 631 cujus
3016 572 3178 632 caput
3209 562 3312 619 fuit
3333 580 3555 624 eremus

1942 660 2145 709 sancta:
2182 653 2379 709 Crucis
2422 653 2616 709 Fontis
2643 653 2889 709 Avellani
2930 672 2943 709 :
2979 662 3144 723 atque
3177 654 3251 708 ita
3286 665 3556 711 monaste-

1941 745 2079 797 rium
2108 754 2309 799 sancire
2333 742 2525 797 Mariae
2553 744 2620 799 ad
2649 753 2836 815 portas
2865 744 2995 799 olim
3030 746 3185 799 urbis
3210 745 3551 813 Faventinae,

1940 849 2089 890 nunc
2126 834 2403 889 mmnibus
2451 833 2743 901 inclusum,
2802 834 2857 888 in
2903 850 3014 904 quo
3062 834 3122 889 B.
3155 834 3349 891 Petrus
3408 837 3553 891 diem

1940 935 2247 982 extremum
2279 926 2407 981 vitae
2438 925 2663 991 clausit,
2692 926 2896 981 ordinis
2925 928 3307 981 monachorum
3336 945 3559 1000 congre-

1940 1021 2173 1091 gationis
2209 1018 2267 1075 S.
2316 1019 2506 1074 Crucis
2545 1019 2821 1075 Avellanw
2858 1020 3060 1075 dicitur
3098 1020 3151 1075 in
3195 1019 3403 1076 Histor.
3439 1038 3559 1077 mo-

1942 1114 2161 1168 nastit-a
2201 1112 2493 1183 cujusdam
2542 1113 2801 1184 anonymi
2854 1111 3198 1167 Benedictini
3249 1129 3551 1186 congrega-

1943 1203 2109 1259 tionis
2139 1202 2197 1258 S.
2227 1200 2477 1269 Iustinae,
2504 1203 2647 1272 apud
2672 1201 3023 1271 Cajetanum,
3054 1204 3109 1259 in
3135 1204 3457 1275 praefatione
3485 1207 3554 1261 ad

1940 1309 2106 1365 opera
2135 1294 2196 1348 Β.
2238 1293 2405 1358 Petri,
2445 1309 2610 1365 quem
2654 1294 2732 1348 ait
2771 1294 2919 1349 circa
2958 1310 3051 1349 an.
3096 1295 3237 1351 1480
3276 1294 3551 1353 ﬂoruisse.

1940 1386 2228 1457 Regulam,
2255 1396 2310 1442 et
2331 1387 2549 1442 vivendi
2575 1387 2888 1442 institutum
2914 1388 3076 1457 hujus
3095 1387 3555 1461 Congregationis

1940 1477 2271 1548 praescribit,
2303 1486 2471 1548 atque
2498 1477 2739 1549 explicat
2765 1476 2827 1532 Β.
2863 1478 3061 1535 Petrus
3090 1482 3358 1552 opusculo
3382 1500 3473 1552 xv,
3499 1486 3552 1539 in

1940 1571 2122 1641 capita
2154 1570 2216 1625 31
2254 1569 2538 1626 distincto.
2571 1570 2673 1625 Ast
2701 1571 2966 1642 opusculo
2996 1587 3089 1628 xw
3118 1574 3186 1628 ad
3217 1576 3552 1647 exemplum,

1940 1673 1998 1719 et
2047 1664 2417 1718 imitationem
2460 1672 2809 1734 posterorum
2846 1666 3075 1736 exponit
3116 1667 3356 1739 regulas,
3385 1678 3441 1724 et
3467 1671 3551 1725 vi-

1941 1756 2104 1811 vendi
2134 1757 2410 1823 instituta,
2448 1759 2649 1828 quibus
2678 1759 2924 1816 eremitae
2954 1760 3145 1817 Fontis
3170 1762 3419 1834 Avellani
3454 1779 3554 1819 suo

2646 1853 2847 1923 iisque,
2901 1863 2963 1908 ut
3010 1854 3105 1925 qui
3160 1863 3284 1926 post
3330 1870 3391 1911 se
3442 1855 3555 1913 illic

1937 1940 2139 1996 victuri
2191 1952 2321 1997 sunt
2361 1953 2610 2010 utantur,
2644 1960 2824 2016 neque
2853 1946 2922 2001 ad
2950 1945 3219 2001 laxiorem
3261 1948 3389 2003 vita:
3422 1963 3554 2002 nor-

1938 2048 2085 2087 mam
2141 2033 2458 2101 declinent,
2507 2036 2835 2107 gravissime
2889 2037 3222 2093 obtestatur.
3284 2038 3382 2093 Est
3437 2039 3555 2094 hare

1945 2121 2141 2177 Fontis
2184 2123 2430 2178 Avellani
2468 2140 2689 2180 oremus
2716 2134 2845 2181 ante
2872 2136 3093 2182 centum
3123 2127 3348 2183 circiter
3377 2142 3555 2183 annos

1936 2214 2119 2269 ordini
2164 2213 2569 2270 Camaldulensi
2608 2215 2889 2285 adjuncta,
2924 2217 2978 2272 id
3011 2218 3299 2289 agentibus
3322 2219 3549 2288 potissi-

1937 2320 2086 2357 nmm
2113 2303 2276 2358 Petro
2298 2305 2726 2361 Franeeschinio
2747 2306 3213 2363 Balneeaballensi
3242 2308 3549 2373 visitatore,

1938 2405 1993 2451 et
2018 2394 2161 2449 Julio
2194 2394 2446 2451 Roboreo
2471 2399 2754 2453 cardinale
2779 2400 3043 2469 episeopo
3073 2398 3340 2455 Urbinate
3362 2410 3551 2457 creato

1937 2503 2082 2545 anno
2111 2485 2273 2553 1548,
2302 2489 2393 2558 qui
2425 2488 2604 2544 factus
2627 2491 2751 2545 dein
2786 2489 3106 2546 Viceutinus
3146 2492 3457 2563 episcopus,
3486 2508 3553 2549 ac

1935 2589 2128 2653 postea
2196 2580 2649 2652 archiepiscopus
2737 2580 3064 2646 Ravennas,
3138 2591 3388 2637 mortuus
3465 2590 3553 2638 est

1938 2691 2085 2731 anno
2116 2675 2276 2732 1578.
2309 2675 2680 2733 Meminerant
2717 2675 2880 2745 hujus
2920 2677 3328 2748 conjunctionis
3350 2676 3551 2734 Petrus

1941 2769 2270 2824 Ricordatns
2298 2769 2481 2824 Diario
2502 2769 2536 2823 4
2571 2768 2829 2824 Historiae
2864 2769 3205 2834 monasticae,
3229 2784 3259 2823 a
3287 2767 3553 2839 Cajetano

1938 2863 2160 2926 citatus,
2193 2862 2535 2933 Augustinus
2574 2860 2930 2917 Florentinus
2980 2860 3017 2914 l.
3061 2876 3146 2915 nt.
3178 2860 3548 2915 Historiarum

1938 2952 2442 3009 Camaldulensium
2488 2953 2716 3023 aliique.
2762 2951 2841 3007 De
2886 2951 3089 3009 Ordine
3141 2950 3551 3007 Camaldulensi

1938 3048 2151 3118 egimus
2193 3046 2224 3100 7
2273 3046 2438 3102 Febr.
2493 3047 2561 3102 ad
2611 3044 2670 3101 S.
2726 3046 3014 3102 Romualdi
3064 3045 3182 3116 ejus
3238 3044 3553 3101 fundatoris

1938 3136 2145 3203 Vitam,
2174 3153 2338 3207 quam
2367 3136 2429 3192 Β.
2482 3137 2680 3193 Petrus
2710 3137 3008 3193 Damianus
3048 3138 3294 3209 scripsit,
3340 3155 3359 3188 ι
3392 3152 3548 3193 com-

1938 3231 2148 3300 pulsus,
2197 3240 2256 3283 ut
2290 3230 2343 3284 in
2376 3230 2603 3301 prologo
2644 3240 2895 3297 testatur,
2937 3231 3236 3299 multorum
3292 3230 3549 3285 Fratrum

1936 3319 2198 3388 precibus
2254 3330 2311 3374 et
2352 3334 2613 3388 germana
2662 3320 2937 3376 charitate
2979 3320 3287 3375 devinctus.
3341 3339 3360 3371 ι
3399 3319 3549 3375 Idem

1937 3412 2201 3482 opuscqu
2255 3428 2349 3477 xv,
2407 3420 2536 3467 ante
2582 3413 2754 3467 citato
2811 3413 2879 3468 de
2940 3427 3055 3467 suae
3104 3413 3552 3483 congregationis

1937 3503 2205 3558 institutis
2244 3518 2295 3558 c.
2330 3501 2397 3558 16
2425 3504 2814 3559 discretionem
2847 3503 3108 3559 debilium
3146 3504 3198 3558 in
3235 3505 3438 3575 prioris
3465 3505 3550 3559 sui

1937 3596 2169 3651 arbitrio
2195 3596 2503 3666 ponendam
2528 3597 2711 3663 docet,
2745 3597 2799 3651 in
2831 3596 3144 3669 exemplum
3172 3598 3460 3668 disciplina
3486 3597 3549 3653 S.

1938 3685 2225 3742 Romualdi
2259 3688 2518 3753 adducta,
2541 3699 2595 3744 et
2621 3689 2761 3744 infra
2790 3690 2843 3744 in
2872 3689 3016 3755 Vita,
3048 3707 3105 3744 ιι.
3133 3690 3223 3756 19,
3247 3690 3451 3746 dicitur
3478 3692 3549 3747 ad

1936 3790 2179 3836 montem
2221 3781 2476 3851 Pregium
2532 3800 2551 3833 ‹
2613 3782 2891 3838 invenisse
2942 3781 3218 3847 cellulam,
3250 3782 3305 3836 in
3345 3798 3452 3852 qua
3484 3783 3545 3837 Β.

1936 3869 2304 3926 Romualdum
2359 3873 2633 3941 quondam
2670 3873 2942 3928 mansisse
2970 3872 3246 3942 ferebant,
3291 3892 3312 3927 ι
3360 3874 3550 3945 ibique

1942 3979 1960 4012 ι
1990 3962 2341 4016 eremitarum
2374 3961 2632 4017 fundasse
2672 3962 3004 4017 habitacula.
3041 3983 3059 4016 ι

2006 4051 2060 4105 5.
2093 4052 2169 4105 De
2201 4051 2639 4119 possessionibus
2683 4052 2811 4108 huic
2857 4066 3045 4109 eremo
3080 4054 3394 4124 procuratis
3435 4056 3551 4127 agit

1936 4139 1996 4193 Β.
2046 4139 2243 4195 Petrus
2272 4141 2538 4209 opusculo
2584 4158 2679 4196 xw
2733 4162 2753 4195 r
2788 4142 2845 4198 ln
2892 4144 2996 4199 hoc
3040 4145 3181 4210 loco,
3228 4146 3423 4216 inquit,
3455 4150 3550 4217 qui

1935 4230 2080 4287 Fons
2134 4231 2387 4286 Avellani
2460 4232 2699 4298 dicitur,
2776 4233 3105 4307 plerumque
3160 4236 3377 4307 viginti,
3425 4239 3550 4309 plus

1935 4323 2140 4386 minus,
2160 4323 2414 4377 monachi
2433 4338 2530 4393 per
2545 4323 2790 4389 cellulas,
2808 4325 2926 4379 sive
2958 4325 3012 4380 in
3040 4325 3321 4398 assignata
3347 4329 3549 4399 cuique

1934 4414 2271 4480 obedientia,
2322 4416 2595 4487 degimus,
2658 4425 2717 4470 ut
2763 4432 2958 4472 omnes
3014 4418 3176 4473 simul
3238 4436 3364 4475 cum
3417 4437 3551 4476 con-

1935 4509 2133 4573 versis,
2160 4520 2216 4564 et
2256 4508 2477 4567 famulis
2528 4496 2884 4567 tricenarium
2931 4530 3247 4581 numerum,
3283 4526 3379 4571 aut
3430 4517 3545 4583 vix,

238 4597 371 4652 mine
399 4598 677 4666 Joannes;
717 4621 735 4652 ›
780 4610 835 4656 et
872 4618 1064 4673 opusc.
1100 4620 1192 4671 χν,
1218 4620 1270 4660 ε,
1297 4606 1388 4670 28,
1433 4608 1594 4662 docet
1645 4609 1825 4679 qualis
1864 4574 1911 4635 Ῐ)
1936 4609 2032 4654 aut
2070 4600 2314 4657 breviter
2360 4604 2714 4661 excedamus.
2756 4625 2774 4657 ι
2826 4607 2906 4662 Ae
2943 4607 3069 4662 dein
3108 4608 3325 4663 vivendi
3362 4610 3548 4680 regula

235 4688 412 4745 debeat
439 4690 568 4762 eligi
595 4693 744 4760 prior
771 4693 907 4747 inter
934 4697 1201 4762 eremitas,
1234 4706 1289 4751 et
1312 4699 1588 4768 quomodo
1614 4700 1825 4755 electus

236 4777 412 4833 debeat
452 4782 730 4847 prioratus
759 4782 935 4853 ofﬁcio
980 4785 1127 4857 fungi
1171 4802 1185 4841 ι
1219 4790 1309 4858 qui
1363 4799 1545 4845 tamen
1592 4790 1736 4845 infra
1770 4792 1824 4846 in

238 4869 343 4923 Vita
374 4873 537 4926 etiam
578 4874 763 4940 abbas,
795 4887 849 4931 et
888 4880 1140 4948 magister
1166 4892 1534 4951 nuncupatur.
1563 4886 1609 4938 A
1643 4895 1822 4941 morte

242 4954 293 5010 ll.
322 4958 459 5015 Petri
510 4963 661 5019 rexit
694 4964 961 5022 Eremitas
1007 4968 1129 5025 illos
1172 4973 1321 5040 prior
1364 4972 1686 5042 Lipranrlus,
1734 4978 1821 5030 cui

239 5046 397 5107 Vitam
425 5054 576 5109 illius
611 5056 1165 5127 inseripsitloannes,
1190 5072 1245 5117 et
1271 5063 1387 5133 ipse
1410 5064 1557 5131 dein,
1593 5076 1651 5119 ut
1681 5066 1819 5121 infra

239 5145 450 5214 dicetur,
488 5151 643 5215 prior
673 5147 857 5205 Fontis
886 5153 1124 5208 Avellani
1149 5160 1499 5223 constitutus,
1520 5175 1583 5215 ac
1602 5161 1821 5215 tandem

243 5234 541 5309 Eugubiuus
563 5257 785 5299 creatus
802 5247 1095 5317 episcopus.
1122 5248 1241 5316 Quo
1269 5248 1453 5303 forsan
1482 5256 1641 5307 modo
1658 5268 1821 5322 supra

240 5336 506 5391 memorati
558 5339 802 5409 episcopi
858 5341 1124 5412 Euguhini
1185 5359 1251 5398 ex
1299 5344 1583 5402 Prioribus
1636 5349 1825 5405 Fontis

241 5421 463 5482 Avellani
500 5439 639 5484 sunt
667 5430 908 5503 plerique
935 5437 1220 5504 assumpti.

302 5516 351 5570 ι.
380 5519 630 5577 Pmerat
679 5523 843 5580 etiam
885 5524 941 5580 Β.
978 5525 1195 5593 Petrus,
1229 5539 1289 5583 ut
1320 5545 1609 5600 supremus
1641 5534 1825 5588 mode-

244 5622 397 5679 rator,
434 5615 560 5671 aliis
600 5632 705 5688 per
740 5617 951 5674 diversa
1011 5620 1131 5676 loca
1170 5628 1478 5695 aggrt-gatis
1517 5625 1824 5697 discipulis,

245 5710 294 5751 ut
339 5702 387 5756 in
437 5721 561 5777 cap.
622 5706 657 5759 7
705 5707 843 5763 Vita:
890 5709 1108 5778 dicitur,
1149 5722 1205 5767 et
1244 5713 1319 5768 ibi
1357 5713 1600 5784 quinque
1654 5716 1723 5770 ab
1760 5732 1827 5771 eo

244 5800 499 5851 exstructa
547 5798 909 5867 monasteria,
950 5802 1064 5858 sive
1102 5804 1442 5858 eremitarum
1489 5805 1818 5873 habitacula,

1934 4696 2204 4765 exposita,
2271 4697 2371 4750 ista
2432 4698 2655 4763 subdit,
2716 4714 3097 4755 successorem
3159 4702 3213 4755 in
3277 4703 3548 4773 regimine

1933 4784 2377 4838 substituendutn
2403 4784 2690 4855 alloquens
2723 4806 2735 4841 :
2770 4807 2786 4838 ι
2824 4788 3094 4844 lltautcm
3119 4790 3185 4845 ad
3214 4791 3329 4847 htec
3358 4792 3548 4847 obser-

1933 4877 2112 4929 vanda
2147 4877 2329 4930 nullus
2353 4880 2693 4933 excusationi
2718 4892 2907 4950 pateat
2938 4882 3111 4948 locus,
3132 4882 3287 4952 juxta
3318 4886 3369 4940 id
3401 4887 3548 4957 quod

1934 4969 2224 5039 esiguitati
2294 4971 2396 5024 loci
2462 4971 2685 5026 humilis
2758 4976 3150 5045 cmnpetcbat,
3229 4979 3548 5035 studuimus

1934 5070 2166 5116 eotenus
2224 5063 2599 5131 possessiones
2636 5066 2947 5134 acquirere,
2984 5078 3042 5121 ut
3072 5071 3396 5139 przedietum
3432 5072 3545 5127 fra-

1936 5160 2080 5206 trum
2121 5169 2407 5207 numerum
2442 5156 2643 5224 possis,
2674 5157 2777 5210 nisi
2812 5161 3106 5214 exercendi
3131 5177 3261 5216 cura
3289 5163 3545 5228 defuerit,

1932 5251 2264 5298 sustentare.
2320 5244 2610 5300 Librorum
2650 5264 2871 5317 quoque
2902 5266 3191 5305 numerum
3235 5268 3343 5307 non
3387 5256 3547 5309 mini-

1932 5353 2078 5391 mum
2142 5339 2557 5409 dereliquimus,
2606 5351 2664 5395 ut
2718 5342 2983 5399 fratribus
3038 5345 3267 5412 nostris,
3300 5348 3393 5417 qui
3446 5364 3547 5420 pro

1931 5430 2090 5483 nobis
2142 5445 2303 5483 orare
2348 5431 2668 5500 dignentur,
2698 5435 2995 5489 meditandi
3026 5436 3241 5505 copiam
3274 5439 3545 5505 prmberc-

1931 5539 2075 5579 mus.
2109 5523 2507 5579 Bibliothecam
2538 5527 2781 5580 omnium
2817 5526 3054 5592 Veteris,
3089 5537 3143 5583 et
3184 5529 3322 5583 Novi
3352 5530 3547 5585 Testa-

1932 5616 2101 5670 menti
2128 5615 2485 5681 voluminum,
2514 5617 2641 5672 licet
2659 5619 2887 5682 cursim,
2907 5628 2961 5672 ct
2986 5634 3085 5689 per
3106 5620 3209 5674 hoc
3225 5636 3329 5674 non
3348 5630 3544 5675 exacte

1930 5711 2088 5765 vobis
2112 5711 2406 5765 emendare
2444 5712 2780 5767 curavimus.
2822 5712 2899 5765 Ex
2944 5713 3291 5782 passionibns
3320 5728 3541 5782 quoque

1930 5805 2212 5863 beatorum
2267 5816 2597 5877 martyrum,
2651 5824 2716 5862 ex
2776 5806 3015 5863 homiliis
3064 5817 3379 5862 sanctorum
3431 5805 3507 5861 Pa
