4040 6380
578 338 641 405 9i
1032 346 1033 349 ‘
1426 329 1483 385 S.
1522 326 1797 384 PETRUS
1835 321 2186 381 DARIIANL'S
2235 322 2291 377 S.
2322 323 2381 376 ll.
2412 320 2471 375 Ε.
2514 317 2949 376 (ξειιιυιΝΑιιιΒ.
3772 307 3845 365 99

577 463 742 517 tru.n,
768 464 830 505 ex
856 444 1260 513 commentariis
1289 442 1609 514 allegoricus
1639 435 1808 496 Sacra:
1845 440 2143 511 Scriptura
2174 460 2223 514 Α
2251 436 2400 491 Actis
2429 433 2487 489 S.
2520 432 2786 502 Rodulphi
2817 433 3005 501 juncta
3049 431 3266 503 legitur,
3308 439 3393 489 cat
3427 427 3485 484 S.
3522 427 3843 485 Domiuirus

576 544 875 601 sententias
895 537 1300 608 exponendum,
1328 534 1572 604 Gregorii
1596 534 1825 596 scilicet,
1856 530 2148 594 Ambrosii,

576 633 879 704 Augustini,
940 628 1275 699 Hieronymi,
1354 627 1629 697 Prosperi,
1684 625 1863 688 Pete,
1920 622 2152 693 itcmigii

579 726 763 785 etiam,
815 730 870 775 et
929 717 1209 781 Amalarii,
1268 718 1488 787 insuper
1545 726 1599 770 et
1647 713 1944 773 llaitnonis,
1990 722 2153 781 atque

578 812 873 876 Paschasi‘,
900 811 1080 864 divina
1106 808 1278 879 gratia
1305 807 1503 861 nostris
1530 806 1833 860 albescente
1854 803 2149 867 laboribus,

578 906 759 977 plures
804 904 972 958 libros
1026 902 1259 965 habetis,
1300 900 1494 970 quibus
1530 914 1724 953 vacare
1772 896 1998 967 potestis
2034 913 2047 949 :
2093 904 2154 949 ut

578 1005 779 1053 sancte
808 996 1002 1049 aninue
1046 1002 1241 1048 vestra:
1266 1007 1368 1044 non
1398 989 1571 1044 solum
1595 990 1843 1043 oratione
1876 996 2151 1051 crescant,

580 1090 674 1145 sed
697 1099 747 1142 et
782 1087 1013 1142 lectione
1044 1086 1413 1155 pinguescant.
1447 1083 1523 1137 Ex
1551 1082 1746 1151 quibus
1776 1080 2028 1135 nimirum
2056 1096 2151 1134 eo-

579 1179 788 1233 diribus
820 1175 1103 1231 nonnullos
1131 1189 1227 1242 pro
1274 1182 1458 1227 nostra
1507 1172 1866 1242 possibilitate
1906 1170 2151 1226 Correxi-

578 1283 742 1322 mus:
789 1275 847 1319 ut
892 1266 945 1319 in
999 1279 1168 1317 saera:
1220 1262 1519 1333 disciplina:
1566 1261 1757 1317 studiis
1789 1260 2153 1331 intelligentia:

578 1356 733 1411 vobis
757 1355 960 1409 aditum
986 1353 1373 1421 ponderemus.

652 1450 705 1501 6.
740 1467 755 1498 ι
793 1445 1102 1501 Claustrum
1145 1460 1361 1513 quoque
1400 1443 1543 1513 justa
1573 1442 1859 1497 ecclesiam
1908 1442 2155 1495 construi

580 1539 683 1594 hac
715 1537 1010 1593 intentione
1041 1537 1373 1601 censuimus,
1401 1546 1476 1599 ut,
1510 1536 1555 1589 si
1586 1549 1745 1603 quem
1772 1534 1947 1587 adhuc
1969 1533 2154 1587 inolita

486 1646 491 1651 '
579 1628 980 1685 monasterialis
1007 1628 1214 1683 ordinis
1258 1628 1592 1682 consuetudo
1629 1627 1884 1689 delectat,
1930 1628 2146 1690 habeat,

581 1719 672 1774 ubi
725 1720 777 1773 in
814 1719 1102 1789 prtecipuis
1150 1715 1535 1771 festivitatibus
1565 1717 1864 1771 solenniter
1890 1730 1957 1770 ex
2004 1730 2154 1770 more

580 1812 838 1878 procedat
888 1826 902 1861 :

580 1901 712 1955 satis
740 1898 983 1954 idoneam
1006 1898 1432 1969 procurat/imus.
1463 1896 1715 1966 Ejusdem
1744 1910 1958 1965 quoque
1987 1895 2161 1949 inten-

584 1988 749 2043 tionis
800 1987 1012 2053 studio,
1060 1985 1411 2041 imbecillitati
1471 1985 1741 2054 fragilium
1794 1984 2158 2045 consulentes,

590 2080 753 2132 etiam
809 2077 1167 2132 tintinnabula
1218 2087 1378 2146 atque
1414 2076 1681 2137 heehiuia.
1725 2077 2046 2145 diversaque
2077 2076 2159 2128 di-

583 2170 719 2222 vina:
742 2168 933 2221 domus
956 2167 1204 2221 utensilia
1232 2168 1684 2236 comparavimus.
1714 2166 1921 2220 Calices
1942 2179 2158 2235 quoque

583 2260 719 2313 duos
760 2270 1046 2328 argenteos
1103 2258 1466 2326 pulcherrime
1518 2258 1806 2311 dcauratos
1851 2258 1953 2311 hac
2006 2254 2160 2310 vobis

584 2349 794 2402 ratione
833 2348 1189 2417 providimus,
1227 2357 1305 2411 ut,
1344 2364 1467 2401 cum
1515 2363 1668 2401 saera
1727 2347 1991 2400 Doutinici
2030 2362 2159 2400 cor—

581 2439 732 2509 poris
780 2448 835 2493 et
878 2439 1160 2508 sanguinis
1220 2440 1477 2509 mysteria
1508 2439 1670 2491 vultis
1707 2440 1975 2508 accipere,
2014 2447 2161 2492 stan-

583 2544 736 2594 num,
774 2528 858 2581 vel
899 2527 1058 2582 vilius
1087 2530 1446 2597 quodcunque
1473 2528 1749 2584 metallum
1783 2529 1974 2583 vestris
2005 2527 2161 2583 labiis

580 2619 945 2691 nequidquam
975 2635 1198 2675 necesse
1228 2620 1297 2674 sit
1319 2620 1596 2675 adhibere.
1624 2619 1927 2689 Conspicua
1958 2619 2155 2673 nihilo—

582 2711 763 2767 minus
808 2720 1152 2765 saerosaucto
1201 2710 1360 2765 altari
1419 2712 1673 2779 tegmina,
1715 2719 1769 2764 et
1820 2708 2159 2764 celebrandis

582 2804 873 2859 missarum
903 2803 1177 2857 solcmniis'
1205 2802 1441 2872 pretiosa
1458 2802 1787 2856 contulimus
1814 2807 2156 2854 ornamenta.

580 2893 708 2948 Βίης
737 2892 938 2953 omnia,
964 2890 1183 2955 fratres,
1204 2908 1301 2946 nos
1324 2908 1430 2946 non
1454 2893 1572 2948 sine
1588 2893 1769 2947 labore
1789 2893 2155 2961 quaesivimus,

578 2994 639 3037 ut
668 2983 820 3038 vobis
842 2982 1043 3037 laboris
1068 2983 1337 3052 impendia
1367 2983 1700 3047 tolleremus,
1736 2992 1995 3052 tantoque
2026 2982 2160 3037 libe-

578 3074 695 3129 rius
722 3088 781 3129 se
810 3083 991 3129 vester
1032 3073 1245 3127 animus
1297 3073 1364 3126 ad
1423 3072 1529 3126 alta
1578 3072 1909 3136 sustolleret,
1956 3080 2158 3143 quanto

2254 528 2551 586 Loricutus.
2591 534 2647 580 et
2687 527 2800 596 ipse
2838 525 2901 579 Β.
2929 525 3070 579 Petri
3116 523 3356 583 Damiani
3388 520 3685 590 discipulus
3751 522 3843 575 fa-

2253 628 2395 683 ctus,
2429 618 2503 671 uti
2534 617 2654 671 istis
2684 616 2881 671 ibidem
2896 615 3086 669 verbis
3120 621 3389 668 testatur:
3427 632 3445 665 ι
3480 611 3668 681 Longe
3707 625 3843 666 vero

2255 719 2391 779 post,
2442 710 2703 778 magistro
2740 708 3023 777 prmbente
3064 721 3413 770 consensum,
3450 706 3706 775 dignatus
3751 712 3842 759 est

2257 798 2338 851 vir
2383 808 2605 852 sanctus
2650 797 2941 867 prtedictus
2993 797 3123 851 mihi
3159 797 3378 861 misero,
3407 803 3462 849 et
3508 810 3670 863 quem
3726 795 3849 864 ipse

2255 889 2529 957 suscipere
2554 889 2870 958 dignaretur
2897 887 3142 957 indigno,
3168 887 3302 939 mira
3328 901 3385 940 se
3412 900 3636 954 prorsus
3662 882 3848 938 humi-

2255 977 2407 1031 litate
2437 977 2799 1040 committere,
2824 987 2879 1032 et
2902 978 3043 1031 sicut
3072 975 3256 1030 abbati
3285 976 3616 1030 monachum
3652 974 3848 1044 subju-

2256 1083 2385 1139 gare
2423 1086 2435 1121 :
2475 1070 2559 1122 cui
2590 1068 2844 1121 nimirum
2872 1067 3146 1137 praestitit,
3174 1081 3280 1119 non
3314 1067 3545 1134 accepit.
3585 1065 3651 1119 Et
3681 1079 3848 1135 quem

2257 1173 2598 1227 susceperam
2640 1158 2788 1210 velut
2836 1158 2888 1211 in
2933 1156 3271 1225 subjectione
3310 1156 3588 1219 clientem,
3635 1155 3851 1225 gaudeo

2259 1262 2345 1301 me
2379 1247 2432 1300 in
2473 1248 2659 1300 schola
2696 1246 2900 1301 Christi
2950 1262 3077 1300 vere
3118 1246 3493 1315 philostqthum
3529 1244 3845 1313 percepisse

2258 1339 2557 1392 doctorem.
2605 1338 2739 1391 Tota
2800 1339 2998 1406 quippe
3034 1338 3142 1389 vita
3192 1335 3329 1405 ejus,
3386 1335 3727 1405 pr:e.lioatio,
3779 1343 3839 1387 et

2256 1429 2567 1495 inticatio,
2610 1430 2857 1485 doctrina
2899 1439 3039 1494 erat,
3084 1438 3139 1483 et
3177 1427 3486 1499 disciplina.
3526 1447 3545 1479 ι
3603 1427 3733 1483 [hoc
3774 1426 3850 1481 ibi

2258 1522 2326 1577 de
2389 1522 2447 1576 S.
2511 1522 2790 1577 Dominico
2844 1522 3121 1587 Loricato,
3178 1520 3333 1589 cujus
3388 1519 3588 1575 natalis
3643 1518 3847 1575 incidit

2260 1612 2313 1666 in
2346 1612 2410 1665 M
2442 1610 2713 1667 Octobris.
2878 1604 2906 1611 ”

2328 1702 2381 1755 8.
2414 1701 2630 1758 Tertius
2650 1674 3170 1772 discipulnsgauctis
3183 1700 3489 1769 adscriptas
3504 1706 3588 1754 est
3604 1696 3850 1753 Joannes

960 1808 1045 1862 cui
1092 1817 1145 1861 et
1188 1807 1521 1877 processioni
1570 1820 1788 1860 erucem
1843 1815 2152 1876 argenteam

2262 1792 2553 1847 Laudamia
2582 1835 2595 1858 ,
2643 1793 2838 1849 illustri
2892 1795 3094 1847 familia
3158 1794 3298 1864 apud
3346 1793 3601 1847 Insubres
3665 1790 3856 1846 Laude

2265 1884 2517 1955 Pompeia
2546 1885 2826 1952 oriundus,
2857 1886 2972 1955 qui,
3004 1895 3062 1938 nt
3092 1885 3223 1939 Acta
3253 1884 3371 1955 ejus
3399 1885 3620 1949 habent,
3658 1901 3678 1934 ι
3716 1885 3854 1937 tanti

2263 1978 2363 2031 viri
2396 1977 2535 2031 fama
2566 1986 2865 2045 comperta,
2898 1976 3146 2047 exemplo
3169 1977 3286 2047 ejus
3309 1976 3579 2030 animatus
3605 2016 3621 2042 ,
3653 1972 3853 2029 confu-

2262 2069 2339 2139 git
2361 2070 2425 2121 ad
2458 2070 2654 2138 ipsnnt,
2691 2080 2744 2123 et
2780 2070 3052 2139 elungavit
3077 2085 3137 2123 se
3167 2085 3193 2121 a
3222 2068 3434 2134 mundo,
3451 2067 3683 2137 fugiens,
3708 2075 3763 2121 et
3790 2066 3858 2119 de

2264 2170 2403 2215 terra
2443 2163 2681 2231 propria,
2712 2173 2766 2217 et
2792 2164 3112 2232 cognatione
3143 2163 3424 2226 recedens,
3457 2162 3609 2216 venit
3639 2162 3691 2216 in
3732 2172 3852 2216 ter-

2264 2274 2401 2321 ram,
2431 2273 2591 2326 quam
2626 2258 2674 2309 ei
2709 2258 2965 2311 Dominus
2992 2257 3272 2319 reveluvit,
3300 2265 3353 2310 et
3378 2255 3675 2310 venerabili
3704 2254 3854 2309 Patri

2264 2348 2426 2403 Petro
2454 2348 2695 2402 Damiani
2728 2348 2893 2416 priori
2925 2348 3094 2403 eremi
3116 2388 3129 2411 ,
3159 2356 3216 2401 et
3244 2347 3563 2401 devotornm
3594 2345 3854 2400 Fratrum

2261 2440 2543 2510 magistro,
2568 2455 2626 2494 se
2652 2439 2844 2493 obtulit
2876 2439 3173 2502 humiliter,
3202 2439 3432 2507 genibus
3462 2438 3617 2493 flexis
3647 2454 3849 2509 rogans

2263 2529 2552 2591 instanter,
2587 2542 2643 2582 ιιι
2668 2531 2840 2597 ipsum
2870 2530 2970 2583 sub
2995 2528 3273 2597 disciplina
3302 2544 3472 2583 sacra:
3498 2528 3699 2597 regulae
3724 2529 3854 2583 bca-

2264 2618 2456 2673 tissimi
2481 2617 2659 2673 Patris
2686 2617 2964 2673 Benedicti
3012 2619 3315 2689 susciperet
3357 2619 3410 2675 in
3442 2619 3767 2690 discipulum
3802 2630 3851 2674 ct

2259 2707 2483 2764 fratrem
2514 2750 2529 2772 ,
2558 2710 2625 2765 ad
2660 2710 2787 2777 ltegi
2821 2709 3040 2765 Christo
3067 2720 3328 2779 perpetuo
3370 2711 3737 2765 serviendum.
3789 2710 3859 2764 At

2261 2814 2391 2865 vero
2420 2802 2748 2856 reverendus
2780 2800 2869 2855 Dei
2891 2802 3146 2856 sacerdos
3175 2801 3370 2857 Petrus
3396 2800 3642 2854 Damiani
3666 2800 3860 2855 videns

2259 2890 2482 2946 Joannis
2504 2892 2804 2961 simplicem
2828 2893 2990 2945 animi
3022 2892 3311 2962 puritatem
3333 2933 3347 2955 ,
3382 2891 3651 2947 fervorem
3692 2891 3859 2961 spirio

2261 2990 2348 3035 tus
2370 3022 2385 3045 ,
2416 2983 2738 3037 obedientim
2784 2983 3269 3051 promptitudinctn
3291 3023 3304 3046 ,
3357 2992 3411 3037 ct
3444 2998 3631 3037 verum
3666 2982 3858 3037 mundi

2258 3083 2627 3145 contemptum
2647 3075 2699 3127 in
2719 3075 2857 3143 ipso,
2892 3074 3067 3146 ipsum
3093 3076 3323 3146 benigne
3348 3075 3572 3145 recepit.
3599 3096 3618 3128 ι
3652 3074 3858 3131 Beatus

579 3167 759 3221 minus
792 3167 935 3222 hunc
972 3164 1037 3220 ad
1068 3166 1399 3236 providenda
1428 3165 1529 3219 sibi
1560 3166 1743 3219 infima
1776 3166 1850 3219 rei
1874 3165 2158 3220 familiaris
2186 3165 2231 3228 C
2262 3164 2455 3220 Petrus
2501 3167 2623 3221 huic
2669 3167 2946 3234 inscripsit
2985 3168 3301 3237 opusculum
3350 3182 3495 3229 λων,
3547 3166 3623 3221 De
3668 3166 3859 3221 decem

580 3257 763 3326 inopia
804 3273 910 3312 non
961 3265 1228 3328 gravaret.
1295 3277 1313 3309 ι
1373 3258 1645 3312 llactcuus
1691 3258 1752 3311 Β.
1786 3256 2015 3321 Ῥοιτιιε,
2066 3258 2156 3328 qui

580 3363 669 3415 ep.
701 3347 756 3413 2,
787 3346 884 3402 lib.
916 3363 999 3411 ιιι,
1031 3358 1291 3403 evocatus
1317 3348 1385 3401 ab
1407 3348 1817 3419 archiepiscopo
1842 3346 2157 3405 Ravennate

580 3438 923 3502 Gebehardo,
956 3447 1180 3492 excusat
1214 3454 1273 3491 se
1303 3437 1373 3492 ob
1405 3437 1638 3507 iunpiam
1675 3454 1919 3502 suorum,
1962 3439 2159 3509 quibus

577 3529 860 3599 providere
887 3529 1153 3583 debebat:
1192 3548 1209 3578 ι
1248 3526 1546 3599 Prazcipisti
1580 3528 1732 3593 mihi,
1767 3529 1960 3599 inquit,
2018 3528 2155 3583 dile-

580 3618 823 3673 ctissime
846 3618 1026 3681 Pater,
1062 3629 1116 3671 et
1140 3619 1376 3683 domine,
1400 3627 1456 3671 et
1480 3618 1840 3687 prmcipicndo
1872 3618 2158 3681 mandasti,

579 3709 728 3762 ntad
753 3717 804 3761 te
833 3707 1075 3763 venirem
1112 3726 1124 3737 υ
1164 3710 1257 3763 sed
1284 3724 1385 3779 ego
1426 3710 1816 3776 pauperculum
1863 3708 2041 3763 locum
2094 3708 2161 3763 ad

580 3801 875 3871 regendum
926 3801 1247 3870 suscipiens,
1295 3802 1385 3870 qui
1437 3801 1589 3871 prius
1634 3816 1734 3870 per
1785 3800 2159 3869 memetipsum

581 3892 917 3949 solummodo
970 3910 1174 3965 pauper
1226 3894 1431 3959 exstiti,
1476 3908 1621 3947 nunc
1684 3887 1781 3962 per
1832 3902 1909 3946 tot
1956 3906 2159 3962 panper

583 3984 808 4041 eﬂ‘ectns
829 4002 969 4049 sum,
998 3996 1127 4055 quot
1154 3972 1417 4056 regendos
1442 3974 1646 4057 accepi.
1668 3986 1949 4057 Perpendo
1972 3987 2155 4057 igitur,

583 4086 635 4132 et
658 4077 816 4146 quale
845 4079 915 4153 sit
950 4078 1214 4146 plurimos
1250 4092 1456 4150 regere,
1499 4088 1553 4132 ct
1598 4079 1899 4147 przebemla:
1925 4078 2161 4133 necessi—

583 4171 712 4224 tatis
737 4170 1002 4239 stipendia
1035 4186 1139 4224 non
1174 4171 1395 4226 habere.
1433 4190 1452 4224 ι
1488 4171 1612 4226 ll:ec
1640 4170 1700 4224 Β.
1728 4170 1943 4235 Petrus,
1972 4171 2063 4239 qui
2107 4172 2159 4224 in

582 4258 851 4314 Chronico
900 4259 1214 4323 Gualdensi,
1246 4263 1390 4314 circa
1434 4276 1634 4315 annum
1685 4262 1821 4316 1523
1852 4263 2161 4331 Cotts‘cripto

581 4347 722 4416 apud
761 4346 1098 4415 (Iujetunum,
1156 4350 1389 4404 habetur
1426 4350 1587 4421 hujus
1630 4351 1917 4404 eremitorii
1962 4364 2159 4404 sauctw

582 4437 768 4493 Cruci;
791 4440 948 4509 juxta
990 4438 1211 4494 Fontem
1240 4441 1505 4497 Avellauw
1540 4452 1887 4505 constructor,
1920 4442 2062 4512 quod
2091 4442 2158 4497 de

2261 3255 2479 3326 Egypti
2529 3256 2699 3327 plagis
2730 3298 2743 3321 ,
2775 3267 2831 3312 ct
2859 3257 3155 3326 Dccalogn,
3186 3266 3349 3327 atque
3402 3258 3471 3309 ita
3522 3256 3856 3325 alloquitur:

2267 3366 2285 3398 ι
2326 3348 2688 3402 Dilectissimo
2716 3348 2870 3401 fratri
2896 3346 3116 3412 Juanni,
3135 3347 3246 3416 jam
3270 3347 3682 3412 nonLaudeusi,
3708 3347 3859 3402 idco-

2262 3452 2366 3507 que
2395 3437 2646 3491 laudabili
2680 3440 2818 3503 viro,
2847 3439 3039 3494 Petrus
3067 3449 3319 3508 peccator
3346 3439 3648 3493 monachus
3674 3447 3855 3507 pater-

2264 3541 2345 3580 na:
2372 3526 2675 3582 dilectionis
2713 3528 2991 3583 allectum.
3029 3528 3417 3599 Contentpsisti
3475 3543 3648 3595 nuper
3671 3569 3686 3591 ,
3735 3528 3812 3581 tili
3842 3570 3857 3593 ,

2264 3615 2622 3683 Pharaonem,
2651 3627 2705 3673 et
2731 3620 2948 3688 superbi
2973 3621 3137 3690 regis,
3160 3634 3224 3674 ac
3248 3619 3608 3689 opprimentis
3630 3617 3858 3690 Aigypti

2264 3709 2423 3763 simul
2460 3710 2806 3765 abominatus
2837 3726 2897 3765 es
2922 3710 3240 3765 servitutem
3278 3728 3291 3763 :
3325 3724 3549 3765 necesse
3593 3721 3677 3765 est
3722 3726 3861 3781 ergo

2262 3804 2426 3865 nunc,
2454 3810 2511 3855 ut
2533 3801 2784 3871 gradiens
2812 3816 2910 3870 per
2936 3802 3204 3855 desertum
3236 3843 3250 3867 ,
3280 3800 3447 3855 multa
3494 3798 3861 3853 tentationmn

2263 3906 2460 3961 genera
2490 3891 2703 3953 subeas,
2740 3893 2878 3955 sitis,
2908 3908 2972 3947 ac
3001 3892 3160 3947 fantis
3188 3892 3426 3960 inopiam
3469 3892 3715 3962 perferas
3739 3932 3755 3956 ,
3802 3899 3864 3947 et

2262 3979 2339 4033 sic
2374 3996 2471 4049 per
2496 3996 2799 4035 aerumnosa
2837 3981 3075 4051 pericula
3099 4020 3114 4044 ,
3154 3981 3493 4049 diversaeque
3523 3981 3862 4037 calamitatis

2263 4072 2541 4139 angustias
2559 4072 2624 4124 ad
2656 4080 2856 4126 terram
2888 4070 3324 4141 repromissionis
3345 4071 3597 4141 attingas.
3641 4089 3660 4122 ι
3688 4070 3859 4125 Plura

2264 4162 2446 4225 isthic,
2472 4172 2527 4217 ct
2563 4163 2614 4217 iu
2641 4163 2865 4235 prologo
2889 4177 2942 4219 et
2964 4164 3145 4234 capite
3160 4164 3373 4229 ultimo,
3403 4163 3504 4234 legi
3531 4175 3761 4233 possunt
3790 4166 3862 4220 de

2264 4256 2525 4326 singulari
2552 4256 2610 4310 Β.
2641 4255 2785 4312 Petri
2816 4272 2945 4327 erga
2975 4257 3120 4311 hunc
3148 4256 3473 4327 discipulum
3497 4255 3694 4311 affectu
3722 4258 3863 4312 cha-

2264 4347 2459 4410 ritatis,
2491 4363 2651 4418 quem
2681 4357 2872 4403 auctor
2908 4350 3041 4403 Vita:
3083 4348 3139 4403 S.
3180 4348 3405 4403 Joannis
3453 4349 3573 4403 istis
3597 4350 3863 4419 exprimit

2261 4442 2439 4495 verbis
2468 4458 2481 4494 :
2519 4459 2537 4492 ι
2573 4443 2701 4495 Una:
2732 4457 2861 4496 vero
2892 4441 3156 4511 columna:
3182 4440 3373 4496 lucida:
3404 4440 3633 4495 fratrum
3668 4441 3860 4497 Eremi

581 4531 755 4599 prima
771 4531 1067 4585 eretnitica:
1082 4531 1205 4585 vita:
1223 4532 1533 4588 fundatione
1548 4533 1721 4603 accipi
1737 4533 2155 4605 haudquaquam
2189 4519 2236 4577 Ι)
2264 4512 2747 4587 ΡοηιίεἈγεΙΙιιιιειι
2772 4532 3100 4586 reverendus
3123 4531 3275 4601 prior
3304 4532 3516 4597 Petrus,
3541 4542 3596 4587 ct
3620 4532 3861 4592 clericus

580 4628 778 4691 potest.

652 4712 703 4764 7.
759 4712 902 4765 Inter
947 4712 1093 4768 viros
1138 4711 1203 4767 de
1244 4727 1427 4767 eremo
1469 4712 1559 4767 illa
1606 4712 1745 4767 bene
1789 4712 2013 4768 meritos
2058 4712 2161 4769 fuit

585 4803 649 4857 S.
697 4800 998 4872 Ilodulphus
1061 4804 1179 4872 ejus
1226 4802 1542 4873 discipulus,
1598 4803 1745 4867 dein,
1792 4811 1850 4855 ut
1900 4802 2155 4868 diximus,

582 4895 869 4963 cpiscopus
895 4894 1228 4964 Eugubinus,
1260 4896 1414 4964 cujus
1443 4898 1618 4952 Vitam
1645 4914 1673 4952 a
1716 4915 1775 4954 se
1800 4903 2059 4968 scriptum
2092 4902 2153 4956 Β.

580 4979 776 5035 Petrus
825 4981 1027 5035 dicavit
1063 4981 1375 5037 Alexandro
1428 4984 1469 5037 ll
1514 4986 1775 5053 pontifici,
1806 4998 1858 5041 et
1903 4990 2017 5043 hmo
2056 4989 2155 5044 sub

584 5070 796 5125 inititnu
830 5082 1055 5127 narrat:
1098 5091 1113 5123 ι
1144 5072 1286 5128 Ante
1317 5072 1429 5128 fere
1455 5077 1793 5143 septenniutn
1837 5078 1924 5132 ille
1954 5077 2156 5131 (testul-

588 5163 719 5228 phus
763 5177 884 5214 cum
928 5172 1123 5227 matre,
1162 5174 1217 5219 et
1256 5165 1466 5221 duobus
1512 5164 1770 5222 fratribus
1799 5184 1855 5222 se
1887 5170 2155 5239 paulisper

582 5260 740 5305 :ctate.
766 5253 1205 5320 praecedentibus,
1254 5255 1429 5309 servis
1466 5254 1725 5309 duntaxat
1775 5257 2022 5313 libertate
2055 5258 2151 5313 do-

584 5344 751 5407 natis,
778 5351 1014 5397 castrum
1036 5360 1191 5398 suum
1225 5346 1622 5417 inexpugnabili
1657 5348 1955 5403 umnitione
1987 5349 2150 5403 valla-

586 5442 715 5501 tum,
751 5433 883 5487 mihi
915 5449 1035 5488 cum
1069 5436 1340 5501 omnibus,
1369 5453 1489 5505 qua:
1527 5438 1607 5491 sui
1631 5436 1771 5505 juris
1810 5448 1985 5503 erant,
2017 5455 2152 5508 prm-

585 5524 687 5575 diis
720 5522 964 5585 (ontulit,
1013 5532 1177 5590 atque
1227 5525 1291 5577 ad
1342 5542 1579 5580 cremuzu
1630 5527 1871 5588 veniens,
1913 5528 2152 5581 habitum

586 5616 896 5670 Inttnaslicm
925 5614 1276 5685 professionis
1321 5623 1543 5687 at‘t‘t‘pil.
1598 5643 1611 5669 ι
1668 5621 1789 5675 Ihuc
1823 5622 1914 5675 ibi.
1948 5621 2154 5674 Colitur

590 5706 644 5759 S.
680 5706 985 5778 ltoJulphus
1013 5709 1083 5762 '25
1113 5708 1274 5765 Junii.
1306 5712 1451 5766 .tlzrr
1488 5732 1628 5781 tero,
1670 5715 1824 5785 cujus
1876 5717 1989 5770 \ita
2029 5732 2150 5771 (‘ttttl

2261 4623 2355 4677 Dei
2385 4621 2624 4677 Joannes
2649 4664 2663 4686 ,
2696 4622 2836 4676 sicut
2871 4622 2976 4676 duo
3020 4622 3307 4689 Seruphim
3358 4622 3540 4677 divina
3583 4623 3860 4678 cltaritate

2259 4712 2579 4768 inflammati
2608 4754 2622 4775 ,
2652 4715 2815 4768 corde
2840 4754 2854 4776 ,
2902 4724 2955 4769 et
2984 4714 3301 4783 orejugiter
3330 4713 3498 4768 Deum
3526 4713 3859 4770 altissimum

2260 4803 2665 4868 collaudahant,
2700 4814 2755 4859 et
2793 4802 3021 4857 fratrum
3051 4813 3279 4866 mentes,
3312 4814 3367 4858 et
3397 4804 3603 4870 corda,
3632 4788 3711 4859 Act
3754 4821 3857 4860 ora

2264 4894 2332 4947 ad
2374 4893 2461 4947 Dei
2505 4892 2753 4948 timorem
2802 4906 2852 4947 ct
2888 4894 3182 4948 fraternam
3231 4894 3555 4948 charitatcm
3588 4892 3857 4950 accende-

2264 4985 2415 5040 bant.
2445 4982 2489 5039 Ο
2523 5000 2683 5053 quam
2708 4984 2933 5049 bonum,
2957 4993 3011 5039 et
3041 5000 3200 5054 quam
3220 4982 3518 5053 jucundum
3548 4995 3687 5050 erat,
3716 4985 3858 5042 tales

2263 5076 2462 5131 fratres
2512 5077 2761 5131 habitare
2809 5077 2861 5130 iu
2912 5078 3114 5131 unum!
3161 5098 3177 5129 ι
3214 5078 3289 5132 De
3323 5077 3513 5134 eodem
3546 5076 3605 5132 S.
3643 5077 3857 5137 Joanne

2263 5169 2315 5223 in
2347 5168 2615 5223 Chronico
2639 5168 2931 5224 Gnaldensi
2965 5171 3078 5224 hme
3104 5170 3355 5242 leguntur
3382 5190 3393 5223 ;
3429 5190 3446 5221 ι
3480 5171 3535 5225 lu
3560 5173 3753 5227 eodem
3778 5174 3857 5228 si-

2258 5260 2475 5329 quidem
2519 5262 2833 5317 crctnitorio
2878 5263 3021 5316 inter
3057 5263 3196 5323 alios
3231 5272 3450 5319 sanctos
3491 5264 3701 5334 priores
3731 5283 3853 5319 ino-

2257 5353 2459 5406 nachos
2489 5393 2503 5416 ,
2556 5368 2748 5407 servus
2806 5353 2895 5407 Dei
2941 5353 3194 5408 dominus
3254 5352 3490 5409 Joannes
3542 5354 3852 5412 Laudensis

2262 5442 2427 5497 multa
2461 5444 2626 5513 viguit
2654 5444 2967 5508 sanctitate,
3001 5452 3054 5499 et
3084 5446 3217 5499 dura
3244 5446 3581 5515 pmnitentia,
3610 5456 3665 5500 et
3680 5449 3856 5503 absti-

2264 5534 2443 5588 nentia
2472 5575 2485 5599 ,
2536 5535 2674 5587 infra
2715 5536 2832 5589 illas
2882 5536 3047 5589 silvas
3090 5537 3393 5591 condensas
3420 5580 3433 5598 .
3469 5545 3520 5592 ct
3575 5551 3851 5608 prmmpta

2264 5625 2545 5687 montium,
2582 5642 2776 5695 corpus
2821 5643 2977 5681 suum
3019 5628 3323 5697 castigavit.
3365 5627 3466 5694 Qui
3500 5630 3851 5696 postmodum

2261 5718 2325 5773 de
2358 5717 2597 5788 priorum
2629 5731 2825 5775 sancta:
2854 5720 3039 5775 Cruris
3072 5721 3123 5776 in
3162 5720 3472 5790 episcopum
3508 5721 3851 5790 linguhiuum
