4040 6446
242 391 300 447 95
673 371 1216 438 ΡΒΟΜΞΟΟΜΕΝᾹ.
1241 401 1312 418 -—
1349 368 1440 426 DE
1479 365 1540 423 S.
1575 361 1809 421 PETRO

1939 359 2158 416 liliANO
2201 353 2622 413 HENSCUENII
2662 348 3030 410 COMMENT.
3468 346 3539 404 95

246 508 535 569 assumptus
560 498 615 552 in
643 494 810 550 multa
835 491 1122 548 sanctitate
1149 487 1307 552 vixit,
1340 493 1396 540 et
1433 483 1593 541 obiit.
1635 501 1654 534 ι
1691 479 1817 534 Dies
1843 484 1896 541 Α
1924 475 2154 530 deuntes
2177 473 2319 545 apud
2349 468 2746 526 monasterium
2776 465 3025 520 Accreta:
3047 459 3225 532 prima
3251 458 3541 517 mansione

243 595 364 650 illius
391 590 599 644 natalis
626 587 933 656 assignatur
958 584 990 638 7
1031 581 1183 652 Sept.

937 673 983 745 ξς
1016 673 1077 727 ll.

244 773 370 831 Petri
405 770 665 825 Damiani
701 768 1111 824 lucubrationes.
1171 762 1286 818 Vita
1330 762 1447 833 ejus
1488 766 1654 816 edita.
1691 756 1818 812 Dies

719 907 722 911 ‘
909 835 1124 891 innatis.

307 953 326 986 ‹
348 933 393 988 9.
412 930 592 1003 Opera
615 931 675 986 Β.
708 931 849 985 Petri
872 929 1118 984 Damiani
1139 944 1244 982 non
1267 928 1386 982 sine
1409 924 1817 981 ecclesiastica-

241 1041 344 1084 rum
373 1026 678 1080 litterarum
705 1024 1034 1079 detrimento
1064 1023 1116 1075 in
1136 1021 1377 1076 tenebris
1403 1021 1556 1074 varie
1586 1017 1817 1087 disjecta

235 1121 456 1193 jacuisse
483 1161 499 1184 ,
539 1139 558 1171 ι
595 1119 747 1173 testis
777 1128 860 1172 est
893 1117 1094 1172 Paulus
1121 1117 1161 1171 V
1191 1114 1438 1185 pontifex
1471 1115 1741 1169 maximus
1763 1113 1820 1168 in

238 1207 382 1268 Brevi
429 1212 500 1264 ad
541 1208 958 1264 Constantinum
988 1206 1308 1275 Cajetannm
1339 1206 1669 1260 monachum
1715 1204 1818 1258 Be-

236 1304 559 1363 nedictinum
603 1302 920 1357 monasterii
976 1300 1300 1355 Catanensis
1362 1298 1420 1353 S.
1475 1297 1684 1352 Nicolai
1751 1297 1820 1352 de

235 1397 423 1460 Arena,
456 1393 614 1462 cujus
656 1413 696 1472 «Π
717 1393 905 1448 labore.
933 1402 990 1450 et
1011 1393 1289 1464 diligentia
1315 1409 1383 1446 ex
1411 1391 1598 1447 multis
1627 1390 1822 1446 biblio-

236 1489 393 1546 thecis
420 1488 727 1556 conquisita
755 1501 820 1540 ea
843 1496 899 1541 et
941 1486 1167 1542 collecta
1203 1473 1370 1541 fuisse
1410 1485 1630 1540 asserit.
1681 1503 1699 1535 ι
1751 1482 1824 1538 At

230 1582 400 1638 varios
426 1579 671 1648 ejusdem
691 1579 750 1634 Β.
781 1579 927 1635 Petri
958 1589 1227 1634 tractatus
1254 1595 1388 1634 mss.
1417 1578 1534 1647 jam
1563 1587 1690 1632 ante
1725 1591 1824 1632 cx-

231 1682 500 1745 eerpserat
531 1688 598 1726 ex
626 1673 970 1728 bibliothecis
999 1672 1302 1736 Casiuensi,
1329 1669 1665 1741 Capranica,
1709 1678 1826 1723 tum

227 1764 603 1822 canonicorum
634 1763 878 1818 ecclesia
905 1764 962 1818 S.
995 1764 1165 1827 Petri,
1190 1774 1358 1832 atque
1382 1761 1607 1816 alterius
1638 1773 1823 1815 emno-

1925 568 2367 639 hospitaremur;
2402 563 2606 620 ibidem
2640 577 2748 617 non
2777 557 2957 614 solum
2983 556 3128 612 istud
3161 598 3178 624 ,
3221 555 3318 612 sed
3347 563 3405 610 et
3435 553 3541 610 alia

1922 660 2196 732 quaedam,
2223 674 2344 729 qua:
2368 655 2637 711 miraculo
2663 653 2790 707 huic
2803 650 3041 706 subdere
3067 649 3407 712 curabimus,
3439 662 3544 703 nos

1924 755 2208 811 addiscere
2231 751 2495 820 contigit,
2549 745 2920 801 referentibus
2969 743 3163 798 eadem
3210 741 3541 812 quibusdam

1922 849 2166 919 ejusdem
2197 843 2518 900 monasterii
2551 840 2841 902 fratribus,
2870 853 2972 891 nec
3001 850 3109 890 non
3157 843 3212 890 et
3261 835 3542 905 prtedicta:

1925 941 2135 1004 eremi,
2170 940 2264 1010 qui
2314 946 2446 992 tunc
2495 935 2587 990 illo
2629 939 3026 988 convenerant.
3075 949 3093 982 i
3135 927 3216 983 Ex
3253 928 3546 999 ‘adjunctis

1923 1035 2207 1092 miraculis
2235 1029 2454 1101 aliquod
2491 1030 2592 1083 sibi
2624 1027 2852 1082 relatum
2881 1042 2936 1080 ιι.
2959 1022 3032 1078 24
3058 1023 3260 1078 asserit
3287 1040 3318 1076 a
3351 1021 3543 1091 fratre,

1923 1128 2050 1181 dum
2081 1141 2200 1179 cum
2233 1123 2417 1178 eodem
2449 1138 2480 1174 α
2508 1119 2640 1174 silva
2667 1117 2931 1172 rediisset.
2977 1114 3140 1168 Aliud
3174 1129 3326 1168 nmn.
3378 1112 3451 1166 27
3487 1123 3548 1168 et

1923 1220 1995 1275 28
2027 1225 2251 1282 narrat,
2294 1223 2461 1284 prout
2493 1212 2539 1266 is
2564 1252 2578 1275 ,
2610 1211 2696 1265 cui
2739 1208 2870 1262 illud
2915 1205 3243 1262 beneficium
3283 1203 3544 1260 collatum

1925 1319 2066 1376 erat,
2100 1310 2279 1365 factus
2309 1304 2642 1368 monachus,
2676 1320 2694 1352 ι
2733 1310 2906 1354 ιοιυηι
2940 1298 3122 1364 nobis,
3148 1297 3344 1366 inquit,
3379 1295 3546 1350 utdi-

1925 1402 2222 1476 gessimus,
2262 1414 2328 1454 ex
2360 1396 2558 1452 ordine
2589 1381 2891 1450 enarravit.
2923 1411 2942 1444 ι
2971 1391 3050 1446 lta
3097 1406 3151 1444 ιι.
3180 1389 3251 1443 4:2
3294 1389 3548 1444 dicturus

1926 1511 2067 1557 smn,
2103 1493 2248 1563 quod
2273 1490 2579 1562 majoribus
2606 1488 2742 1543 meis
2764 1483 3156 1555 condiscipulis
3181 1481 3550 1563 referentibus

1928 1585 2133 1641 audivi.
2158 1585 2231 1638 At
2269 1600 2287 1634 ι
2318 1597 2441 1651 qua:
2471 1579 2890 1636 conversionem
2914 1576 3032 1646 ejus
3059 1559 3485 1647 prmeésserunt,
3523 1593 3544 1626 ι

1929 1677 2004 1732 ait
2032 1693 2088 1731 ιι.
2113 1673 2170 1738 2,
2196 1686 2254 1728 se
2281 1690 2299 1723 ι
2331 1670 2506 1726 relatu
2533 1667 2819 1738 cujusdam
2856 1664 3031 1736 ipsius
3059 1665 3353 1735 propinqui
3385 1704 3400 1729 ,
3440 1663 3551 1720 viri

1929 1767 2133 1840 gravis,
2157 1773 2211 1819 et
2237 1763 2477 1827 honesti,
2513 1760 2790 1823 audivisse
2822 1778 2836 1813 :
2877 1778 2895 1811 ι
2933 1765 2992 1811 at
3025 1751 3290 1827 (partem
3325 1772 3390 1811 ex
3419 1771 3552 1826 quo-

227 1855 296 1910 bii
322 1853 508 1918 Italia,
532 1855 783 1926 Aloysius
818 1855 1148 1926 Lipomanns
1177 1856 1467 1924 episcopus
1504 1854 1684 1923 primo
1717 1849 1823 1906 Ve-
1851 1845 1897 1905 Β
1927 1857 2578 1927 dam'condiscipulorum
2603 1868 2877 1919 meorum,
2907 1852 3108 1921 inquit,
3132 1851 3224 1921 qui
3256 1851 3376 1921 ejus
3407 1866 3545 1904 con-

223 1949 494 2012 runensis,
521 1947 642 2002 dein
668 1949 1068 2018 Bergomcnsis,
1103 1966 1167 2004 ac
1193 1959 1415 2004 curarat
1449 1949 1592 2020 typis
1621 1947 1825 2002 Itoma-

226 2039 302 2096 nis
336 2053 428 2092 an.
467 2038 606 2093 l560
635 2041 862 2110 vulgari,
899 2051 1092 2110 quarta
1123 2050 1278 2110 parte
1304 2041 1433 2095 tomi
1463 2041 1646 2095 octavi
1676 2040 1826 2094 Vita-

220 2145 332 2184 rum
363 2138 686 2183 sanctorum
714 2130 1021 2200 priscorum
1046 2129 1292 2186 Patrum.
1324 2131 1669 2201 Margarinus
1692 2131 1823 2184 item

219 2223 461 2294 Bgnmus
489 2225 675 2278 varias
703 2222 944 2290 ejusdem
976 2224 1036 2277 Β.
1083 2222 1230 2278 Petri
1268 2222 1528 2293 epistolas
1573 2221 1826 2290 adjunxit

217 2318 267 2371 in
316 2319 570 2372 auc.iore
616 2317 857 2371 ediaioae
907 2316 1253 2371 Bibliotheca:
1298 2328 1540 2371 veterum
1573 2314 1822 2368 Patrum.

219 2407 524 2462 Cardiualis
555 2406 824 2462 Baronius
871 2409 936 2462 ad
992 2423 1079 2461 an.
1129 2406 1268 2460 1047
1294 2447 1306 2468 ,
1345 2421 1498 2459 ιιιιιιι.
1540 2403 1607 2458 15
1633 2445 1645 2466 ,
1701 2404 1822 2467 ait,

217 2517 234 2549 ‹
277 2498 513 2568 singulis
548 2499 720 2552 ferme
744 2499 903 2554 annis
931 2499 1159 2553 dicenzla
1189 2513 1330 2564 esse,
1365 2519 1382 2548 ι
1408 2489 1672 2567 quomodo
1707 2511 1727 2546 ι
1762 2494 1823 2548 Β.

215 2589 406 2645 Petrus
435 2591 730 2661 multiplici
757 2591 976 2646 nomine
1008 2591 1114 2646 illis
1149 2591 1486 2660 temporibus
1516 2585 1827 2659 perditissi-

212 2687 310 2741 mis
339 2684 612 2740 Ecclesia:
638 2685 919 2740 catholica:
949 2683 1248 2754 profuerit,
1290 2697 1412 2738 cum
1461 2681 1529 2736 ad
1563 2679 1828 2736 ecclesia-

212 2779 344 2835 stica
375 2777 602 2847 negotia
627 2775 906 2831 subeunda
927 2785 1152 2830 vocatus
1175 2789 1319 2843 smpe
1340 2788 1407 2828 ex
1431 2787 1619 2828 eremo
1641 2770 1766 2836 fuit,
1803 2788 1823 2822 ι

209 2885 269 2924 ac
321 2867 537 2940 passim
575 2866 694 2936 ejus
723 2882 809 2938 ep.
860 2866 1076 2936 aliaque
1103 2864 1402 2936 opuscula,
1455 2878 1487 2919 e
1540 2863 1829 2918 codicibus

212 2977 339 3015 mss.
367 2948 718 3031 profertaAt
772 2958 1066 3030 Cajetauus
1116 2958 1300 3013 omnia
1351 2956 1594 3026 ejusdem
1662 2970 1828 3025 opera

210 3051 582 3120 undequaque
611 3048 842 3104 collecta
870 3051 922 3104 in
950 3058 1060 3104 tres
1093 3059 1268 3103 tomos
1299 3047 1568 3112 distinxit,
1591 3060 1829 3117 quorum

211 3143 416 3211 primus
446 3141 707 3196 continet
741 3139 1096 3211 epistolarum
1128 3139 1297 3194 libros
1338 3149 1464 3194 octo
1493 3179 1508 3204 ,
1550 3138 1825 3194 secundus

210 3236 385 3288 varios
414 3248 739 3297 sermones,
763 3242 817 3288 et
847 3242 1166 3287 sanctorum
1195 3232 1477 3296 historias,
1511 3232 1707 3287 tertius
1729 3232 1825 3286 de-
1854 3213 1900 3275 Ο

209 3328 368 3395 niquc
408 3325 666 3380 illustria
699 3326 767 3380 de
794 3325 962 3378 variis
989 3323 1330 3395 argumentis
1369 3324 1633 3394 Opuscula
1666 3339 1828 3380 sexa-

205 3419 369 3488 ginta.
399 3417 546 3486 Quae
579 3417 766 3472 omnia
802 3416 926 3472 dein
959 3432 1101 3472 novo
1131 3416 1334 3484 studio,
1365 3432 1428 3471 ac
1453 3416 1641 3473 labore
1673 3433 1829 3474 reco-

207 3511 374 3580 gnita,
405 3521 703 3581 auctaque
730 3510 782 3564 in
807 3509 997 3565 Galliis
1024 3509 1364 3580 prodierunt.

274 3605 358 3660 10.
404 3604 732 3674 Plu-posita
764 3598 849 3659 bis
889 3602 1148 3672 operibus
1171 3612 1257 3658 est
1292 3603 1410 3658 Vita
1440 3603 1501 3657 Β.
1540 3603 1688 3658 Petri
1720 3602 1827 3657 Da-

205 3697 367 3750 iuiaui
405 3711 476 3750 ex
510 3694 738 3750 duobus
771 3695 1052 3750 codicibus
1077 3710 1210 3749 mss.
1247 3695 1590 3761 Ravennate,
1623 3705 1678 3750 et
1720 3696 1828 3750 Fa-

205 3788 427 3843 t'enlitto
459 3787 628 3843 edita
660 3828 676 3851 ,
717 3802 781 3841 ac
815 3787 867 3841 in
919 3788 1076 3841 tertia
1107 3785 1256 3842 Surii
1303 3787 1544 3843 editione
1586 3804 1778 3843 recusa
1812 3802 1828 3842 :

204 3893 360 3944 quam
389 3887 451 3932 ct
483 3893 601 3932 nos
642 3877 734 3932 hic
780 3877 971 3932 damus
1002 3877 1056 3931 in
1089 3879 1269 3948 capita
1302 3894 1453 3934 more
1494 3889 1683 3934 nostro
1717 3879 1833 3935 dis-

205 3970 453 4035 tinctam,
496 3980 562 4026 et
614 3971 765 4025 notis
793 3981 846 4026 et
873 3972 940 4025 ad
972 3971 1297 4042 marginem,
1326 3989 1619 4043 rerumque
1650 3985 1832 4045 gesta-

204 4077 316 4115 rum
356 4063 682 4118 breviariis
708 4064 1055 4120 illustratum.
1088 4065 1388 4120 Auctorem
1436 4066 1729 4137 opinamur
1767 4066 1826 4122 S.

201 4153 480 4230 Joannem
501 4156 895 4224 Laudensem,
925 4159 1049 4212 dein
1070 4159 1312 4228 priorem
1349 4160 1596 4231 ejusdem
1632 4161 1827 4227 eremi,

203 4270 261 4309 ac
292 4265 491 4324 postea
535 4255 872 4326 episcopum
900 4254 1270 4326 Eugubinum,
1297 4263 1355 4310 ut
1376 4270 1537 4326 supra
1567 4257 1826 4311 diximus.

201 4345 312 4415 Ipse
340 4363 563 4404 nomen
613 4361 783 4402 suum
831 4347 1011 4418 prodit
1051 4347 1108 4402 in
1156 4347 1296 4402 Vita:
1331 4347 1689 4418 inscriptione
1718 4389 1734 4414 ,
1766 4363 1832 4403 ac

202 4455 319 4494 mox
350 4441 408 4496 in
434 4439 695 4511 prologo
721 4440 818 4502 ait,
848 4453 907 4496 se
940 4459 958 4491 ι
996 4449 1148 4496 tanto
1176 4438 1349 4506 Patri,
1383 4441 1510 4497 licet
1561 4441 1614 4495 in
1647 4450 1832 4496 extre-

201 4531 295 4586 iuis
326 4547 475 4602 pene
503 4532 867 4601 temporibus
897 4573 913 4597 ,
963 4532 1304 4588 individuum
1349 4533 1608 4589 comitem
1660 4535 1831 4590 inbuto

201 4625 349 4680 sisse.
391 4646 411 4678 ι
450 4627 586 4696 ipse
612 4625 772 4679 enim
796 4622 854 4680 S.
877 4624 1133 4691 Joannes,
1167 4627 1294 4681 utiu
1319 4625 1438 4695 ejus
1465 4628 1588 4682 Vita
1611 4628 1828 4698 legitur,

207 4734 223 4766 ι
257 4715 400 4774 fama
436 4719 590 4775 tanti
639 4717 750 4772 viri
787 4729 1086 4789 comperta,
1125 4739 1143 4771 ι
1177 4720 1397 4789 quando
1421 4721 1506 4775 hic
1535 4740 1552 4772 ‹
1589 4736 1713 4775 eum
1755 4720 1823 4775 li—

202 4812 370 4865 (uitia
400 4812 647 4867 Domini
687 4826 838 4881 papae
877 4812 1244 4867 rardinalatus
1275 4813 1501 4882 gloriam
1547 4813 1830 4879 deseruit,

202 4913 248 4958 et
292 4905 347 4960 in
389 4921 603 4962 eremo
642 4904 844 4959 Fontis
871 4904 1145 4959 Avellanze
1175 4919 1237 4961 se
1282 4907 1504 4961 reclusit
1534 4947 1547 4971 ,
1579 4906 1833 4976 exemplo

201 4998 309 5063 ejus
336 4999 678 5061 animatus,
709 4995 950 5067 confugit
980 4998 1047 5052 ad
1071 4998 1270 5068 ipsum.
1309 5018 1329 5051 ι
1357 4997 1460 5066 Qui
1492 4999 1546 5053 in
1571 4999 1744 5069 ipsius
1767 4998 1828 5053 S.

203 5086 335 5146 Petri
368 5091 499 5146 Vita
529 5100 850 5163 postquam
874 5107 924 5145 c.
952 5092 986 5146 8
1013 5093 1132 5162 ejus
1180 5093 1247 5147 ad
1290 5109 1538 5150 eremnm
1582 5094 1832 5149 narravit

205 5184 453 5249 reditum,
484 5201 628 5239 mox
649 5199 811 5237 num.
839 5183 928 5248 49.,
954 5201 1073 5252 qua:
1095 5186 1263 5257 agiab
1286 5202 1352 5242 eo
1381 5188 1594 5243 viderat
1627 5187 1792 5243 refert
1818 5205 1832 5240 :

209 5292 222 5321 ι
257 5273 368 5330 ViJi
393 5291 635 5346 nempe,
673 5275 876 5343 inquit,
911 5286 965 5331 et
995 5277 1138 5342 dein,
1172 5279 1272 5333 hoc
1298 5279 1518 5347 quidem
1543 5279 1658 5349 ipse
1691 5295 1831 5347 pra:-

206 5380 316 5422 sens
346 5371 585 5439 agnovi,
633 5388 655 5421 ι
703 5369 934 5422 Demum
958 5370 1268 5425 individuus
1298 5373 1364 5426 ad
1395 5381 1625 5427 mortem
1663 5388 1838 5442 usque

211 5463 507 5526 permansit
541 5475 793 5525 eomes,
842 5476 961 5514 cum
1000 5461 1117 5528 ille,
1165 5479 1317 5517 num.
1349 5463 1448 5526 49,
1490 5483 1509 5515 ι
1547 5465 1728 5519 exitus
1753 5464 1835 5519 sui

207 5550 382 5606 horam
412 5553 897 5624 appropinquare
928 5568 1261 5623 cognosce-ns
1281 5596 1295 5619 ,
1338 5556 1608 5625 extemplo
1638 5557 1792 5611 nobis
1822 5599 1836 5621 ,

207 5642 387 5711 inquit,
427 5645 650 5701 lectulo
689 5644 1205 5709 circmnstantibus,
1250 5647 1576 5701 matutinalc
1600 5646 1835 5701 ofiicium

207 5738 685 5808 teragerejussit,
734 5755 756 5785 ι
793 5746 851 5790 et
873 5753 1019 5790 unm.
1052 5737 1142 5804 21,
1175 5757 1192 5788 ι
1227 5747 1540 5809 p0stquam,
1571 5742 1668 5802 ait,
1695 5738 1838 5792 illius

210 5831 535 5902 sepulturam
599 5827 907 5885 Faventiw
946 5828 1409 5896 relebrassemus,
1466 5831 1697 5900 indeque
1750 5847 1833 5886 ιο»-

1927 1952 2186 2008 tubernio
2209 1959 2340 2005 ante
2372 1963 2462 2003 me
2487 1946 2854 2002 familiaribus
2887 1945 3178 2007 inhzesere,
3211 1951 3427 2014 partem
3451 1957 3546 1998 eo-

1929 2027 2096 2112 rum',
2141 2060 2264 2116 quae
2295 2043 2572 2099 relaturus
2601 2055 2725 2096 sum
2755 2080 2770 2106 ,
2801 2054 2890 2095 me
2932 2052 3001 2092 ex
3043 2037 3216 2107 ipsius
3261 2035 3412 2090 Petri
3455 2050 3554 2090 ore

1929 2137 2241 2210 suscepisse
2261 2135 2510 2192 memini.
2552 2153 2571 2187 ι
2601 2133 2671 2189 Et
2700 2148 2854 2187 num.
2891 2131 2957 2187 18
2988 2149 3000 2184 :
3031 2149 3051 2182 ‹
3089 2129 3281 2199 Saepe,
3332 2127 3552 2198 inquit,

1930 2234 2089 2288 nobis
2136 2230 2350 2286 referre
2398 2227 2633 2284 solebat.
2673 2246 2691 2278 ι
2726 2226 2849 2281 Alia
2883 2226 3052 2280 etiam
3105 2238 3170 2279 ex
3205 2223 3454 2292 ejusdem
3487 2221 3550 2276 Β.

1929 2325 2077 2381 Petri
2108 2323 2388 2393 opusculis
2418 2320 2734 2390 excerpsit;
2789 2319 2864 2372 ita
2895 2334 2949 2371 ιι.
2987 2315 3054 2370 10
3089 2329 3103 2368 :
3151 2333 3171 2367 ¢
3222 2313 3293 2368 Et
3330 2313 3554 2384 quidem

1930 2418 2162 2487 ipsemet
2196 2426 2305 2470 tam
2334 2415 2458 2475 hoc,
2488 2412 2686 2480 inquit,
2719 2424 2885 2479 quam
2924 2407 3072 2462 aliud
3100 2449 3114 2470 ,
3145 2405 3293 2476 quod
3323 2406 3391 2460 de
3433 2403 3554 2476 ejus

1933 2507 2240 2579 abjectione
2267 2514 2520 2561 reccuter
2547 2503 2656 2557 nati
2687 2501 2941 2572 superius
2966 2499 3147 2566 retuli,
3176 2498 3292 2554 suis
3321 2512 3555 2567 opuscu-

1931 2601 1999 2654 lis
2022 2598 2301 2654 exarando
2340 2595 2593 2652 inseruit.
2632 2615 2653 2647 ι
2694 2593 2828 2660 Quae
2858 2608 2911 2648 c.
2963 2592 3018 2646 7.
3049 2591 3117 2646 de
3153 2590 3399 2646 Ecclesia
3444 2587 3557 2645 Me-

1932 2689 2238 2746 diolanensi
2273 2687 2625 2744 reconciliata
2660 2693 2978 2750 narrantur,
3011 2703 3029 2737 ‹
3073 2685 3128 2738 in
3156 2683 3298 2738 libro
3329 2681 3416 2736 cui
3457 2697 3552 2735 vo-

1933 2779 2214 2845 cabulum,
2240 2779 2402 2833 Actus
2433 2776 2749 2841 Mediolani,
2778 2774 3090 2832 luculenter
3117 2773 3386 2845 exprimi,
3419 2793 3438 2825 ι
3478 2771 3558 2828 ait

1932 2887 2054 2942 qua:
2082 2871 2289 2927 eisdem
2309 2870 2514 2941 passim
2537 2869 2722 2925 verbis
2751 2867 2987 2923 servatis
3008 2867 3324 2938 descripsit.
3351 2865 3558 2922 Eodem

1934 2966 2118 3030 modo,
2149 2979 2270 3034 quin
2303 2964 2370 3019 de
2397 2962 2730 3016 institutione
2750 2959 2942 3015 Fontis
2969 2958 3213 3014 Arei/ani
3240 2975 3295 3012 ιι.
3324 2958 3415 3024 lli,
3451 2966 3558 3012 tra-

1932 3059 2157 3125 duntur,
2185 3057 2316 3112 licet
2346 3071 2533 3111 coram
2553 3065 2768 3119 auctor,
2802 3062 2858 3109 et
2883 3051 3259 3123 conspexerit,
3285 3060 3341 3106 et
3367 3049 3561 3105 obser-

1933 3155 2100 3217 varit,
2139 3163 2318 3206 tamen
2343 3168 2408 3206 ex
2446 3165 2636 3220 opusc.
2671 3164 2762 3202 xiv
2790 3156 2845 3202 et
2871 3163 2938 3201 xv
2961 3148 3248 3216 desumpta
3283 3153 3431 3199 sunt.

2008 3246 2094 3300 ll.
2127 3243 2392 3313 Ughellus
2426 3251 2559 3295 tom.
2591 3239 2632 3293 ι.
2667 3238 2837 3293 italiae
2859 3252 3036 3293 sacra:
3071 3237 3127 3291 in
3150 3235 3427 3306 episc0pis
3450 3233 3557 3289 Eu-

1931 3338 2171 3410 gubinis,
2207 3335 2268 3392 S.
2300 3336 2566 3389 Joannem
2597 3329 2929 3384 Lundensem
2969 3335 3317 3400 cognomento
3355 3323 3550 3379 Cram-

1931 3430 2187 3484 maticum
2223 3427 2499 3497 appellat.
2542 3425 2613 3479 ob
2644 3423 2771 3495 styli
2817 3421 3031 3477 scilicet
3074 3418 3411 3491 elegantiam
3437 3459 3454 3486 ,
3492 3425 3548 3474 et

1933 3523 2299 3594 gravitatem,
2334 3535 2454 3590 quze
2486 3517 2601 3572 fere
2635 3531 2805 3584 supra
2856 3514 2956 3569 aevi
2997 3513 3144 3568 illius
3202 3511 3561 3567 consuetudi-

1933 3628 2059 3668 nem
2089 3621 2175 3668 est
2203 3611 2256 3666 in
2290 3611 2393 3665 bac
2427 3608 2546 3662 Vita
2576 3620 2862 3677 expressa.
2891 3604 2995 3659 llic
3036 3617 3172 3676 ergo
3199 3602 3437 3675 diligens
3465 3616 3561 3656 ve-

1933 3706 2118 3761 ritatis
2139 3704 2322 3760 cultor
2341 3744 2355 3767 ,
2387 3701 2604 3756 ﬂorenti
2643 3699 2854 3754 calamo
2879 3714 2966 3753 res
2998 3713 3029 3752 a
3061 3696 3121 3750 Β.
3147 3695 3313 3752 Petro
3342 3704 3550 3768 gestas,

1933 3815 2064 3855 mox
2118 3797 2186 3852 ab
2239 3797 2392 3852 obitu
2449 3792 2568 3863 ejus
2624 3790 2970 3860 descriptas,
3026 3791 3232 3845 dicavit
3284 3787 3561 3859 Liprando

1932 3895 2100 3966 priori
2146 3893 2266 3964 ejus
2318 3889 2626 3947 successori
2659 3902 2673 3941 :
2708 3885 2800 3956 qui
2833 3885 3170 3955 Ariprandus
3205 3883 3392 3939 forsan
3435 3881 3561 3938 aliis

1933 3993 2041 4050 est,
2074 3984 2164 4039 cui
2193 3984 2250 4037 Β.
2283 3981 2486 4036 Petrus
2516 3977 2800 4047 inscripsit
2827 3975 3150 4047 Opusculum
3195 3989 3302 4029 va
3331 3981 3386 4028 et
3411 3988 3562 4038 vat,

1935 4075 2082 4146 quod
2109 4074 2364 4130 ultimum
2392 4073 2468 4127 ita
2501 4071 2787 4126 exorditur
2819 4087 2832 4122 :
2873 4086 2892 4119 ι
2934 4066 3158 4138 Exigis,
3197 4063 3563 4120 dilectissime

1935 4167 2035 4234 fili,
2071 4176 2131 4222 ut
2164 4166 2262 4221 tibi
2290 4164 2497 4234 aliquid
2530 4164 2794 4226 scribam,
2827 4168 2914 4224 et,
2946 4159 3040 4228 qui
3067 4173 3155 4213 ine
3181 4156 3429 4212 dictante
3454 4155 3564 4212 fre-

1934 4270 2171 4329 quenter
2201 4258 2324 4312 aliis
2350 4256 2661 4327 scriptitas,
2701 4263 2762 4308 ut
2806 4253 2902 4308 tibi
2935 4266 3156 4321 quoque
3187 4242 3394 4319 aliquid
3429 4247 3564 4302 scri-

1931 4351 2118 4416 batur,
2149 4348 2441 4420 imploras;
2484 4366 2502 4398 ›
2539 4347 2721 4415 eique,
2754 4360 2843 4414 ep.
2879 4342 2978 4409 l9;
3014 4340 3403 4412 :egritudinum
3436 4353 3568 4393 sua-

1933 4460 2056 4499 rum
2085 4443 2288 4500 seriem
2319 4441 2566 4511 exponit.
2609 4439 2742 4507 Qua:
2774 4437 2876 4494 sub
2913 4436 3078 4491 finem
3109 4435 3177 4490 de
3215 4431 3565 4504 apparitione

1935 4541 2000 4594 Β.
2024 4537 2172 4592 Petri
2204 4551 2349 4591 anno
2374 4535 2514 4590 1080
2545 4535 2688 4590 facta
2713 4533 3022 4595 habentur,
3069 4530 3138 4584 ab
3163 4529 3272 4582 alio
3303 4526 3563 4598 quopiam

1941 4632 2198 4686 videntur
2231 4639 2419 4701 postea
2455 4629 2736 4700 adjuncta,
2765 4637 2826 4682 ut
2848 4625 3050 4681 ibidem
3073 4622 3437 4678 observamus
3462 4660 3478 4685 ,
3510 4627 3568 4675 et

1943 4727 2298 4797 appendicem
2330 4724 2708 4779 inscribimus.

2020 4817 2110 4871 12.
2144 4815 2247 4870 Alii
2279 4830 2405 4870 swc.
2438 4814 2654 4869 decimo
2681 4823 2840 4866 sexto
2867 4811 3113 4881 ejusdem
3151 4810 3213 4865 Β.
3247 4808 3400 4864 Petri
3430 4807 3566 4862 Acta

1945 4925 2046 4964 suo
2080 4909 2223 4980 stle
2252 4916 2597 4964 exornarunt
2642 4923 2672 4960 a
2705 4905 2973 4973 Cajetauo
3000 4921 3126 4960 cum
3158 4903 3402 4958 editione
3452 4899 3564 4955 Ro-

1946 5017 2109 5055 mana
2143 5001 2500 5070 epistolarum
2533 4997 2700 5052 simul
2729 4997 2918 5052 excusi
2940 5041 2953 5061 ,
2988 4997 3084 5052 sed
3114 5005 3304 5066 postea
3359 4995 3413 5048 in
3451 4992 3568 5050 edi-

1942 5093 2093 5146 tione
2115 5090 2461 5162 Lugdnnensi
2485 5131 2498 5154 ,
2528 5089 2718 5145 omissi
2748 5083 2894 5156 quod
2934 5087 3182 5154 ejusdem
3207 5085 3454 5139 Damiani
3482 5098 3571 5139 res

1944 5192 2166 5256 gestas,
2211 5199 2349 5253 quas
2398 5183 2518 5252 ejus
2578 5179 2878 5249 discipulus
2928 5178 3210 5243 Joannes,
3263 5178 3568 5247 eademque

1944 5293 2172 5349 prorsus
2201 5277 2347 5332 serie
2376 5284 2623 5330 narrent.
2660 5272 2868 5327 llornm
2917 5274 3129 5342 primus
3182 5281 3266 5326 est
3323 5267 3564 5325 Joannes

1943 5369 2215 5422 Antonius
2255 5367 2560 5421 Flaminius
2608 5363 3136 5425 Forocorneliensis,
3190 5378 3360 5430 quem
3397 5361 3567 5421 inter,

1949 5470 2003 5516 et
2038 5460 2352 5515 Leandrum
2381 5460 2669 5514 Albertum
2698 5457 2820 5512 ord.
2847 5455 3073 5510 l’i'tedic.
3119 5470 3337 5509 summa
3383 5451 3568 5507 extitit

1950 5557 2262 5610 animorum
2298 5553 2638 5622 conjunctio,
2680 5562 2735 5607 et
2765 5561 2952 5605 mutua
2983 5549 3288 5604 studiorum
3317 5561 3564 5601 contmn-

1949 5649 2170 5703 nicatio.
2201 5649 2278 5702 llli
2318 5647 2567 5700 Leander
2597 5649 2692 5699 an.
2727 5644 2866 5700 1516
2909 5642 3190 5710 inscripsit
3223 5639 3376 5693 Vitas
3408 5652 3569 5706 gene-

1955 5739 2149 5792 ralium
2191 5738 2313 5791 ord.
2370 5737 2548 5791 Paed.
2613 5755 2642 5790 a
2697 5736 2758 5790 Β.
2813 5734 3054 5789 Jordauo
3121 5745 3443 5787 successore
3498 5727 3558 5780 S.

1958 5830 2224 5887 Dozninici
2253 5846 2423 5899 usque
2470 5829 2534 5882 ad
2565 5827 2834 5884 Thomam
2867 5825 3192 5892 Cﬂjt'l"tttttlt
3224 5865 3235 5886 ,
3266 5835 3385 5891 qua:
3424 5816 3563 5872 Vita:
