  <div class='ocr_page' id='page_1' title='image "/cluster/home/n/w/nwhite01/storage/ocr_20150623/144-145/uc1.31175001639262/056.png"; bbox 0 0 4040 6414; ppageno 0'>
   <div class='ocr_carea' id='block_1_1' title="bbox 259 363 3545 432">
    <p class='ocr_par' dir='ltr' id='par_1_1' title="bbox 259 363 3545 432">
     <span class='ocr_line' id='line_1_1' title="bbox 259 363 3545 432; baseline -0.002 0"><span class='ocrx_word' id='word_1_1' title='bbox 259 377 314 432; x_wconf 78' lang='lat'><strong>97</strong></span> <span class='ocrx_word' id='word_1_2' title='bbox 699 374 1233 432; x_wconf 67' lang='lat' dir='ltr'><strong>PROLEGOMENA.</strong></span> <span class='ocrx_word' id='word_1_3' title='bbox 1277 405 1346 415; x_wconf 91' lang='lat'><strong>-—</strong></span> <span class='ocrx_word' id='word_1_4' title='bbox 1374 374 1464 429; x_wconf 78' lang='lat' dir='ltr'><strong>DE</strong></span> <span class='ocrx_word' id='word_1_5' title='bbox 1494 370 1550 428; x_wconf 88' lang='lat' dir='ltr'><strong>S.</strong></span> <span class='ocrx_word' id='word_1_6' title='bbox 1585 369 1817 427; x_wconf 82' lang='lat' dir='ltr'><strong>PETRO</strong></span> <span class='ocrx_word' id='word_1_7' title='bbox 1851 367 2165 426; x_wconf 69' lang='lat' dir='ltr'><strong>DAMIANO</strong></span> <span class='ocrx_word' id='word_1_8' title='bbox 2208 367 2628 427; x_wconf 80' lang='lat' dir='ltr'><strong>llENSCllENll</strong></span> <span class='ocrx_word' id='word_1_9' title='bbox 2655 363 3034 425; x_wconf 23' lang='lat' dir='ltr'><strong>COMMENT.‘</strong></span> <span class='ocrx_word' id='word_1_10' title='bbox 3477 372 3545 427; x_wconf 85' lang='lat'><strong>98</strong></span> 
     </span>
    </p>
   </div>
   <div class='ocr_carea' id='block_1_2' title="bbox 253 469 3554 565">
    <p class='ocr_par' dir='ltr' id='par_1_2' title="bbox 253 469 3554 565">
     <span class='ocr_line' id='line_1_2' title="bbox 253 469 3554 565; baseline 0.002 -29"><span class='ocrx_word' id='word_1_11' title='bbox 253 501 498 565; x_wconf 71' lang='lat' dir='ltr'><strong>peragere</strong></span> <span class='ocrx_word' id='word_1_12' title='bbox 553 487 729 543; x_wconf 89' lang='lat' dir='ltr'><strong>solere</strong></span> <span class='ocrx_word' id='word_1_13' title='bbox 756 529 771 553; x_wconf 92' lang='lat'><strong>,</strong></span> <span class='ocrx_word' id='word_1_14' title='bbox 824 488 1066 558; x_wconf 75' lang='lat' dir='ltr'><strong>exceptis</strong></span> <span class='ocrx_word' id='word_1_15' title='bbox 1118 487 1292 542; x_wconf 91' lang='lat' dir='ltr'><strong>tribus</strong></span> <span class='ocrx_word' id='word_1_16' title='bbox 1353 485 1794 541; x_wconf 78' lang='lat' dir='ltr'><strong>solemnitatibus</strong></span> <span class='ocrx_word' id='word_1_17' title='bbox 1820 525 1833 548; x_wconf 90' lang='lat'><strong>,</strong></span> <span class='ocrx_word' id='word_1_18' title='bbox 1865 495 1913 554; x_wconf 78' lang='grc' dir='ltr'>Α</span> <span class='ocrx_word' id='word_1_19' title='bbox 1943 482 2274 552; x_wconf 74' lang='lat' dir='ltr'><strong>possibilitas</strong></span> <span class='ocrx_word' id='word_1_20' title='bbox 2315 469 2684 536; x_wconf 82' lang='lat' dir='ltr'><strong>administrat.</strong></span> <span class='ocrx_word' id='word_1_21' title='bbox 2729 481 3000 536; x_wconf 81' lang='lat' dir='ltr'><strong>Horarum</strong></span> <span class='ocrx_word' id='word_1_22' title='bbox 3032 490 3213 535; x_wconf 90' lang='lat' dir='ltr'><strong>autem</strong></span> <span class='ocrx_word' id='word_1_23' title='bbox 3254 483 3554 553; x_wconf 82' lang='lat' dir='ltr'><strong>psalmodia</strong></span> 
     </span>
    </p>
   </div>
   <div class='ocr_carea' id='block_1_3' title="bbox 255 578 1838 643">
    <p class='ocr_par' dir='ltr' id='par_1_3' title="bbox 255 578 1838 643">
     <span class='ocr_line' id='line_1_3' title="bbox 255 578 1838 643; baseline -0.006 -4"><span class='ocrx_word' id='word_1_24' title='bbox 255 581 408 640; x_wconf 92' lang='lat' dir='ltr'><strong>sancti</strong></span> <span class='ocrx_word' id='word_1_25' title='bbox 439 579 696 635; x_wconf 91' lang='lat' dir='ltr'><strong>videlicet</strong></span> <span class='ocrx_word' id='word_1_26' title='bbox 729 580 980 643; x_wconf 74' lang='lat' dir='ltr'><strong>Audrem,</strong></span> <span class='ocrx_word' id='word_1_27' title='bbox 1013 589 1068 636; x_wconf 91' lang='lat' dir='ltr'><strong>et</strong></span> <span class='ocrx_word' id='word_1_28' title='bbox 1103 579 1160 634; x_wconf 98' lang='grc'><strong>8.</strong></span> <span class='ocrx_word' id='word_1_29' title='bbox 1199 578 1496 641; x_wconf 80' lang='lat' dir='ltr'><strong>Benedicti,</strong></span> <span class='ocrx_word' id='word_1_30' title='bbox 1525 587 1578 633; x_wconf 89' lang='lat' dir='ltr'><strong>et</strong></span> <span class='ocrx_word' id='word_1_31' title='bbox 1609 578 1838 632; x_wconf 85' lang='lat' dir='ltr'><strong>Attuun-</strong></span> 
     </span>
    </p>
   </div>
   <div class='ocr_carea' id='block_1_4' title="bbox 256 667 1837 728">
    <p class='ocr_par' dir='ltr' id='par_1_4' title="bbox 256 667 1837 728">
     <span class='ocr_line' id='line_1_4' title="bbox 256 667 1837 728; baseline -0.005 0"><span class='ocrx_word' id='word_1_32' title='bbox 256 669 482 728; x_wconf 87' lang='lat' dir='ltr'><strong>tiatiouis</strong></span> <span class='ocrx_word' id='word_1_33' title='bbox 520 670 835 724; x_wconf 70' lang='lat' dir='ltr'><strong>Domitiieae.</strong></span> <span class='ocrx_word' id='word_1_34' title='bbox 865 688 881 720; x_wconf 83' lang='lat' dir='ltr'><strong>I</strong></span> <span class='ocrx_word' id='word_1_35' title='bbox 917 669 1014 723; x_wconf 83' lang='lat' dir='ltr'><strong>Est</strong></span> <span class='ocrx_word' id='word_1_36' title='bbox 1042 684 1256 724; x_wconf 87' lang='lat' dir='ltr'><strong>eremns</strong></span> <span class='ocrx_word' id='word_1_37' title='bbox 1300 669 1390 722; x_wconf 85' lang='lat' dir='ltr'><strong>illa</strong></span> <span class='ocrx_word' id='word_1_38' title='bbox 1421 668 1600 722; x_wconf 86' lang='lat' dir='ltr'><strong>dicata</strong></span> <span class='ocrx_word' id='word_1_39' title='bbox 1631 667 1689 723; x_wconf 91' lang='lat' dir='ltr'><strong>S.</strong></span> <span class='ocrx_word' id='word_1_40' title='bbox 1723 667 1837 720; x_wconf 79' lang='lat' dir='ltr'><strong>An-</strong></span> 
     </span>
    </p>
   </div>
   <div class='ocr_carea' id='block_1_5' title="bbox 252 757 1837 825">
    <p class='ocr_par' dir='ltr' id='par_1_5' title="bbox 252 757 1837 825">
     <span class='ocr_line' id='line_1_5' title="bbox 252 757 1837 825; baseline -0.003 -9"><span class='ocrx_word' id='word_1_41' title='bbox 252 764 408 825; x_wconf 77' lang='lat' dir='ltr'><strong>dme,</strong></span> <span class='ocrx_word' id='word_1_42' title='bbox 442 762 587 814; x_wconf 89' lang='lat' dir='ltr'><strong>unde</strong></span> <span class='ocrx_word' id='word_1_43' title='bbox 626 769 680 814; x_wconf 89' lang='lat' dir='ltr'><strong>et</strong></span> <span class='ocrx_word' id='word_1_44' title='bbox 709 761 1081 814; x_wconf 73' lang='lat' dir='ltr'><strong>monasterium</strong></span> <span class='ocrx_word' id='word_1_45' title='bbox 1113 759 1171 814; x_wconf 87' lang='lat' dir='ltr'><strong>S.</strong></span> <span class='ocrx_word' id='word_1_46' title='bbox 1217 759 1442 814; x_wconf 67' lang='lat' dir='ltr'><strong>Andreas</strong></span> <span class='ocrx_word' id='word_1_47' title='bbox 1477 761 1541 813; x_wconf 82' lang='lat' dir='ltr'><strong>de</strong></span> <span class='ocrx_word' id='word_1_48' title='bbox 1587 757 1837 813; x_wconf 76' lang='lat' dir='ltr'><strong>Arellana</strong></span> 
     </span>
    </p>
   </div>
   <div class='ocr_carea' id='block_1_6' title="bbox 253 851 1835 921">
    <p class='ocr_par' dir='ltr' id='par_1_6' title="bbox 253 851 1835 921">
     <span class='ocr_line' id='line_1_6' title="bbox 253 851 1835 921; baseline -0.001 -14"><span class='ocrx_word' id='word_1_49' title='bbox 253 853 346 908; x_wconf 91' lang='lat' dir='ltr'><strong>dici</strong></span> <span class='ocrx_word' id='word_1_50' title='bbox 377 852 579 920; x_wconf 83' lang='lat' dir='ltr'><strong>legitur</strong></span> <span class='ocrx_word' id='word_1_51' title='bbox 606 853 746 920; x_wconf 85' lang='lat' dir='ltr'><strong>apud</strong></span> <span class='ocrx_word' id='word_1_52' title='bbox 775 851 1138 921; x_wconf 79' lang='lat' dir='ltr'><strong>Augustinum</strong></span> <span class='ocrx_word' id='word_1_53' title='bbox 1169 852 1574 915; x_wconf 83' lang='lat' dir='ltr'><strong>Florentiuum,</strong></span> <span class='ocrx_word' id='word_1_54' title='bbox 1609 852 1835 906; x_wconf 83' lang='lat' dir='ltr'><strong>citatum</strong></span> 
     </span>
    </p>
   </div>
   <div class='ocr_carea' id='block_1_7' title="bbox 249 941 1836 1014">
    <p class='ocr_par' dir='ltr' id='par_1_7' title="bbox 249 941 1836 1014">
     <span class='ocr_line' id='line_1_7' title="bbox 249 941 1836 1014; baseline -0.001 -16"><span class='ocrx_word' id='word_1_55' title='bbox 249 959 276 998; x_wconf 77' lang='grc' dir='ltr'><strong>ι</strong></span> <span class='ocrx_word' id='word_1_56' title='bbox 303 942 499 996; x_wconf 82' lang='lat' dir='ltr'><strong>Wione</strong></span> <span class='ocrx_word' id='word_1_57' title='bbox 528 941 621 996; x_wconf 85' lang='lat' dir='ltr'><strong>lib.</strong></span> <span class='ocrx_word' id='word_1_58' title='bbox 653 959 690 996; x_wconf 93' lang='grc' dir='ltr'><strong>ιι</strong></span> <span class='ocrx_word' id='word_1_59' title='bbox 720 941 874 1014; x_wconf 78' lang='lat' dir='ltr'><strong>Ligni</strong></span> <span class='ocrx_word' id='word_1_60' title='bbox 905 943 1028 996; x_wconf 74' lang='lat' dir='ltr'><strong>vita:</strong></span> <span class='ocrx_word' id='word_1_61' title='bbox 1056 958 1177 1011; x_wconf 90' lang='lat' dir='ltr'><strong>cap.</strong></span> <span class='ocrx_word' id='word_1_62' title='bbox 1212 942 1265 997; x_wconf 83' lang='lat'><strong>9.</strong></span> <span class='ocrx_word' id='word_1_63' title='bbox 1299 943 1368 996; x_wconf 78' lang='lat' dir='ltr'><strong>At</strong></span> <span class='ocrx_word' id='word_1_64' title='bbox 1393 942 1450 996; x_wconf 90' lang='lat' dir='ltr'><strong>S.</strong></span> <span class='ocrx_word' id='word_1_65' title='bbox 1483 941 1836 997; x_wconf 84' lang='lat' dir='ltr'><strong>Benedictum</strong></span> 
     </span>
    </p>
   </div>
   <div class='ocr_carea' id='block_1_8' title="bbox 251 1034 1838 1106">
    <p class='ocr_par' dir='ltr' id='par_1_8' title="bbox 251 1034 1838 1106">
     <span class='ocr_line' id='line_1_8' title="bbox 251 1034 1838 1106; baseline 0 -16"><span class='ocrx_word' id='word_1_66' title='bbox 251 1038 296 1090; x_wconf 93' lang='lat' dir='ltr'><strong>iu</strong></span> <span class='ocrx_word' id='word_1_67' title='bbox 322 1036 742 1106; x_wconf 75' lang='lat' dir='ltr'><strong>congregatione</strong></span> <span class='ocrx_word' id='word_1_68' title='bbox 761 1036 928 1088; x_wconf 88' lang='lat' dir='ltr'><strong>eremi</strong></span> <span class='ocrx_word' id='word_1_69' title='bbox 955 1034 1145 1090; x_wconf 85' lang='lat' dir='ltr'><strong>Fontis</strong></span> <span class='ocrx_word' id='word_1_70' title='bbox 1165 1034 1408 1088; x_wconf 83' lang='lat' dir='ltr'><strong>Avellaui</strong></span> <span class='ocrx_word' id='word_1_71' title='bbox 1433 1043 1720 1104; x_wconf 87' lang='lat' dir='ltr'><strong>patronum</strong></span> <span class='ocrx_word' id='word_1_72' title='bbox 1744 1050 1838 1090; x_wconf 86' lang='lat' dir='ltr'><strong>eo-</strong></span> 
     </span>
    </p>
   </div>
   <div class='ocr_carea' id='block_1_9' title="bbox 247 1126 1837 1190">
    <p class='ocr_par' dir='ltr' id='par_1_9' title="bbox 247 1126 1837 1190">
     <span class='ocr_line' id='line_1_9' title="bbox 247 1126 1837 1190; baseline 0.002 -11"><span class='ocrx_word' id='word_1_73' title='bbox 247 1126 491 1189; x_wconf 88' lang='lat' dir='ltr'><strong>lucrunt,</strong></span> <span class='ocrx_word' id='word_1_74' title='bbox 544 1141 648 1179; x_wconf 92' lang='lat' dir='ltr'><strong>non</strong></span> <span class='ocrx_word' id='word_1_75' title='bbox 688 1134 748 1178; x_wconf 92' lang='lat' dir='ltr'><strong>ut</strong></span> <span class='ocrx_word' id='word_1_76' title='bbox 787 1127 1108 1190; x_wconf 74' lang='lat' dir='ltr'><strong>emnobitae,</strong></span> <span class='ocrx_word' id='word_1_77' title='bbox 1147 1141 1334 1180; x_wconf 90' lang='lat' dir='ltr'><strong>vermn</strong></span> <span class='ocrx_word' id='word_1_78' title='bbox 1386 1135 1445 1179; x_wconf 91' lang='lat' dir='ltr'><strong>ut</strong></span> <span class='ocrx_word' id='word_1_79' title='bbox 1492 1127 1837 1182; x_wconf 69' lang='lat' dir='ltr'><strong>anachoreta:</strong></span> 
     </span>
    </p>
   </div>
   <div class='ocr_carea' id='block_1_10' title="bbox 246 1218 1834 1289">
    <p class='ocr_par' dir='ltr' id='par_1_10' title="bbox 246 1218 1834 1289">
     <span class='ocr_line' id='line_1_10' title="bbox 246 1218 1834 1289; baseline 0.001 -17"><span class='ocrx_word' id='word_1_80' title='bbox 246 1218 350 1272; x_wconf 84' lang='lat' dir='ltr'><strong>sive</strong></span> <span class='ocrx_word' id='word_1_81' title='bbox 387 1218 634 1272; x_wconf 68' lang='lat' dir='ltr'><strong>cremitzc</strong></span> <span class='ocrx_word' id='word_1_82' title='bbox 657 1257 671 1283; x_wconf 93' lang='lat'><strong>,</strong></span> <span class='ocrx_word' id='word_1_83' title='bbox 707 1233 940 1287; x_wconf 88' lang='lat' dir='ltr'><strong>quormn</strong></span> <span class='ocrx_word' id='word_1_84' title='bbox 981 1219 1149 1273; x_wconf 91' lang='lat' dir='ltr'><strong>vitam</strong></span> <span class='ocrx_word' id='word_1_85' title='bbox 1192 1218 1576 1288; x_wconf 88' lang='lat' dir='ltr'><strong>perfectiorem</strong></span> <span class='ocrx_word' id='word_1_86' title='bbox 1606 1259 1620 1284; x_wconf 91' lang='lat'><strong>,</strong></span> <span class='ocrx_word' id='word_1_87' title='bbox 1669 1228 1834 1289; x_wconf 84' lang='lat' dir='ltr'><strong>quam</strong></span> 
     </span>
    </p>
   </div>
   <div class='ocr_carea' id='block_1_11' title="bbox 243 1310 1836 1380">
    <p class='ocr_par' dir='ltr' id='par_1_11' title="bbox 243 1310 1836 1380">
     <span class='ocr_line' id='line_1_11' title="bbox 243 1310 1836 1380; baseline 0 -14"><span class='ocrx_word' id='word_1_88' title='bbox 243 1310 655 1373; x_wconf 75' lang='lat' dir='ltr'><strong>cmuobitarum,</strong></span> <span class='ocrx_word' id='word_1_89' title='bbox 685 1325 807 1364; x_wconf 90' lang='lat' dir='ltr'><strong>esse</strong></span> <span class='ocrx_word' id='word_1_90' title='bbox 837 1311 995 1365; x_wconf 84' lang='lat' dir='ltr'><strong>docet</strong></span> <span class='ocrx_word' id='word_1_91' title='bbox 1027 1311 1274 1380; x_wconf 90' lang='lat' dir='ltr'><strong>pluribus</strong></span> <span class='ocrx_word' id='word_1_92' title='bbox 1303 1311 1363 1365; x_wconf 93' lang='grc' dir='ltr'><strong>Β.</strong></span> <span class='ocrx_word' id='word_1_93' title='bbox 1399 1311 1591 1368; x_wconf 83' lang='lat' dir='ltr'><strong>Petrus</strong></span> <span class='ocrx_word' id='word_1_94' title='bbox 1620 1313 1836 1367; x_wconf 86' lang='lat' dir='ltr'><strong>Damia-</strong></span> 
     </span>
    </p>
   </div>
   <div class='ocr_carea' id='block_1_12' title="bbox 242 1402 1835 1472">
    <p class='ocr_par' dir='ltr' id='par_1_12' title="bbox 242 1402 1835 1472">
     <span class='ocr_line' id='line_1_12' title="bbox 242 1402 1835 1472; baseline 0.001 -14"><span class='ocrx_word' id='word_1_95' title='bbox 242 1420 357 1467; x_wconf 82' lang='lat' dir='ltr'><strong>nus.</strong></span> <span class='ocrx_word' id='word_1_96' title='bbox 384 1403 420 1456; x_wconf 92' lang='lat' dir='ltr'><strong>l.</strong></span> <span class='ocrx_word' id='word_1_97' title='bbox 452 1419 530 1466; x_wconf 77' lang='lat' dir='ltr'><strong>vi,</strong></span> <span class='ocrx_word' id='word_1_98' title='bbox 555 1417 640 1470; x_wconf 89' lang='lat' dir='ltr'><strong>ep.</strong></span> <span class='ocrx_word' id='word_1_99' title='bbox 674 1402 758 1467; x_wconf 75' lang='lat' dir='ltr'><strong>l2,</strong></span> <span class='ocrx_word' id='word_1_100' title='bbox 784 1418 851 1457; x_wconf 83' lang='lat' dir='ltr'><strong>ex</strong></span> <span class='ocrx_word' id='word_1_101' title='bbox 875 1403 1006 1472; x_wconf 86' lang='lat' dir='ltr'><strong>ipsis</strong></span> <span class='ocrx_word' id='word_1_102' title='bbox 1029 1403 1086 1458; x_wconf 91' lang='lat' dir='ltr'><strong>S.</strong></span> <span class='ocrx_word' id='word_1_103' title='bbox 1117 1403 1392 1459; x_wconf 85' lang='lat' dir='ltr'><strong>Benedicti</strong></span> <span class='ocrx_word' id='word_1_104' title='bbox 1421 1405 1623 1459; x_wconf 83' lang='lat' dir='ltr'><strong>verbis.</strong></span> <span class='ocrx_word' id='word_1_105' title='bbox 1659 1424 1676 1455; x_wconf 76' lang='grc' dir='ltr'><strong>ε</strong></span> <span class='ocrx_word' id='word_1_106' title='bbox 1709 1404 1835 1460; x_wconf 71' lang='grc' dir='ltr'>11.εο</span> 
     </span>
    </p>
   </div>
   <div class='ocr_carea' id='block_1_13' title="bbox 239 1496 1833 1566">
    <p class='ocr_par' dir='ltr' id='par_1_13' title="bbox 239 1496 1833 1566">
     <span class='ocr_line' id='line_1_13' title="bbox 239 1496 1833 1566; baseline 0.002 -16"><span class='ocrx_word' id='word_1_107' title='bbox 239 1496 434 1564; x_wconf 85' lang='lat' dir='ltr'><strong>itaque,</strong></span> <span class='ocrx_word' id='word_1_108' title='bbox 476 1496 669 1565; x_wconf 83' lang='lat' dir='ltr'><strong>inquit,</strong></span> <span class='ocrx_word' id='word_1_109' title='bbox 710 1505 896 1550; x_wconf 87' lang='lat' dir='ltr'><strong>nostra</strong></span> <span class='ocrx_word' id='word_1_110' title='bbox 928 1512 1032 1549; x_wconf 87' lang='lat' dir='ltr'><strong>non</strong></span> <span class='ocrx_word' id='word_1_111' title='bbox 1059 1507 1205 1562; x_wconf 90' lang='lat' dir='ltr'><strong>sunt,</strong></span> <span class='ocrx_word' id='word_1_112' title='bbox 1253 1499 1348 1552; x_wconf 90' lang='lat' dir='ltr'><strong>sed</strong></span> <span class='ocrx_word' id='word_1_113' title='bbox 1384 1496 1627 1566; x_wconf 86' lang='lat' dir='ltr'><strong>ejusdem</strong></span> <span class='ocrx_word' id='word_1_114' title='bbox 1654 1497 1833 1554; x_wconf 86' lang='lat' dir='ltr'><strong>Patris</strong></span> 
     </span>
    </p>
   </div>
   <div class='ocr_carea' id='block_1_14' title="bbox 237 1586 1831 1659">
    <p class='ocr_par' dir='ltr' id='par_1_14' title="bbox 237 1586 1831 1659">
     <span class='ocr_line' id='line_1_14' title="bbox 237 1586 1831 1659; baseline 0.002 -17"><span class='ocrx_word' id='word_1_115' title='bbox 237 1589 402 1642; x_wconf 79' lang='lat' dir='ltr'><strong>nostri</strong></span> <span class='ocrx_word' id='word_1_116' title='bbox 431 1589 598 1642; x_wconf 86' lang='lat' dir='ltr'><strong>verba</strong></span> <span class='ocrx_word' id='word_1_117' title='bbox 631 1607 644 1640; x_wconf 92' lang='lat'><strong>:</strong></span> <span class='ocrx_word' id='word_1_118' title='bbox 679 1586 1012 1653; x_wconf 87' lang='lat' dir='ltr'><strong>Secundum,</strong></span> <span class='ocrx_word' id='word_1_119' title='bbox 1045 1589 1241 1658; x_wconf 82' lang='lat' dir='ltr'><strong>inquit,</strong></span> <span class='ocrx_word' id='word_1_120' title='bbox 1272 1603 1444 1659; x_wconf 78' lang='lat' dir='ltr'><strong>genus</strong></span> <span class='ocrx_word' id='word_1_121' title='bbox 1473 1597 1554 1644; x_wconf 90' lang='lat' dir='ltr'><strong>est</strong></span> <span class='ocrx_word' id='word_1_122' title='bbox 1589 1590 1831 1645; x_wconf 88' lang='lat' dir='ltr'><strong>anacho-</strong></span> 
     </span>
    </p>
   </div>
   <div class='ocr_carea' id='block_1_15' title="bbox 236 1678 1828 1751">
    <p class='ocr_par' dir='ltr' id='par_1_15' title="bbox 236 1678 1828 1751">
     <span class='ocr_line' id='line_1_15' title="bbox 236 1678 1828 1751; baseline 0.001 -17"><span class='ocrx_word' id='word_1_123' title='bbox 236 1689 497 1743; x_wconf 83' lang='lat' dir='ltr'><strong>retarum,</strong></span> <span class='ocrx_word' id='word_1_124' title='bbox 533 1678 582 1731; x_wconf 87' lang='lat' dir='ltr'><strong>id</strong></span> <span class='ocrx_word' id='word_1_125' title='bbox 617 1689 722 1744; x_wconf 90' lang='lat' dir='ltr'><strong>est,</strong></span> <span class='ocrx_word' id='word_1_126' title='bbox 753 1680 1103 1734; x_wconf 88' lang='lat' dir='ltr'><strong>eremitarum</strong></span> <span class='ocrx_word' id='word_1_127' title='bbox 1135 1697 1147 1733; x_wconf 89' lang='lat'><strong>:</strong></span> <span class='ocrx_word' id='word_1_128' title='bbox 1184 1681 1376 1735; x_wconf 92' lang='lat' dir='ltr'><strong>horum</strong></span> <span class='ocrx_word' id='word_1_129' title='bbox 1423 1681 1515 1751; x_wconf 93' lang='lat' dir='ltr'><strong>qui</strong></span> <span class='ocrx_word' id='word_1_130' title='bbox 1546 1695 1651 1735; x_wconf 90' lang='lat' dir='ltr'><strong>non</strong></span> <span class='ocrx_word' id='word_1_131' title='bbox 1693 1697 1828 1736; x_wconf 90' lang='lat' dir='ltr'><strong>con-</strong></span> 
     </span>
    </p>
   </div>
   <div class='ocr_carea' id='block_1_16' title="bbox 235 1770 1830 1844">
    <p class='ocr_par' dir='ltr' id='par_1_16' title="bbox 235 1770 1830 1844">
     <span class='ocr_line' id='line_1_16' title="bbox 235 1770 1830 1844; baseline 0.004 -21"><span class='ocrx_word' id='word_1_132' title='bbox 235 1771 499 1827; x_wconf 88' lang='lat' dir='ltr'><strong>versionis</strong></span> <span class='ocrx_word' id='word_1_133' title='bbox 533 1770 747 1826; x_wconf 89' lang='lat' dir='ltr'><strong>fervore</strong></span> <span class='ocrx_word' id='word_1_134' title='bbox 780 1772 1004 1836; x_wconf 89' lang='lat' dir='ltr'><strong>uovitio,</strong></span> <span class='ocrx_word' id='word_1_135' title='bbox 1037 1773 1131 1828; x_wconf 89' lang='lat' dir='ltr'><strong>sed</strong></span> <span class='ocrx_word' id='word_1_136' title='bbox 1163 1774 1478 1827; x_wconf 86' lang='lat' dir='ltr'><strong>monasterii</strong></span> <span class='ocrx_word' id='word_1_137' title='bbox 1508 1775 1830 1844; x_wconf 83' lang='lat' dir='ltr'><strong>probatione</strong></span> 
     </span>
    </p>
   </div>
   <div class='ocr_carea' id='block_1_17' title="bbox 1942 571 3555 646">
    <p class='ocr_par' dir='ltr' id='par_1_17' title="bbox 1942 571 3555 646">
     <span class='ocr_line' id='line_1_17' title="bbox 1942 571 3555 646; baseline 0.002 -20"><span class='ocrx_word' id='word_1_138' title='bbox 1942 572 2204 627; x_wconf 88' lang='lat' dir='ltr'><strong>canonica</strong></span> <span class='ocrx_word' id='word_1_139' title='bbox 2234 572 2481 637; x_wconf 87' lang='lat' dir='ltr'><strong>omnino,</strong></span> <span class='ocrx_word' id='word_1_140' title='bbox 2513 572 2655 627; x_wconf 88' lang='lat' dir='ltr'><strong>sicut</strong></span> <span class='ocrx_word' id='word_1_141' title='bbox 2683 571 2743 625; x_wconf 89' lang='lat' dir='ltr'><strong>lit</strong></span> <span class='ocrx_word' id='word_1_142' title='bbox 2770 573 2823 626; x_wconf 91' lang='lat' dir='ltr'><strong>in</strong></span> <span class='ocrx_word' id='word_1_143' title='bbox 2850 573 3203 638; x_wconf 88' lang='lat' dir='ltr'><strong>monasterio,</strong></span> <span class='ocrx_word' id='word_1_144' title='bbox 3236 574 3308 628; x_wconf 89' lang='lat' dir='ltr'><strong>ita</strong></span> <span class='ocrx_word' id='word_1_145' title='bbox 3335 574 3423 630; x_wconf 89' lang='lat' dir='ltr'><strong>hic</strong></span> <span class='ocrx_word' id='word_1_146' title='bbox 3455 591 3555 646; x_wconf 89' lang='lat' dir='ltr'><strong>per</strong></span> 
     </span>
    </p>
   </div>
   <div class='ocr_carea' id='block_1_18' title="bbox 1939 663 3554 734">
    <p class='ocr_par' dir='ltr' id='par_1_18' title="bbox 1939 663 3554 734">
     <span class='ocr_line' id='line_1_18' title="bbox 1939 663 3554 734; baseline 0.003 -17"><span class='ocrx_word' id='word_1_147' title='bbox 1939 663 2187 718; x_wconf 88' lang='lat' dir='ltr'><strong>ordinem</strong></span> <span class='ocrx_word' id='word_1_148' title='bbox 2241 663 2597 719; x_wconf 89' lang='lat' dir='ltr'><strong>nihilomimts</strong></span> <span class='ocrx_word' id='word_1_149' title='bbox 2641 663 2990 734; x_wconf 89' lang='lat' dir='ltr'><strong>adimpletur.</strong></span> <span class='ocrx_word' id='word_1_150' title='bbox 3024 683 3042 716; x_wconf 75' lang='grc' dir='ltr'><strong>ι</strong></span> <span class='ocrx_word' id='word_1_151' title='bbox 3085 664 3164 719; x_wconf 79' lang='lat' dir='ltr'><strong>Ac</strong></span> <span class='ocrx_word' id='word_1_152' title='bbox 3214 667 3376 734; x_wconf 89' lang='lat' dir='ltr'><strong>paulo</strong></span> <span class='ocrx_word' id='word_1_153' title='bbox 3413 668 3554 723; x_wconf 62' lang='lat' dir='ltr'><strong>infe-</strong></span> 
     </span>
    </p>
   </div>
   <div class='ocr_carea' id='block_1_19' title="bbox 1940 755 3553 827">
    <p class='ocr_par' dir='ltr' id='par_1_19' title="bbox 1940 755 3553 827">
     <span class='ocr_line' id='line_1_19' title="bbox 1940 755 3553 827; baseline 0.004 -18"><span class='ocrx_word' id='word_1_154' title='bbox 1940 756 2103 810; x_wconf 89' lang='lat' dir='ltr'><strong>rius:</strong></span> <span class='ocrx_word' id='word_1_155' title='bbox 2148 773 2167 806; x_wconf 73' lang='grc' dir='ltr'><strong>ι</strong></span> <span class='ocrx_word' id='word_1_156' title='bbox 2203 755 2470 827; x_wconf 77' lang='lat' dir='ltr'><strong>Regulare</strong></span> <span class='ocrx_word' id='word_1_157' title='bbox 2508 765 2620 817; x_wconf 89' lang='lat' dir='ltr'><strong>est,</strong></span> <span class='ocrx_word' id='word_1_158' title='bbox 2673 756 2886 825; x_wconf 85' lang='lat' dir='ltr'><strong>inquit,</strong></span> <span class='ocrx_word' id='word_1_159' title='bbox 2935 757 3317 823; x_wconf 87' lang='lat' dir='ltr'><strong>monasteriis,</strong></span> <span class='ocrx_word' id='word_1_160' title='bbox 3359 768 3419 813; x_wconf 92' lang='lat' dir='ltr'><strong>ut</strong></span> <span class='ocrx_word' id='word_1_161' title='bbox 3461 760 3553 826; x_wconf 89' lang='lat' dir='ltr'><strong>hi,</strong></span> 
     </span>
    </p>
   </div>
   <div class='ocr_carea' id='block_1_20' title="bbox 1939 845 3554 918">
    <p class='ocr_par' dir='ltr' id='par_1_20' title="bbox 1939 845 3554 918">
     <span class='ocr_line' id='line_1_20' title="bbox 1939 845 3554 918; baseline 0.004 -18"><span class='ocrx_word' id='word_1_162' title='bbox 1939 847 2031 916; x_wconf 90' lang='lat' dir='ltr'><strong>qui</strong></span> <span class='ocrx_word' id='word_1_163' title='bbox 2061 847 2113 901; x_wconf 91' lang='lat' dir='ltr'><strong>in</strong></span> <span class='ocrx_word' id='word_1_164' title='bbox 2144 847 2233 901; x_wconf 90' lang='lat' dir='ltr'><strong>via</strong></span> <span class='ocrx_word' id='word_1_165' title='bbox 2275 847 2606 918; x_wconf 77' lang='lat' dir='ltr'><strong>diriguntur,</strong></span> <span class='ocrx_word' id='word_1_166' title='bbox 2639 845 2772 902; x_wconf 90' lang='lat' dir='ltr'><strong>foris</strong></span> <span class='ocrx_word' id='word_1_167' title='bbox 2803 863 2912 901; x_wconf 91' lang='lat' dir='ltr'><strong>non</strong></span> <span class='ocrx_word' id='word_1_168' title='bbox 2941 849 3266 914; x_wconf 88' lang='lat' dir='ltr'><strong>comedant,</strong></span> <span class='ocrx_word' id='word_1_169' title='bbox 3299 852 3342 904; x_wconf 91' lang='lat' dir='ltr'><strong>si</strong></span> <span class='ocrx_word' id='word_1_170' title='bbox 3371 868 3434 906; x_wconf 91' lang='lat' dir='ltr'><strong>eo</strong></span> <span class='ocrx_word' id='word_1_171' title='bbox 3463 853 3554 908; x_wconf 89' lang='lat' dir='ltr'><strong>die</strong></span> 
     </span>
    </p>
   </div>
   <div class='ocr_carea' id='block_1_21' title="bbox 1937 938 3546 1008">
    <p class='ocr_par' dir='ltr' id='par_1_21' title="bbox 1937 938 3546 1008">
     <span class='ocr_line' id='line_1_21' title="bbox 1937 938 3546 1008; baseline 0.003 -16"><span class='ocrx_word' id='word_1_172' title='bbox 1937 947 2160 1008; x_wconf 81' lang='lat' dir='ltr'><strong>sperant</strong></span> <span class='ocrx_word' id='word_1_173' title='bbox 2185 939 2388 994; x_wconf 82' lang='lat' dir='ltr'><strong>reverti</strong></span> <span class='ocrx_word' id='word_1_174' title='bbox 2415 939 2532 994; x_wconf 91' lang='lat' dir='ltr'><strong>:eui</strong></span> <span class='ocrx_word' id='word_1_175' title='bbox 2557 938 2814 993; x_wconf 76' lang='lat' dir='ltr'><strong>videlicet</strong></span> <span class='ocrx_word' id='word_1_176' title='bbox 2835 939 3200 993; x_wconf 69' lang='lat' dir='ltr'><strong>observantia:</strong></span> <span class='ocrx_word' id='word_1_177' title='bbox 3225 939 3353 995; x_wconf 91' lang='lat' dir='ltr'><strong>illud</strong></span> <span class='ocrx_word' id='word_1_178' title='bbox 3379 947 3546 997; x_wconf 89' lang='lat' dir='ltr'><strong>etiam</strong></span> 
     </span>
    </p>
   </div>
   <div class='ocr_carea' id='block_1_22' title="bbox 1936 1027 3555 1098">
    <p class='ocr_par' dir='ltr' id='par_1_22' title="bbox 1936 1027 3555 1098">
     <span class='ocr_line' id='line_1_22' title="bbox 1936 1027 3555 1098; baseline 0.005 -17"><span class='ocrx_word' id='word_1_179' title='bbox 1936 1028 2075 1097; x_wconf 90' lang='lat' dir='ltr'><strong>apud</strong></span> <span class='ocrx_word' id='word_1_180' title='bbox 2116 1043 2216 1082; x_wconf 87' lang='lat' dir='ltr'><strong>nos</strong></span> <span class='ocrx_word' id='word_1_181' title='bbox 2256 1027 2492 1090; x_wconf 88' lang='lat' dir='ltr'><strong>additur,</strong></span> <span class='ocrx_word' id='word_1_182' title='bbox 2530 1036 2590 1081; x_wconf 91' lang='lat' dir='ltr'><strong>ut</strong></span> <span class='ocrx_word' id='word_1_183' title='bbox 2630 1029 2745 1083; x_wconf 89' lang='lat' dir='ltr'><strong>sive</strong></span> <span class='ocrx_word' id='word_1_184' title='bbox 2787 1029 2925 1098; x_wconf 90' lang='lat' dir='ltr'><strong>ipso,</strong></span> <span class='ocrx_word' id='word_1_185' title='bbox 2964 1030 3078 1084; x_wconf 88' lang='lat' dir='ltr'><strong>sive</strong></span> <span class='ocrx_word' id='word_1_186' title='bbox 3116 1030 3225 1084; x_wconf 90' lang='lat' dir='ltr'><strong>alio</strong></span> <span class='ocrx_word' id='word_1_187' title='bbox 3261 1031 3347 1085; x_wconf 90' lang='lat' dir='ltr'><strong>die</strong></span> <span class='ocrx_word' id='word_1_188' title='bbox 3386 1032 3555 1089; x_wconf 83' lang='lat' dir='ltr'><strong>fuerit</strong></span> 
     </span>
    </p>
   </div>
   <div class='ocr_carea' id='block_1_23' title="bbox 1937 1120 3551 1192">
    <p class='ocr_par' dir='ltr' id='par_1_23' title="bbox 1937 1120 3551 1192">
     <span class='ocr_line' id='line_1_23' title="bbox 1937 1120 3551 1192; baseline 0.006 -19"><span class='ocrx_word' id='word_1_189' title='bbox 1937 1120 2060 1188; x_wconf 90' lang='lat' dir='ltr'><strong>quis</strong></span> <span class='ocrx_word' id='word_1_190' title='bbox 2097 1135 2372 1191; x_wconf 80' lang='lat' dir='ltr'><strong>egressus,</strong></span> <span class='ocrx_word' id='word_1_191' title='bbox 2396 1121 2620 1192; x_wconf 86' lang='lat' dir='ltr'><strong>jejunus</strong></span> <span class='ocrx_word' id='word_1_192' title='bbox 2662 1136 2880 1192; x_wconf 85' lang='lat' dir='ltr'><strong>semper</strong></span> <span class='ocrx_word' id='word_1_193' title='bbox 2910 1125 2977 1178; x_wconf 90' lang='lat' dir='ltr'><strong>ad</strong></span> <span class='ocrx_word' id='word_1_194' title='bbox 3013 1139 3260 1179; x_wconf 89' lang='lat' dir='ltr'><strong>erenuun</strong></span> <span class='ocrx_word' id='word_1_195' title='bbox 3310 1137 3551 1181; x_wconf 87' lang='lat' dir='ltr'><strong>reverta-</strong></span> 
     </span>
    </p>
   </div>
   <div class='ocr_carea' id='block_1_24' title="bbox 1936 1211 3555 1288">
    <p class='ocr_par' dir='ltr' id='par_1_24' title="bbox 1936 1211 3555 1288">
     <span class='ocr_line' id='line_1_24' title="bbox 1936 1211 3555 1288; baseline 0.004 -23"><span class='ocrx_word' id='word_1_196' title='bbox 1936 1221 2046 1266; x_wconf 93' lang='lat' dir='ltr'><strong>tur.</strong></span> <span class='ocrx_word' id='word_1_197' title='bbox 2083 1232 2101 1264; x_wconf 78' lang='grc' dir='ltr'><strong>ι</strong></span> <span class='ocrx_word' id='word_1_198' title='bbox 2163 1211 2305 1280; x_wconf 87' lang='lat' dir='ltr'><strong>Quin</strong></span> <span class='ocrx_word' id='word_1_199' title='bbox 2358 1214 2525 1268; x_wconf 88' lang='lat' dir='ltr'><strong>etiam</strong></span> <span class='ocrx_word' id='word_1_200' title='bbox 2573 1214 2634 1268; x_wconf 90' lang='grc' dir='ltr'>Β.</span> <span class='ocrx_word' id='word_1_201' title='bbox 2677 1214 2919 1281; x_wconf 85' lang='lat' dir='ltr'><strong>Petrus,</strong></span> <span class='ocrx_word' id='word_1_202' title='bbox 2967 1223 3029 1269; x_wconf 88' lang='lat' dir='ltr'><strong>ut</strong></span> <span class='ocrx_word' id='word_1_203' title='bbox 3083 1216 3135 1269; x_wconf 92' lang='lat' dir='ltr'><strong>in</strong></span> <span class='ocrx_word' id='word_1_204' title='bbox 3187 1214 3309 1270; x_wconf 79' lang='lat' dir='ltr'><strong>Vita</strong></span> <span class='ocrx_word' id='word_1_205' title='bbox 3359 1216 3555 1288; x_wconf 82' lang='lat' dir='ltr'><strong>legitur</strong></span> 
     </span>
    </p>
   </div>
   <div class='ocr_carea' id='block_1_25' title="bbox 1937 1303 3555 1369">
    <p class='ocr_par' dir='ltr' id='par_1_25' title="bbox 1937 1303 3555 1369">
     <span class='ocr_line' id='line_1_25' title="bbox 1937 1303 3555 1369; baseline 0.004 -11"><span class='ocrx_word' id='word_1_206' title='bbox 1937 1320 2093 1358; x_wconf 89' lang='lat' dir='ltr'><strong>num.</strong></span> <span class='ocrx_word' id='word_1_207' title='bbox 2122 1303 2214 1369; x_wconf 66' lang='lat'><strong>43,</strong></span> <span class='ocrx_word' id='word_1_208' title='bbox 2251 1323 2268 1356; x_wconf 77' lang='grc' dir='ltr'><strong>ι</strong></span> <span class='ocrx_word' id='word_1_209' title='bbox 2303 1304 2444 1360; x_wconf 90' lang='lat' dir='ltr'><strong>hanc</strong></span> <span class='ocrx_word' id='word_1_210' title='bbox 2469 1325 2486 1357; x_wconf 84' lang='grc' dir='ltr'><strong>ι</strong></span> <span class='ocrx_word' id='word_1_211' title='bbox 2522 1304 2707 1360; x_wconf 83' lang='lat' dir='ltr'><strong>Eremi</strong></span> <span class='ocrx_word' id='word_1_212' title='bbox 2739 1321 2852 1361; x_wconf 68' lang='lat' dir='ltr'><strong>suae</strong></span> <span class='ocrx_word' id='word_1_213' title='bbox 2884 1326 2900 1357; x_wconf 74' lang='grc' dir='ltr'><strong>ι</strong></span> <span class='ocrx_word' id='word_1_214' title='bbox 2936 1321 3186 1360; x_wconf 85' lang='lat' dir='ltr'><strong>normam</strong></span> <span class='ocrx_word' id='word_1_215' title='bbox 3217 1308 3555 1364; x_wconf 81' lang='lat' dir='ltr'><strong>observatio-</strong></span> 
     </span>
    </p>
   </div>
   <div class='ocr_carea' id='block_1_26' title="bbox 1935 1395 3555 1470">
    <p class='ocr_par' dir='ltr' id='par_1_26' title="bbox 1935 1395 3555 1470">
     <span class='ocr_line' id='line_1_26' title="bbox 1935 1395 3555 1470; baseline 0.004 -22"><span class='ocrx_word' id='word_1_216' title='bbox 1935 1395 2020 1448; x_wconf 90' lang='lat' dir='ltr'><strong>nis</strong></span> <span class='ocrx_word' id='word_1_217' title='bbox 2051 1395 2103 1448; x_wconf 93' lang='lat' dir='ltr'><strong>in</strong></span> <span class='ocrx_word' id='word_1_218' title='bbox 2149 1395 2426 1450; x_wconf 91' lang='lat' dir='ltr'><strong>nonnullis</strong></span> <span class='ocrx_word' id='word_1_219' title='bbox 2465 1397 2849 1462; x_wconf 85' lang='lat' dir='ltr'><strong>monasteriis,</strong></span> <span class='ocrx_word' id='word_1_220' title='bbox 2897 1397 2984 1467; x_wconf 84' lang='lat' dir='ltr'><strong>pia</strong></span> <span class='ocrx_word' id='word_1_221' title='bbox 3015 1398 3307 1452; x_wconf 79' lang='lat' dir='ltr'><strong>devotione</strong></span> <span class='ocrx_word' id='word_1_222' title='bbox 3348 1400 3555 1470; x_wconf 88' lang='lat' dir='ltr'><strong>ample-</strong></span> 
     </span>
    </p>
   </div>
   <div class='ocr_carea' id='block_1_27' title="bbox 1933 1487 3554 1562">
    <p class='ocr_par' dir='ltr' id='par_1_27' title="bbox 1933 1487 3554 1562">
     <span class='ocr_line' id='line_1_27' title="bbox 1933 1487 3554 1562; baseline 0.006 -24"><span class='ocrx_word' id='word_1_223' title='bbox 1933 1487 2257 1552; x_wconf 90' lang='lat' dir='ltr'><strong>ctentibns,</strong></span> <span class='ocrx_word' id='word_1_224' title='bbox 2309 1487 2605 1543; x_wconf 80' lang='lat' dir='ltr'><strong>excitando</strong></span> <span class='ocrx_word' id='word_1_225' title='bbox 2657 1489 2938 1554; x_wconf 89' lang='lat' dir='ltr'><strong>instituit,</strong></span> <span class='ocrx_word' id='word_1_226' title='bbox 2994 1497 3050 1544; x_wconf 92' lang='lat' dir='ltr'><strong>et</strong></span> <span class='ocrx_word' id='word_1_227' title='bbox 3103 1490 3315 1562; x_wconf 76' lang='lat' dir='ltr'><strong>insigne</strong></span> <span class='ocrx_word' id='word_1_228' title='bbox 3368 1490 3554 1547; x_wconf 87' lang='lat' dir='ltr'><strong>Casini</strong></span> 
     </span>
    </p>
   </div>
   <div class='ocr_carea' id='block_1_28' title="bbox 1932 1575 3548 1650">
    <p class='ocr_par' dir='ltr' id='par_1_28' title="bbox 1932 1575 3548 1650">
     <span class='ocr_line' id='line_1_28' title="bbox 1932 1575 3548 1650; baseline 0.006 -22"><span class='ocrx_word' id='word_1_229' title='bbox 1932 1575 2136 1630; x_wconf 87' lang='lat' dir='ltr'><strong>montis</strong></span> <span class='ocrx_word' id='word_1_230' title='bbox 2177 1576 2486 1631; x_wconf 69' lang='lat' dir='ltr'><strong>cmuobium</strong></span> <span class='ocrx_word' id='word_1_231' title='bbox 2530 1578 2675 1632; x_wconf 86' lang='lat' dir='ltr'><strong>inter</strong></span> <span class='ocrx_word' id='word_1_232' title='bbox 2709 1579 2984 1650; x_wconf 79' lang='lat' dir='ltr'><strong>regularia</strong></span> <span class='ocrx_word' id='word_1_233' title='bbox 3027 1581 3282 1635; x_wconf 86' lang='lat' dir='ltr'><strong>mandata</strong></span> <span class='ocrx_word' id='word_1_234' title='bbox 3313 1584 3502 1637; x_wconf 87' lang='lat' dir='ltr'><strong>statuit</strong></span> <span class='ocrx_word' id='word_1_235' title='bbox 3527 1601 3548 1636; x_wconf 72' lang='grc' dir='ltr'><strong>ι</strong></span> 
     </span>
    </p>
   </div>
   <div class='ocr_carea' id='block_1_29' title="bbox 1931 1668 3551 1742">
    <p class='ocr_par' dir='ltr' id='par_1_29' title="bbox 1931 1668 3551 1742">
     <span class='ocr_line' id='line_1_29' title="bbox 1931 1668 3551 1742; baseline 0.007 -22"><span class='ocrx_word' id='word_1_236' title='bbox 1931 1668 2189 1722; x_wconf 88' lang='lat' dir='ltr'><strong>nonnulla</strong></span> <span class='ocrx_word' id='word_1_237' title='bbox 2222 1686 2240 1719; x_wconf 73' lang='grc' dir='ltr'><strong>ι</strong></span> <span class='ocrx_word' id='word_1_238' title='bbox 2275 1668 2692 1726; x_wconf 86' lang='lat' dir='ltr'><strong>eouscribeuda.</strong></span> <span class='ocrx_word' id='word_1_239' title='bbox 2731 1690 2749 1723; x_wconf 85' lang='grc' dir='ltr'><strong>ι</strong></span> <span class='ocrx_word' id='word_1_240' title='bbox 2784 1671 2916 1738; x_wconf 71' lang='lat' dir='ltr'><strong>Qua:</strong></span> <span class='ocrx_word' id='word_1_241' title='bbox 2958 1673 3222 1742; x_wconf 67' lang='lat' dir='ltr'><strong>praeclare</strong></span> <span class='ocrx_word' id='word_1_242' title='bbox 3256 1676 3551 1732; x_wconf 88' lang='lat' dir='ltr'><strong>coulirmat</strong></span> 
     </span>
    </p>
   </div>
   <div class='ocr_carea' id='block_1_30' title="bbox 1929 1756 3550 1835">
    <p class='ocr_par' dir='ltr' id='par_1_30' title="bbox 1929 1756 3550 1835">
     <span class='ocr_line' id='line_1_30' title="bbox 1929 1756 3550 1835; baseline 0.007 -23"><span class='ocrx_word' id='word_1_243' title='bbox 1929 1756 2041 1813; x_wconf 90' lang='lat' dir='ltr'><strong>Leo</strong></span> <span class='ocrx_word' id='word_1_244' title='bbox 2081 1758 2450 1824; x_wconf 84' lang='lat' dir='ltr'><strong>Marsicanus,</strong></span> <span class='ocrx_word' id='word_1_245' title='bbox 2484 1770 2541 1816; x_wconf 92' lang='lat' dir='ltr'><strong>et</strong></span> <span class='ocrx_word' id='word_1_246' title='bbox 2573 1762 2687 1832; x_wconf 88' lang='lat' dir='ltr'><strong>ipse</strong></span> <span class='ocrx_word' id='word_1_247' title='bbox 2729 1765 3022 1835; x_wconf 86' lang='lat' dir='ltr'><strong>episeopds</strong></span> <span class='ocrx_word' id='word_1_248' title='bbox 3053 1765 3323 1821; x_wconf 87' lang='lat' dir='ltr'><strong>Ostiensis</strong></span> <span class='ocrx_word' id='word_1_249' title='bbox 3352 1767 3444 1822; x_wconf 88' lang='lat' dir='ltr'><strong>lib.</strong></span> <span class='ocrx_word' id='word_1_250' title='bbox 3489 1785 3550 1824; x_wconf 90' lang='grc' dir='ltr'><strong>ιιι</strong></span> 
     </span>
    </p>
   </div>
   <div class='ocr_carea' id='block_1_31' title="bbox 233 1848 1825 1936">
    <p class='ocr_par' dir='ltr' id='par_1_31' title="bbox 233 1865 1824 1936">
     <span class='ocr_line' id='line_1_31' title="bbox 233 1865 1824 1936; baseline 0.003 -17"><span class='ocrx_word' id='word_1_251' title='bbox 233 1865 538 1919; x_wconf 86' lang='lat' dir='ltr'><strong>didicerunt</strong></span> <span class='ocrx_word' id='word_1_252' title='bbox 577 1876 767 1918; x_wconf 88' lang='lat' dir='ltr'><strong>contra</strong></span> <span class='ocrx_word' id='word_1_253' title='bbox 803 1865 1072 1920; x_wconf 89' lang='lat' dir='ltr'><strong>diabolum</strong></span> <span class='ocrx_word' id='word_1_254' title='bbox 1097 1906 1111 1929; x_wconf 90' lang='lat'><strong>,</strong></span> <span class='ocrx_word' id='word_1_255' title='bbox 1154 1866 1444 1920; x_wconf 91' lang='lat' dir='ltr'><strong>multorum</strong></span> <span class='ocrx_word' id='word_1_256' title='bbox 1477 1867 1673 1922; x_wconf 85' lang='lat' dir='ltr'><strong>solatio</strong></span> <span class='ocrx_word' id='word_1_257' title='bbox 1709 1866 1824 1936; x_wconf 87' lang='lat' dir='ltr'><strong>jam</strong></span> 
     </span>
    </p>
   </div>
   <div class='ocr_carea' id='block_1_32' title="bbox 1927 1848 3554 1936">
    <p class='ocr_par' dir='ltr' id='par_1_32' title="bbox 1933 1848 3554 1926">
     <span class='ocr_line' id='line_1_32' title="bbox 1933 1848 3554 1926; baseline 0.007 -21"><span class='ocrx_word' id='word_1_258' title='bbox 1933 1848 2186 1906; x_wconf 89' lang='lat' dir='ltr'><strong>Chrouiei</strong></span> <span class='ocrx_word' id='word_1_259' title='bbox 2231 1851 2577 1916; x_wconf 80' lang='lat' dir='ltr'><strong>Casincnsis.</strong></span> <span class='ocrx_word' id='word_1_260' title='bbox 2612 1870 2734 1926; x_wconf 89' lang='lat' dir='ltr'><strong>cap.</strong></span> <span class='ocrx_word' id='word_1_261' title='bbox 2778 1856 2840 1910; x_wconf 66' lang='grc' dir='ltr'>Ἡ</span> <span class='ocrx_word' id='word_1_262' title='bbox 2866 1897 2882 1924; x_wconf 87' lang='grc'><em>,</em></span> <span class='ocrx_word' id='word_1_263' title='bbox 2929 1859 3015 1914; x_wconf 91' lang='lat' dir='ltr'><strong>his</strong></span> <span class='ocrx_word' id='word_1_264' title='bbox 3053 1859 3278 1914; x_wconf 87' lang='lat' dir='ltr'><strong>verbis:</strong></span> <span class='ocrx_word' id='word_1_265' title='bbox 3327 1879 3344 1910; x_wconf 80' lang='grc' dir='ltr'><strong>ι</strong></span> <span class='ocrx_word' id='word_1_266' title='bbox 3379 1859 3554 1918; x_wconf 90' lang='lat' dir='ltr'><strong>Porro</strong></span> 
     </span>
    </p>
   </div>
   <div class='ocr_carea' id='block_1_33' title="bbox 233 1957 1825 2025">
    <p class='ocr_par' dir='ltr' id='par_1_33' title="bbox 233 1957 1825 2025">
     <span class='ocr_line' id='line_1_33' title="bbox 233 1957 1825 2025; baseline 0.003 -15"><span class='ocrx_word' id='word_1_267' title='bbox 233 1957 392 2018; x_wconf 82' lang='lat' dir='ltr'><strong>docti,</strong></span> <span class='ocrx_word' id='word_1_268' title='bbox 419 1971 666 2025; x_wconf 76' lang='lat' dir='ltr'><strong>pugnare</strong></span> <span class='ocrx_word' id='word_1_269' title='bbox 696 1973 708 2010; x_wconf 85' lang='lat'><strong>:</strong></span> <span class='ocrx_word' id='word_1_270' title='bbox 736 1965 790 2009; x_wconf 91' lang='lat' dir='ltr'><strong>et</strong></span> <span class='ocrx_word' id='word_1_271' title='bbox 813 1957 948 2011; x_wconf 88' lang='lat' dir='ltr'><strong>bene</strong></span> <span class='ocrx_word' id='word_1_272' title='bbox 975 1957 1223 2012; x_wconf 89' lang='lat' dir='ltr'><strong>instructi</strong></span> <span class='ocrx_word' id='word_1_273' title='bbox 1255 1957 1494 2014; x_wconf 86' lang='lat' dir='ltr'><strong>fraterna</strong></span> <span class='ocrx_word' id='word_1_274' title='bbox 1518 1974 1586 2014; x_wconf 80' lang='lat' dir='ltr'><strong>ex</strong></span> <span class='ocrx_word' id='word_1_275' title='bbox 1613 1961 1729 2014; x_wconf 90' lang='lat' dir='ltr'><strong>acie</strong></span> <span class='ocrx_word' id='word_1_276' title='bbox 1755 1960 1825 2014; x_wconf 91' lang='lat' dir='ltr'><strong>ad</strong></span> 
     </span>
    </p>
   </div>
   <div class='ocr_carea' id='block_1_34' title="bbox 231 2045 1825 2117">
    <p class='ocr_par' dir='ltr' id='par_1_34' title="bbox 231 2045 1825 2117">
     <span class='ocr_line' id='line_1_34' title="bbox 231 2045 1825 2117; baseline 0.003 -18"><span class='ocrx_word' id='word_1_277' title='bbox 231 2045 558 2115; x_wconf 78' lang='lat' dir='ltr'><strong>singularem</strong></span> <span class='ocrx_word' id='word_1_278' title='bbox 593 2061 829 2116; x_wconf 75' lang='lat' dir='ltr'><strong>pugnam</strong></span> <span class='ocrx_word' id='word_1_279' title='bbox 858 2047 1044 2112; x_wconf 90' lang='lat' dir='ltr'><strong>eremi,</strong></span> <span class='ocrx_word' id='word_1_280' title='bbox 1075 2048 1254 2103; x_wconf 89' lang='lat' dir='ltr'><strong>securi</strong></span> <span class='ocrx_word' id='word_1_281' title='bbox 1277 2047 1390 2117; x_wconf 88' lang='lat' dir='ltr'><strong>jatu</strong></span> <span class='ocrx_word' id='word_1_282' title='bbox 1423 2050 1542 2103; x_wconf 90' lang='lat' dir='ltr'><strong>sine</strong></span> <span class='ocrx_word' id='word_1_283' title='bbox 1572 2049 1825 2104; x_wconf 81' lang='lat' dir='ltr'><strong>consola-</strong></span> 
     </span>
    </p>
   </div>
   <div class='ocr_carea' id='block_1_35' title="bbox 232 2133 1825 2201">
    <p class='ocr_par' dir='ltr' id='par_1_35' title="bbox 232 2133 1825 2201">
     <span class='ocr_line' id='line_1_35' title="bbox 232 2133 1825 2201; baseline 0.006 -16"><span class='ocrx_word' id='word_1_284' title='bbox 232 2133 372 2186; x_wconf 90' lang='lat' dir='ltr'><strong>tione</strong></span> <span class='ocrx_word' id='word_1_285' title='bbox 409 2133 644 2188; x_wconf 84' lang='lat' dir='ltr'><strong>alterius</strong></span> <span class='ocrx_word' id='word_1_286' title='bbox 667 2174 683 2198; x_wconf 92' lang='lat'><strong>,</strong></span> <span class='ocrx_word' id='word_1_287' title='bbox 720 2133 832 2188; x_wconf 87' lang='lat' dir='ltr'><strong>sola</strong></span> <span class='ocrx_word' id='word_1_288' title='bbox 865 2150 1024 2190; x_wconf 91' lang='lat' dir='ltr'><strong>manu</strong></span> <span class='ocrx_word' id='word_1_289' title='bbox 1049 2176 1064 2201; x_wconf 92' lang='lat'><strong>,</strong></span> <span class='ocrx_word' id='word_1_290' title='bbox 1098 2137 1182 2191; x_wconf 85' lang='lat' dir='ltr'><strong>vel</strong></span> <span class='ocrx_word' id='word_1_291' title='bbox 1211 2138 1438 2193; x_wconf 89' lang='lat' dir='ltr'><strong>brachio</strong></span> <span class='ocrx_word' id='word_1_292' title='bbox 1468 2147 1656 2193; x_wconf 89' lang='lat' dir='ltr'><strong>contra</strong></span> <span class='ocrx_word' id='word_1_293' title='bbox 1689 2140 1825 2195; x_wconf 87' lang='lat' dir='ltr'><strong>vitia</strong></span> 
     </span>
    </p>
   </div>
   <div class='ocr_carea' id='block_1_36' title="bbox 227 2224 1828 2296">
    <p class='ocr_par' dir='ltr' id='par_1_36' title="bbox 227 2224 1828 2296">
     <span class='ocr_line' id='line_1_36' title="bbox 227 2224 1828 2296; baseline 0.006 -18"><span class='ocrx_word' id='word_1_294' title='bbox 227 2224 434 2286; x_wconf 86' lang='lat' dir='ltr'><strong>carnis,</strong></span> <span class='ocrx_word' id='word_1_295' title='bbox 471 2224 556 2279; x_wconf 92' lang='lat' dir='ltr'><strong>vel</strong></span> <span class='ocrx_word' id='word_1_296' title='bbox 598 2225 1016 2296; x_wconf 81' lang='lat' dir='ltr'><strong>cogitationum,</strong></span> <span class='ocrx_word' id='word_1_297' title='bbox 1048 2226 1160 2283; x_wconf 89' lang='lat' dir='ltr'><strong>Deo</strong></span> <span class='ocrx_word' id='word_1_298' title='bbox 1190 2230 1519 2296; x_wconf 77' lang='lat' dir='ltr'><strong>auxiliante,</strong></span> <span class='ocrx_word' id='word_1_299' title='bbox 1554 2231 1828 2287; x_wconf 82' lang='lat' dir='ltr'><strong>suliiciunt</strong></span> 
     </span>
    </p>
   </div>
   <div class='ocr_carea' id='block_1_37' title="bbox 227 2313 1825 2386">
    <p class='ocr_par' dir='ltr' id='par_1_37' title="bbox 227 2313 1825 2386">
     <span class='ocr_line' id='line_1_37' title="bbox 227 2313 1825 2386; baseline 0.008 -20"><span class='ocrx_word' id='word_1_300' title='bbox 227 2327 490 2383; x_wconf 75' lang='lat' dir='ltr'><strong>pugnare.</strong></span> <span class='ocrx_word' id='word_1_301' title='bbox 521 2332 541 2365; x_wconf 78' lang='grc' dir='ltr'><strong>ι</strong></span> <span class='ocrx_word' id='word_1_302' title='bbox 569 2313 694 2370; x_wconf 69' lang='lat' dir='ltr'><strong>llaec</strong></span> <span class='ocrx_word' id='word_1_303' title='bbox 717 2331 780 2369; x_wconf 79' lang='lat' dir='ltr'><strong>ex</strong></span> <span class='ocrx_word' id='word_1_304' title='bbox 804 2331 924 2385; x_wconf 87' lang='lat' dir='ltr'><strong>cap.</strong></span> <span class='ocrx_word' id='word_1_305' title='bbox 952 2319 972 2370; x_wconf 83' lang='lat' dir='ltr'><strong>l</strong></span> <span class='ocrx_word' id='word_1_306' title='bbox 1009 2315 1226 2386; x_wconf 63' lang='lat' dir='ltr'><strong>Regula:</strong></span> <span class='ocrx_word' id='word_1_307' title='bbox 1248 2319 1304 2373; x_wconf 84' lang='lat' dir='ltr'><strong>S.</strong></span> <span class='ocrx_word' id='word_1_308' title='bbox 1329 2318 1606 2376; x_wconf 89' lang='lat' dir='ltr'><strong>Benedicti</strong></span> <span class='ocrx_word' id='word_1_309' title='bbox 1635 2319 1698 2374; x_wconf 88' lang='grc' dir='ltr'><strong>Β.</strong></span> <span class='ocrx_word' id='word_1_310' title='bbox 1725 2321 1825 2378; x_wconf 80' lang='lat' dir='ltr'><strong>Pe-</strong></span> 
     </span>
    </p>
   </div>
   <div class='ocr_carea' id='block_1_38' title="bbox 228 2404 1827 2480">
    <p class='ocr_par' dir='ltr' id='par_1_38' title="bbox 228 2404 1827 2480">
     <span class='ocr_line' id='line_1_38' title="bbox 228 2404 1827 2480; baseline 0.008 -23"><span class='ocrx_word' id='word_1_311' title='bbox 228 2412 368 2467; x_wconf 83' lang='lat' dir='ltr'><strong>trus,</strong></span> <span class='ocrx_word' id='word_1_312' title='bbox 405 2404 569 2473; x_wconf 88' lang='lat' dir='ltr'><strong>cujus</strong></span> <span class='ocrx_word' id='word_1_313' title='bbox 611 2415 666 2460; x_wconf 93' lang='lat' dir='ltr'><strong>et</strong></span> <span class='ocrx_word' id='word_1_314' title='bbox 713 2407 816 2461; x_wconf 92' lang='lat' dir='ltr'><strong>ista</strong></span> <span class='ocrx_word' id='word_1_315' title='bbox 864 2418 989 2461; x_wconf 90' lang='lat' dir='ltr'><strong>sunt</strong></span> <span class='ocrx_word' id='word_1_316' title='bbox 1025 2409 1077 2462; x_wconf 89' lang='lat' dir='ltr'><strong>in</strong></span> <span class='ocrx_word' id='word_1_317' title='bbox 1109 2411 1295 2464; x_wconf 89' lang='lat' dir='ltr'><strong>eadem</strong></span> <span class='ocrx_word' id='word_1_318' title='bbox 1337 2411 1562 2480; x_wconf 87' lang='lat' dir='ltr'><strong>epistola</strong></span> <span class='ocrx_word' id='word_1_319' title='bbox 1600 2430 1612 2466; x_wconf 92' lang='lat'><strong>:</strong></span> <span class='ocrx_word' id='word_1_320' title='bbox 1657 2432 1676 2464; x_wconf 84' lang='grc'><em>‹</em></span> <span class='ocrx_word' id='word_1_321' title='bbox 1711 2412 1827 2470; x_wconf 80' lang='lat' dir='ltr'><strong>Hoc</strong></span> 
     </span>
    </p>
   </div>
   <div class='ocr_carea' id='block_1_39' title="bbox 227 2495 1826 2567">
    <p class='ocr_par' dir='ltr' id='par_1_39' title="bbox 227 2495 1826 2567">
     <span class='ocr_line' id='line_1_39' title="bbox 227 2495 1826 2567; baseline 0.009 -21"><span class='ocrx_word' id='word_1_322' title='bbox 227 2506 483 2562; x_wconf 62' lang='lat' dir='ltr'><strong>praeterea</strong></span> <span class='ocrx_word' id='word_1_323' title='bbox 517 2495 790 2559; x_wconf 86' lang='lat' dir='ltr'><strong>novimus,</strong></span> <span class='ocrx_word' id='word_1_324' title='bbox 833 2498 958 2567; x_wconf 85' lang='lat' dir='ltr'><strong>quia</strong></span> <span class='ocrx_word' id='word_1_325' title='bbox 990 2496 1048 2550; x_wconf 93' lang='grc' dir='ltr'><strong>Β.</strong></span> <span class='ocrx_word' id='word_1_326' title='bbox 1080 2498 1406 2556; x_wconf 88' lang='lat' dir='ltr'><strong>Benedictus</strong></span> <span class='ocrx_word' id='word_1_327' title='bbox 1447 2502 1616 2557; x_wconf 88' lang='lat' dir='ltr'><strong>eremi</strong></span> <span class='ocrx_word' id='word_1_328' title='bbox 1649 2503 1826 2560; x_wconf 88' lang='lat' dir='ltr'><strong>cultor</strong></span> 
     </span>
    </p>
   </div>
   <div class='ocr_carea' id='block_1_40' title="bbox 227 2585 1822 2665">
    <p class='ocr_par' dir='ltr' id='par_1_40' title="bbox 227 2585 1822 2665">
     <span class='ocr_line' id='line_1_40' title="bbox 227 2585 1822 2665; baseline 0.008 -25"><span class='ocrx_word' id='word_1_329' title='bbox 227 2585 433 2640; x_wconf 83' lang='lat' dir='ltr'><strong>exstitit</strong></span> <span class='ocrx_word' id='word_1_330' title='bbox 458 2626 474 2649; x_wconf 90' lang='lat'><strong>,</strong></span> <span class='ocrx_word' id='word_1_331' title='bbox 508 2596 566 2642; x_wconf 94' lang='lat' dir='ltr'><strong>et</strong></span> <span class='ocrx_word' id='word_1_332' title='bbox 609 2588 710 2642; x_wconf 89' lang='lat' dir='ltr'><strong>hoc</strong></span> <span class='ocrx_word' id='word_1_333' title='bbox 749 2601 898 2644; x_wconf 90' lang='lat' dir='ltr'><strong>certe</strong></span> <span class='ocrx_word' id='word_1_334' title='bbox 943 2605 1041 2644; x_wconf 90' lang='lat' dir='ltr'><strong>nos</strong></span> <span class='ocrx_word' id='word_1_335' title='bbox 1079 2592 1284 2660; x_wconf 78' lang='lat' dir='ltr'><strong>Optavit</strong></span> <span class='ocrx_word' id='word_1_336' title='bbox 1319 2608 1470 2658; x_wconf 90' lang='lat' dir='ltr'><strong>esse,</strong></span> <span class='ocrx_word' id='word_1_337' title='bbox 1513 2596 1657 2665; x_wconf 90' lang='lat' dir='ltr'><strong>quod</strong></span> <span class='ocrx_word' id='word_1_338' title='bbox 1689 2596 1822 2662; x_wconf 89' lang='lat' dir='ltr'><strong>fuit,</strong></span> 
     </span>
    </p>
   </div>
   <div class='ocr_carea' id='block_1_41' title="bbox 225 2671 1825 2754">
    <p class='ocr_par' dir='ltr' id='par_1_41' title="bbox 225 2671 1825 2754">
     <span class='ocr_line' id='line_1_41' title="bbox 225 2671 1825 2754; baseline 0.01 -27"><span class='ocrx_word' id='word_1_339' title='bbox 225 2675 399 2728; x_wconf 86' lang='lat' dir='ltr'><strong>sed....</strong></span> <span class='ocrx_word' id='word_1_340' title='bbox 458 2675 834 2746; x_wconf 88' lang='lat' dir='ltr'><strong>dispensative</strong></span> <span class='ocrx_word' id='word_1_341' title='bbox 887 2682 1169 2736; x_wconf 85' lang='lat' dir='ltr'><strong>constituit</strong></span> <span class='ocrx_word' id='word_1_342' title='bbox 1216 2684 1368 2754; x_wconf 86' lang='lat' dir='ltr'><strong>prius</strong></span> <span class='ocrx_word' id='word_1_343' title='bbox 1422 2671 1825 2744; x_wconf 86' lang='lat' dir='ltr'><strong>monasterialis</strong></span> 
     </span>
    </p>
   </div>
   <div class='ocr_carea' id='block_1_42' title="bbox 224 2767 1826 2847">
    <p class='ocr_par' dir='ltr' id='par_1_42' title="bbox 224 2767 1826 2847">
     <span class='ocr_line' id='line_1_42' title="bbox 224 2767 1826 2847; baseline 0.011 -30"><span class='ocrx_word' id='word_1_344' title='bbox 224 2767 343 2821; x_wconf 74' lang='lat' dir='ltr'><strong>vita:</strong></span> <span class='ocrx_word' id='word_1_345' title='bbox 370 2769 686 2836; x_wconf 85' lang='lat' dir='ltr'><strong>planitiem.</strong></span> <span class='ocrx_word' id='word_1_346' title='bbox 721 2781 778 2826; x_wconf 91' lang='lat' dir='ltr'><strong>ut</strong></span> <span class='ocrx_word' id='word_1_347' title='bbox 807 2771 914 2827; x_wconf 90' lang='lat' dir='ltr'><strong>illic</strong></span> <span class='ocrx_word' id='word_1_348' title='bbox 941 2773 1237 2844; x_wconf 62' lang='lat' dir='ltr'><strong>disciplina</strong></span> <span class='ocrx_word' id='word_1_349' title='bbox 1273 2775 1499 2846; x_wconf 77' lang='lat' dir='ltr'><strong>flagellis</strong></span> <span class='ocrx_word' id='word_1_350' title='bbox 1528 2781 1703 2835; x_wconf 88' lang='lat' dir='ltr'><strong>attriti</strong></span> <span class='ocrx_word' id='word_1_351' title='bbox 1729 2821 1744 2847; x_wconf 90' lang='lat'><strong>,</strong></span> <span class='ocrx_word' id='word_1_352' title='bbox 1771 2789 1826 2838; x_wconf 93' lang='lat' dir='ltr'><strong>et</strong></span> 
     </span>
    </p>
   </div>
   <div class='ocr_carea' id='block_1_43' title="bbox 223 2859 1824 2930">
    <p class='ocr_par' dir='ltr' id='par_1_43' title="bbox 223 2859 1824 2930">
     <span class='ocr_line' id='line_1_43' title="bbox 223 2859 1824 2930; baseline 0.011 -20"><span class='ocrx_word' id='word_1_353' title='bbox 223 2859 498 2913; x_wconf 80' lang='lat' dir='ltr'><strong>exercitiis</strong></span> <span class='ocrx_word' id='word_1_354' title='bbox 525 2861 760 2930; x_wconf 84' lang='lat' dir='ltr'><strong>probati,</strong></span> <span class='ocrx_word' id='word_1_355' title='bbox 781 2861 892 2930; x_wconf 88' lang='lat' dir='ltr'><strong>jam</strong></span> <span class='ocrx_word' id='word_1_356' title='bbox 936 2863 1148 2918; x_wconf 81' lang='lat' dir='ltr'><strong>facilius</strong></span> <span class='ocrx_word' id='word_1_357' title='bbox 1180 2867 1346 2920; x_wconf 88' lang='lat' dir='ltr'><strong>eremi</strong></span> <span class='ocrx_word' id='word_1_358' title='bbox 1390 2871 1824 2928; x_wconf 86' lang='lat' dir='ltr'><strong>conscendamus</strong></span> 
     </span>
    </p>
   </div>
   <div class='ocr_carea' id='block_1_44' title="bbox 226 2937 1824 3029">
    <p class='ocr_par' dir='ltr' id='par_1_44' title="bbox 226 2937 1824 3029">
     <span class='ocr_line' id='line_1_44' title="bbox 226 2937 1824 3029; baseline 0.011 -29"><span class='ocrx_word' id='word_1_359' title='bbox 226 2948 286 3001; x_wconf 86' lang='lat' dir='ltr'><strong>ad</strong></span> <span class='ocrx_word' id='word_1_360' title='bbox 322 2965 533 3004; x_wconf 83' lang='lat' dir='ltr'><strong>arcem.</strong></span> <span class='ocrx_word' id='word_1_361' title='bbox 587 2950 700 3006; x_wconf 90' lang='lat' dir='ltr'><strong>lloe</strong></span> <span class='ocrx_word' id='word_1_362' title='bbox 744 2937 924 3022; x_wconf 79' lang='lat' dir='ltr'><strong>itaque</strong></span> <span class='ocrx_word' id='word_1_363' title='bbox 959 2954 1309 3021; x_wconf 88' lang='lat' dir='ltr'><strong>Benedictus,</strong></span> <span class='ocrx_word' id='word_1_364' title='bbox 1343 2959 1486 3029; x_wconf 90' lang='lat' dir='ltr'><strong>quod</strong></span> <span class='ocrx_word' id='word_1_365' title='bbox 1528 2970 1583 3015; x_wconf 88' lang='lat' dir='ltr'><strong>et</strong></span> <span class='ocrx_word' id='word_1_366' title='bbox 1627 2961 1824 3018; x_wconf 84' lang='lat' dir='ltr'><strong>beatus</strong></span> 
     </span>
    </p>
   </div>
   <div class='ocr_carea' id='block_1_45' title="bbox 225 3039 1822 3126">
    <p class='ocr_par' dir='ltr' id='par_1_45' title="bbox 225 3039 1822 3126">
     <span class='ocr_line' id='line_1_45' title="bbox 225 3039 1822 3126; baseline 0.01 -32"><span class='ocrx_word' id='word_1_367' title='bbox 225 3039 419 3095; x_wconf 83' lang='lat' dir='ltr'><strong>fecerat</strong></span> <span class='ocrx_word' id='word_1_368' title='bbox 451 3041 677 3098; x_wconf 86' lang='lat' dir='ltr'><strong>Paulus.</strong></span> <span class='ocrx_word' id='word_1_369' title='bbox 709 3045 948 3116; x_wconf 79' lang='lat' dir='ltr'><strong>Agamus</strong></span> <span class='ocrx_word' id='word_1_370' title='bbox 973 3045 1218 3120; x_wconf 73' lang='grc' dir='ltr'><strong>[ἄγαμος]</strong></span> <span class='ocrx_word' id='word_1_371' title='bbox 1245 3051 1512 3120; x_wconf 86' lang='lat' dir='ltr'><strong>siquidem</strong></span> <span class='ocrx_word' id='word_1_372' title='bbox 1539 3062 1658 3107; x_wconf 89' lang='lat' dir='ltr'><strong>erat</strong></span> <span class='ocrx_word' id='word_1_373' title='bbox 1679 3055 1822 3126; x_wconf 79' lang='lat' dir='ltr'><strong>Apo-</strong></span> 
     </span>
    </p>
   </div>
   <div class='ocr_carea' id='block_1_46' title="bbox 224 3131 1816 3213">
    <p class='ocr_par' dir='ltr' id='par_1_46' title="bbox 224 3131 1816 3213">
     <span class='ocr_line' id='line_1_46' title="bbox 224 3131 1816 3213; baseline 0.012 -30"><span class='ocrx_word' id='word_1_374' title='bbox 224 3131 417 3196; x_wconf 88' lang='lat' dir='ltr'><strong>stolus,</strong></span> <span class='ocrx_word' id='word_1_375' title='bbox 470 3134 726 3189; x_wconf 89' lang='lat' dir='ltr'><strong>homines</strong></span> <span class='ocrx_word' id='word_1_376' title='bbox 775 3145 952 3190; x_wconf 88' lang='lat' dir='ltr'><strong>tamen</strong></span> <span class='ocrx_word' id='word_1_377' title='bbox 1000 3141 1065 3191; x_wconf 91' lang='lat' dir='ltr'><strong>ad</strong></span> <span class='ocrx_word' id='word_1_378' title='bbox 1111 3141 1422 3211; x_wconf 82' lang='lat' dir='ltr'><strong>conjuginm</strong></span> <span class='ocrx_word' id='word_1_379' title='bbox 1465 3148 1816 3213; x_wconf 88' lang='lat' dir='ltr'><strong>provocabat.</strong></span> 
     </span>
    </p>
   </div>
   <div class='ocr_carea' id='block_1_47' title="bbox 223 3221 1895 3310">
    <p class='ocr_par' dir='ltr' id='par_1_47' title="bbox 223 3221 1895 3310">
     <span class='ocr_line' id='line_1_47' title="bbox 223 3221 1895 3310; baseline 0.012 -34"><span class='ocrx_word' id='word_1_380' title='bbox 223 3222 623 3296; x_wconf 76' lang='lat' dir='ltr'><strong>Unusquisque,</strong></span> <span class='ocrx_word' id='word_1_381' title='bbox 658 3228 927 3296; x_wconf 78' lang='lat' dir='ltr'><strong>inquiens,</strong></span> <span class='ocrx_word' id='word_1_382' title='bbox 962 3248 1174 3286; x_wconf 74' lang='lat' dir='ltr'><strong>uxorem</strong></span> <span class='ocrx_word' id='word_1_383' title='bbox 1206 3236 1536 3307; x_wconf 55' lang='lat' dir='ltr'><strong>accipiat,“</strong></span> <span class='ocrx_word' id='word_1_384' title='bbox 1567 3256 1821 3310; x_wconf 69' lang='lat' dir='ltr'><strong>unoquae-</strong></span> <span class='ocrx_word' id='word_1_385' title='bbox 1849 3221 1895 3284; x_wconf 82' lang='lat' dir='ltr'>C</span> 
     </span>
    </p>
   </div>
   <div class='ocr_carea' id='block_1_48' title="bbox 222 3318 1822 3400">
    <p class='ocr_par' dir='ltr' id='par_1_48' title="bbox 222 3318 1822 3400">
     <span class='ocr_line' id='line_1_48' title="bbox 222 3318 1822 3400; baseline 0.013 -34"><span class='ocrx_word' id='word_1_386' title='bbox 222 3331 313 3381; x_wconf 76' lang='lat' dir='ltr'><strong>que</strong></span> <span class='ocrx_word' id='word_1_387' title='bbox 339 3318 510 3369; x_wconf 75' lang='lat' dir='ltr'><strong>virum</strong></span> <span class='ocrx_word' id='word_1_388' title='bbox 540 3334 696 3371; x_wconf 85' lang='lat' dir='ltr'><strong>suum</strong></span> <span class='ocrx_word' id='word_1_389' title='bbox 725 3319 1004 3374; x_wconf 82' lang='lat' dir='ltr'><strong>lmbeal....</strong></span> <span class='ocrx_word' id='word_1_390' title='bbox 1037 3321 1090 3390; x_wconf 87' lang='grc'><strong>(1</strong></span> <span class='ocrx_word' id='word_1_391' title='bbox 1117 3322 1240 3378; x_wconf 85' lang='lat' dir='ltr'><strong>Cor.</strong></span> <span class='ocrx_word' id='word_1_392' title='bbox 1272 3341 1368 3391; x_wconf 83' lang='lat' dir='ltr'><strong>vn,</strong></span> <span class='ocrx_word' id='word_1_393' title='bbox 1396 3326 1473 3395; x_wconf 73' lang='grc'>2).</span> <span class='ocrx_word' id='word_1_394' title='bbox 1504 3329 1674 3385; x_wconf 87' lang='lat' dir='ltr'><strong>Paulo</strong></span> <span class='ocrx_word' id='word_1_395' title='bbox 1700 3341 1822 3400; x_wconf 88' lang='lat' dir='ltr'><strong>post</strong></span> 
     </span>
    </p>
   </div>
   <div class='ocr_carea' id='block_1_49' title="bbox 222 3409 1820 3495">
    <p class='ocr_par' dir='ltr' id='par_1_49' title="bbox 222 3409 1820 3495">
     <span class='ocr_line' id='line_1_49' title="bbox 222 3409 1820 3495; baseline 0.014 -37"><span class='ocrx_word' id='word_1_396' title='bbox 222 3416 396 3462; x_wconf 85' lang='lat' dir='ltr'><strong>tamen</strong></span> <span class='ocrx_word' id='word_1_397' title='bbox 421 3409 563 3463; x_wconf 85' lang='lat' dir='ltr'><strong>dicit</strong></span> <span class='ocrx_word' id='word_1_398' title='bbox 596 3427 608 3462; x_wconf 88' lang='lat'><strong>:</strong></span> <span class='ocrx_word' id='word_1_399' title='bbox 649 3409 776 3464; x_wconf 72' lang='lat' dir='ltr'><strong>Volo</strong></span> <span class='ocrx_word' id='word_1_400' title='bbox 798 3429 974 3468; x_wconf 83' lang='lat' dir='ltr'><strong>omnes</strong></span> <span class='ocrx_word' id='word_1_401' title='bbox 1002 3417 1238 3472; x_wconf 80' lang='lat' dir='ltr'><strong>homines</strong></span> <span class='ocrx_word' id='word_1_402' title='bbox 1268 3437 1378 3474; x_wconf 83' lang='lat' dir='ltr'><strong>esse</strong></span> <span class='ocrx_word' id='word_1_403' title='bbox 1396 3423 1531 3476; x_wconf 84' lang='lat' dir='ltr'><strong>sicut</strong></span> <span class='ocrx_word' id='word_1_404' title='bbox 1562 3427 1820 3495; x_wconf 82' lang='lat' dir='ltr'><strong>meipsum</strong></span> 
     </span>
    </p>
   </div>
   <div class='ocr_carea' id='block_1_50' title="bbox 224 3497 1822 3580">
    <p class='ocr_par' dir='ltr' id='par_1_50' title="bbox 224 3497 1822 3580">
     <span class='ocr_line' id='line_1_50' title="bbox 224 3497 1822 3580; baseline 0.016 -32"><span class='ocrx_word' id='word_1_405' title='bbox 224 3497 406 3562; x_wconf 84' lang='lat' dir='ltr'><strong>(lbid.,</strong></span> <span class='ocrx_word' id='word_1_406' title='bbox 459 3499 538 3570; x_wconf 83' lang='lat'><strong>7).</strong></span> <span class='ocrx_word' id='word_1_407' title='bbox 578 3501 736 3556; x_wconf 86' lang='lat' dir='ltr'><strong>Aliud</strong></span> <span class='ocrx_word' id='word_1_408' title='bbox 779 3497 907 3559; x_wconf 87' lang='lat' dir='ltr'><strong>vero</strong></span> <span class='ocrx_word' id='word_1_409' title='bbox 956 3507 1171 3562; x_wconf 80' lang='lat' dir='ltr'><strong>volebat</strong></span> <span class='ocrx_word' id='word_1_410' title='bbox 1215 3510 1546 3580; x_wconf 81' lang='lat' dir='ltr'><strong>Apostolus,</strong></span> <span class='ocrx_word' id='word_1_411' title='bbox 1583 3526 1637 3570; x_wconf 92' lang='lat' dir='ltr'><strong>et</strong></span> <span class='ocrx_word' id='word_1_412' title='bbox 1676 3519 1822 3575; x_wconf 87' lang='lat' dir='ltr'><strong>aliud</strong></span> 
     </span>
    </p>
   </div>
   <div class='ocr_carea' id='block_1_51' title="bbox 220 3590 1823 3671">
    <p class='ocr_par' dir='ltr' id='par_1_51' title="bbox 220 3590 1823 3671">
     <span class='ocr_line' id='line_1_51' title="bbox 220 3590 1823 3671; baseline 0.017 -32"><span class='ocrx_word' id='word_1_413' title='bbox 220 3590 593 3659; x_wconf 75' lang='lat' dir='ltr'><strong>przecipiebat.</strong></span> <span class='ocrx_word' id='word_1_414' title='bbox 642 3593 867 3649; x_wconf 84' lang='lat' dir='ltr'><strong>Volebat</strong></span> <span class='ocrx_word' id='word_1_415' title='bbox 897 3612 1016 3662; x_wconf 90' lang='lat' dir='ltr'><strong>nos,</strong></span> <span class='ocrx_word' id='word_1_416' title='bbox 1062 3599 1204 3654; x_wconf 91' lang='lat' dir='ltr'><strong>sicut</strong></span> <span class='ocrx_word' id='word_1_417' title='bbox 1232 3602 1346 3671; x_wconf 91' lang='lat' dir='ltr'><strong>ipse</strong></span> <span class='ocrx_word' id='word_1_418' title='bbox 1387 3615 1544 3671; x_wconf 89' lang='lat' dir='ltr'><strong>erat,</strong></span> <span class='ocrx_word' id='word_1_419' title='bbox 1597 3610 1823 3668; x_wconf 66' lang='lat' dir='ltr'><strong>caelibes</strong></span> 
     </span>
    </p>
   </div>
   <div class='ocr_carea' id='block_1_52' title="bbox 221 3685 1823 3768">
    <p class='ocr_par' dir='ltr' id='par_1_52' title="bbox 221 3685 1823 3768">
     <span class='ocr_line' id='line_1_52' title="bbox 221 3685 1823 3768; baseline 0.017 -37"><span class='ocrx_word' id='word_1_420' title='bbox 221 3693 353 3743; x_wconf 85' lang='lat' dir='ltr'><strong>esse,</strong></span> <span class='ocrx_word' id='word_1_421' title='bbox 386 3691 620 3752; x_wconf 89' lang='lat' dir='ltr'><strong>propter</strong></span> <span class='ocrx_word' id='word_1_422' title='bbox 649 3685 919 3741; x_wconf 80' lang='lat' dir='ltr'><strong>excellens</strong></span> <span class='ocrx_word' id='word_1_423' title='bbox 947 3690 1200 3746; x_wconf 86' lang='lat' dir='ltr'><strong>videlicet</strong></span> <span class='ocrx_word' id='word_1_424' title='bbox 1238 3699 1518 3752; x_wconf 84' lang='lat' dir='ltr'><strong>vernantis</strong></span> <span class='ocrx_word' id='word_1_425' title='bbox 1548 3703 1823 3768; x_wconf 73' lang='lat' dir='ltr'><strong>pudicitia:</strong></span> 
     </span>
    </p>
   </div>
   <div class='ocr_carea' id='block_1_53' title="bbox 219 3775 1820 3865">
    <p class='ocr_par' dir='ltr' id='par_1_53' title="bbox 219 3775 1820 3865">
     <span class='ocr_line' id='line_1_53' title="bbox 219 3775 1820 3865; baseline 0.016 -41"><span class='ocrx_word' id='word_1_426' title='bbox 219 3775 489 3838; x_wconf 89' lang='lat' dir='ltr'><strong>meritum,</strong></span> <span class='ocrx_word' id='word_1_427' title='bbox 527 3777 626 3830; x_wconf 91' lang='lat' dir='ltr'><strong>sed</strong></span> <span class='ocrx_word' id='word_1_428' title='bbox 655 3777 868 3833; x_wconf 88' lang='lat' dir='ltr'><strong>volebat</strong></span> <span class='ocrx_word' id='word_1_429' title='bbox 904 3780 1042 3836; x_wconf 90' lang='lat' dir='ltr'><strong>inire</strong></span> <span class='ocrx_word' id='word_1_430' title='bbox 1070 3783 1377 3856; x_wconf 82' lang='lat' dir='ltr'><strong>eoujugium</strong></span> <span class='ocrx_word' id='word_1_431' title='bbox 1408 3830 1420 3852; x_wconf 92' lang='lat'><strong>,</strong></span> <span class='ocrx_word' id='word_1_432' title='bbox 1450 3792 1576 3858; x_wconf 88' lang='lat' dir='ltr'><strong>quia</strong></span> <span class='ocrx_word' id='word_1_433' title='bbox 1611 3792 1820 3865; x_wconf 83' lang='lat' dir='ltr'><strong>fragili-</strong></span> 
     </span>
    </p>
   </div>
   <div class='ocr_carea' id='block_1_54' title="bbox 222 3866 1818 3954">
    <p class='ocr_par' dir='ltr' id='par_1_54' title="bbox 222 3866 1818 3954">
     <span class='ocr_line' id='line_1_54' title="bbox 222 3866 1818 3954; baseline 0.018 -40"><span class='ocrx_word' id='word_1_434' title='bbox 222 3866 336 3918; x_wconf 75' lang='lat' dir='ltr'><strong>tatis</strong></span> <span class='ocrx_word' id='word_1_435' title='bbox 364 3877 574 3921; x_wconf 72' lang='lat' dir='ltr'><strong>nostra:</strong></span> <span class='ocrx_word' id='word_1_436' title='bbox 603 3869 900 3937; x_wconf 86' lang='lat' dir='ltr'><strong>periculum</strong></span> <span class='ocrx_word' id='word_1_437' title='bbox 931 3875 1245 3931; x_wconf 88' lang='lat' dir='ltr'><strong>timcbat....</strong></span> <span class='ocrx_word' id='word_1_438' title='bbox 1274 3878 1350 3933; x_wconf 88' lang='lat' dir='ltr'><strong>lta</strong></span> <span class='ocrx_word' id='word_1_439' title='bbox 1375 3879 1436 3932; x_wconf 93' lang='grc' dir='ltr'><strong>Β.</strong></span> <span class='ocrx_word' id='word_1_440' title='bbox 1468 3881 1818 3954; x_wconf 86' lang='lat' dir='ltr'><strong>Benedictus,</strong></span> 
     </span>
    </p>
   </div>
   <div class='ocr_carea' id='block_1_55' title="bbox 220 3964 1821 4042">
    <p class='ocr_par' dir='ltr' id='par_1_55' title="bbox 220 3964 1821 4042">
     <span class='ocr_line' id='line_1_55' title="bbox 220 3964 1821 4042; baseline 0.018 -34"><span class='ocrx_word' id='word_1_441' title='bbox 220 3972 526 4027; x_wconf 82' lang='lat' dir='ltr'><strong>quanquam</strong></span> <span class='ocrx_word' id='word_1_442' title='bbox 559 3964 885 4032; x_wconf 88' lang='lat' dir='ltr'><strong>propensius</strong></span> <span class='ocrx_word' id='word_1_443' title='bbox 923 3967 1054 4022; x_wconf 90' lang='lat' dir='ltr'><strong>velit</strong></span> <span class='ocrx_word' id='word_1_444' title='bbox 1084 3985 1183 4024; x_wconf 87' lang='lat' dir='ltr'><strong>nos</strong></span> <span class='ocrx_word' id='word_1_445' title='bbox 1209 3986 1348 4035; x_wconf 84' lang='lat' dir='ltr'><strong>esse,</strong></span> <span class='ocrx_word' id='word_1_446' title='bbox 1376 3977 1518 4042; x_wconf 92' lang='lat' dir='ltr'><strong>quod</strong></span> <span class='ocrx_word' id='word_1_447' title='bbox 1546 3987 1684 4042; x_wconf 91' lang='lat' dir='ltr'><strong>erat,</strong></span> <span class='ocrx_word' id='word_1_448' title='bbox 1717 3981 1821 4037; x_wconf 90' lang='lat' dir='ltr'><strong>hoc</strong></span> 
     </span>
    </p>
   </div>
   <div class='ocr_carea' id='block_1_56' title="bbox 219 4050 1821 4129">
    <p class='ocr_par' dir='ltr' id='par_1_56' title="bbox 219 4050 1821 4129">
     <span class='ocr_line' id='line_1_56' title="bbox 219 4050 1821 4129; baseline 0.019 -32"><span class='ocrx_word' id='word_1_449' title='bbox 219 4056 294 4098; x_wconf 92' lang='lat' dir='ltr'><strong>est</strong></span> <span class='ocrx_word' id='word_1_450' title='bbox 326 4050 499 4103; x_wconf 87' lang='lat' dir='ltr'><strong>eremi</strong></span> <span class='ocrx_word' id='word_1_451' title='bbox 550 4062 888 4120; x_wconf 88' lang='lat' dir='ltr'><strong>sectatores;</strong></span> <span class='ocrx_word' id='word_1_452' title='bbox 930 4058 1266 4116; x_wconf 82' lang='lat' dir='ltr'><strong>tolerabilius</strong></span> <span class='ocrx_word' id='word_1_453' title='bbox 1311 4073 1487 4120; x_wconf 89' lang='lat' dir='ltr'><strong>tamen</strong></span> <span class='ocrx_word' id='word_1_454' title='bbox 1528 4069 1676 4123; x_wconf 89' lang='lat' dir='ltr'><strong>ducit</strong></span> <span class='ocrx_word' id='word_1_455' title='bbox 1721 4088 1821 4129; x_wconf 88' lang='lat' dir='ltr'><strong>nos</strong></span> 
     </span>
    </p>
   </div>
   <div class='ocr_carea' id='block_1_57' title="bbox 219 4138 1821 4233">
    <p class='ocr_par' dir='ltr' id='par_1_57' title="bbox 219 4138 1821 4233">
     <span class='ocr_line' id='line_1_57' title="bbox 219 4138 1821 4233; baseline 0.019 -43"><span class='ocrx_word' id='word_1_456' title='bbox 219 4138 454 4196; x_wconf 84' lang='lat' dir='ltr'><strong>inﬁrmos</strong></span> <span class='ocrx_word' id='word_1_457' title='bbox 493 4158 566 4198; x_wconf 87' lang='lat' dir='ltr'><strong>ac</strong></span> <span class='ocrx_word' id='word_1_458' title='bbox 606 4145 811 4202; x_wconf 86' lang='lat' dir='ltr'><strong>debiles</strong></span> <span class='ocrx_word' id='word_1_459' title='bbox 841 4148 894 4202; x_wconf 91' lang='lat' dir='ltr'><strong>in</strong></span> <span class='ocrx_word' id='word_1_460' title='bbox 941 4155 1256 4208; x_wconf 89' lang='lat' dir='ltr'><strong>monasterii</strong></span> <span class='ocrx_word' id='word_1_461' title='bbox 1290 4166 1447 4224; x_wconf 90' lang='lat' dir='ltr'><strong>portu</strong></span> <span class='ocrx_word' id='word_1_462' title='bbox 1482 4161 1563 4214; x_wconf 86' lang='lat' dir='ltr'><strong>vel</strong></span> <span class='ocrx_word' id='word_1_463' title='bbox 1613 4164 1821 4233; x_wconf 80' lang='lat' dir='ltr'><strong>ignobi-</strong></span> 
     </span>
    </p>
   </div>
   <div class='ocr_carea' id='block_1_58' title="bbox 219 4226 1817 4320">
    <p class='ocr_par' dir='ltr' id='par_1_58' title="bbox 219 4226 1817 4320">
     <span class='ocr_line' id='line_1_58' title="bbox 219 4226 1817 4320; baseline 0.021 -43"><span class='ocrx_word' id='word_1_464' title='bbox 219 4226 331 4280; x_wconf 88' lang='lat' dir='ltr'><strong>liter</strong></span> <span class='ocrx_word' id='word_1_465' title='bbox 373 4231 566 4286; x_wconf 89' lang='lat' dir='ltr'><strong>vivere</strong></span> <span class='ocrx_word' id='word_1_466' title='bbox 591 4273 605 4296; x_wconf 92' lang='lat'><strong>,</strong></span> <span class='ocrx_word' id='word_1_467' title='bbox 647 4250 810 4303; x_wconf 88' lang='lat' dir='ltr'><strong>quam</strong></span> <span class='ocrx_word' id='word_1_468' title='bbox 856 4237 907 4292; x_wconf 91' lang='lat' dir='ltr'><strong>in</strong></span> <span class='ocrx_word' id='word_1_469' title='bbox 949 4247 1312 4310; x_wconf 80' lang='lat' dir='ltr'><strong>tempestuosa</strong></span> <span class='ocrx_word' id='word_1_470' title='bbox 1351 4246 1596 4320; x_wconf 83' lang='lat' dir='ltr'><strong>naufragi</strong></span> <span class='ocrx_word' id='word_1_471' title='bbox 1631 4256 1817 4310; x_wconf 90' lang='lat' dir='ltr'><strong>mundi</strong></span> 
     </span>
    </p>
   </div>
   <div class='ocr_carea' id='block_1_59' title="bbox 220 4321 1819 4400">
    <p class='ocr_par' dir='ltr' id='par_1_59' title="bbox 220 4321 1819 4400">
     <span class='ocr_line' id='line_1_59' title="bbox 220 4321 1819 4400; baseline 0.019 -30"><span class='ocrx_word' id='word_1_472' title='bbox 220 4321 466 4390; x_wconf 74' lang='lat' dir='ltr'><strong>voragine</strong></span> <span class='ocrx_word' id='word_1_473' title='bbox 498 4322 772 4392; x_wconf 89' lang='lat' dir='ltr'><strong>deperire.</strong></span> <span class='ocrx_word' id='word_1_474' title='bbox 808 4345 826 4377; x_wconf 80' lang='grc' dir='ltr'><strong>ι</strong></span> <span class='ocrx_word' id='word_1_475' title='bbox 859 4327 936 4382; x_wconf 81' lang='lat' dir='ltr'><strong>Ac</strong></span> <span class='ocrx_word' id='word_1_476' title='bbox 972 4333 1188 4386; x_wconf 81' lang='lat' dir='ltr'><strong>tandem</strong></span> <span class='ocrx_word' id='word_1_477' title='bbox 1231 4335 1303 4388; x_wconf 90' lang='lat' dir='ltr'><strong>ita</strong></span> <span class='ocrx_word' id='word_1_478' title='bbox 1336 4338 1609 4395; x_wconf 89' lang='lat' dir='ltr'><strong>concludit</strong></span> <span class='ocrx_word' id='word_1_479' title='bbox 1643 4357 1657 4394; x_wconf 90' lang='lat'><strong>:</strong></span> <span class='ocrx_word' id='word_1_480' title='bbox 1696 4361 1714 4394; x_wconf 81' lang='grc' dir='ltr'><strong>ι</strong></span> <span class='ocrx_word' id='word_1_481' title='bbox 1747 4344 1819 4400; x_wconf 92' lang='lat' dir='ltr'><strong>Ut</strong></span> 
     </span>
    </p>
   </div>
   <div class='ocr_carea' id='block_1_60' title="bbox 219 4413 1817 4489">
    <p class='ocr_par' dir='ltr' id='par_1_60' title="bbox 219 4413 1817 4489">
     <span class='ocr_line' id='line_1_60' title="bbox 219 4413 1817 4489; baseline 0.018 -27"><span class='ocrx_word' id='word_1_482' title='bbox 219 4427 337 4480; x_wconf 80' lang='lat' dir='ltr'><strong>ergo</strong></span> <span class='ocrx_word' id='word_1_483' title='bbox 367 4413 606 4469; x_wconf 83' lang='lat' dir='ltr'><strong>Fratres</strong></span> <span class='ocrx_word' id='word_1_484' title='bbox 641 4416 707 4469; x_wconf 92' lang='lat' dir='ltr'><strong>ad</strong></span> <span class='ocrx_word' id='word_1_485' title='bbox 745 4431 987 4473; x_wconf 87' lang='lat' dir='ltr'><strong>eremqu</strong></span> <span class='ocrx_word' id='word_1_486' title='bbox 1024 4423 1088 4475; x_wconf 92' lang='lat' dir='ltr'><strong>de</strong></span> <span class='ocrx_word' id='word_1_487' title='bbox 1135 4428 1504 4482; x_wconf 89' lang='lat' dir='ltr'><strong>monasteriali</strong></span> <span class='ocrx_word' id='word_1_488' title='bbox 1538 4431 1644 4484; x_wconf 88' lang='lat' dir='ltr'><strong>vita</strong></span> <span class='ocrx_word' id='word_1_489' title='bbox 1683 4450 1817 4489; x_wconf 90' lang='lat' dir='ltr'><strong>con-</strong></span> 
     </span>
    </p>
   </div>
   <div class='ocr_carea' id='block_1_61' title="bbox 219 4509 1817 4582">
    <p class='ocr_par' dir='ltr' id='par_1_61' title="bbox 219 4509 1817 4582">
     <span class='ocr_line' id='line_1_61' title="bbox 219 4509 1817 4582; baseline 0.014 -23"><span class='ocrx_word' id='word_1_490' title='bbox 219 4509 504 4573; x_wconf 88' lang='lat' dir='ltr'><strong>scendant,</strong></span> <span class='ocrx_word' id='word_1_491' title='bbox 555 4520 614 4563; x_wconf 88' lang='lat' dir='ltr'><strong>et</strong></span> <span class='ocrx_word' id='word_1_492' title='bbox 642 4526 737 4565; x_wconf 90' lang='lat' dir='ltr'><strong>nos</strong></span> <span class='ocrx_word' id='word_1_493' title='bbox 768 4512 999 4578; x_wconf 89' lang='lat' dir='ltr'><strong>hortari,</strong></span> <span class='ocrx_word' id='word_1_494' title='bbox 1031 4525 1086 4569; x_wconf 92' lang='lat' dir='ltr'><strong>et</strong></span> <span class='ocrx_word' id='word_1_495' title='bbox 1116 4533 1215 4572; x_wconf 91' lang='lat' dir='ltr'><strong>nos</strong></span> <span class='ocrx_word' id='word_1_496' title='bbox 1247 4521 1506 4576; x_wconf 86' lang='lat' dir='ltr'><strong>debemus</strong></span> <span class='ocrx_word' id='word_1_497' title='bbox 1533 4540 1657 4578; x_wconf 93' lang='lat' dir='ltr'><strong>cum</strong></span> <span class='ocrx_word' id='word_1_498' title='bbox 1686 4528 1817 4582; x_wconf 90' lang='lat' dir='ltr'><strong>cha-</strong></span> 
     </span>
    </p>
   </div>
   <div class='ocr_carea' id='block_1_62' title="bbox 220 4577 1894 4681">
    <p class='ocr_par' dir='ltr' id='par_1_62' title="bbox 220 4577 1894 4681">
     <span class='ocr_line' id='line_1_62' title="bbox 220 4577 1894 4681; baseline 0.017 -35"><span class='ocrx_word' id='word_1_499' title='bbox 220 4597 368 4651; x_wconf 83' lang='lat' dir='ltr'><strong>ritate</strong></span> <span class='ocrx_word' id='word_1_500' title='bbox 407 4600 728 4670; x_wconf 82' lang='lat' dir='ltr'><strong>suscipere,</strong></span> <span class='ocrx_word' id='word_1_501' title='bbox 773 4611 832 4656; x_wconf 92' lang='lat' dir='ltr'><strong>ut</strong></span> <span class='ocrx_word' id='word_1_502' title='bbox 872 4619 976 4657; x_wconf 90' lang='lat' dir='ltr'><strong>non</strong></span> <span class='ocrx_word' id='word_1_503' title='bbox 1013 4606 1154 4660; x_wconf 90' lang='lat' dir='ltr'><strong>velut</strong></span> <span class='ocrx_word' id='word_1_504' title='bbox 1197 4609 1379 4681; x_wconf 79' lang='lat' dir='ltr'><strong>hostes</strong></span> <span class='ocrx_word' id='word_1_505' title='bbox 1416 4627 1446 4665; x_wconf 94' lang='lat' dir='ltr'><strong>a</strong></span> <span class='ocrx_word' id='word_1_506' title='bbox 1493 4614 1654 4670; x_wconf 92' lang='lat' dir='ltr'><strong>beato</strong></span> <span class='ocrx_word' id='word_1_507' title='bbox 1695 4619 1813 4672; x_wconf 85' lang='lat' dir='ltr'><strong>viro</strong></span> <span class='ocrx_word' id='word_1_508' title='bbox 1845 4577 1894 4637; x_wconf 68' lang='grc' dir='ltr'><strong><em>Β</em></strong></span> 
     </span>
    </p>
   </div>
   <div class='ocr_carea' id='block_1_63' title="bbox 220 4689 1816 4771">
    <p class='ocr_par' dir='ltr' id='par_1_63' title="bbox 220 4689 1816 4771">
     <span class='ocr_line' id='line_1_63' title="bbox 220 4689 1816 4771; baseline 0.014 -30"><span class='ocrx_word' id='word_1_509' title='bbox 220 4689 586 4752; x_wconf 82' lang='lat' dir='ltr'><strong>schismatica,</strong></span> <span class='ocrx_word' id='word_1_510' title='bbox 621 4691 762 4760; x_wconf 90' lang='lat' dir='ltr'><strong>quod</strong></span> <span class='ocrx_word' id='word_1_511' title='bbox 792 4692 955 4758; x_wconf 86' lang='lat' dir='ltr'><strong>absit,</strong></span> <span class='ocrx_word' id='word_1_512' title='bbox 989 4699 1272 4753; x_wconf 88' lang='lat' dir='ltr'><strong>aversione</strong></span> <span class='ocrx_word' id='word_1_513' title='bbox 1302 4701 1598 4771; x_wconf 72' lang='lat' dir='ltr'><strong>discedere,</strong></span> <span class='ocrx_word' id='word_1_514' title='bbox 1630 4709 1724 4762; x_wconf 91' lang='lat' dir='ltr'><strong>sed</strong></span> <span class='ocrx_word' id='word_1_515' title='bbox 1757 4719 1816 4764; x_wconf 91' lang='lat' dir='ltr'><strong>ut</strong></span> 
     </span>
    </p>
   </div>
   <div class='ocr_carea' id='block_1_64' title="bbox 221 4784 1815 4856">
    <p class='ocr_par' dir='ltr' id='par_1_64' title="bbox 221 4784 1815 4856">
     <span class='ocr_line' id='line_1_64' title="bbox 221 4784 1815 4856; baseline 0.014 -22"><span class='ocrx_word' id='word_1_516' title='bbox 221 4794 393 4835; x_wconf 86' lang='lat' dir='ltr'><strong>revera</strong></span> <span class='ocrx_word' id='word_1_517' title='bbox 427 4784 690 4854; x_wconf 89' lang='lat' dir='ltr'><strong>discipuli</strong></span> <span class='ocrx_word' id='word_1_518' title='bbox 726 4787 1005 4842; x_wconf 88' lang='lat' dir='ltr'><strong>videamur</strong></span> <span class='ocrx_word' id='word_1_519' title='bbox 1033 4798 1085 4842; x_wconf 92' lang='lat' dir='ltr'><strong>et</strong></span> <span class='ocrx_word' id='word_1_520' title='bbox 1118 4791 1190 4844; x_wconf 90' lang='lat' dir='ltr'><strong>illi</strong></span> <span class='ocrx_word' id='word_1_521' title='bbox 1223 4793 1450 4849; x_wconf 89' lang='lat' dir='ltr'><strong>invicem</strong></span> <span class='ocrx_word' id='word_1_522' title='bbox 1484 4801 1815 4856; x_wconf 89' lang='lat' dir='ltr'><strong>unanimiter</strong></span> 
     </span>
    </p>
   </div>
   <div class='ocr_carea' id='block_1_65' title="bbox 221 4875 601 4930">
    <p class='ocr_par' dir='ltr' id='par_1_65' title="bbox 221 4875 601 4930">
     <span class='ocr_line' id='line_1_65' title="bbox 221 4875 601 4930; baseline 0.011 -7"><span class='ocrx_word' id='word_1_523' title='bbox 221 4875 540 4930; x_wconf 83' lang='lat' dir='ltr'><strong>consentire.</strong></span> <span class='ocrx_word' id='word_1_524' title='bbox 581 4894 601 4927; x_wconf 77' lang='grc' dir='ltr'><strong>ι</strong></span> 
     </span>
    </p>
   </div>
   <div class='ocr_carea' id='block_1_66' title="bbox 286 4963 1812 5052">
    <p class='ocr_par' dir='ltr' id='par_1_66' title="bbox 286 4963 1812 5052">
     <span class='ocr_line' id='line_1_66' title="bbox 286 4963 1812 5052; baseline 0.016 -36"><span class='ocrx_word' id='word_1_525' title='bbox 286 4963 365 5016; x_wconf 87' lang='lat' dir='ltr'><strong>l6.</strong></span> <span class='ocrx_word' id='word_1_526' title='bbox 407 4965 689 5022; x_wconf 87' lang='lat' dir='ltr'><strong>llactenus</strong></span> <span class='ocrx_word' id='word_1_527' title='bbox 715 4968 769 5022; x_wconf 88' lang='lat' dir='ltr'><strong>in</strong></span> <span class='ocrx_word' id='word_1_528' title='bbox 799 4968 887 5023; x_wconf 88' lang='lat' dir='ltr'><strong>illa</strong></span> <span class='ocrx_word' id='word_1_529' title='bbox 919 4987 1013 5026; x_wconf 89' lang='lat' dir='ltr'><strong>sua</strong></span> <span class='ocrx_word' id='word_1_530' title='bbox 1048 4988 1132 5044; x_wconf 82' lang='lat' dir='ltr'><strong>ep.</strong></span> <span class='ocrx_word' id='word_1_531' title='bbox 1162 4973 1220 5028; x_wconf 87' lang='grc' dir='ltr'><strong>Β.</strong></span> <span class='ocrx_word' id='word_1_532' title='bbox 1251 4975 1464 5045; x_wconf 84' lang='lat' dir='ltr'><strong>Petrus,</strong></span> <span class='ocrx_word' id='word_1_533' title='bbox 1499 4982 1588 5048; x_wconf 87' lang='lat' dir='ltr'><strong>qui</strong></span> <span class='ocrx_word' id='word_1_534' title='bbox 1613 4992 1812 5052; x_wconf 70' lang='lat' dir='ltr'><strong>prtclet‘</strong></span> 
     </span>
    </p>
   </div>
   <div class='ocr_carea' id='block_1_67' title="bbox 220 5062 1810 5139">
    <p class='ocr_par' dir='ltr' id='par_1_67' title="bbox 220 5062 1810 5139">
     <span class='ocr_line' id='line_1_67' title="bbox 220 5062 1810 5139; baseline 0.014 -29"><span class='ocrx_word' id='word_1_535' title='bbox 220 5067 463 5112; x_wconf 79' lang='lat' dir='ltr'><strong>consueta</strong></span> <span class='ocrx_word' id='word_1_536' title='bbox 497 5062 958 5117; x_wconf 85' lang='lat' dir='ltr'><strong>monasteriorum</strong></span> <span class='ocrx_word' id='word_1_537' title='bbox 988 5064 1046 5120; x_wconf 89' lang='lat' dir='ltr'><strong>S.</strong></span> <span class='ocrx_word' id='word_1_538' title='bbox 1082 5065 1355 5123; x_wconf 88' lang='lat' dir='ltr'><strong>Benedicti</strong></span> <span class='ocrx_word' id='word_1_539' title='bbox 1386 5075 1672 5139; x_wconf 73' lang='lat' dir='ltr'><strong>exercitia,</strong></span> <span class='ocrx_word' id='word_1_540' title='bbox 1702 5086 1810 5131; x_wconf 90' lang='lat' dir='ltr'><strong>tra-</strong></span> 
     </span>
    </p>
   </div>
   <div class='ocr_carea' id='block_1_68' title="bbox 220 5145 1812 5229">
    <p class='ocr_par' dir='ltr' id='par_1_68' title="bbox 220 5145 1812 5229">
     <span class='ocr_line' id='line_1_68' title="bbox 220 5145 1812 5229; baseline 0.014 -29"><span class='ocrx_word' id='word_1_541' title='bbox 220 5145 292 5200; x_wconf 80' lang='lat' dir='ltr'><strong>dit</strong></span> <span class='ocrx_word' id='word_1_542' title='bbox 330 5165 516 5219; x_wconf 87' lang='lat' dir='ltr'><strong>opusc.</strong></span> <span class='ocrx_word' id='word_1_543' title='bbox 572 5167 666 5205; x_wconf 74' lang='lat' dir='ltr'><strong>stv</strong></span> <span class='ocrx_word' id='word_1_544' title='bbox 698 5153 750 5206; x_wconf 91' lang='lat' dir='ltr'><strong>iu</strong></span> <span class='ocrx_word' id='word_1_545' title='bbox 801 5169 894 5208; x_wconf 88' lang='lat' dir='ltr'><strong>sua</strong></span> <span class='ocrx_word' id='word_1_546' title='bbox 936 5171 1121 5212; x_wconf 90' lang='lat' dir='ltr'><strong>eremo</strong></span> <span class='ocrx_word' id='word_1_547' title='bbox 1153 5160 1340 5217; x_wconf 81' lang='lat' dir='ltr'><strong>Fontis</strong></span> <span class='ocrx_word' id='word_1_548' title='bbox 1376 5163 1654 5229; x_wconf 78' lang='lat' dir='ltr'><strong>Avellani,</strong></span> <span class='ocrx_word' id='word_1_549' title='bbox 1705 5169 1812 5223; x_wconf 88' lang='lat' dir='ltr'><strong>alia</strong></span> 
     </span>
    </p>
   </div>
   <div class='ocr_carea' id='block_1_69' title="bbox 222 5243 1810 5317">
    <p class='ocr_par' dir='ltr' id='par_1_69' title="bbox 222 5243 1810 5317">
     <span class='ocr_line' id='line_1_69' title="bbox 222 5243 1810 5317; baseline 0.016 -29"><span class='ocrx_word' id='word_1_550' title='bbox 222 5243 612 5310; x_wconf 81' lang='lat' dir='ltr'><strong>quamplurima</strong></span> <span class='ocrx_word' id='word_1_551' title='bbox 635 5284 649 5307; x_wconf 94' lang='lat'><strong>,</strong></span> <span class='ocrx_word' id='word_1_552' title='bbox 684 5253 740 5300; x_wconf 90' lang='lat' dir='ltr'><strong>et</strong></span> <span class='ocrx_word' id='word_1_553' title='bbox 779 5244 936 5317; x_wconf 80' lang='lat' dir='ltr'><strong>longe</strong></span> <span class='ocrx_word' id='word_1_554' title='bbox 967 5250 1350 5306; x_wconf 75' lang='lat' dir='ltr'><strong>excellentiora</strong></span> <span class='ocrx_word' id='word_1_555' title='bbox 1393 5255 1693 5312; x_wconf 88' lang='lat' dir='ltr'><strong>observari.</strong></span> <span class='ocrx_word' id='word_1_556' title='bbox 1734 5259 1810 5314; x_wconf 90' lang='lat' dir='ltr'><strong>lta</strong></span> 
     </span>
    </p>
   </div>
   <div class='ocr_carea' id='block_1_70' title="bbox 230 5331 1812 5406">
    <p class='ocr_par' dir='ltr' id='par_1_70' title="bbox 230 5331 1812 5406">
     <span class='ocr_line' id='line_1_70' title="bbox 230 5331 1812 5406; baseline 0.015 -25"><span class='ocrx_word' id='word_1_557' title='bbox 230 5348 244 5375; x_wconf 73' lang='grc' dir='ltr'><strong>ι</strong></span> <span class='ocrx_word' id='word_1_558' title='bbox 276 5331 340 5382; x_wconf 76' lang='lat' dir='ltr'><strong>De</strong></span> <span class='ocrx_word' id='word_1_559' title='bbox 372 5333 682 5400; x_wconf 83' lang='lat' dir='ltr'><strong>psalmodia</strong></span> <span class='ocrx_word' id='word_1_560' title='bbox 704 5375 719 5400; x_wconf 90' lang='lat'><strong>,</strong></span> <span class='ocrx_word' id='word_1_561' title='bbox 753 5335 943 5405; x_wconf 89' lang='lat' dir='ltr'><strong>inquit,</strong></span> <span class='ocrx_word' id='word_1_562' title='bbox 977 5344 1308 5396; x_wconf 89' lang='lat' dir='ltr'><strong>consuetudo</strong></span> <span class='ocrx_word' id='word_1_563' title='bbox 1334 5354 1438 5406; x_wconf 89' lang='lat' dir='ltr'><strong>est,</strong></span> <span class='ocrx_word' id='word_1_564' title='bbox 1469 5359 1523 5400; x_wconf 90' lang='lat' dir='ltr'><strong>ut</strong></span> <span class='ocrx_word' id='word_1_565' title='bbox 1551 5363 1674 5402; x_wconf 90' lang='lat' dir='ltr'><strong>eum</strong></span> <span class='ocrx_word' id='word_1_566' title='bbox 1705 5350 1812 5406; x_wconf 90' lang='lat' dir='ltr'><strong>duo</strong></span> 
     </span>
    </p>
   </div>
   <div class='ocr_carea' id='block_1_71' title="bbox 226 5418 1814 5507">
    <p class='ocr_par' dir='ltr' id='par_1_71' title="bbox 226 5418 1814 5507">
     <span class='ocr_line' id='line_1_71' title="bbox 226 5418 1814 5507; baseline 0.018 -37"><span class='ocrx_word' id='word_1_567' title='bbox 226 5418 403 5478; x_wconf 77' lang='lat' dir='ltr'><strong>fratres</strong></span> <span class='ocrx_word' id='word_1_568' title='bbox 437 5425 606 5480; x_wconf 86' lang='lat' dir='ltr'><strong>simul</strong></span> <span class='ocrx_word' id='word_1_569' title='bbox 642 5439 1046 5484; x_wconf 89' lang='lat' dir='ltr'><strong>commorantur</strong></span> <span class='ocrx_word' id='word_1_570' title='bbox 1083 5433 1132 5486; x_wconf 91' lang='lat' dir='ltr'><strong>in</strong></span> <span class='ocrx_word' id='word_1_571' title='bbox 1166 5434 1330 5498; x_wconf 88' lang='lat' dir='ltr'><strong>cella,</strong></span> <span class='ocrx_word' id='word_1_572' title='bbox 1364 5438 1470 5490; x_wconf 89' lang='lat' dir='ltr'><strong>duo</strong></span> <span class='ocrx_word' id='word_1_573' title='bbox 1501 5441 1814 5507; x_wconf 83' lang='lat' dir='ltr'><strong>persolvant</strong></span> 
     </span>
    </p>
   </div>
   <div class='ocr_carea' id='block_1_72' title="bbox 229 5513 1814 5602">
    <p class='ocr_par' dir='ltr' id='par_1_72' title="bbox 229 5513 1814 5602">
     <span class='ocr_line' id='line_1_72' title="bbox 229 5513 1814 5602; baseline 0.02 -40"><span class='ocrx_word' id='word_1_574' title='bbox 229 5513 272 5564; x_wconf 90' lang='lat' dir='ltr'><strong>in</strong></span> <span class='ocrx_word' id='word_1_575' title='bbox 298 5517 376 5568; x_wconf 84' lang='lat' dir='ltr'><strong>die</strong></span> <span class='ocrx_word' id='word_1_576' title='bbox 407 5518 674 5586; x_wconf 85' lang='lat' dir='ltr'><strong>psalteria</strong></span> <span class='ocrx_word' id='word_1_577' title='bbox 698 5561 712 5583; x_wconf 96' lang='lat'><strong>,</strong></span> <span class='ocrx_word' id='word_1_578' title='bbox 747 5536 909 5574; x_wconf 91' lang='lat' dir='ltr'><strong>unum</strong></span> <span class='ocrx_word' id='word_1_579' title='bbox 940 5538 1038 5591; x_wconf 88' lang='lat' dir='ltr'><strong>pro</strong></span> <span class='ocrx_word' id='word_1_580' title='bbox 1071 5526 1236 5590; x_wconf 87' lang='lat' dir='ltr'><strong>vivis,</strong></span> <span class='ocrx_word' id='word_1_581' title='bbox 1278 5529 1506 5584; x_wconf 73' lang='lat' dir='ltr'><strong>alterum</strong></span> <span class='ocrx_word' id='word_1_582' title='bbox 1539 5549 1635 5602; x_wconf 88' lang='lat' dir='ltr'><strong>pro</strong></span> <span class='ocrx_word' id='word_1_583' title='bbox 1669 5552 1814 5592; x_wconf 84' lang='lat' dir='ltr'><strong>mor-</strong></span> 
     </span>
    </p>
   </div>
   <div class='ocr_carea' id='block_1_73' title="bbox 228 5603 1810 5696">
    <p class='ocr_par' dir='ltr' id='par_1_73' title="bbox 228 5603 1810 5696">
     <span class='ocr_line' id='line_1_73' title="bbox 228 5603 1810 5696; baseline 0.018 -40"><span class='ocrx_word' id='word_1_584' title='bbox 228 5603 403 5662; x_wconf 81' lang='lat' dir='ltr'><strong>tuis....</strong></span> <span class='ocrx_word' id='word_1_585' title='bbox 430 5611 531 5677; x_wconf 83' lang='lat' dir='ltr'><strong>Qui</strong></span> <span class='ocrx_word' id='word_1_586' title='bbox 559 5621 749 5665; x_wconf 89' lang='lat' dir='ltr'><strong>autem</strong></span> <span class='ocrx_word' id='word_1_587' title='bbox 777 5613 921 5667; x_wconf 76' lang='lat' dir='ltr'><strong>solus</strong></span> <span class='ocrx_word' id='word_1_588' title='bbox 948 5628 1216 5683; x_wconf 86' lang='lat' dir='ltr'><strong>moratur,</strong></span> <span class='ocrx_word' id='word_1_589' title='bbox 1249 5622 1564 5689; x_wconf 78' lang='lat' dir='ltr'><strong>psalterium</strong></span> <span class='ocrx_word' id='word_1_590' title='bbox 1593 5629 1810 5696; x_wconf 89' lang='lat' dir='ltr'><strong>quidem</strong></span> 
     </span>
    </p>
   </div>
   <div class='ocr_carea' id='block_1_74' title="bbox 226 5697 1808 5786">
    <p class='ocr_par' dir='ltr' id='par_1_74' title="bbox 226 5697 1808 5786">
     <span class='ocr_line' id='line_1_74' title="bbox 226 5697 1808 5786; baseline 0.018 -38"><span class='ocrx_word' id='word_1_591' title='bbox 226 5697 450 5754; x_wconf 78' lang='lat' dir='ltr'><strong>vivorum</strong></span> <span class='ocrx_word' id='word_1_592' title='bbox 483 5713 665 5758; x_wconf 90' lang='lat' dir='ltr'><strong>totum</strong></span> <span class='ocrx_word' id='word_1_593' title='bbox 698 5719 796 5772; x_wconf 90' lang='lat' dir='ltr'><strong>per</strong></span> <span class='ocrx_word' id='word_1_594' title='bbox 827 5706 1066 5777; x_wconf 82' lang='lat' dir='ltr'><strong>singulos</strong></span> <span class='ocrx_word' id='word_1_595' title='bbox 1095 5711 1210 5766; x_wconf 84' lang='lat' dir='ltr'><strong>dies</strong></span> <span class='ocrx_word' id='word_1_596' title='bbox 1251 5713 1576 5786; x_wconf 86' lang='lat' dir='ltr'><strong>adimpleat;</strong></span> <span class='ocrx_word' id='word_1_597' title='bbox 1614 5721 1808 5776; x_wconf 82' lang='lat' dir='ltr'><strong>defun-</strong></span> 
     </span>
    </p>
   </div>
   <div class='ocr_carea' id='block_1_75' title="bbox 229 5794 1808 5877">
    <p class='ocr_par' dir='ltr' id='par_1_75' title="bbox 229 5794 1808 5877">
     <span class='ocr_line' id='line_1_75' title="bbox 229 5794 1808 5877; baseline 0.019 -39"><span class='ocrx_word' id='word_1_598' title='bbox 229 5798 414 5844; x_wconf 76' lang='lat' dir='ltr'><strong>cturum</strong></span> <span class='ocrx_word' id='word_1_599' title='bbox 444 5794 560 5848; x_wconf 82' lang='lat' dir='ltr'><strong>sive</strong></span> <span class='ocrx_word' id='word_1_600' title='bbox 600 5794 867 5862; x_wconf 67' lang='lat' dir='ltr'><strong>medium,</strong></span> <span class='ocrx_word' id='word_1_601' title='bbox 893 5797 1005 5854; x_wconf 87' lang='lat' dir='ltr'><strong>sive</strong></span> <span class='ocrx_word' id='word_1_602' title='bbox 1039 5808 1233 5867; x_wconf 87' lang='lat' dir='ltr'><strong>totum,</strong></span> <span class='ocrx_word' id='word_1_603' title='bbox 1255 5801 1408 5871; x_wconf 73' lang='lat' dir='ltr'><strong>juxta</strong></span> <span class='ocrx_word' id='word_1_604' title='bbox 1444 5809 1585 5877; x_wconf 77' lang='lat' dir='ltr'><strong>quod</strong></span> <span class='ocrx_word' id='word_1_605' title='bbox 1614 5811 1808 5868; x_wconf 88' lang='lat' dir='ltr'><strong>virium</strong></span> 
     </span>
    </p>
   </div>
   <div class='ocr_carea' id='block_1_76' title="bbox 1930 1944 3552 2021">
    <p class='ocr_par' dir='ltr' id='par_1_76' title="bbox 1930 1944 3552 2021">
     <span class='ocr_line' id='line_1_76' title="bbox 1930 1944 3552 2021; baseline 0.006 -22"><span class='ocrx_word' id='word_1_606' title='bbox 1930 1944 2165 1999; x_wconf 91' lang='lat' dir='ltr'><strong>domnus</strong></span> <span class='ocrx_word' id='word_1_607' title='bbox 2202 1944 2400 2001; x_wconf 86' lang='lat' dir='ltr'><strong>Petrus</strong></span> <span class='ocrx_word' id='word_1_608' title='bbox 2429 1946 2725 2005; x_wconf 90' lang='lat' dir='ltr'><strong>Damianus</strong></span> <span class='ocrx_word' id='word_1_609' title='bbox 2762 1951 2830 2005; x_wconf 89' lang='lat' dir='ltr'><strong>ad</strong></span> <span class='ocrx_word' id='word_1_610' title='bbox 2863 1954 3256 2007; x_wconf 86' lang='lat' dir='ltr'><strong>monasterium</strong></span> <span class='ocrx_word' id='word_1_611' title='bbox 3291 1957 3552 2021; x_wconf 87' lang='lat' dir='ltr'><strong>veniens,</strong></span> 
     </span>
    </p>
   </div>
   <div class='ocr_carea' id='block_1_77' title="bbox 1929 2036 3552 2111">
    <p class='ocr_par' dir='ltr' id='par_1_77' title="bbox 1929 2036 3552 2111">
     <span class='ocr_line' id='line_1_77' title="bbox 1929 2036 3552 2111; baseline 0.007 -22"><span class='ocrx_word' id='word_1_612' title='bbox 1929 2049 2054 2089; x_wconf 90' lang='lat' dir='ltr'><strong>cum</strong></span> <span class='ocrx_word' id='word_1_613' title='bbox 2094 2036 2262 2092; x_wconf 89' lang='lat' dir='ltr'><strong>verbo</strong></span> <span class='ocrx_word' id='word_1_614' title='bbox 2309 2038 2519 2108; x_wconf 88' lang='lat' dir='ltr'><strong>pariter</strong></span> <span class='ocrx_word' id='word_1_615' title='bbox 2579 2047 2637 2094; x_wconf 92' lang='lat' dir='ltr'><strong>et</strong></span> <span class='ocrx_word' id='word_1_616' title='bbox 2690 2041 2940 2111; x_wconf 81' lang='lat' dir='ltr'><strong>exemplo</strong></span> <span class='ocrx_word' id='word_1_617' title='bbox 2995 2044 3061 2097; x_wconf 92' lang='lat' dir='ltr'><strong>ad</strong></span> <span class='ocrx_word' id='word_1_618' title='bbox 3117 2044 3211 2099; x_wconf 90' lang='lat' dir='ltr'><strong>Dei</strong></span> <span class='ocrx_word' id='word_1_619' title='bbox 3265 2044 3552 2101; x_wconf 88' lang='lat' dir='ltr'><strong>servitium</strong></span> 
     </span>
    </p>
   </div>
   <div class='ocr_carea' id='block_1_78' title="bbox 1929 2129 3554 2203">
    <p class='ocr_par' dir='ltr' id='par_1_78' title="bbox 1929 2129 3554 2203">
     <span class='ocr_line' id='line_1_78' title="bbox 1929 2129 3554 2203; baseline 0.01 -23"><span class='ocrx_word' id='word_1_620' title='bbox 1929 2141 2291 2200; x_wconf 87' lang='lat' dir='ltr'><strong>quoscunque</strong></span> <span class='ocrx_word' id='word_1_621' title='bbox 2333 2139 2558 2198; x_wconf 89' lang='lat' dir='ltr'><strong>posset,</strong></span> <span class='ocrx_word' id='word_1_622' title='bbox 2606 2129 2886 2188; x_wconf 87' lang='lat' dir='ltr'><strong>ferventer</strong></span> <span class='ocrx_word' id='word_1_623' title='bbox 2929 2136 3286 2203; x_wconf 90' lang='lat' dir='ltr'><strong>accenderet;</strong></span> <span class='ocrx_word' id='word_1_624' title='bbox 3330 2141 3554 2195; x_wconf 86' lang='lat' dir='ltr'><strong>tandem</strong></span> 
     </span>
    </p>
   </div>
   <div class='ocr_carea' id='block_1_79' title="bbox 1927 2219 3555 2301">
    <p class='ocr_par' dir='ltr' id='par_1_79' title="bbox 1927 2219 3555 2301">
     <span class='ocr_line' id='line_1_79' title="bbox 1927 2219 3555 2301; baseline 0.009 -30"><span class='ocrx_word' id='word_1_625' title='bbox 1927 2220 2289 2289; x_wconf 88' lang='lat' dir='ltr'><strong>permissioue</strong></span> <span class='ocrx_word' id='word_1_626' title='bbox 2320 2220 2536 2276; x_wconf 88' lang='lat' dir='ltr'><strong>abbatis</strong></span> <span class='ocrx_word' id='word_1_627' title='bbox 2559 2219 2828 2278; x_wconf 86' lang='lat' dir='ltr'><strong>Desiderii</strong></span> <span class='ocrx_word' id='word_1_628' title='bbox 2854 2224 2923 2279; x_wconf 86' lang='lat' dir='ltr'><strong>ab</strong></span> <span class='ocrx_word' id='word_1_629' title='bbox 2947 2228 3097 2280; x_wconf 91' lang='lat' dir='ltr'><strong>omni</strong></span> <span class='ocrx_word' id='word_1_630' title='bbox 3125 2231 3555 2301; x_wconf 74' lang='lat' dir='ltr'><strong>congregatione</strong></span> 
     </span>
    </p>
   </div>
   <div class='ocr_carea' id='block_1_80' title="bbox 1927 2315 3555 2395">
    <p class='ocr_par' dir='ltr' id='par_1_80' title="bbox 1927 2315 3555 2395">
     <span class='ocr_line' id='line_1_80' title="bbox 1927 2315 3555 2395; baseline 0.009 -27"><span class='ocrx_word' id='word_1_631' title='bbox 1927 2315 2165 2370; x_wconf 92' lang='lat' dir='ltr'><strong>obtinuit</strong></span> <span class='ocrx_word' id='word_1_632' title='bbox 2200 2315 2505 2371; x_wconf 88' lang='lat' dir='ltr'><strong>voluntaria</strong></span> <span class='ocrx_word' id='word_1_633' title='bbox 2543 2317 2822 2374; x_wconf 87' lang='lat' dir='ltr'><strong>oblatione</strong></span> <span class='ocrx_word' id='word_1_634' title='bbox 2855 2319 2908 2374; x_wconf 91' lang='lat' dir='ltr'><strong>in</strong></span> <span class='ocrx_word' id='word_1_635' title='bbox 2943 2323 3323 2378; x_wconf 89' lang='lat' dir='ltr'><strong>remissionem</strong></span> <span class='ocrx_word' id='word_1_636' title='bbox 3358 2341 3555 2395; x_wconf 83' lang='lat' dir='ltr'><strong>pecca-</strong></span> 
     </span>
    </p>
   </div>
   <div class='ocr_carea' id='block_1_81' title="bbox 1928 2409 3551 2484">
    <p class='ocr_par' dir='ltr' id='par_1_81' title="bbox 1928 2409 3551 2484">
     <span class='ocr_line' id='line_1_81' title="bbox 1928 2409 3551 2484; baseline 0.007 -23"><span class='ocrx_word' id='word_1_637' title='bbox 1928 2415 2107 2463; x_wconf 89' lang='lat' dir='ltr'><strong>torum</strong></span> <span class='ocrx_word' id='word_1_638' title='bbox 2151 2409 2394 2464; x_wconf 89' lang='lat' dir='ltr'><strong>omnium</strong></span> <span class='ocrx_word' id='word_1_639' title='bbox 2423 2449 2440 2475; x_wconf 94' lang='lat'><strong>,</strong></span> <span class='ocrx_word' id='word_1_640' title='bbox 2487 2418 2550 2464; x_wconf 93' lang='lat' dir='ltr'><strong>ut</strong></span> <span class='ocrx_word' id='word_1_641' title='bbox 2590 2419 2744 2466; x_wconf 80' lang='lat' dir='ltr'><strong>sexta</strong></span> <span class='ocrx_word' id='word_1_642' title='bbox 2793 2412 2930 2467; x_wconf 88' lang='lat' dir='ltr'><strong>feria</strong></span> <span class='ocrx_word' id='word_1_643' title='bbox 2976 2428 3076 2484; x_wconf 87' lang='lat' dir='ltr'><strong>per</strong></span> <span class='ocrx_word' id='word_1_644' title='bbox 3126 2424 3296 2470; x_wconf 89' lang='lat' dir='ltr'><strong>totum</strong></span> <span class='ocrx_word' id='word_1_645' title='bbox 3345 2432 3551 2473; x_wconf 89' lang='lat' dir='ltr'><strong>annum</strong></span> 
     </span>
    </p>
   </div>
   <div class='ocr_carea' id='block_1_82' title="bbox 1926 2507 3552 2582">
    <p class='ocr_par' dir='ltr' id='par_1_82' title="bbox 1926 2507 3552 2582">
     <span class='ocr_line' id='line_1_82' title="bbox 1926 2507 3552 2582; baseline 0.009 -26"><span class='ocrx_word' id='word_1_646' title='bbox 1926 2517 2105 2573; x_wconf 87' lang='lat' dir='ltr'><strong>pane,</strong></span> <span class='ocrx_word' id='word_1_647' title='bbox 2156 2511 2212 2558; x_wconf 92' lang='lat' dir='ltr'><strong>et</strong></span> <span class='ocrx_word' id='word_1_648' title='bbox 2255 2519 2396 2574; x_wconf 86' lang='lat' dir='ltr'><strong>aqua</strong></span> <span class='ocrx_word' id='word_1_649' title='bbox 2440 2507 2728 2573; x_wconf 90' lang='lat' dir='ltr'><strong>contenti,</strong></span> <span class='ocrx_word' id='word_1_650' title='bbox 2776 2508 3121 2578; x_wconf 90' lang='lat' dir='ltr'><strong>disciplinam</strong></span> <span class='ocrx_word' id='word_1_651' title='bbox 3161 2512 3355 2582; x_wconf 80' lang='lat' dir='ltr'><strong>singuli</strong></span> <span class='ocrx_word' id='word_1_652' title='bbox 3403 2514 3552 2570; x_wconf 89' lang='lat' dir='ltr'><strong>facta</strong></span> 
     </span>
    </p>
   </div>
   <div class='ocr_carea' id='block_1_83' title="bbox 1928 2595 3551 2680">
    <p class='ocr_par' dir='ltr' id='par_1_83' title="bbox 1928 2595 3551 2680">
     <span class='ocr_line' id='line_1_83' title="bbox 1928 2595 3551 2680; baseline 0.008 -28"><span class='ocrx_word' id='word_1_653' title='bbox 1928 2595 2276 2653; x_wconf 89' lang='lat' dir='ltr'><strong>confessione</strong></span> <span class='ocrx_word' id='word_1_654' title='bbox 2307 2600 2685 2670; x_wconf 84' lang='lat' dir='ltr'><strong>perciperent,</strong></span> <span class='ocrx_word' id='word_1_655' title='bbox 2721 2603 2944 2674; x_wconf 90' lang='lat' dir='ltr'><strong>insuper</strong></span> <span class='ocrx_word' id='word_1_656' title='bbox 2975 2616 3029 2660; x_wconf 91' lang='lat' dir='ltr'><strong>et</strong></span> <span class='ocrx_word' id='word_1_657' title='bbox 3065 2605 3377 2662; x_wconf 87' lang='lat' dir='ltr'><strong>triduanum</strong></span> <span class='ocrx_word' id='word_1_658' title='bbox 3404 2609 3551 2680; x_wconf 86' lang='lat' dir='ltr'><strong>jeju-</strong></span> 
     </span>
    </p>
   </div>
   <div class='ocr_carea' id='block_1_84' title="bbox 1927 2687 3550 2773">
    <p class='ocr_par' dir='ltr' id='par_1_84' title="bbox 1927 2687 3550 2773">
     <span class='ocr_line' id='line_1_84' title="bbox 1927 2687 3550 2773; baseline 0.01 -32"><span class='ocrx_word' id='word_1_659' title='bbox 1927 2687 2082 2743; x_wconf 88' lang='lat' dir='ltr'><strong>nium</strong></span> <span class='ocrx_word' id='word_1_660' title='bbox 2110 2689 2164 2743; x_wconf 89' lang='lat' dir='ltr'><strong>in</strong></span> <span class='ocrx_word' id='word_1_661' title='bbox 2194 2691 2374 2761; x_wconf 87' lang='lat' dir='ltr'><strong>capite</strong></span> <span class='ocrx_word' id='word_1_662' title='bbox 2411 2691 2858 2764; x_wconf 76' lang='lat' dir='ltr'><strong>Quadragesima:</strong></span> <span class='ocrx_word' id='word_1_663' title='bbox 2887 2711 2986 2765; x_wconf 91' lang='lat' dir='ltr'><strong>per</strong></span> <span class='ocrx_word' id='word_1_664' title='bbox 3019 2713 3110 2751; x_wconf 90' lang='lat' dir='ltr'><strong>an.</strong></span> <span class='ocrx_word' id='word_1_665' title='bbox 3149 2699 3393 2770; x_wconf 74' lang='lat' dir='ltr'><strong>singulos</strong></span> <span class='ocrx_word' id='word_1_666' title='bbox 3418 2717 3550 2773; x_wconf 77' lang='lat' dir='ltr'><strong>age-</strong></span> 
     </span>
    </p>
   </div>
   <div class='ocr_carea' id='block_1_85' title="bbox 1929 2783 3551 2862">
    <p class='ocr_par' dir='ltr' id='par_1_85' title="bbox 1929 2783 3551 2862">
     <span class='ocr_line' id='line_1_85' title="bbox 1929 2783 3551 2862; baseline 0.009 -24"><span class='ocrx_word' id='word_1_667' title='bbox 1929 2791 2072 2838; x_wconf 90' lang='lat' dir='ltr'><strong>rent.</strong></span> <span class='ocrx_word' id='word_1_668' title='bbox 2105 2801 2124 2836; x_wconf 79' lang='grc' dir='ltr'><strong>ι</strong></span> <span class='ocrx_word' id='word_1_669' title='bbox 2155 2783 2281 2838; x_wconf 83' lang='lat' dir='ltr'><strong>Fuit</strong></span> <span class='ocrx_word' id='word_1_670' title='bbox 2310 2785 2627 2843; x_wconf 89' lang='lat' dir='ltr'><strong>Desiderius</strong></span> <span class='ocrx_word' id='word_1_671' title='bbox 2652 2789 2823 2844; x_wconf 89' lang='lat' dir='ltr'><strong>abbas</strong></span> <span class='ocrx_word' id='word_1_672' title='bbox 2853 2789 2911 2846; x_wconf 90' lang='grc'><strong>8.</strong></span> <span class='ocrx_word' id='word_1_673' title='bbox 2942 2790 3009 2844; x_wconf 83' lang='lat' dir='ltr'><strong>R.</strong></span> <span class='ocrx_word' id='word_1_674' title='bbox 3046 2791 3104 2846; x_wconf 88' lang='grc' dir='ltr'>Ε.</span> <span class='ocrx_word' id='word_1_675' title='bbox 3137 2794 3455 2862; x_wconf 88' lang='lat' dir='ltr'><strong>cardinalis,</strong></span> <span class='ocrx_word' id='word_1_676' title='bbox 3483 2812 3551 2853; x_wconf 83' lang='lat' dir='ltr'><strong>ac</strong></span> 
     </span>
    </p>
   </div>
   <div class='ocr_carea' id='block_1_86' title="bbox 1927 2875 3550 2956">
    <p class='ocr_par' dir='ltr' id='par_1_86' title="bbox 1927 2875 3550 2956">
     <span class='ocr_line' id='line_1_86' title="bbox 1927 2875 3550 2956; baseline 0.009 -28"><span class='ocrx_word' id='word_1_677' title='bbox 1927 2875 2052 2929; x_wconf 92' lang='lat' dir='ltr'><strong>dein</strong></span> <span class='ocrx_word' id='word_1_678' title='bbox 2084 2875 2330 2944; x_wconf 83' lang='lat' dir='ltr'><strong>pontifex</strong></span> <span class='ocrx_word' id='word_1_679' title='bbox 2364 2876 2645 2934; x_wconf 80' lang='lat' dir='ltr'><strong>Romanus</strong></span> <span class='ocrx_word' id='word_1_680' title='bbox 2685 2880 2874 2936; x_wconf 82' lang='lat' dir='ltr'><strong>Victor</strong></span> <span class='ocrx_word' id='word_1_681' title='bbox 2916 2881 2986 2936; x_wconf 88' lang='grc' dir='ltr'><strong>ΙΙΙ</strong></span> <span class='ocrx_word' id='word_1_682' title='bbox 3024 2884 3350 2954; x_wconf 86' lang='lat' dir='ltr'><strong>appellatus,</strong></span> <span class='ocrx_word' id='word_1_683' title='bbox 3384 2902 3550 2956; x_wconf 90' lang='lat' dir='ltr'><strong>quem</strong></span> 
     </span>
    </p>
   </div>
   <div class='ocr_carea' id='block_1_87' title="bbox 1926 2967 3551 3045">
    <p class='ocr_par' dir='ltr' id='par_1_87' title="bbox 1926 2967 3551 3045">
     <span class='ocr_line' id='line_1_87' title="bbox 1926 2967 3551 3045; baseline 0.007 -25"><span class='ocrx_word' id='word_1_684' title='bbox 1926 2967 2126 3036; x_wconf 70' lang='lat' dir='ltr'><strong>saepius</strong></span> <span class='ocrx_word' id='word_1_685' title='bbox 2159 2967 2344 3022; x_wconf 89' lang='lat' dir='ltr'><strong>invisit</strong></span> <span class='ocrx_word' id='word_1_686' title='bbox 2381 2967 2442 3022; x_wconf 92' lang='lat' dir='ltr'><strong>B.</strong></span> <span class='ocrx_word' id='word_1_687' title='bbox 2480 2967 2707 3036; x_wconf 87' lang='lat' dir='ltr'><strong>Petrus,</strong></span> <span class='ocrx_word' id='word_1_688' title='bbox 2756 2982 2812 3027; x_wconf 88' lang='lat' dir='ltr'><strong>et</strong></span> <span class='ocrx_word' id='word_1_689' title='bbox 2841 2971 3024 3042; x_wconf 92' lang='lat' dir='ltr'><strong>plures</strong></span> <span class='ocrx_word' id='word_1_690' title='bbox 3055 2975 3216 3044; x_wconf 85' lang='lat' dir='ltr'><strong>epist.</strong></span> <span class='ocrx_word' id='word_1_691' title='bbox 3259 2978 3551 3045; x_wconf 63' lang='lat' dir='ltr'><strong>opuscula.</strong></span> 
     </span>
    </p>
   </div>
   <div class='ocr_carea' id='block_1_88' title="bbox 1925 3057 3550 3131">
    <p class='ocr_par' dir='ltr' id='par_1_88' title="bbox 1925 3057 3550 3131">
     <span class='ocr_line' id='line_1_88' title="bbox 1925 3057 3550 3131; baseline 0.011 -23"><span class='ocrx_word' id='word_1_692' title='bbox 1925 3070 2032 3125; x_wconf 90' lang='lat' dir='ltr'><strong>que</strong></span> <span class='ocrx_word' id='word_1_693' title='bbox 2059 3057 2237 3112; x_wconf 86' lang='lat' dir='ltr'><strong>eidem</strong></span> <span class='ocrx_word' id='word_1_694' title='bbox 2267 3058 2508 3128; x_wconf 90' lang='lat' dir='ltr'><strong>scripsit.</strong></span> <span class='ocrx_word' id='word_1_695' title='bbox 2545 3058 2676 3127; x_wconf 87' lang='lat' dir='ltr'><strong>Ejus</strong></span> <span class='ocrx_word' id='word_1_696' title='bbox 2712 3062 2852 3131; x_wconf 89' lang='lat' dir='ltr'><strong>apud</strong></span> <span class='ocrx_word' id='word_1_697' title='bbox 2882 3061 3210 3120; x_wconf 89' lang='lat' dir='ltr'><strong>Casincnses</strong></span> <span class='ocrx_word' id='word_1_698' title='bbox 3240 3069 3550 3126; x_wconf 79' lang='lat' dir='ltr'><strong>successori</strong></span> 
     </span>
    </p>
   </div>
   <div class='ocr_carea' id='block_1_89' title="bbox 1923 3148 3243 3211">
    <p class='ocr_par' dir='ltr' id='par_1_89' title="bbox 1923 3148 3243 3211">
     <span class='ocr_line' id='line_1_89' title="bbox 1923 3148 3243 3211; baseline 0.002 -6"><span class='ocrx_word' id='word_1_699' title='bbox 1923 3148 2178 3205; x_wconf 89' lang='lat' dir='ltr'><strong>Oderisio</strong></span> <span class='ocrx_word' id='word_1_700' title='bbox 2209 3150 2411 3205; x_wconf 87' lang='lat' dir='ltr'><strong>dicavit</strong></span> <span class='ocrx_word' id='word_1_701' title='bbox 2441 3150 2551 3206; x_wconf 90' lang='lat' dir='ltr'><strong>Leo</strong></span> <span class='ocrx_word' id='word_1_702' title='bbox 2581 3151 2890 3208; x_wconf 85' lang='lat' dir='ltr'><strong>Chronicon</strong></span> <span class='ocrx_word' id='word_1_703' title='bbox 2918 3154 3243 3211; x_wconf 87' lang='lat' dir='ltr'><strong>Casinensc.</strong></span> 
     </span>
    </p>
   </div>
   <div class='ocr_carea' id='block_1_90' title="bbox 2005 3241 3548 3314">
    <p class='ocr_par' dir='ltr' id='par_1_90' title="bbox 2005 3241 3548 3314">
     <span class='ocr_line' id='line_1_90' title="bbox 2005 3241 3548 3314; baseline 0.008 -20"><span class='ocrx_word' id='word_1_704' title='bbox 2005 3241 2089 3294; x_wconf 80' lang='lat' dir='ltr'><strong>l7.</strong></span> <span class='ocrx_word' id='word_1_705' title='bbox 2133 3241 2392 3296; x_wconf 82' lang='lat' dir='ltr'><strong>Florebat</strong></span> <span class='ocrx_word' id='word_1_706' title='bbox 2439 3256 2506 3296; x_wconf 91' lang='lat' dir='ltr'><strong>eo</strong></span> <span class='ocrx_word' id='word_1_707' title='bbox 2558 3251 2803 3312; x_wconf 91' lang='lat' dir='ltr'><strong>tempore</strong></span> <span class='ocrx_word' id='word_1_708' title='bbox 2850 3261 2964 3314; x_wconf 71' lang='lat' dir='ltr'><strong>pra:</strong></span> <span class='ocrx_word' id='word_1_709' title='bbox 3011 3248 3227 3302; x_wconf 82' lang='lat' dir='ltr'><strong>caeteris</strong></span> <span class='ocrx_word' id='word_1_710' title='bbox 3277 3248 3330 3302; x_wconf 92' lang='lat' dir='ltr'><strong>in</strong></span> <span class='ocrx_word' id='word_1_711' title='bbox 3371 3249 3548 3307; x_wconf 83' lang='lat' dir='ltr'><strong>Gallia</strong></span> 
     </span>
    </p>
   </div>
   <div class='ocr_carea' id='block_1_91' title="bbox 1925 3331 3550 3406">
    <p class='ocr_par' dir='ltr' id='par_1_91' title="bbox 1925 3331 3550 3406">
     <span class='ocr_line' id='line_1_91' title="bbox 1925 3331 3550 3406; baseline 0.007 -20"><span class='ocrx_word' id='word_1_712' title='bbox 1925 3332 2193 3387; x_wconf 86' lang='lat' dir='ltr'><strong>coenobiis</strong></span> <span class='ocrx_word' id='word_1_713' title='bbox 2236 3331 2601 3388; x_wconf 86' lang='lat' dir='ltr'><strong>Cluniacense</strong></span> <span class='ocrx_word' id='word_1_714' title='bbox 2639 3349 2751 3389; x_wconf 87' lang='lat' dir='ltr'><strong>sec.</strong></span> <span class='ocrx_word' id='word_1_715' title='bbox 2803 3336 3018 3390; x_wconf 83' lang='lat' dir='ltr'><strong>decimo</strong></span> <span class='ocrx_word' id='word_1_716' title='bbox 3053 3349 3432 3406; x_wconf 64' lang='lat' dir='ltr'><strong>exstructum,</strong></span> <span class='ocrx_word' id='word_1_717' title='bbox 3471 3343 3550 3399; x_wconf 87' lang='lat' dir='ltr'><strong>uti</strong></span> 
     </span>
    </p>
   </div>
   <div class='ocr_carea' id='block_1_92' title="bbox 1925 3422 3551 3502">
    <p class='ocr_par' dir='ltr' id='par_1_92' title="bbox 1925 3422 3551 3502">
     <span class='ocr_line' id='line_1_92' title="bbox 1925 3422 3551 3502; baseline 0.007 -24"><span class='ocrx_word' id='word_1_718' title='bbox 1925 3423 2185 3490; x_wconf 85' lang='lat' dir='ltr'><strong>diximus,</strong></span> <span class='ocrx_word' id='word_1_719' title='bbox 2225 3423 2293 3477; x_wconf 74' lang='lat' dir='ltr'><strong>l5</strong></span> <span class='ocrx_word' id='word_1_720' title='bbox 2322 3422 2484 3478; x_wconf 87' lang='lat' dir='ltr'><strong>Janu.</strong></span> <span class='ocrx_word' id='word_1_721' title='bbox 2517 3425 2586 3480; x_wconf 90' lang='lat' dir='ltr'><strong>ad</strong></span> <span class='ocrx_word' id='word_1_722' title='bbox 2629 3424 2804 3480; x_wconf 83' lang='lat' dir='ltr'><strong>Vitam</strong></span> <span class='ocrx_word' id='word_1_723' title='bbox 2843 3427 2903 3481; x_wconf 91' lang='grc' dir='ltr'><strong>Β.</strong></span> <span class='ocrx_word' id='word_1_724' title='bbox 2939 3428 3206 3486; x_wconf 86' lang='lat' dir='ltr'><strong>Bernonis</strong></span> <span class='ocrx_word' id='word_1_725' title='bbox 3244 3434 3405 3502; x_wconf 90' lang='lat' dir='ltr'><strong>primi</strong></span> <span class='ocrx_word' id='word_1_726' title='bbox 3439 3435 3551 3490; x_wconf 78' lang='lat' dir='ltr'><strong>Ab-</strong></span> 
     </span>
    </p>
   </div>
   <div class='ocr_carea' id='block_1_93' title="bbox 1925 3515 3547 3598">
    <p class='ocr_par' dir='ltr' id='par_1_93' title="bbox 1925 3515 3547 3598">
     <span class='ocr_line' id='line_1_93' title="bbox 1925 3515 3547 3598; baseline 0.01 -29"><span class='ocrx_word' id='word_1_727' title='bbox 1925 3515 2100 3580; x_wconf 90' lang='lat' dir='ltr'><strong>batis,</strong></span> <span class='ocrx_word' id='word_1_728' title='bbox 2144 3517 2230 3571; x_wconf 94' lang='lat' dir='ltr'><strong>cui</strong></span> <span class='ocrx_word' id='word_1_729' title='bbox 2269 3527 2658 3573; x_wconf 81' lang='lat' dir='ltr'><strong>successerunt</strong></span> <span class='ocrx_word' id='word_1_730' title='bbox 2692 3519 2839 3587; x_wconf 89' lang='lat' dir='ltr'><strong>Odo,</strong></span> <span class='ocrx_word' id='word_1_731' title='bbox 2893 3522 3234 3592; x_wconf 84' lang='lat' dir='ltr'><strong>Aymardus,</strong></span> <span class='ocrx_word' id='word_1_732' title='bbox 3277 3526 3547 3598; x_wconf 85' lang='lat' dir='ltr'><strong>Majolus,</strong></span> 
     </span>
    </p>
   </div>
   <div class='ocr_carea' id='block_1_94' title="bbox 1926 3606 3548 3678">
    <p class='ocr_par' dir='ltr' id='par_1_94' title="bbox 1926 3606 3548 3678">
     <span class='ocr_line' id='line_1_94' title="bbox 1926 3606 3548 3678; baseline 0.009 -17"><span class='ocrx_word' id='word_1_733' title='bbox 1926 3606 2119 3672; x_wconf 83' lang='lat' dir='ltr'><strong>Odilo,</strong></span> <span class='ocrx_word' id='word_1_734' title='bbox 2170 3606 2359 3678; x_wconf 77' lang='lat' dir='ltr'><strong>llugo,</strong></span> <span class='ocrx_word' id='word_1_735' title='bbox 2405 3610 2508 3663; x_wconf 91' lang='lat' dir='ltr'><strong>viri</strong></span> <span class='ocrx_word' id='word_1_736' title='bbox 2552 3611 2844 3668; x_wconf 88' lang='lat' dir='ltr'><strong>sanctitate</strong></span> <span class='ocrx_word' id='word_1_737' title='bbox 2891 3614 3153 3670; x_wconf 88' lang='lat' dir='ltr'><strong>illustres.</strong></span> <span class='ocrx_word' id='word_1_738' title='bbox 3201 3617 3277 3670; x_wconf 91' lang='lat' dir='ltr'><strong>De</strong></span> <span class='ocrx_word' id='word_1_739' title='bbox 3318 3634 3548 3676; x_wconf 89' lang='lat' dir='ltr'><strong>accessu</strong></span> 
     </span>
    </p>
   </div>
   <div class='ocr_carea' id='block_1_95' title="bbox 1924 3700 3546 3771">
    <p class='ocr_par' dir='ltr' id='par_1_95' title="bbox 1924 3700 3546 3771">
     <span class='ocr_line' id='line_1_95' title="bbox 1924 3700 3546 3771; baseline 0.011 -18"><span class='ocrx_word' id='word_1_740' title='bbox 1924 3700 1986 3754; x_wconf 88' lang='lat' dir='ltr'><strong>B.</strong></span> <span class='ocrx_word' id='word_1_741' title='bbox 2034 3701 2180 3755; x_wconf 88' lang='lat' dir='ltr'><strong>Petri</strong></span> <span class='ocrx_word' id='word_1_742' title='bbox 2233 3702 2484 3757; x_wconf 87' lang='lat' dir='ltr'><strong>Damiani</strong></span> <span class='ocrx_word' id='word_1_743' title='bbox 2521 3705 2589 3758; x_wconf 91' lang='lat' dir='ltr'><strong>ad</strong></span> <span class='ocrx_word' id='word_1_744' title='bbox 2645 3708 3040 3762; x_wconf 89' lang='lat' dir='ltr'><strong>monasterium</strong></span> <span class='ocrx_word' id='word_1_745' title='bbox 3089 3709 3448 3769; x_wconf 85' lang='lat' dir='ltr'><strong>Cluniacense</strong></span> <span class='ocrx_word' id='word_1_746' title='bbox 3491 3717 3546 3771; x_wconf 91' lang='lat' dir='ltr'><strong>in</strong></span> 
     </span>
    </p>
   </div>
   <div class='ocr_carea' id='block_1_96' title="bbox 1925 3795 3548 3868">
    <p class='ocr_par' dir='ltr' id='par_1_96' title="bbox 1925 3795 3548 3868">
     <span class='ocr_line' id='line_1_96' title="bbox 1925 3795 3548 3868; baseline 0.01 -22"><span class='ocrx_word' id='word_1_747' title='bbox 1925 3800 2164 3847; x_wconf 89' lang='lat' dir='ltr'><strong>tractatu</strong></span> <span class='ocrx_word' id='word_1_748' title='bbox 2196 3795 2587 3850; x_wconf 87' lang='lat' dir='ltr'><strong>miraculorum</strong></span> <span class='ocrx_word' id='word_1_749' title='bbox 2625 3797 2682 3851; x_wconf 91' lang='lat' dir='ltr'><strong>S.</strong></span> <span class='ocrx_word' id='word_1_750' title='bbox 2718 3797 2962 3868; x_wconf 80' lang='lat' dir='ltr'><strong>llugonis</strong></span> <span class='ocrx_word' id='word_1_751' title='bbox 2989 3801 3057 3856; x_wconf 90' lang='lat' dir='ltr'><strong>ab</strong></span> <span class='ocrx_word' id='word_1_752' title='bbox 3089 3811 3314 3858; x_wconf 90' lang='lat' dir='ltr'><strong>auctore</strong></span> <span class='ocrx_word' id='word_1_753' title='bbox 3343 3815 3548 3861; x_wconf 71' lang='lat' dir='ltr'><strong>comta-</strong></span> 
     </span>
    </p>
   </div>
   <div class='ocr_carea' id='block_1_97' title="bbox 1924 3885 3542 3964">
    <p class='ocr_par' dir='ltr' id='par_1_97' title="bbox 1924 3885 3542 3964">
     <span class='ocr_line' id='line_1_97' title="bbox 1924 3885 3542 3964; baseline 0.009 -27"><span class='ocrx_word' id='word_1_754' title='bbox 1924 3898 2028 3938; x_wconf 89' lang='lat' dir='ltr'><strong>neo</strong></span> <span class='ocrx_word' id='word_1_755' title='bbox 2054 3885 2277 3953; x_wconf 91' lang='lat' dir='ltr'><strong>scripto,</strong></span> <span class='ocrx_word' id='word_1_756' title='bbox 2307 3886 2409 3940; x_wconf 90' lang='lat' dir='ltr'><strong>ista</strong></span> <span class='ocrx_word' id='word_1_757' title='bbox 2437 3886 2489 3940; x_wconf 91' lang='lat' dir='ltr'><strong>in</strong></span> <span class='ocrx_word' id='word_1_758' title='bbox 2519 3887 2853 3944; x_wconf 88' lang='lat' dir='ltr'><strong>Bibliotheca</strong></span> <span class='ocrx_word' id='word_1_759' title='bbox 2884 3891 3252 3958; x_wconf 90' lang='lat' dir='ltr'><strong>Cluniacensi,</strong></span> <span class='ocrx_word' id='word_1_760' title='bbox 3279 3896 3382 3949; x_wconf 91' lang='lat' dir='ltr'><strong>col.</strong></span> <span class='ocrx_word' id='word_1_761' title='bbox 3409 3897 3542 3964; x_wconf 73' lang='grc'><strong>460,</strong></span> 
     </span>
    </p>
   </div>
   <div class='ocr_carea' id='block_1_98' title="bbox 1925 3978 3547 4050">
    <p class='ocr_par' dir='ltr' id='par_1_98' title="bbox 1925 3978 3547 4050">
     <span class='ocr_line' id='line_1_98' title="bbox 1925 3978 3547 4050; baseline 0.01 -22"><span class='ocrx_word' id='word_1_762' title='bbox 1925 3985 2223 4030; x_wconf 73' lang='lat' dir='ltr'><strong>narrantur</strong></span> <span class='ocrx_word' id='word_1_763' title='bbox 2257 3994 2270 4030; x_wconf 89' lang='lat'><strong>:</strong></span> <span class='ocrx_word' id='word_1_764' title='bbox 2312 3997 2330 4028; x_wconf 75' lang='grc' dir='ltr'><strong>ι</strong></span> <span class='ocrx_word' id='word_1_765' title='bbox 2366 3978 2637 4047; x_wconf 84' lang='lat' dir='ltr'><strong>Tempore</strong></span> <span class='ocrx_word' id='word_1_766' title='bbox 2676 3981 2912 4050; x_wconf 86' lang='lat' dir='ltr'><strong>quodam</strong></span> <span class='ocrx_word' id='word_1_767' title='bbox 2954 4001 3180 4041; x_wconf 90' lang='lat' dir='ltr'><strong>necesse</strong></span> <span class='ocrx_word' id='word_1_768' title='bbox 3220 3988 3323 4042; x_wconf 92' lang='lat' dir='ltr'><strong>fuit</strong></span> <span class='ocrx_word' id='word_1_769' title='bbox 3355 4001 3547 4046; x_wconf 89' lang='lat' dir='ltr'><strong>sancto</strong></span> 
     </span>
    </p>
   </div>
   <div class='ocr_carea' id='block_1_99' title="bbox 1923 4066 3544 4136">
    <p class='ocr_par' dir='ltr' id='par_1_99' title="bbox 1923 4066 3544 4136">
     <span class='ocr_line' id='line_1_99' title="bbox 1923 4066 3544 4136; baseline 0.01 -17"><span class='ocrx_word' id='word_1_770' title='bbox 1923 4066 2043 4120; x_wconf 91' lang='lat' dir='ltr'><strong>viro</strong></span> <span class='ocrx_word' id='word_1_771' title='bbox 2084 4083 2183 4136; x_wconf 91' lang='lat' dir='ltr'><strong>pro</strong></span> <span class='ocrx_word' id='word_1_772' title='bbox 2216 4069 2432 4125; x_wconf 88' lang='lat' dir='ltr'><strong>tuendis</strong></span> <span class='ocrx_word' id='word_1_773' title='bbox 2473 4070 2597 4125; x_wconf 89' lang='lat' dir='ltr'><strong>liliis</strong></span> <span class='ocrx_word' id='word_1_774' title='bbox 2627 4073 2694 4126; x_wconf 86' lang='lat' dir='ltr'><strong>ad</strong></span> <span class='ocrx_word' id='word_1_775' title='bbox 2733 4073 3034 4129; x_wconf 86' lang='lat' dir='ltr'><strong>Ecclesiam</strong></span> <span class='ocrx_word' id='word_1_776' title='bbox 3072 4088 3302 4132; x_wconf 91' lang='lat' dir='ltr'><strong>matrem</strong></span> <span class='ocrx_word' id='word_1_777' title='bbox 3353 4097 3544 4136; x_wconf 88' lang='lat' dir='ltr'><strong>recur-</strong></span> 
     </span>
    </p>
   </div>
   <div class='ocr_carea' id='block_1_100' title="bbox 1924 4160 3547 4241">
    <p class='ocr_par' dir='ltr' id='par_1_100' title="bbox 1924 4160 3547 4241">
     <span class='ocr_line' id='line_1_100' title="bbox 1924 4160 3547 4241; baseline 0.01 -29"><span class='ocrx_word' id='word_1_778' title='bbox 1924 4174 2068 4223; x_wconf 90' lang='lat' dir='ltr'><strong>rere,</strong></span> <span class='ocrx_word' id='word_1_779' title='bbox 2100 4169 2156 4214; x_wconf 89' lang='lat' dir='ltr'><strong>et</strong></span> <span class='ocrx_word' id='word_1_780' title='bbox 2186 4160 2444 4216; x_wconf 69' lang='lat' dir='ltr'><strong>Romanae</strong></span> <span class='ocrx_word' id='word_1_781' title='bbox 2490 4165 2636 4219; x_wconf 86' lang='lat' dir='ltr'><strong>sedis</strong></span> <span class='ocrx_word' id='word_1_782' title='bbox 2666 4168 3032 4235; x_wconf 89' lang='lat' dir='ltr'><strong>patrocinium</strong></span> <span class='ocrx_word' id='word_1_783' title='bbox 3076 4172 3365 4228; x_wconf 86' lang='lat' dir='ltr'><strong>advocare.</strong></span> <span class='ocrx_word' id='word_1_784' title='bbox 3398 4175 3547 4241; x_wconf 76' lang='lat' dir='ltr'><strong>Qua-</strong></span> 
     </span>
    </p>
   </div>
   <div class='ocr_carea' id='block_1_101' title="bbox 1923 4254 3546 4334">
    <p class='ocr_par' dir='ltr' id='par_1_101' title="bbox 1923 4254 3546 4334">
     <span class='ocr_line' id='line_1_101' title="bbox 1923 4254 3546 4334; baseline 0.012 -31"><span class='ocrx_word' id='word_1_785' title='bbox 1923 4261 2149 4321; x_wconf 89' lang='lat' dir='ltr'><strong>propter</strong></span> <span class='ocrx_word' id='word_1_786' title='bbox 2185 4254 2335 4309; x_wconf 87' lang='lat' dir='ltr'><strong>urbis</strong></span> <span class='ocrx_word' id='word_1_787' title='bbox 2376 4255 2518 4309; x_wconf 91' lang='lat' dir='ltr'><strong>illius</strong></span> <span class='ocrx_word' id='word_1_788' title='bbox 2553 4257 2820 4329; x_wconf 80' lang='lat' dir='ltr'><strong>refugium</strong></span> <span class='ocrx_word' id='word_1_789' title='bbox 2869 4272 3097 4328; x_wconf 88' lang='lat' dir='ltr'><strong>petens,</strong></span> <span class='ocrx_word' id='word_1_790' title='bbox 3133 4279 3327 4334; x_wconf 81' lang='lat' dir='ltr'><strong>magno</strong></span> <span class='ocrx_word' id='word_1_791' title='bbox 3359 4267 3546 4324; x_wconf 74' lang='lat' dir='ltr'><strong>labore</strong></span> 
     </span>
    </p>
   </div>
   <div class='ocr_carea' id='block_1_102' title="bbox 1921 4346 3544 4428">
    <p class='ocr_par' dir='ltr' id='par_1_102' title="bbox 1921 4346 3544 4428">
     <span class='ocr_line' id='line_1_102' title="bbox 1921 4346 3544 4428; baseline 0.009 -27"><span class='ocrx_word' id='word_1_792' title='bbox 1921 4353 1977 4401; x_wconf 87' lang='lat' dir='ltr'><strong>et</strong></span> <span class='ocrx_word' id='word_1_793' title='bbox 2015 4346 2328 4403; x_wconf 87' lang='lat' dir='ltr'><strong>dillieultate</strong></span> <span class='ocrx_word' id='word_1_794' title='bbox 2370 4365 2398 4402; x_wconf 88' lang='lat' dir='ltr'><strong>a</strong></span> <span class='ocrx_word' id='word_1_795' title='bbox 2450 4349 2620 4405; x_wconf 85' lang='lat' dir='ltr'><strong>latere</strong></span> <span class='ocrx_word' id='word_1_796' title='bbox 2669 4352 2919 4407; x_wconf 77' lang='lat' dir='ltr'><strong>avulsum</strong></span> <span class='ocrx_word' id='word_1_797' title='bbox 2960 4355 3220 4411; x_wconf 88' lang='lat' dir='ltr'><strong>domuum</strong></span> <span class='ocrx_word' id='word_1_798' title='bbox 3271 4358 3494 4415; x_wconf 89' lang='lat' dir='ltr'><strong>Petrum</strong></span> <span class='ocrx_word' id='word_1_799' title='bbox 3530 4403 3544 4428; x_wconf 89' lang='lat'><strong>,</strong></span> 
     </span>
    </p>
   </div>
   <div class='ocr_carea' id='block_1_103' title="bbox 1922 4435 3542 4519">
    <p class='ocr_par' dir='ltr' id='par_1_103' title="bbox 1922 4435 3542 4519">
     <span class='ocr_line' id='line_1_103' title="bbox 1922 4435 3542 4519; baseline 0.011 -29"><span class='ocrx_word' id='word_1_800' title='bbox 1922 4435 2267 4494; x_wconf 84' lang='lat' dir='ltr'><strong>llostiensem</strong></span> <span class='ocrx_word' id='word_1_801' title='bbox 2318 4440 2570 4496; x_wconf 87' lang='lat' dir='ltr'><strong>videlicet</strong></span> <span class='ocrx_word' id='word_1_802' title='bbox 2615 4444 2931 4514; x_wconf 85' lang='lat' dir='ltr'><strong>episc0pnm</strong></span> <span class='ocrx_word' id='word_1_803' title='bbox 2960 4487 2974 4512; x_wconf 90' lang='lat'><strong>,</strong></span> <span class='ocrx_word' id='word_1_804' title='bbox 3017 4461 3384 4519; x_wconf 81' lang='lat' dir='ltr'><strong>cognomento</strong></span> <span class='ocrx_word' id='word_1_805' title='bbox 3434 4455 3542 4508; x_wconf 86' lang='lat' dir='ltr'><strong>Da-</strong></span> 
     </span>
    </p>
   </div>
   <div class='ocr_carea' id='block_1_104' title="bbox 1923 4529 3543 4613">
    <p class='ocr_par' dir='ltr' id='par_1_104' title="bbox 1923 4529 3543 4613">
     <span class='ocr_line' id='line_1_104' title="bbox 1923 4529 3543 4613; baseline 0.013 -32"><span class='ocrx_word' id='word_1_806' title='bbox 1923 4529 2188 4594; x_wconf 87' lang='lat' dir='ltr'><strong>miamun,</strong></span> <span class='ocrx_word' id='word_1_807' title='bbox 2223 4531 2481 4596; x_wconf 88' lang='lat' dir='ltr'><strong>obtinuit,</strong></span> <span class='ocrx_word' id='word_1_808' title='bbox 2522 4543 2581 4587; x_wconf 89' lang='lat' dir='ltr'><strong>ut</strong></span> <span class='ocrx_word' id='word_1_809' title='bbox 2622 4535 2723 4589; x_wconf 88' lang='lat' dir='ltr'><strong>sibi</strong></span> <span class='ocrx_word' id='word_1_810' title='bbox 2758 4538 2981 4592; x_wconf 90' lang='lat' dir='ltr'><strong>daretur</strong></span> <span class='ocrx_word' id='word_1_811' title='bbox 3017 4556 3116 4609; x_wconf 89' lang='lat' dir='ltr'><strong>pro</strong></span> <span class='ocrx_word' id='word_1_812' title='bbox 3148 4558 3346 4613; x_wconf 78' lang='lat' dir='ltr'><strong>magno</strong></span> <span class='ocrx_word' id='word_1_813' title='bbox 3380 4545 3543 4602; x_wconf 86' lang='lat' dir='ltr'><strong>Petro</strong></span> 
     </span>
    </p>
   </div>
   <div class='ocr_carea' id='block_1_105' title="bbox 1925 4621 3538 4700">
    <p class='ocr_par' dir='ltr' id='par_1_105' title="bbox 1925 4621 3538 4700">
     <span class='ocr_line' id='line_1_105' title="bbox 1925 4621 3538 4700; baseline 0.012 -26"><span class='ocrx_word' id='word_1_814' title='bbox 1925 4621 2292 4691; x_wconf 67' lang='lat' dir='ltr'><strong>prmliaturus,</strong></span> <span class='ocrx_word' id='word_1_815' title='bbox 2317 4634 2372 4679; x_wconf 92' lang='lat' dir='ltr'><strong>et</strong></span> <span class='ocrx_word' id='word_1_816' title='bbox 2393 4627 2742 4684; x_wconf 89' lang='lat' dir='ltr'><strong>adversarios</strong></span> <span class='ocrx_word' id='word_1_817' title='bbox 2771 4641 3150 4700; x_wconf 82' lang='lat' dir='ltr'><strong>prostraturus</strong></span> <span class='ocrx_word' id='word_1_818' title='bbox 3174 4637 3408 4692; x_wconf 90' lang='lat' dir='ltr'><strong>mirabili</strong></span> <span class='ocrx_word' id='word_1_819' title='bbox 3442 4656 3538 4694; x_wconf 88' lang='lat' dir='ltr'><strong>sua</strong></span> 
     </span>
    </p>
   </div>
   <div class='ocr_carea' id='block_1_106' title="bbox 1922 4714 3541 4794">
    <p class='ocr_par' dir='ltr' id='par_1_106' title="bbox 1922 4714 3541 4794">
     <span class='ocr_line' id='line_1_106' title="bbox 1922 4714 3541 4794; baseline 0.012 -29"><span class='ocrx_word' id='word_1_820' title='bbox 1922 4714 2211 4782; x_wconf 89' lang='lat' dir='ltr'><strong>prudentia</strong></span> <span class='ocrx_word' id='word_1_821' title='bbox 2254 4724 2418 4785; x_wconf 92' lang='lat' dir='ltr'><strong>atque</strong></span> <span class='ocrx_word' id='word_1_822' title='bbox 2451 4717 2724 4774; x_wconf 89' lang='lat' dir='ltr'><strong>facundia.</strong></span> <span class='ocrx_word' id='word_1_823' title='bbox 2760 4721 2890 4776; x_wconf 84' lang='lat' dir='ltr'><strong>Erat</strong></span> <span class='ocrx_word' id='word_1_824' title='bbox 2923 4740 3160 4794; x_wconf 85' lang='lat' dir='ltr'><strong>namque</strong></span> <span class='ocrx_word' id='word_1_825' title='bbox 3201 4730 3284 4782; x_wconf 89' lang='lat' dir='ltr'><strong>vir</strong></span> <span class='ocrx_word' id='word_1_826' title='bbox 3325 4731 3414 4783; x_wconf 91' lang='lat' dir='ltr'><strong>illc</strong></span> <span class='ocrx_word' id='word_1_827' title='bbox 3445 4734 3541 4785; x_wconf 78' lang='lat' dir='ltr'><strong>ali-</strong></span> 
     </span>
    </p>
   </div>
   <div class='ocr_carea' id='block_1_107' title="bbox 1922 4804 3540 4879">
    <p class='ocr_par' dir='ltr' id='par_1_107' title="bbox 1922 4804 3540 4879">
     <span class='ocr_line' id='line_1_107' title="bbox 1922 4804 3540 4879; baseline 0.014 -22"><span class='ocrx_word' id='word_1_828' title='bbox 1922 4804 2198 4859; x_wconf 77' lang='lat' dir='ltr'><strong>slinentize</strong></span> <span class='ocrx_word' id='word_1_829' title='bbox 2240 4808 2536 4877; x_wconf 79' lang='lat' dir='ltr'><strong>singularis</strong></span> <span class='ocrx_word' id='word_1_830' title='bbox 2575 4827 2674 4865; x_wconf 90' lang='lat' dir='ltr'><strong>usu</strong></span> <span class='ocrx_word' id='word_1_831' title='bbox 2702 4854 2717 4877; x_wconf 96' lang='lat'><strong>,</strong></span> <span class='ocrx_word' id='word_1_832' title='bbox 2755 4822 2811 4868; x_wconf 91' lang='lat' dir='ltr'><strong>et</strong></span> <span class='ocrx_word' id='word_1_833' title='bbox 2847 4814 3150 4872; x_wconf 90' lang='lat' dir='ltr'><strong>ferreorum</strong></span> <span class='ocrx_word' id='word_1_834' title='bbox 3197 4820 3540 4879; x_wconf 89' lang='lat' dir='ltr'><strong>vinculorum</strong></span> 
     </span>
    </p>
   </div>
   <div class='ocr_carea' id='block_1_108' title="bbox 1923 4898 3538 4978">
    <p class='ocr_par' dir='ltr' id='par_1_108' title="bbox 1923 4898 3538 4978">
     <span class='ocr_line' id='line_1_108' title="bbox 1923 4898 3538 4978; baseline 0.013 -30"><span class='ocrx_word' id='word_1_835' title='bbox 1923 4910 2064 4949; x_wconf 78' lang='lat' dir='ltr'><strong>nexu</strong></span> <span class='ocrx_word' id='word_1_836' title='bbox 2091 4898 2332 4967; x_wconf 92' lang='lat' dir='ltr'><strong>undique</strong></span> <span class='ocrx_word' id='word_1_837' title='bbox 2357 4900 2436 4954; x_wconf 89' lang='lat' dir='ltr'><strong>sic</strong></span> <span class='ocrx_word' id='word_1_838' title='bbox 2467 4903 2710 4970; x_wconf 87' lang='lat' dir='ltr'><strong>attritus,</strong></span> <span class='ocrx_word' id='word_1_839' title='bbox 2739 4915 2798 4960; x_wconf 92' lang='lat' dir='ltr'><strong>ut</strong></span> <span class='ocrx_word' id='word_1_840' title='bbox 2827 4907 2915 4961; x_wconf 84' lang='lat' dir='ltr'><strong>vix</strong></span> <span class='ocrx_word' id='word_1_841' title='bbox 2948 4918 3133 4978; x_wconf 87' lang='lat' dir='ltr'><strong>posset</strong></span> <span class='ocrx_word' id='word_1_842' title='bbox 3162 4911 3392 4968; x_wconf 83' lang='lat' dir='ltr'><strong>inveniri</strong></span> <span class='ocrx_word' id='word_1_843' title='bbox 3423 4933 3538 4969; x_wconf 84' lang='lat' dir='ltr'><strong>mo-</strong></span> 
     </span>
    </p>
   </div>
   <div class='ocr_carea' id='block_1_109' title="bbox 1922 4982 3541 5073">
    <p class='ocr_par' dir='ltr' id='par_1_109' title="bbox 1922 4982 3541 5073">
     <span class='ocr_line' id='line_1_109' title="bbox 1922 4982 3541 5073; baseline 0.016 -33"><span class='ocrx_word' id='word_1_844' title='bbox 1922 4987 2060 5052; x_wconf 90' lang='lat' dir='ltr'><strong>dus,</strong></span> <span class='ocrx_word' id='word_1_845' title='bbox 2107 5005 2213 5058; x_wconf 87' lang='lat' dir='ltr'><strong>quo</strong></span> <span class='ocrx_word' id='word_1_846' title='bbox 2264 4982 2676 5065; x_wconf 66' lang='lat' dir='ltr'><strong>cjus&#39;corporis</strong></span> <span class='ocrx_word' id='word_1_847' title='bbox 2723 4999 3076 5058; x_wconf 87' lang='lat' dir='ltr'><strong>imbecillitas</strong></span> <span class='ocrx_word' id='word_1_848' title='bbox 3122 5003 3420 5073; x_wconf 85' lang='lat' dir='ltr'><strong>foveretur,</strong></span> <span class='ocrx_word' id='word_1_849' title='bbox 3474 5012 3541 5066; x_wconf 86' lang='lat' dir='ltr'><strong>ad</strong></span> 
     </span>
    </p>
   </div>
   <div class='ocr_carea' id='block_1_110' title="bbox 1917 5079 3541 5171">
    <p class='ocr_par' dir='ltr' id='par_1_110' title="bbox 1917 5079 3541 5171">
     <span class='ocr_line' id='line_1_110' title="bbox 1917 5079 3541 5171; baseline 0.015 -39"><span class='ocrx_word' id='word_1_850' title='bbox 1917 5079 2196 5147; x_wconf 81' lang='lat' dir='ltr'><strong>equitandi</strong></span> <span class='ocrx_word' id='word_1_851' title='bbox 2231 5098 2368 5138; x_wconf 83' lang='lat' dir='ltr'><strong>onus</strong></span> <span class='ocrx_word' id='word_1_852' title='bbox 2396 5101 2560 5154; x_wconf 79' lang='lat' dir='ltr'><strong>grave</strong></span> <span class='ocrx_word' id='word_1_853' title='bbox 2603 5101 2881 5160; x_wconf 87' lang='lat' dir='ltr'><strong>utcunque</strong></span> <span class='ocrx_word' id='word_1_854' title='bbox 2917 5094 3283 5152; x_wconf 88' lang='lat' dir='ltr'><strong>tolerandum.</strong></span> <span class='ocrx_word' id='word_1_855' title='bbox 3318 5101 3384 5154; x_wconf 87' lang='lat' dir='ltr'><strong>Et</strong></span> <span class='ocrx_word' id='word_1_856' title='bbox 3411 5104 3541 5171; x_wconf 81' lang='lat' dir='ltr'><strong>quia</strong></span> 
     </span>
    </p>
   </div>
   <div class='ocr_carea' id='block_1_111' title="bbox 1916 5170 3538 5255">
    <p class='ocr_par' dir='ltr' id='par_1_111' title="bbox 1916 5170 3538 5255">
     <span class='ocr_line' id='line_1_111' title="bbox 1916 5170 3538 5255; baseline 0.018 -33"><span class='ocrx_word' id='word_1_857' title='bbox 1916 5170 2021 5225; x_wconf 88' lang='lat' dir='ltr'><strong>levi</strong></span> <span class='ocrx_word' id='word_1_858' title='bbox 2048 5173 2366 5246; x_wconf 72' lang='lat' dir='ltr'><strong>plerutttqttc</strong></span> <span class='ocrx_word' id='word_1_859' title='bbox 2397 5180 2655 5236; x_wconf 87' lang='lat' dir='ltr'><strong>seandalo</strong></span> <span class='ocrx_word' id='word_1_860' title='bbox 2681 5183 2882 5239; x_wconf 81' lang='lat' dir='ltr'><strong>olfendi</strong></span> <span class='ocrx_word' id='word_1_861' title='bbox 2911 5197 3152 5255; x_wconf 88' lang='lat' dir='ltr'><strong>poterat,</strong></span> <span class='ocrx_word' id='word_1_862' title='bbox 3184 5207 3408 5250; x_wconf 88' lang='lat' dir='ltr'><strong>necesse</strong></span> <span class='ocrx_word' id='word_1_863' title='bbox 3434 5170 3538 5250; x_wconf 12' lang='lat' dir='ltr'><strong>rha-</strong></span> 
     </span>
    </p>
   </div>
   <div class='ocr_carea' id='block_1_112' title="bbox 1915 5261 3537 5357">
    <p class='ocr_par' dir='ltr' id='par_1_112' title="bbox 1915 5261 3537 5357">
     <span class='ocr_line' id='line_1_112' title="bbox 1915 5261 3537 5357; baseline 0.017 -42"><span class='ocrx_word' id='word_1_864' title='bbox 1915 5261 2079 5318; x_wconf 90' lang='lat' dir='ltr'><strong>bebat</strong></span> <span class='ocrx_word' id='word_1_865' title='bbox 2125 5280 2268 5337; x_wconf 81' lang='lat' dir='ltr'><strong>s.&#39;epe</strong></span> <span class='ocrx_word' id='word_1_866' title='bbox 2313 5268 2492 5342; x_wconf 87' lang='lat' dir='ltr'><strong>aliqua</strong></span> <span class='ocrx_word' id='word_1_867' title='bbox 2544 5273 2922 5331; x_wconf 88' lang='lat' dir='ltr'><strong>satisfactione</strong></span> <span class='ocrx_word' id='word_1_868' title='bbox 2972 5281 3199 5349; x_wconf 89' lang='lat' dir='ltr'><strong>placari.</strong></span> <span class='ocrx_word' id='word_1_869' title='bbox 3246 5285 3328 5340; x_wconf 82' lang='lat' dir='ltr'><strong>Ad</strong></span> <span class='ocrx_word' id='word_1_870' title='bbox 3372 5304 3537 5357; x_wconf 88' lang='lat' dir='ltr'><strong>quam</strong></span> 
     </span>
    </p>
   </div>
   <div class='ocr_carea' id='block_1_113' title="bbox 1918 5361 3540 5447">
    <p class='ocr_par' dir='ltr' id='par_1_113' title="bbox 1918 5361 3540 5447">
     <span class='ocr_line' id='line_1_113' title="bbox 1918 5361 3540 5447; baseline 0.017 -40"><span class='ocrx_word' id='word_1_871' title='bbox 1918 5370 2031 5409; x_wconf 91' lang='lat' dir='ltr'><strong>rem</strong></span> <span class='ocrx_word' id='word_1_872' title='bbox 2072 5362 2404 5418; x_wconf 89' lang='lat' dir='ltr'><strong>venerabilis</strong></span> <span class='ocrx_word' id='word_1_873' title='bbox 2437 5361 2592 5434; x_wconf 80' lang='lat' dir='ltr'><strong>llugo</strong></span> <span class='ocrx_word' id='word_1_874' title='bbox 2626 5367 2696 5418; x_wconf 88' lang='lat' dir='ltr'><strong>ita</strong></span> <span class='ocrx_word' id='word_1_875' title='bbox 2724 5383 2782 5422; x_wconf 85' lang='lat' dir='ltr'><strong>se</strong></span> <span class='ocrx_word' id='word_1_876' title='bbox 2814 5369 3143 5437; x_wconf 85' lang='lat' dir='ltr'><strong>inclinabat,</strong></span> <span class='ocrx_word' id='word_1_877' title='bbox 3178 5386 3236 5430; x_wconf 95' lang='lat' dir='ltr'><strong>ut</strong></span> <span class='ocrx_word' id='word_1_878' title='bbox 3269 5378 3389 5447; x_wconf 80' lang='lat' dir='ltr'><strong>ejus</strong></span> <span class='ocrx_word' id='word_1_879' title='bbox 3421 5381 3540 5434; x_wconf 78' lang='lat' dir='ltr'><strong>aui-</strong></span> 
     </span>
    </p>
   </div>
   <div class='ocr_carea' id='block_1_114' title="bbox 1919 5447 3537 5528">
    <p class='ocr_par' dir='ltr' id='par_1_114' title="bbox 1919 5447 3537 5528">
     <span class='ocr_line' id='line_1_114' title="bbox 1919 5447 3537 5528; baseline 0.016 -30"><span class='ocrx_word' id='word_1_880' title='bbox 1919 5461 2066 5499; x_wconf 88' lang='lat' dir='ltr'><strong>tnum</strong></span> <span class='ocrx_word' id='word_1_881' title='bbox 2093 5447 2417 5506; x_wconf 79' lang='lat' dir='ltr'><strong>reformaret</strong></span> <span class='ocrx_word' id='word_1_882' title='bbox 2447 5454 2512 5507; x_wconf 90' lang='lat' dir='ltr'><strong>ad</strong></span> <span class='ocrx_word' id='word_1_883' title='bbox 2551 5458 3025 5528; x_wconf 85' lang='lat' dir='ltr'><strong>tranquillitatem,</strong></span> <span class='ocrx_word' id='word_1_884' title='bbox 3059 5480 3122 5519; x_wconf 88' lang='lat' dir='ltr'><strong>ac</strong></span> <span class='ocrx_word' id='word_1_885' title='bbox 3150 5467 3195 5520; x_wconf 87' lang='lat' dir='ltr'><strong>si</strong></span> <span class='ocrx_word' id='word_1_886' title='bbox 3229 5468 3367 5524; x_wconf 91' lang='lat' dir='ltr'><strong>alter</strong></span> <span class='ocrx_word' id='word_1_887' title='bbox 3395 5471 3537 5524; x_wconf 84' lang='lat' dir='ltr'><strong>Mar-</strong></span> 
     </span>
    </p>
   </div>
   <div class='ocr_carea' id='block_1_115' title="bbox 1917 5536 3534 5627">
    <p class='ocr_par' dir='ltr' id='par_1_115' title="bbox 1917 5536 3534 5627">
     <span class='ocr_line' id='line_1_115' title="bbox 1917 5536 3534 5627; baseline 0.016 -38"><span class='ocrx_word' id='word_1_888' title='bbox 1917 5536 2067 5592; x_wconf 88' lang='lat' dir='ltr'><strong>tinus</strong></span> <span class='ocrx_word' id='word_1_889' title='bbox 2093 5550 2257 5605; x_wconf 76' lang='lat' dir='ltr'><strong>esset,</strong></span> <span class='ocrx_word' id='word_1_890' title='bbox 2287 5543 2378 5611; x_wconf 91' lang='lat' dir='ltr'><strong>qui</strong></span> <span class='ocrx_word' id='word_1_891' title='bbox 2417 5545 2550 5598; x_wconf 89' lang='lat' dir='ltr'><strong>nihil</strong></span> <span class='ocrx_word' id='word_1_892' title='bbox 2585 5557 2801 5615; x_wconf 87' lang='lat' dir='ltr'><strong>putaret</strong></span> <span class='ocrx_word' id='word_1_893' title='bbox 2834 5551 3136 5623; x_wconf 80' lang='lat' dir='ltr'><strong>indignum,</strong></span> <span class='ocrx_word' id='word_1_894' title='bbox 3168 5563 3313 5627; x_wconf 87' lang='lat' dir='ltr'><strong>quod</strong></span> <span class='ocrx_word' id='word_1_895' title='bbox 3351 5562 3534 5614; x_wconf 84' lang='lat' dir='ltr'><strong>humi-</strong></span> 
     </span>
    </p>
   </div>
   <div class='ocr_carea' id='block_1_116' title="bbox 1917 5627 3534 5714">
    <p class='ocr_par' dir='ltr' id='par_1_116' title="bbox 1917 5627 3534 5714">
     <span class='ocr_line' id='line_1_116' title="bbox 1917 5627 3534 5714; baseline 0.016 -33"><span class='ocrx_word' id='word_1_896' title='bbox 1917 5627 2044 5683; x_wconf 82' lang='lat' dir='ltr'><strong>litas</strong></span> <span class='ocrx_word' id='word_1_897' title='bbox 2073 5634 2342 5700; x_wconf 81' lang='lat' dir='ltr'><strong>agendum</strong></span> <span class='ocrx_word' id='word_1_898' title='bbox 2384 5638 2658 5693; x_wconf 81' lang='lat' dir='ltr'><strong>suaderet.</strong></span> <span class='ocrx_word' id='word_1_899' title='bbox 2695 5641 2829 5696; x_wconf 88' lang='lat' dir='ltr'><strong>Cum</strong></span> <span class='ocrx_word' id='word_1_900' title='bbox 2875 5661 3006 5714; x_wconf 76' lang='lat' dir='ltr'><strong>ergo</strong></span> <span class='ocrx_word' id='word_1_901' title='bbox 3037 5650 3271 5704; x_wconf 88' lang='lat' dir='ltr'><strong>venisset</strong></span> <span class='ocrx_word' id='word_1_902' title='bbox 3314 5652 3534 5706; x_wconf 85' lang='lat' dir='ltr'><strong>Clunia-</strong></span> 
     </span>
    </p>
   </div>
   <div class='ocr_carea' id='block_1_117' title="bbox 1917 5724 3527 5812">
    <p class='ocr_par' dir='ltr' id='par_1_117' title="bbox 1917 5724 3527 5812">
     <span class='ocr_line' id='line_1_117' title="bbox 1917 5724 3527 5812; baseline 0.014 -38"><span class='ocrx_word' id='word_1_903' title='bbox 1917 5736 2061 5786; x_wconf 89' lang='lat' dir='ltr'><strong>cum,</strong></span> <span class='ocrx_word' id='word_1_904' title='bbox 2097 5724 2235 5778; x_wconf 87' lang='lat' dir='ltr'><strong>alter</strong></span> <span class='ocrx_word' id='word_1_905' title='bbox 2268 5725 2356 5779; x_wconf 91' lang='lat' dir='ltr'><strong>iile</strong></span> <span class='ocrx_word' id='word_1_906' title='bbox 2386 5727 2684 5800; x_wconf 80' lang='lat' dir='ltr'><strong>Gregorius</strong></span> <span class='ocrx_word' id='word_1_907' title='bbox 2716 5749 2813 5802; x_wconf 93' lang='lat' dir='ltr'><strong>per</strong></span> <span class='ocrx_word' id='word_1_908' title='bbox 2842 5736 3170 5807; x_wconf 72' lang='lat' dir='ltr'><strong>eloquentia:</strong></span> <span class='ocrx_word' id='word_1_909' title='bbox 3203 5745 3527 5812; x_wconf 68' lang='lat' dir='ltr'><strong>ubertati-in,</strong></span> 
     </span>
    </p>
   </div>
   <div class='ocr_carea' id='block_1_118' title="bbox 1916 5828 3528 5905">
    <p class='ocr_par' dir='ltr' id='par_1_118' title="bbox 1916 5828 3528 5905">
     <span class='ocr_line' id='line_1_118' title="bbox 1916 5828 3528 5905; baseline 0.013 -33"><span class='ocrx_word' id='word_1_910' title='bbox 1916 5835 2023 5874; x_wconf 90' lang='lat' dir='ltr'><strong>non</strong></span> <span class='ocrx_word' id='word_1_911' title='bbox 2061 5828 2238 5877; x_wconf 88' lang='lat' dir='ltr'><strong>tamen</strong></span> <span class='ocrx_word' id='word_1_912' title='bbox 2279 5839 2376 5894; x_wconf 88' lang='lat' dir='ltr'><strong>per</strong></span> <span class='ocrx_word' id='word_1_913' title='bbox 2419 5829 2729 5895; x_wconf 78' lang='lat' dir='ltr'><strong>apostoiica:</strong></span> <span class='ocrx_word' id='word_1_914' title='bbox 2762 5832 2883 5889; x_wconf 70' lang='lat' dir='ltr'><strong>vitm</strong></span> <span class='ocrx_word' id='word_1_915' title='bbox 2924 5835 3328 5905; x_wconf 68' lang='lat' dir='ltr'><strong>mqualitatem,</strong></span> <span class='ocrx_word' id='word_1_916' title='bbox 3363 5841 3528 5895; x_wconf 77' lang='lat' dir='ltr'><strong>vidis-</strong></span> 
     </span>
    </p>
   </div>
  </div>
