4040 6378
555 373 622 431 99
1409 367 1467 422 S.
1497 362 1773 420 PETBUS
1815 361 2173 419 DAMIANUS
2198 360 2257 416 S.
2301 359 2365 413 B.
2399 357 2460 413 E.
2491 353 2924 414 CARDINALIS.

3719 349 3836 406 100

555 486 748 554 setque
791 483 1178 538 humanitatem
1219 488 1274 534 et
1315 477 1654 546 disciplinam
1679 517 1693 540 ,
1731 477 2051 547 virgamque
2087 484 2144 531 et
2164 487 2215 542 Α
2244 473 2530 529 Ciaconius
2552 472 2604 526 in
2626 469 2805 526 Gestis
2827 480 3163 524 summorum
3185 464 3498 537 pontificum
3521 463 3647 519 etS.
3673 462 3742 518 lt.
3771 463 3842 546 ε.

480 644 484 647 _
553 577 804 634 baculum
828 573 1158 636 contulisset,
1187 572 1352 642 coepit
1381 571 1607 631 bzerere,
1636 585 1701 624 ac
1730 577 1966 638 stupere,
1997 583 2138 638 qua-

556 668 680 722 liter
701 666 868 721 sancti
901 678 1039 726 esse,
1069 673 1163 716 aut
1189 671 1406 717 sanctos
1434 661 1774 715 institutores
1796 659 1994 713 habere
2019 673 2146 728 pos-

556 766 706 822 sent,
735 755 825 824 qui
855 755 1018 808 tantis
1057 753 1396 808 abundarent
1435 752 1590 807 bonis
1624 769 1637 804 :
1669 761 1723 805 et
1751 765 1962 804 rursum
2009 764 2143 818 quo-

559 847 716 902 modo
755 859 860 899 non
893 844 1064 898 sancti
1098 859 1219 899 esse
1259 851 1499 913 possent,
1541 849 1632 896 aut
1661 843 1872 909 perire,
1899 842 1990 910 qui
2031 851 2141 895 tam

555 939 745 992 devote
798 935 1128 988 sustinerent
1179 943 1284 986 tam
1335 947 1498 1003 grave
1540 933 1748 1000 pondus
1797 929 2037 994 laboris,
2087 938 2143 984 et

558 1024 858 1080 custodiam
891 1024 1206 1078 monasticm
1232 1022 1545 1090 disciplima.
1575 1019 1875 1088 Aliquando
1907 1035 2037 1075 sane
2060 1021 2145 1088 ju-

556 1113 776 1168 dicabat
804 1113 1048 1167 ciborum
1077 1112 1322 1179 copiam,
1357 1109 1642 1178 aliquando
1674 1110 1973 1164 mirabatur
2001 1110 2144 1165 hanc

550 1202 920 1272 jejunantibus
941 1203 1129 1256 deesse
1159 1202 1410 1271 gratiam,
1439 1216 1601 1270 quam
1627 1200 1744 1254 illos
1771 1201 1968 1254 habere
1991 1200 2144 1255 vide-

554 1298 668 1352 bat.
703 1298 1082 1353 Verumtamen
1113 1296 1157 1350 si
1193 1297 1310 1350 fieri
1341 1304 1544 1366 posset,
1578 1297 1718 1350 sicut
1749 1295 1862 1364 ipse
1890 1294 2139 1360 dicebat,

509 1396 513 1400 ’
559 1398 619 1444 ιιι
651 1399 877 1458 utraque
901 1389 1075 1442 virtus
1104 1389 1423 1442 obedientire
1451 1396 1506 1442 et
1533 1386 1869 1441 abstinentia:
1899 1387 2142 1440 sociare-

556 1491 644 1536 tur
674 1481 725 1534 in
750 1482 829 1535 eis
850 1521 865 1543 ,
896 1491 1006 1533 tum
1051 1481 1294 1550 profecto
1323 1479 1630 1555 apostolica:
1673 1480 1804 1533 nihil
1834 1479 2142 1533 defuturum

555 1571 898 1642 perfectioni.

627 1662 715 1716 l8.
774 1679 793 1712 ι
829 1661 944 1728 Qua
989 1662 1054 1716 de
1102 1678 1160 1717 re
1207 1662 1535 1718 conveniens
1587 1666 1838 1716 domuum
1878 1662 2142 1715 Abbatem

554 1750 915 1816 obsecrabat,
955 1760 1014 1805 ut
1052 1767 1078 1805 a
1119 1753 1381 1821 sagimine
1419 1752 1627 1807 duabus
1665 1752 1853 1806 saltem
1897 1751 2043 1805 feriis
2085 1766 2143 1804 se

2245 563 2620 627 cardinalium,
2655 563 2707 616 in
2744 560 3019 631 Stephano
3041 559 3089 614 Χ
3134 573 3222 614 res
3250 567 3429 628 gestas
3468 557 3529 611 B.
3560 555 3709 611 Petri
3737 557 3844 611 Da-

2245 659 2411 714 miant
2435 695 2448 718 ,
2481 664 2536 710 et
2565 655 2790 708 alterius
2824 653 2967 707 Petri
3008 653 3074 706 de
3122 651 3376 705 llonestis
3410 648 3735 713 confundit,
3768 647 3843 702 ab

2246 748 2430 819 Ugello
2453 748 2504 802 in
2521 747 2770 802 secunda
2792 745 3027 799 editione
3051 743 3393 804 emendatus,
3418 741 3646 796 sublatis
3669 740 3842 796 etiam

2246 840 2544 912 insignibus
2589 839 2780 894 domus
2825 837 2891 892 de
2922 836 3195 900 llonestis,
3242 835 3294 888 in
3326 836 3523 904 quibus
3561 834 3726 890 ruber
3755 832 3845 888 leo

2244 942 2416 994 stans,
2441 940 2495 984 et
2523 935 2735 985 erectus
2759 929 2812 984 in
2838 945 2965 983 area
2989 929 3132 993 alba,
3158 930 3369 998 pineam
3395 943 3585 982 nucem
3611 941 3843 982 auream

2245 1003 2604 1077 anterioribus
2633 1022 2858 1091 pedibus
2891 1021 3044 1088 quasi
3079 1020 3329 1073 manibus
3357 1019 3611 1078 sustinet.
3644 1017 3846 1074 Arnol-

2245 1112 2344 1166 dus
2384 1111 2544 1165 Wion
2575 1152 2588 1174 ,
2625 1111 2777 1180 quasi
2819 1111 3060 1164 omnium
3109 1109 3408 1164 sententias
3451 1109 3847 1165 conciliaturas

2246 1203 2336 1258 lib.
2376 1218 2438 1266 tt,
2484 1219 2602 1274 cap.
2635 1201 2686 1265 9,
2722 1203 2793 1255 ita
2835 1201 3110 1256 exorditur
3153 1219 3165 1254 :
3210 1217 3228 1250 ι
3266 1199 3503 1255 Sanctus
3550 1201 3747 1256 Petrus
3776 1201 3850 1257 de

2246 1291 2518 1356 llonestis,
2549 1301 2905 1361 cognomento
2931 1290 3223 1344 Damianus
3253 1300 3309 1345 et
3334 1290 3617 1357 Peccator,
3643 1290 3848 1346 nobilis

2245 1381 2552 1447 Ravennas,
2594 1383 2888 1435 monachus
2928 1381 3240 1435 monasterii
3290 1379 3348 1434 S.
3396 1381 3628 1434 Andreae
3666 1379 3848 1434 eremi

2245 1475 2310 1527 de
2342 1473 2620 1536 Avellana,
2645 1473 2854 1526 ordinis
2879 1470 2936 1527 S.
2969 1471 3243 1528 Benedicti
3274 1471 3712 1541 congregationis
3737 1469 3847 1526 Co-

2245 1563 2463 1624 lumbte,
2494 1580 2511 1611 ι
2540 1571 2646 1616 etc.
2678 1560 2876 1616 Verum
2905 1559 3042 1614 alius
3079 1570 3162 1614 est
3191 1559 3385 1614 Petrus
3415 1559 3744 1623 Damianus,
3776 1560 3848 1614 do

2245 1669 2351 1724 quo
2380 1654 2618 1723 agimus,
2658 1653 2794 1707 alius
2824 1650 3016 1706 Petrus
3046 1650 3113 1705 de
3151 1649 3426 1711 llonestis,
3469 1660 3699 1718 uterque
3741 1647 3850 1702 Ra-

2247 1759 2478 1798 vennam
2524 1744 2755 1813 patriam
2789 1742 2998 1802 habuit.
3036 1750 3262 1810 uterque
3305 1740 3616 1794 Peccatoris
3645 1754 3848 1795 nomen

542 1841 1088 1909 -suspenderent,-qui
1121 1841 1172 1894 in
1207 1843 1418 1895 exteris
1449 1849 1555 1894 tam
1587 1840 1807 1908 perfecti
1838 1850 2050 1901 essent,
2085 1848 2144 1893 ut
2178 1829 2217 1886 B
2248 1835 2572 1903 assumpsit:
2600 1835 2694 1888 sed
2723 1833 2812 1888 ille
2835 1849 2892 1887 se
2918 1831 3133 1886 Petrum
3155 1843 3477 1899 peccatorcm
3501 1832 3846 1893 monachum,

556 1931 899 1983 auachoretis
944 1931 1076 1983 nihil
1121 1930 1395 1984 deberent.
1436 1929 1530 1984 Cui
1569 1930 1908 1983 venerandus
1952 1929 2140 1998 llugo,

555 2017 934 2087 discreptionis
951 2015 1141 2073 'eustos
1162 2020 1425 2089 egregius.
1448 2019 1528 2080 Si,
1551 2020 1740 2088 inquit.
1761 2020 1918 2073 Pater
1944 2021 2146 2074 charis-

562 2109 722 2171 sime,
750 2110 912 2162 vultis
939 2109 1093 2163 nobis
1120 2124 1317 2180 augere
1352 2125 1604 2164 coronam
1639 2111 1902 2164 mercedis
1937 2126 2032 2180 per
2058 2113 2149 2165 ad-

557 2199 913 2252 ditamentum
954 2199 1159 2269 jejunii,
1205 2209 1408 2253 tentate
1436 2201 1584 2270 prius
1616 2201 1893 2255 nobiseum
1940 2203 2148 2269 pondus

555 2289 753 2343 laboris
780 2330 793 2353 ,
827 2290 910 2344 vel
952 2305 1048 2359 per
1073 2299 1194 2344 octo
1236 2291 1444 2345 dierum
1487 2291 1718 2358 spatium
1749 2331 1764 2354 ,
1798 2300 1852 2344 et
1896 2293 2148 2362 deinceps

561 2379 918 2443 aestimabitis,
945 2381 1070 2448 quid
1098 2379 1455 2447 adjiciendum
1479 2396 1701 2434 censere
1722 2380 1984 2436 debeatis.
2013 2381 2147 2435 Nam

558 2471 795 2537 quandiu
824 2486 930 2524 non
963 2471 1307 2537 gustaveritis
1353 2470 1722 2540 pulmentum,
1759 2472 1970 2526 nescire
1998 2480 2148 2540 pote-

560 2560 702 2622 ritis,
731 2561 872 2628 quod
903 2562 1082 2631 exigat
1102 2561 1503 2614 condimentum
1532 2560 1679 2623 salis,
1708 2570 1762 2615 et
1791 2562 1835 2614 si
1863 2577 1970 2615 non
1995 2561 2150 2616 adbio

556 2653 780 2706 bucritis
808 2652 996 2706 saltem
1044 2653 1326 2705 minimum
1358 2652 1583 2722 digitum
1609 2661 1848 2706 vestrum
1876 2691 1892 2718 ,
1934 2667 2141 2721 nequa-

557 2760 716 2814 quam
754 2744 996 2810 judicare
1035 2746 1101 2800 de
1142 2760 1308 2799 onere
1341 2745 1581 2801 fraterno
1624 2747 1857 2811 diserte,
1896 2761 1960 2801 ac
1988 2747 2148 2817 digne

557 2836 826 2890 valebitis.
871 2836 1076 2900 Quibus
1108 2835 1196 2890 ille
1241 2835 1470 2900 auditis,
1501 2837 1739 2891 sentiens
1778 2837 1938 2891 fascis
1963 2835 2149 2904 hujus-

558 2925 701 2979 modi
735 2927 1053 2994 gravitatem
1095 2926 1209 2978 suis
1235 2926 1442 2980 viribus
1471 2927 1886 2995 importabilem,
1918 2927 2149 2982 cessavit

561 3029 591 3067 a
623 3015 882 3082 petitione
913 3015 1224 3084 ingravandi
1253 3016 1537 3083 ponderis,
1576 3026 1629 3069 et
1657 3018 2005 3087 semetipsum
2037 3032 2150 3072 cm-

559 3108 638 3176 pit
668 3114 1028 3175 repercutere,
1061 3107 1202 3160 unde
1233 3107 1366 3160 alios
1399 3107 1564 3161 ferire
1595 3106 1792 3169 voluit,
1827 3109 1951 3177 quia
1983 3109 2145 3176 sagit-

2251 1927 2351 1979 iste
2380 1925 2588 1978 Petrum
2612 1934 2930 1994 peccatorem
2957 1923 3204 1976 clericum
3228 1923 3572 1977 subscribere
3596 1921 3850 1990 epistolis

2249 2016 2472 2071 soiebat.
2509 2014 2746 2084 Uterque
2777 2015 2926 2084 prior
2966 2012 3087 2070 fuit.
3121 2012 3209 2066 ille
3246 2013 3633 2066 monachorum
3668 2011 3847 2066 eremi

2249 2107 2433 2162 Fontis
2461 2106 2702 2160 Avellaui
2731 2107 2781 2158 in
2814 2106 3029 2159 dioecesi
3059 2104 3356 2173 Eugubina,
3383 2105 3484 2158 iste
3510 2105 3844 2159 clericorum

2247 2214 2339 2253 seu
2382 2198 2763 2252 canonicorum
2803 2194 3152 2266 regularium,
3192 2196 3244 2249 in
3268 2195 3500 2251 ecclesia
3546 2195 3848 2250 Portuensi

2250 2292 2306 2344 B.
2337 2290 2516 2343 Mariae
2541 2291 2590 2342 iu
2616 2305 2744 2358 agro
2770 2290 3101 2352 Ravennate,
3129 2289 3324 2359 quibus
3345 2298 3398 2343 et
3420 2289 3846 2343 constitutiones

2248 2382 2600 2451 prtescripsit,
2625 2395 2653 2432 a
2684 2377 2908 2433 Pascale
2939 2378 2998 2432 ΙΙ
3047 2379 3310 2448 pontiﬁce,
3360 2380 3428 2434 10
3470 2378 3597 2432 Kal.
3647 2379 3848 2444 Janu.,

2247 2475 2534 2526 indictione
2567 2489 2594 2526 χ
2629 2512 2642 2534 ,
2681 2487 2771 2525 an.
2805 2473 2958 2533 1116,
2996 2474 3341 2541 approbatas.
3390 2470 3636 2526 Mortuus
3683 2473 3848 2527 deni-

2250 2578 2354 2632 que
2381 2571 2462 2616 est
2486 2559 2678 2616 P‘etrus
2700 2565 2764 2615 de
2793 2561 3043 2616 llonestis
3075 2563 3125 2614 in
3155 2577 3252 2616 suo
3275 2561 3560 2616 Portuensi
3593 2563 3849 2617 coenobio

2248 2667 2338 2707 an.
2371 2651 2527 2714 1119,
2563 2651 2614 2704 id
2648 2659 2731 2706 est
2757 2661 2878 2719 post
2912 2652 3120 2705 obitum
3145 2652 3204 2704 B.
3237 2651 3381 2705 Petri
3407 2650 3652 2704 Damiani
3685 2653 3848 2707 annis

2247 2742 2604 2811 quadraginta
2621 2752 2844 2811 septem.
2875 2743 3220 2812 Epitaphium
3247 2742 3389 2797 Petri
3437 2744 3502 2798 de
3560 2743 3846 2809 llonestis,

2246 2832 2470 2900 ejusque
2494 2833 2560 2886 ad
2602 2830 2916 2888 Paschalem
2972 2849 3164 2903 papam
3209 2833 3515 2903 epistolam,
3570 2849 3633 2889 ac
3685 2835 3848 2903 hujus

2249 2937 2589 2992 responsum,
2613 2931 2668 2975 et
2691 2925 3017 2978 monasteria
3058 2926 3207 2978 varia
3259 2926 3384 2980 huic
3437 2925 3847 2996 congregationi

2253 3013 2532 3069 Portuensi
2558 3014 2810 3083 adjuncta
2837 3025 3082 3070 recenset
3103 3024 3229 3070 ante
3255 3026 3584 3070 memoratus
3609 3016 3850 3072 Peunot-

2253 3113 2360 3165 tus,
2401 3103 2494 3171 qui
2516 3103 2732 3157 Petrum
2765 3104 2830 3157 de
2858 3104 3107 3158 llonestis
3129 3105 3294 3158 etiam
3325 3104 3548 3159 Beatum
3587 3105 3850 3176 appellat,

561 3175 669 3251 tam
695 3199 758 3250 ad
787 3213 882 3252 eos
909 3198 1026 3251 sine
1049 3213 1144 3251 suo
1171 3197 1391 3252 vulnere
1417 3197 1658 3266 nequivit
1687 3175 1918 3268 dirigere
1948 3216 1959 3250 :
1993 3175 2146 3252 intel-
2173 3175 2217 3236 (ἶ
2250 3202 2631 3260 mortuumque
2659 3193 2732 3246 ait
2754 3193 2786 3245 ι
2813 3193 2928 3246 Kal.
2957 3192 3081 3247 Julii
3118 3211 3130 3245 :
3165 3203 3220 3246 at
3247 3193 3279 3246 4
3310 3194 3426 3247 Kal.
3458 3175 3853 3264 Aprilisexcu—

560 3289 728 3359 ligens
751 3304 1000 3358 magnum
1020 3303 1136 3343 esse
1157 3303 1378 3358 pensum
1404 3288 1556 3350 illud,
1578 3302 1640 3342 ac
1665 3287 1856 3342 debere
1878 3287 2144 3350 sufﬁcere,

561 3381 703 3450 quod
733 3380 1137 3449 apprehendere
1166 3382 1278 3448 ipse
1311 3395 1412 3434 non
1445 3388 1658 3447 posset,
1687 3379 1776 3448 qui
1810 3380 1862 3431 in
1895 3389 2040 3434 tanto
2070 3381 2149 3433 vi-

563 3473 794 3527 debatur
845 3480 990 3524 stare
1048 3471 1305 3524 virtutum
1359 3470 1613 3523 culmine.
1667 3469 1919 3524 Eruditus
1968 3471 2149 3539 itaque

559 3562 756 3632 prcesul
792 3561 958 3614 multo
984 3562 1244 3615 eruditior
1273 3561 1432 3615 rediit
1467 3575 1626 3629 quam
1660 3561 1839 3622 venit,
1876 3577 2149 3630 magnum-

561 3667 666 3720 que
689 3652 999 3704 thesaurum
1025 3649 1284 3717 fugiendze
1309 3650 1482 3702 inanis
1505 3648 1707 3719 glorier,
1731 3657 1785 3702 et
1806 3650 2149 3717 capessendae

561 3757 705 3796 vene
729 3741 1048 3795 humilitatis
1070 3755 1251 3793 secum
1283 3740 1596 3808 reportavit.
1631 3759 1648 3790 ι
1678 3739 1801 3794 Haec
1823 3755 1887 3792 ex
1916 3739 2149 3794 llistoria

565 3831 948 3886 miraculorum
989 3829 1046 3883 S.
1079 3829 1318 3896 Magonis
1359 3829 1570 3883 abbatis
1605 3828 1972 3883 Cluniaeensis
1995 3869 2009 3893 ,
2043 3844 2149 3898 quo

562 3929 782 3989 petente
822 3919 998 3975 Vitam
1041 3919 1098 3973 S.
1139 3918 1378 3973 Odilonis
1444 3934 1474 3972 a
1525 3933 1583 3972 se
1621 3920 1980 3988 conscriptam
2028 3935 2149 3974 esse

567 4023 795 4067 testatur
828 4013 885 4067 B.
919 4013 1142 4076 Petrus,
1189 4012 1260 4066 ita
1291 4009 1435 4064 illam
1486 4025 1712 4065 exorsus
1745 4029 1756 4064 :
1797 4030 1815 4062 ‹
1849 4011 1998 4083 Hugo
2028 4011 2148 4068 Clu-

564 4105 834 4158 niacensis
858 4104 1172 4158 monasterii
1202 4111 1402 4165 rector,
1427 4111 1480 4154 et
1510 4104 1768 4170 spiritalis
1791 4105 1993 4158 militia:
2015 4105 2148 4171 dux,

567 4211 632 4248 ac
663 4196 961 4265 prmeipuus
996 4196 1335 4262 informator,
1374 4199 1474 4251 hoc
1504 4196 1634 4248 mihi
1666 4195 1864 4250 laboris
1896 4197 2147 4264 injunxit,

564 4297 622 4338 ut
645 4282 820 4338 Vitam
844 4283 900 4336 B.
927 4284 1189 4349 Odilonis,
1215 4284 1514 4339 decessoris
1534 4283 1781 4338 videlicet
1803 4283 1908 4347 sui,
1933 4285 2152 4353 proprio

563 4375 700 4445 stylo
725 4375 1000 4429 succincte
1033 4377 1472 4445 perstringerem,
1501 4385 1552 4429 et
1580 4389 1645 4427 ex
1681 4375 1762 4428 his
1814 4389 1934 4444 qua:
1967 4375 2016 4427 in
2057 4391 2150 4427 an-

566 4466 856 4518 terioribus
887 4466 1097 4534 paginis
1125 4465 1285 4519 latius
1332 4465 1742 4534 reperiebantur
1774 4479 1893 4518 esse
1933 4461 2147 4527 diffusa,

564 4554 781 4607 utiliora
807 4570 1052 4624 quicque,
1079 4557 1357 4626 magisque
1381 4556 1704 4619 necessaria,
1732 4554 1878 4608 brevi
1902 4569 2144 4622 compen-

565 4649 654 4704 dio
682 4647 1016 4703 deﬂoraretn.
1057 4668 1074 4699 ›

639 4738 725 4793 19.
752 4738 874 4793 "(ec
900 4741 965 4793 de
995 4740 1051 4792 S.
1083 4739 1389 4803 Benedicto,
1414 4739 1636 4809 ejusque
1659 4740 1863 4810 regula.
1886 4749 1940 4794 et
1961 4742 2149 4796 ordine

571 4830 758 4899 paucis
789 4830 935 4883 fuere
962 4833 1294 4900 attingenda,
1317 4834 1457 4901 quod
1486 4834 1723 4887 nonnulli
1749 4833 1809 4887 B.
1836 4832 2052 4886 Petrum
2079 4835 2147 4889 ab

569 4936 753 4976 eremo
791 4921 972 4976 Fontis
1016 4924 1259 4976 Avellani
1306 4924 1677 4978 transtulerint
1719 4925 1783 4978 ad
1825 4925 2147 4980 Portuenses

570 5013 871 5066 cmnobitas
899 5012 1145 5065 diu‘cesis
1176 5014 1533 5075 Ravennatis,
1566 5025 1620 5068 et
1663 5015 1729 5068 ab
1757 5017 2000 5072 instituto
2028 5033 2152 5071 ana-

570 5101 847 5156 ehoretieo
879 5102 935 5155 S.
967 5101 1239 5156 Benedicti
1284 5088 1348 5156 ad
1378 5104 1612 5172 regulam
1637 5104 1966 5159 Clerieorunt
1992 5146 2007 5168 ,
2041 5107 2154 5160 sive

577 5193 952 5245 canonicorum
996 5193 1316 5262 regnlarium
1355 5207 1368 5245 :
1401 5195 1595 5262 quibus
1631 5198 1790 5249 etiam
1819 5197 2157 5251 constitutio-

575 5298 690 5346 nes,
722 5293 775 5335 et
819 5296 962 5338 reete
995 5285 1204 5339 vivendi
1244 5287 1463 5340 decreta
1503 5289 1900 5357 prmscripsisse
1937 5290 2155 5352 volunt,

561 5383 628 5427 et
667 5374 896 5442 regulari:
942 5375 1252 5430 Damianum
1292 5393 1572 5446 perperam
1605 5379 1895 5447 appellant.
1939 5381 2011 5435 De
2053 5382 2154 5434 hac

574 5463 953 5517 Portuensium
993 5464 1386 5522 Canonicornm
1429 5467 1857 5538 Congregatione
1903 5469 2154 5539 legendus

574 5551 785 5606 Gabriel
832 5553 1120 5608 Pennottus
1162 5571 1277 5623 par.
1324 5575 1361 5610 ιι
1396 5557 1644 5612 Historia)
1685 5559 1802 5611 ord.
1837 5558 2152 5612 clericorum

576 5643 954 5695 canonicorum
1003 5659 1049 5695 (ξ.
1083 5645 1171 5705 17,
1205 5647 1292 5698 ubi
1318 5687 1329 5705 ,
1362 5662 1414 5698 ιι.
1447 5646 1503 5710 ‘2,
1537 5649 1717 5701 varios
1763 5648 1920 5717 hujus
1957 5649 2158 5701 erroris

578 5742 872 5788 assertores
919 5747 1241 5804 enumerat,
1287 5754 1512 5807 quorum
1564 5742 1883 5794 sententiam
1939 5752 2155 5796 SCClllllS

2248 3285 2325 3339 dit
2354 3282 2627 3352 Ughellus,
2655 3287 2794 3353 quod
2830 3302 2926 3339 suo
2955 3296 3195 3354 tempore
3218 3287 3642 3339 examinabitur.

2317 3375 2406 3428 ΞΟ.
2440 3374 2591 3430 Unde
2614 3374 2673 3428 Β.
2710 3374 2869 3428 Petro
2896 3390 3190 3444 cognomen
3230 3375 3476 3429 Damiani
3519 3377 3849 3443 accesserit,

2247 3467 2751 3520 variantauctores.
2785 3465 3501 3531 Ciaconius,Bellarminus,
3549 3482 3671 3521 eum
3721 3468 3853 3523 aliis

2248 3557 2523 3611 nonnullis
2547 3557 2795 3610 Damiani
2821 3557 2986 3625 ﬁlium
3016 3557 3308 3626 appellant.
3334 3558 3627 3611 Fortunius
3650 3558 3858 3629 aliique

2247 3664 2276 3701 a
2301 3650 2515 3702 nomine
2538 3647 2721 3701 fratris
2746 3647 3014 3709 Damiani.
3047 3647 3200 3717 cujus
3229 3661 3393 3716 opera
3426 3649 3620 3702 studiis
3646 3649 3854 3703 libera-

2249 3739 2388 3793 libus
2425 3741 2660 3794 imbutus
2687 3749 2790 3803 est,
2824 3741 2948 3793 illud
2982 3741 3083 3795 sibi
3117 3741 3436 3795 vocabulum
3486 3743 3856 3812 assumpsisse

2249 3830 2478 3890 malunt,
2513 3839 2567 3882 et
2589 3828 2769 3882 forsan
2829 3830 2929 3884 hac
2979 3831 3044 3884 de
3101 3845 3267 3884 causa
3317 3830 3511 3884 Petrus
3565 3830 3852 3900 Damiani,

2250 3937 2357 3976 non
2391 3921 2688 3974 Damianus
2710 3922 2775 3975 ab
2805 3921 3076 3990 aliquibus
3111 3923 3389 3975 scribitur.
3414 3923 3481 3976 At
3510 3923 3705 3978 Petrus
3737 3925 3854 3979 Da-

2248 4014 2479 4075 mianus,
2516 4013 2616 4066 nisi
2647 4014 2848 4081 passim
2882 4014 3142 4067 aberrent
3169 4013 3384 4068 codices
3422 4030 3584 4082 quam
3609 4017 3855 4072 exactis-

2250 4107 2384 4160 sime
2406 4105 2613 4168 excusi,
2642 4103 2943 4174 appellatur
2968 4119 2996 4157 a
3015 4104 3193 4157 Leone
3217 4103 3519 4160 Marsieano
3544 4114 3598 4160 et
3621 4115 3854 4163 auctore

2252 4196 2476 4262 antiquo
2509 4193 2896 4245 miraculorum
2930 4191 2987 4246 S.
3036 4191 3276 4262 llugonis
3327 4204 3496 4263 supra
3543 4195 3766 4250 relatis:
3801 4197 3859 4254 in

2252 4284 2372 4339 Vita
2398 4285 2656 4352 Stephani
2687 4282 2741 4336 Χ-
2765 4299 2914 4352 papa:
2942 4284 2992 4338 in
3023 4283 3271 4353 epistolis
3291 4285 3580 4340 Alexandri
3613 4286 3654 4341 11
3711 4303 3859 4357 pun—

2253 4377 2415 4430 tificis
2449 4393 2462 4438 ;
2498 4377 2665 4429 secuti
2691 4376 2812 4428 dein
2838 4375 3188 4438 llelinandus,
3217 4377 3545 4441 Antoninus,
3591 4380 3860 4449 Lipoma-

2254 4486 2372 4531 nus,
2409 4470 2806 4538 Bergomensis,
2840 4469 3187 4529 Bicordatus.
3211 4469 3616 4533 Rolewinchns,
3647 4487 3860 4544 anony-

2257 4577 2373 4614 mus
2401 4560 2780 4614 Benedictiuns
2810 4562 3243 4629 congregatiOnis
3295 4559 3352 4614 S.
3399 4560 3626 4617 JllSlln'J)
3660 4573 3713 4618 et
3758 4579 3861 4619 an-

2255 4667 2487 4720 onymus
2518 4650 2708 4704 Fontis
2740 4650 2981 4704 Avellani
3035 4652 3088 4704 in
3141 4653 3463 4707 testimoniis
3515 4667 3544 4706 a
3593 4656 3861 4725 Caietano

2255 4751 2379 4794 ante
2403 4755 2564 4810 opera
2604 4741 2660 4793 Β.
2686 4739 2830 4792 Petri
2869 4740 3105 4795 excusis.

2975 4829 3002 4901 ς
3037 4829 3120 4884 Iv.

2255 4922 2384 4974 Acta
2409 4922 2584 4989 priora
2616 4921 2678 4974 Β.
2713 4919 2853 4975 Petri
2898 4922 3170 4983 Damiani,
3222 4924 3343 4977 item
3402 4926 3544 4994 apud
3585 4927 3860 4995 pontiﬁces

2325 5012 2632 5082 Gregorium
2676 5012 2764 5071 Vl.
2798 5012 3110 5066 Clementem
3144 5012 3230 5076 ll,
3267 5013 3490 5067 Leonem
3522 5015 3625 5078 IX,
3684 5013 3863 5071 Victo-

2327 5123 2429 5160 rem
2457 5106 2539 5169 ll,
2569 5107 2889 5174 Stephanum
2917 5105 3018 5172 IX,
3084 5105 3368 5160 Nicolaum
3402 5109 3497 5172 II;
3529 5110 3862 5178 episcopatus

2327 5198 2437 5265 ejus
2491 5197 2765 5260 Ostiensis,
2801 5198 3026 5266 dignitas
3081 5198 3444 5250 cardinalitiu.
3473 5200 3714 5253 Schisma
3754 5198 3861 5253 Be-

2331 5288 2519 5340 nedicti
2556 5289 2813 5357 antipapa:
2845 5289 2957 5356 ejus
2991 5305 3143 5356 opera
3179 5289 3463 5342 sublatum.

2332 5380 2418 5434 2|.
2456 5399 2473 5430 ι
2507 5380 2722 5434 Petrum
2754 5381 3072 5434 Damianum
3125 5383 3400 5437 exstitisse
3437 5384 3713 5439 doctorem
3745 5387 3862 5442 exi-

2265 5473 2453 5532 mium,
2487 5487 2548 5525 ac
2580 5472 2712 5540 reip.
2737 5470 3064 5526 Christianae
3101 5481 3152 5525 et
3186 5475 3500 5542 aposto'ica:
3542 5474 3699 5528 Sedis
3759 5493 3863 5530 no-

2262 5561 2422 5614 bilem
2453 5571 2682 5630 partem,
2720 5580 2736 5610 ι
2770 5570 2992 5615 testatus
3019 5571 3101 5616 est
3131 5561 3333 5616 Paulus
3356 5565 3419 5627 γ,
3455 5564 3505 5616 in
3554 5575 3865 5620 memorato

2265 5651 2417 5704 Brevi
2457 5652 2520 5703 ad
2544 5651 2956 5705 Constantinum
2988 5651 3334 5719 (lajetanuin.
3374 5654 3539 5706 Natus
3571 5655 3615 5708 is
3639 5666 3724 5710 est
3752 5655 3862 5709 Ra-

2265 5758 2471 5808 vcnnm,
2493 5743 2669 5797 forsan
2696 5744 2836 5798 circa
2864 5760 2950 5798 an.
2982 5744 3185 5800 Christi
3217 5747 3688 5817 nongentcsimum
3712 5756 3868 5802 octo-
