4040 6446
154 406 231 464 101

619 386 1158 453 PROLEGOMENA.
1196 416 1269 429 --
1300 383 1388 441 DE
1424 381 1487 440 8.
1515 376 1751 437 PETRO
1788 374 2101 435 DAMIANO
2128 374 2269 433 llEN
2284 371 2551 431 SCIIENII
2588 369 2953 431 COHMENT.

3354 372 3462 431 10%

152 517 393 593 gesimttm
425 520 677 568 octavum
702 505 839 560 infra
868 503 1040 559 relato
1064 502 1182 573 ejus
1200 500 1352 556 obitu
1382 496 1612 570 patebit.
1670 495 1743 550 At
1771 504 1817 564 Α
1848 507 2081 593 scopas,
2106 509 2171 551 ac
2206 492 2463 550 Clemens
2487 489 2555 556 ll,
2579 489 2760 546 dictus
2790 490 2841 575 in
2869 489 2986 593 ipsa
3007 488 3218 593 Natalis
3241 487 3461 593 Domini

151 582 316 684 primis
347 598 736 660 adolescentia:
782 596 943 650 annis
991 608 1190 666 porcos
1234 605 1463 663 pascere
1503 586 1692 645 debuit
1723 625 1740 651 ,
1840 584 1931 641 die
1950 584 2022 640 25
2046 584 2365 641 Decembris
2391 591 2751 639 consecratus
2788 600 2801 635 :
2835 583 3107 652 qui'mot
3165 582 3463 638 llenricum

155 680 292 759 etiam
317 688 736 765 grandiuscula:
758 686 936 743 factus
968 703 982 741 :
1015 685 1205 740 litteris
1232 692 1423 756 postea
1480 680 1737 745 imbutus,

151 783 403 846 etstudiis
433 778 763 843 liberalibus,
820 776 947 834 dein
998 774 1217 829 scicntia
1268 770 1550 837 excellens,
1604 769 1743 824 alios

150 874 412 935 mdivisse
437 870 670 926 traditur
692 884 841 924 num.
862 866 918 920 7.
944 864 1298 921 Eremiticam
1326 854 1548 918 tandem
1571 860 1741 914 vitam

148 979 441 1040 capessens,
476 963 618 1033 apud
644 961 874 1015 Fontem
918 957 1239 1018 Avellannm
1289 953 1611 1011 monasticis
1662 952 1744 1007 in-

150 1061 293 1118 duttts
322 1064 413 1109 est
437 1053 701 1110 vestibus.
734 1049 982 1120 Cumque
1017 1067 1036 1101 ι
1075 1048 1294 1104 lectioni
1327 1061 1504 1101 sacra:
1539 1045 1741 1100 sedula

145 1148 489 1209 meditatione
516 1152 761 1207 vacaret,
794 1151 942 1199 tanta
966 1141 1276 1214 divinarum
1326 1138 1741 1207 Seripturarum

146 1241 352 1300 scientia
379 1238 649 1295 claruisse
680 1255 700 1289 ι
735 1235 937 1291 dicitur
965 1248 1118 1288 num.
1150 1232 1239 1297 l7,
1278 1249 1297 1283 ι
1332 1238 1535 1301 quanta
1557 1236 1745 1286 saecu-

142 1340 324 1397 larium
353 1346 485 1393 ante
518 1350 626 1392 non
654 1333 953 1390 claruerat.
982 1348 1000 1382 i
1061 1330 1258 1385 Docuit
1306 1326 1505 1384 ibidem
1544 1325 1744 1382 fratres

140 1438 242 1490 sine
267 1430 458 1492 eremi,
485 1428 608 1484 dein
658 1425 959 1483 monachos
988 1422 1401 1493 Pomposianos,
1447 1435 1478 1475 a
1511 1418 1571 1476 S.
1613 1418 1745 1475 Gui-

140 1525 272 1581 done
302 1522 507 1578 abbate
542 1528 825 1576 evocatus.
879 1516 1128 1571 Mortuus
1168 1515 1258 1571 hic
1302 1516 1473 1571 abbas
1523 1522 1609 1570 est
1648 1528 1740 1569 an.

138 1616 286 1678 {056,
315 1614 415 1670 sed
447 1628 623 1668 annos
649 1626 773 1665 eum
799 1618 925 1666 octo
964 1623 1129 1679 supra
1157 1607 1521 1679 quadraginta
1553 1620 1742 1660 emno-

136 1710 216 1765 hio
239 1706 607 1777 Pomposiano
628 1702 913 1774 prml‘uisse
944 1702 1111 1756 tradit
1137 1700 1363 1756 Rubeus
1411 1699 1447 1753 Ι.
1476 1698 1515 1753 -5
1560 1697 1743 1752 Histo-

136 1800 223 1854 rize
249 1796 611 1853 Ravennatis.
639 1793 867 1850 Biennio
892 1793 1033 1864 apud
1055 1791 1450 1863 Pomposianos
1491 1805 1598 1858 qua
1652 1787 1745 1843 duo

1844 678 2232 747 imperatorem
2266 676 2438 732 lilium
2469 676 2711 733 Conradi
2738 675 2933 741 Salici,
2995 676 3224 749 ejusque
3270 676 3468 748 conju-

1843 762 1967 838 gem
2004 769 2271 841 Agnetem
2298 770 2443 824 inter
2486 762 2783 824 missarum
2838 768 3103 846 solemnia
3158 770 3469 828 coronavit.

1843 855 2114 914 Baronius
2149 874 2293 915 anno
2321 859 2483 924 1047,
2512 874 2663 933 num.
2701 858 2790 914 15.
2820 878 2839 911 ι
2871 859 2952 915 Ad
2978 860 3160 932 ipsum
3211 861 3471 918 Clemen-

1847 957 1975 1009 tem.
2006 950 2198 1022 inquit.
2230 951 2424 1007 l’etrus
2454 946 2729 1016 Da’miani,
2784 953 2961 1007 eremi
3003 954 3181 1009 incola
3235 953 3470 1011 celebris

1844 1034 2086 1097 nominis
2117 1053 2230 1097 tum
2268 1043 2584 1109 sanctitate,
2622 1054 2737 1098 tum
2771 1046 2940 1100 etiam
2996 1046 3272 1114 doetrina,
3330 1048 3473 1106 scri-

1844 1133 2022 1203 psisse
2043 1120 2641 1207 reperiturepistolam.
2672 1152 2738 1193 cu
2766 1154 2830 1195 us
2868 1139 2972 1196 hoc
3001 1149 3090 1196 est
3115 1143 3403 1199 exordium
3448 1160 3463 1197 :

1850 1244 1869 1278 ι
1900 1223 2128 1283 Noverit
2152 1227 2444 1284 Beatitudo
2473 1238 2657 1285 vestra
2684 1270 2700 1297 ,
2726 1232 3192 1290 excellentissime
3223 1236 3469 1304 domine,

1846 1318 1975 1387 quia
2004 1317 2261 1381 dominus
2291 1318 2694 1377 invictissimus
2748 1323 3052 1396 imperator
3109 1341 3216 1388 non
3273 1326 3472 1395 semel,

1846 1410 1941 1466 sed
1965 1398 2131 1479 saepe,
2162 1404 2298 1467 mihi
2328 1413 2613 1484 prmeepit,
2643 1416 2781 1471 etsi
2806 1416 2993 1474 dicere
3018 1419 3219 1484 audeo,
3269 1435 3471 1489 rogare

1846 1502 2231 1574 dignatusest,
2271 1514 2329 1560 ut
2361 1504 2431 1560 ad
2464 1521 2562 1563 vos
2593 1510 2838 1565 venirem
2864 1552 2879 1575 ,
2935 1520 2993 1566 et
3031 1527 3152 1583 quae
3184 1513 3237 1568 in
3284 1492 3474 1571 Eccle-

1846 1595 1944 1651 siis
1978 1603 2295 1652 nostrarum
2321 1600 2561 1669 partium
2584 1613 2906 1672 agerentur,
2951 1620 3184 1675 qumque
3216 1607 3347 1662 mihi
3376 1621 3476 1664 ne-

1846 1689 2091 1743 cessario
2113 1704 2142 1743 a
2166 1689 2324 1745 vobis
2350 1689 2468 1745 ﬁeri
2502 1692 2841 1757 viderentur,
2871 1697 3072 1753 vestris
3110 1700 3338 1755 auribus
3382 1702 3469 1757 in-

1851 1779 2125 1846 timarem,
2164 1800 2183 1833 i
2236 1782 2381 1852 quod
2434 1783 2527 1838 illa
2573 1784 2806 1856 epistola
2857 1787 3150 1857 diligenter
3203 1802 3473 1861 prmstat,

130 1890 315 1953 cendo,
338 1902 449 1957 qua
478 1884 857 1941 eoneionando
886 1895 1103 1946 exacto,
1137 1884 1205 1937 ad
1252 1897 1498 1938 eremum
1549 1880 1742 1935 Fontis
1775 1871 1819 1931 Β
1849 1872 2130 1942 mittitque
2156 1889 2260 1928 una
2309 1872 2524 1930 litteras
2563 1875 2915 1945 imperatoris
2954 1880 3006 1933 in
3061 1880 3260 1938 itinere
3310 1900 3473 1941 acce-

131 1979 367 2037 Avellani
409 1993 665 2034 reversus
693 1987 780 2032 est
808 1994 823 2030 :
854 1985 1018 2046 atque
1039 1975 1221 2046 aliqua
1253 1975 1367 2030 illic
1393 1974 1577 2045 quiete
1601 1971 1738 2027 frui-

130 2081 212 2127 tus
234 2070 303 2126 ad
328 2068 556 2125 celebre
582 2067 642 2124 8.
692 2068 967 2124 Vincentii
1016 2068 1409 2122 monasterium
1461 2065 1744 2136 ablegatus

126 2174 223 2219 est.
256 2161 313 2217 In
346 2162 460 2217 hoc
488 2161 740 2225 emnobio
772 2160 831 2214 Β.
866 2160 1091 2215 Petrum
1108 2159 1431 2214 Damianum
1449 2158 1743 2230 scripsisse

128 2254 298 2311 Vitam
325 2254 385 2309 S.
418 2252 713 2308 Romualdi
739 2253 873 2308 circ.
905 2268 994 2307 an.
1023 2252 1244 2307 tertium
1268 2253 1563 2313 decimum.
1596 2260 1745 2321 post-

123 2360 279 2414 quam
297 2344 395 2399 bic
427 2351 803 2398 excesserate
836 2342 996 2408 vivis,
1048 2344 1251 2398 asserit
1298 2343 1442 2397 idem
1499 2341 1742 2397 Rubeus.

125 2437 298 2493 Vitam
331 2435 393 2491 8.
432 2433 724 2490 Romualdi
769 2426 1042 2489 edidimus
1063 2435 1095 2489 7
1123 2434 1284 2496 ἰθὺν..
1317 2442 1371 2489 et
1404 2434 1549 2488 hunc
1600 2446 1747 2487 anno

122 2530 275 2593 1οΞ7,
295 2536 585 2583 mortuum
616 2542 740 2582 esse
760 2527 1020 2582 diximus.
1068 2525 1209 2582 Hinc
1235 2526 1483 2581 decimus
1546 2525 1747 2580 tertius

122 2622 187 2675 ab
217 2620 374 2675 obitu
408 2617 559 2675 illitis
582 2634 759 2673 annus
783 2618 1041 2672 convenit
1066 2617 1119 2671 in
1153 2633 1299 2672 anno
1321 2616 1525 2673 Christi
1580 2615 1743 2679 1040.

118 2722 171 2769 et
190 2726 377 2767 rerum
417 2725 448 2763 a
481 2709 541 2764 Β.
576 2708 740 2764 Petro
768 2718 1045 2778 gestarum
1088 2708 1356 2778 epoeham
1392 2704 1752 2777 chronologi-

120 2818 238 2860 eam
271 2803 492 2867 ﬁrmat,
522 2802 593 2857 ab
619 2801 928 2873 Augustino
955 2799 1241 2865 Fortunio,
1272 2801 1441 2856 etiam
1468 2815 1538 2855 ex
1569 2787 1773 2855 ωηο-ι’

115 2896 251 2950 nicis
282 2893 630 2966 quibusdam
671 2892 969 2962 majoribus
995 2890 1365 2959 observatam.

182 2988 277 3043 22.
312 2986 566 3042 Crestus
595 2986 721 3042 dein
745 2986 915 3040 eremi
947 2984 1138 3040 Fontis
1173 2985 1421 3041 Avellani
1468 2986 1618 3056 prior
1643 2994 1747 3051 est,

114 3096 232 3135 cum
299 3078 639 3149 aliquandiu
721 3079 885 3134 rebus
948 3078 1338 3149 temporalibus
1392 3080 1753 3148 procurandis

116 3172 307 3225 inisset
330 3168 661 3239 prtul'ectus.
695 3167 761 3224 Ut
791 3168 1105 3222 Ravennam
1130 3170 1366 3231 veniret,
1397 3169 1659 3224 invitatus
1682 3168 1752 3223 ab

1846 1975 1989 2036 ptas,
2028 1977 2085 2022 et
2110 1976 2286 2038 rogat,
2322 1976 2385 2022 ut
2411 1968 2479 2023 ad
2508 1983 2568 2023 se
2622 1970 2831 2026 scribat
2886 1982 3069 2028 utrum
3130 1975 3235 2030 iter
3284 1993 3480 2034 susce-

1845 2067 2000 2130 ptum
2036 2059 2143 2114 sibi
2178 2062 2621 2131 prosequendum
2648 2073 2891 2121 censeat.

1916 2151 2009 2207 21.
2043 2151 2295 2219 Clemens
2319 2154 2380 2218 ll,
2412 2156 2607 2212 eodem
2634 2173 2799 2221 anno,
2832 2159 2864 2212 7
2895 2159 3022 2217 ldus
3039 2160 3477 2233 0:-t.exstincto,

1849 2251 2136 2314 postquam
2169 2244 2417 2305 Ecclesia
2444 2261 2477 2299 a
2507 2245 2832 2313 Benedicto,
2869 2251 3031 2306 tertio
3056 2253 3241 2308 sedem
3272 2255 3477 2311 Roma-

1850 2350 1978 2388 nam
2022 2335 2334 2401 invadente,
2369 2336 2565 2395 fuisset
2613 2340 2932 2412 aliquandiu
2983 2342 3209 2409 amicta,
3251 2356 3478 2405 creatus

1848 2434 1935 2480 est
1966 2426 2235 2482 Damasus
2276 2428 2342 2493 ll,
2382 2444 2529 2487 anno
2558 2431 2715 2496 lO-tS,
2759 2433 2847 2489 cui
2881 2434 3022 2489 intra
3043 2437 3281 2505 primunt
3329 2440 3476 2498 sedis

1849 2531 2095 2571 mensem
2123 2518 2231 2572 vita
2256 2518 2489 2587 functo,
2545 2524 2768 2577 tandem
2821 2524 2915 2579 ubi
2967 2526 3211 2597 quinque
3258 2544 3477 2589 menses

1850 2609 2010 2663 sedes
2035 2618 2309 2676 vacasset,
2338 2611 2605 2667 successit
2633 2611 2692 2668 8.
2720 2613 2832 2671 Leo
2862 2629 3001 2686 papa
3020 2616 3114 2681 IX,
3141 2628 3271 2675 ante
3292 2618 3478 2677 Bruno

1852 2698 2051 2764 dictus,
2079 2701 2371 2771 episcOpus
2402 2702 2681 2760 Tullensis
2718 2706 2772 2761 in
2822 2706 3042 2777 Belgica
3090 2710 3291 2779 prima.
3336 2711 3478 2771 Huic

1852 2792 2078 2864 scripsit
2109 2795 2169 2849 Β.
2203 2795 2405 2852 Petrus
2434 2808 2631 2853 contra
2688 2800 2990 2858 malevolos
3048 2805 3477 2866 obtrectatores.

1851 2889 1923 2945 At
1953 2888 2062 2943 Leo
2097 2890 2312 2947 remisit
2338 2892 2660 2962 pmclaram
2684 2895 2998 2965 epistolam,
3024 2898 3077 2952 in
3100 2914 3206 2969 qua
3229 2901 3332 2955 viri
3351 2917 3480 2958 san-

1855 2982 1929 3036 cti
1959 2982 2136 3036 zelum
2172 2982 2384 3049 laudat,
2428 2993 2591 3055 atque
2642 2983 3106 3045 incontinentiam
3149 2990 3481 3049 clericorum

1857 3074 2269 3139 detestatur,et
2304 3078 2950 3155 puniendamreseribit,
3009 3099 3075 3138 ae
3126 3085 3313 3141 verbis
3363 3087 3483 3143 istis

1858 3166 2181 3222 concludit:
2222 3186 2241 3219 ‹
2280 3168 2382 3223 Fili
2442 3168 2786 3238 cbarissime,
2841 3172 3292 3232 inenarrabiliter
3348 3195 3483 3250 gau-

112 3260 552 3329 arcbiepiscopo
596 3257 915 3313 Ravennate
968 3258 1295 3313 Cebehardo
1349 3259 1458 3330 (est
1497 3259 1585 3314 hic
1636 3258 1752 3329 16).
1784 3247 1832 3310 C
1864 3256 1989 3323 deo,
2018 3259 2145 3328 quia
2177 3260 2428 3329 exemplo
2455 3263 2891 3319 conversationis
2920 3265 3169 3335 instruis,
3214 3247 3482 3342 quidquid

112 3352 404 3408 Februarii
440 3368 598 3406 anno
635 3351 769 3405 l0“
800 3393 814 3415 ,
867 3361 1147 3415 mortuus,
1206 3360 1264 3405 et
1312 3352 1364 3405 in
1414 3353 1751 3407 monasterio

108 3445 496 3515 Pomposiano
528 3443 793 3513 sepultus)
826 3444 1108 3512 rescripsit
1159 3443 1448 3513 epistolam
1510 3458 1677 3514 supra
1721 3456 1753 3497 a

111 3537 261 3590 nobis
284 3534 632 3597 indicatam,
661 3549 766 3601 qua
794 3542 1041 3597 excusat,
1066 3549 1191 3587 eum
1229 3532 1344 3602 jam
1407 3534 1558 3602 prior
1615 3532 1753 3587 alios

108 3640 320 3697 regere,
354 3639 685 3694 eorumque
707 3624 1017 3679 necessitati
1050 3625 1338 3679 consulere
1381 3635 1634 3695 cogatur,
1694 3641 1752 3681 se

108 3717 327 3772 adeum
372 3715 561 3771 facile
582 3715 772 3771 venire
798 3732 904 3770 non
943 3731 1120 3787 posse.
1170 3717 1303 3785 Quae
1360 3727 1488 3773 ante
1542 3719 1753 3774 dictum

105 3824 307 3863 annum
336 3808 497 3864 1044
525 3809 895 3879 contigerunt.
924 3807 1037 3863 llue
1076 3819 1203 3863 ante
1228 3828 1257 3861 ιι
1282 3825 1427 3864 anno
1459 3821 1751 3881 postquam

106 3914 216 3961 tres
232 3905 412 3961 simul
439 3904 953 3976 pseudopontil‘tces
983 3904 1284 3959 Ecclesium
1319 3905 1624 3960 Romanam
1664 3907 1752 3961 in-

104 3996 428 4059 vasissent,
500 3993 727 4049 sublato
774 3994 1113 4060 schismate,
1176 3993 1450 4066 legitimus
1508 3994 1753 4064 pontifex

104 4098 318 4143 creatus
340 4096 441 4143 est
473 4087 792 4158 Gregorius
817 4086 903 4153 Vl,
933 4087 1001 4142 ad
1028 4102 1194 4158 quem
1221 4098 1442 4143 exstant
1475 4089 1629 4143 initio
1687 4089 1755 4143 li-

102 4181 180 4241 bri
205 4182 358 4238 bina:
390 4182 461 4236 Β.
496 4180 659 4235 Petri
688 4180 956 4252 epistolre,
1015 4181 1067 4234 in
1095 4180 1280 4251 priore
1312 4196 1371 4237 se
1401 4183 1585 4237 audita
1634 4180 1754 4251 ejus

102 4274 375 4329 electione
413 4272 805 4329 exhilaratum
827 4271 1086 4335 ostendit,
1113 4281 1170 4328 et
1194 4288 1417 4344 sperare
1442 4274 1749 4331 Ecclesiam

104 4367 191 4423 Dei
219 4364 323 4439 per
356 4384 536 4430 eum,
566 4367 823 4421 sordibus
854 4366 1194 4436 expurgatis,
1241 4370 1531 4439 pristinum
1565 4386 1759 4428 cense-

104 4472 358 4516 cuturam
386 4462 697 4516 decorem.
730 4458 999 4513 Baronius
1027 4460 1199 4514 relata
1229 4476 1295 4516 ea
1324 4463 1485 4532 epist.
1543 4464 1609 4519 ad
1662 4482 1752 4520 an.

104 4552 259 4615 1041,
300 4568 475 4608 num.
512 4550 579 4614 8,
606 4550 673 4604 de
706 4549 765 4603 Β.
797 4548 960 4605 Petro
991 4551 1141 4605 addit
1172 4570 1183 4604 :
1216 4570 1235 4603 ς
1277 4553 1449 4607 'l‘anta
1489 4554 1593 4610 ista
1646 4572 1755 4612 non

103 4644 197 4698 nisi
228 4644 502 4715 legitime
530 4641 718 4695 electo
750 4656 884 4711 papa
916 4641 1079 4713 digna
1108 4658 1253 4709 esse,
1281 4654 1339 4699 ut
1363 4646 1546 4716 plane,
1582 4648 1625 4702 si
1665 4649 1759 4703 de-

102 4736 371 4800 sintalia,
405 4735 528 4790 ista
564 4730 927 4788 sullieiantad
970 4734 1453 4791 demonstrandam
1514 4737 1759 4808 ejusdem

103 4831 437 4885 canonicam
496 4827 842 4882 electionem
888 4828 1036 4883 omni
1067 4844 1133 4884 ex
1178 4838 1333 4899 parte
1382 4834 1757 4902 purissimam.

104 4918 213 4975 Non
242 4921 402 4977 enim
433 4918 733 4990 ejusmodi
766 4918 865 4973 fuit
894 4918 1086 4974 Petrus
1123 4919 1391 4986 Damiani,
1439 4924 1535 4993 qui
1596 4924 1761 4981 vellet

103 5009 211 5065 lucc
241 5011 526 5067 scribens
580 5007 820 5078 turpiter
874 5008 1081 5063 adulari
1131 5010 1377 5079 pontifici
1424 5030 1436 5065 :
1495 5029 1619 5067 nam
1665 5029 1761 5071 ex-

105 5112 339 5159 tstuans
359 5103 498 5158 zelo
524 5100 933 5157 ecclesiastica:
961 5100 1284 5171 disciplinae,
1302 5105 1507 5159 nemini
1535 5103 1759 5177 parcere

109 5200 274 5262 novit,
304 5200 453 5268 quin
490 5194 870 5251 acerbissime
892 5196 1156 5263 arguerit,
1184 5212 1571 5271 quemcunque
1593 5202 1761 5256 sciret

108 5290 275 5347 eidem
300 5292 759 5347 adversantem.
790 5305 808 5337 ι
860 5286 985 5343 [hcc
1037 5287 1343 5354 Baronius,
1394 5292 1485 5361 qui
1546 5294 1613 5347 ad
1667 5309 1756 5347 an.

114 5381 262 5445 1016,
297 5398 470 5437 nun].
493 5380 560 5443 3,
597 5378 700 5438 ait,
728 5378 976 5433 eumdem
1016 5396 1035 5430 ε
1074 5378 1399 5451 Gregorium
1432 5383 1518 5449 Vl,
1574 5400 1763 5440 exem-

112 5472 191 5543 plo
215 5473 274 5530 S.
308 5470 601 5544 Gregorii
641 5466 992 5535 Nazianzeni,
1025 5471 1116 5541 qui
1146 5473 1215 5526 ob
1242 5489 1432 5543 pacem
1460 5475 1765 5530 concilian-

113 5564 227 5618 dam
251 5566 544 5620 Ecclesia:
601 5571 810 5631 sponte
858 5575 917 5616 se
967 5561 1292 5629 abdicavit,
1347 5566 1538 5621 eodem
1585 5567 1763 5637 ipsum

114 5661 309 5723 animo,
348 5659 700 5726 eademque
734 5655 932 5710 virtute
953 5656 1229 5725 pontiﬁcia
1262 5660 1392 5714 sede
1424 5672 1617 5732 sponte
1644 5678 1765 5718 ces-

116 5754 261 5807 sive.
298 5774 316 5805 ι

176 5846 264 5901 23.
299 5843 445 5902 [luic
476 5839 779 5902 successit
830 5836 1123 5912 Svidgerus
1179 5839 1604 5917 Ranibcrgensis
1651 5846 1764 5915 cpi-

1853 3354 2092 3408 orato'ia
2124 3352 2386 3410 facultate
2416 3355 2670 3410 docuisti.
2712 3356 2843 3413 Plus
2865 3368 2949 3415 est
2978 3362 3128 3416 enim
3181 3377 3349 3433 opere
3383 3366 3483 3421 do-

1854 3456 1981 3498 cere
2023 3458 2188 3513 quam
2229 3458 2383 3499 voce.
2417 3446 2785 3516 Quapropter,
2809 3458 3037 3506 auctore
3072 3452 3207 3515 Deo.
3240 3456 3484 3525 palmam

1853 3535 2127 3591 obtinebis
2161 3537 2429 3602 victorim,
2455 3547 2512 3593 et
2543 3554 2669 3594 cum
2708 3540 2831 3605 Dei,
2860 3552 2917 3597 et
2947 3541 3191 3615 Virginis
3230 3547 3344 3602 lilio
3386 3548 3481 3605 lte-

1856 3628 2064 3681 taberis
2101 3629 2153 3682 in
2181 3628 2394 3685 coalch
2422 3632 2730 3697 mansione,
2765 3642 2821 3689 et
2870 3644 2950 3690 tot
2990 3640 3339 3697 mercedibus
3375 3644 3488 3699 eris

1854 3718 2183 3782 cumulatus,
2213 3729 2348 3788 quot
2377 3722 2583 3792 ereptis
2613 3737 2711 3793 per
2743 3732 2796 3779 te
2818 3740 2849 3779 a
2885 3726 3092 3783 diaboli
3117 3729 3331 3801 laqueis
3364 3732 3483 3791 l'ue—

1857 3810 1933 3865 ris
1958 3812 2324 3881 constipatus,
2358 3822 2413 3869 et
2440 3816 2851 3885 quodammodo
2901 3832 3221 3879 coronatus.
3273 3845 3292 3880 ι
3360 3826 3487 3887 Hzec

1858 3899 1917 3954 8.
1952 3900 2064 3955 Leo
2091 3902 2184 3972 qui
2222 3913 2415 3959 contra
2454 3905 2802 3965 Simoniaeos
2844 3914 3139 3968 concilium
3174 3916 3487 3977 Romanum

1855 4005 1947 4047 an.
1982 3992 2121 4049 1049
2144 3995 2462 4062 celebravit,
2489 3998 2644 4067 cujus
2664 3996 2961 4067 \lecretum
2993 4004 3179 4063 laudat
3201 4007 3262 4064 Β.
3288 4008 3490 4072 Petrus

1858 4085 2160 4174 Damianus
2189 4102 2384 4159 opase.
2416 4105 2491 4153 vt.
2522 4106 2649 4162 cap.
2684 4094 2777 4149 55.
2819 4094 2955 4163 Qua:
2996 4109 3181 4156 autem
3236 4103 3485 4174 ejusdem

1858 4173 2059 4230 Leonis
2090 4186 2272 4231 exstat
2302 4178 2535 4247 epistola
2566 4182 2635 4237 10
2659 4184 2728 4238 ad
2780 4184 3141 4256 Auximanos,
3191 4173 3299 4265 qua
3361 4208 3490 4267 post

1858 4267 2070 4322 obitum
2125 4269 2370 4341 episcopi
2420 4272 2757 4343 expilatorcs
2784 4277 3071 4337 domorum
3095 4271 3491 4357 episcopalium

1862 4365 2165 4436 redarguit,
2203 4378 2526 4423 recensetur
2558 4369 2702 4425 inter
2753 4374 3017 4442 epistolas
3068 4376 3131 4433 Β.
3183 4379 3329 4437 Petri
3383 4384 3491 4441 Da-

1862 4459 2031 4513 miani
2066 4459 2160 4514 lib.
2190 4476 2222 4514 v
2251 4477 2403 4515 num.
2443 4462 2499 4526 6,
2522 4471 2577 4518 et
2606 4464 2708 4519 sub
2734 4468 2955 4523 nomine
2986 4473 3260 4539 pontiﬁcis
3313 4477 3383 4532 ab
3422 4492 3490 4535 eo

1864 4552 2069 4621 scripta
2102 4553 2390 4607 asseritur.
2436 4554 2683 4611 Mortuus
2733 4566 2817 4613 est
2862 4559 2919 4614 S.
2980 4561 3093 4617 Leo
3147 4579 3285 4636 papa
3345 4584 3491 4625 anno

1867 4640 2006 4695 1054
2033 4642 2121 4697 die
2153 4642 2220 4697 19
2242 4642 2465 4713 Aprilis,
2493 4646 2759 4701 virtutum
2791 4658 2846 4704 et
2886 4652 3281 4713 miraculorum
3330 4660 3492 4720 laude

1865 4733 2119 4805 insignis,
2152 4737 2228 4791 uti
2261 4752 2387 4791 eum
2439 4739 2637 4794 tabulas
2696 4740 3075 4817 Martyrologii
3121 4749 3353 4808 Romani
3398 4756 3493 4811 de-

1863 4825 2185 4895 praedieant.
2220 4825 2499 4882 Successit
2531 4829 2893 4888 Gebebardus
2919 4837 3248 4899 Aistetensis
3278 4846 3331 4899 in
3357 4845 3494 4908 Ger-

1863 4916 2048 4968 mania
2080 4917 2391 4987 episc0pu5,
2414 4919 2540 4974 dein
2566 4922 2756 4977 Victor
2773 4924 2813 4978 ll
2837 4927 3039 4994 dictus,
3059 4947 3205 4989 anno
3223 4949 3491 5007 sequente

1870 5004 2029 5060 1055.
2064 5006 2248 5062 idibus
2278 5010 2484 5079 Aprilis
2519 5012 2570 5066 in
2602 5015 2773 5071 Coma
2825 5019 3039 5078 Domini
3088 5004 3447 5088 consecratus
3476 5052 3488 5087 :

1870 5097 1923 5151 in
1957 5095 2114 5165 cujus
2147 5100 2398 5154 manibus
2432 5100 2697 5158 llenricns
2723 5107 3024 5177 imperator
3060 5130 3204 5172 anno
3226 5133 3493 5191 sequente

1870 5188 2033 5253 1056,
2065 5191 2119 5245 5.
2152 5190 2338 5246 Nonas
2369 5190 2558 5248 Octob.
2594 5198 2821 5253 tradidit
2852 5200 2965 5257 Deo
2991 5207 3265 5275 spiritum.
3308 5188 3405 5268 list
3441 5224 3496 5271 ct

1868 5280 1923 5351 ip
1955 5294 1985 5335 e
2025 5281 2213 5335 Victor
2237 5298 2375 5353 papa
2409 5285 2661 5353 proximo
2686 5304 2775 5343 an.
2808 5291 2945 5347 l037
2978 5294 3273 5355 Florentiae
3302 5302 3493 5360 delun-

1868 5375 2079 5429 ctus28
2109 5373 2256 5429 Julii.
2288 5375 2658 5445 Reperinntur
2705 5397 2827 5437 unre
2870 5384 2929 5439 Β.
2982 5386 3127 5443 Petri
3190 5391 3386 5451 littera:
3425 5397 3493 5451 ad

1870 5464 2154 5521 Victorem
2189 5469 2465 5522 amariore
2500 5472 2711 5529 animo.
2764 5474 2858 5529 sed
2916 5480 3033 5533 zelo
3078 5481 3221 5539 lzesm
3269 5486 3495 5555 justitize

1868 5568 2227 5624 exaestuante,
2256 5562 2474 5630 scripta:
2506 5579 2605 5632 pro
2658 5568 2893 5635 quodam
2946 5572 3145 5629 illustri
3207 5579 3325 5641 viro
3367 5598 3496 5652 ιρο-

1867 5655 2000 5709 liato
2031 5665 2086 5708 et
2108 5654 2310 5725 injuste
2335 5666 2550 5711 vexato.

1937 5751 2032 5805 9.5.
2068 5750 2270 5805 Eodem
2296 5766 2438 5803 anno
2473 5751 2625 5813 l0L7.
2659 5754 2973 5812 Fridericns
2999 5774 3061 5815 ex
3093 5761 3294 5819 abbate
3338 5766 3497 5823 (Iasi-

1873 5844 2029 5899 uensi
2079 5854 2134 5899 et
2192 5842 2469 5900 cardinale
2523 5850 2849 5917 presbytero
2894 5850 3100 5907 invitus
3146 5864 3366 5911 creatus
3414 5868 3499 5913 est
