4040 6440
605 356 704 412 105

1572 349 1629 406 S.
1671 348 1947 404 PETBUS
1981 343 2331 403 DAMIANUS
2360 343 2416 400 S.
2463 341 2527 396 Β.
2570 342 2630 396 Ε.
2674 337 3107 397 CARDiNALIS.

3759 343 3860 400 104

597 463 838 537 pontifex
865 462 900 520 2
929 467 1175 531 Augusti,
1208 473 1270 515 ac
1293 457 1602 529 Stephanus
1633 460 1955 530 appellatur,
2002 475 2175 515 nonus
2201 460 2252 518 Α
2278 463 2332 509 et
2359 453 2616 508 Romanis
2655 452 2965 524 potentibus
2987 452 3215 522 aliquot,
3268 459 3434 507 noctu
3461 466 3585 508 cum
3628 469 3866 514 armato-

595 558 758 627 vulgo
792 557 1005 617 dicitur,
1053 553 1140 621 qui
1173 565 1358 606 revera
1391 550 1631 605 decimus
1680 552 2012 611 censendus.
2056 568 2179 608 cum

599 646 904 715 Stephanus
924 642 1196 696 Zacharize
1222 656 1504 696 successor
1531 656 1676 695 anno
1700 640 1803 694 752
1823 641 2174 708 constitutus,

598 737 725 792 licet
755 734 1009 803 pauculos
1039 732 1210 788 solum
1255 732 1372 786 dies
1422 732 1476 785 in
1528 746 1594 785 ea
1633 731 1896 800 dignitate
1937 732 2176 798 vixerit,

595 826 829 896 pontifex
859 825 1131 894 legitimus
1173 820 1380 887 fuerit,
1447 822 1516 876 ob
1568 837 1935 876 successorem
1992 823 2177 876 itidem

596 915 926 984 Stephanum
961 928 1244 982 perperam
1272 913 1522 966 omissus.
1563 912 1674 966 Sub
1697 913 1797 966 hoc
1824 912 2075 980 pontifice
2113 912 2173 966 Β.

594 1005 808 1067 Petrus,
841 1003 1144 1057 obedientite
1190 1012 1442 1071 prwcepto
1483 1011 1723 1066 coactus,
1777 1012 1834 1054 ut
1859 1000 1998 1054 infra
2042 1001 2174 1056 Acta

597 1095 817 1158 habent,
851 1094 1117 1150 Ostiensis
1144 1094 1398 1148 Ecclesia:
1424 1093 1705 1146 ordinatus
1725 1102 1808 1146 est
1829 1092 2116 1162 episcopus
2154 1111 2167 1146 :

594 1186 744 1251 cujus
775 1187 1112 1256 episcopatus
1143 1185 1266 1253 quia
1313 1182 1668 1238 cardinalium
1727 1182 1955 1244 decano.
2007 1198 2035 1236 a
2066 1197 2173 1253 quo

593 1294 837 1333 sutntnUs
862 1276 1101 1347 pontifex
1127 1288 1475 1330 consecratur
1507 1274 1666 1328 tribui
1715 1273 1869 1337 solet,
1918 1273 2060 1328 inter
2109 1271 2168 1326 S.

590 1369 657 1422 Β.
689 1371 745 1422 li).
772 1368 1068 1422 cardinales
1100 1366 1158 1419 Β.
1188 1367 1378 1421 Petrus
1405 1367 1567 1420 etiam
1599 1367 1790 1420 merito
1833 1364 2170 1432 numeratur,

587 1459 712 1513 licet
746 1459 903 1525 hujus
925 1457 1205 1528 dignitatis
1235 1457 1437 1510 mentio
1461 1471 1564 1509 non
1619 1455 1713 1509 ﬁat
1754 1456 1807 1510 in
1857 1454 1973 1523 ejus
2026 1454 2168 1522 Vita,

589 1558 682 1604 aut
707 1557 818 1603 tum
844 1548 1138 1603 viventium
1167 1545 1483 1616 pontificum
1527 1545 1799 1615 epistolis;
1857 1559 2034 1614 neque
2086 1558 2170 1600 se-

589 1654 700 1696 met
730 1641 842 1709 ipse
877 1640 938 1692 B.
973 1638 1165 1693 Petrus
1192 1638 1522 1694 cardiualem
1551 1639 1602 1691 in
1629 1637 1742 1691 suis
1770 1635 2165 1691 lucubrationi-

586 1733 688 1786 bus
711 1731 959 1801 appellet.
991 1730 1182 1784 Esstat
1206 1726 1322 1795 ejus
1342 1728 1500 1797 epist.
1535 1727 1558 1780 1
1596 1726 1688 1780 lib.
1721 1741 1757 1780 ll
1816 1726 1882 1780 ad
1941 1725 2165 1779 Venera-

2283 561 2400 600 rum
2433 545 2606 600 turbis
2646 545 2930 601 ecclesiam
2990 559 3095 598 una
3147 548 3470 614 pervadunt,
3509 556 3565 602 et
3600 547 3863 608 Joannem

2282 634 2697 691 Veliterrensem
2725 637 3036 707 episcopum
3065 677 3079 700 ,
3134 636 3391 692 Mincium
3429 649 3617 709 postea
3671 657 3868 713 cogno-

2280 726 2567 792 minatum,
2605 743 2796 798 papam
2826 729 3181 791 constituunt,
3213 728 3488 784 Benedicti
3519 731 3866 803 illiimposito

2278 815 2521 870 nomine.
2554 815 2706 882 Quod
2737 831 2858 870 cum
2894 816 3087 870 Petrus
3111 816 3425 882 Damianus,
3451 819 3537 873 vir
3561 819 3713 875 valde
3743 824 3865 878 reli-

2279 907 2480 977 giosus,
2511 906 2531 977 (
2561 923 2720 978 quem
2744 922 2808 962 eo
2833 916 3073 977 tempore
3096 906 3402 976 Stephanus
3419 923 3556 979 papa
3579 912 3648 966 ab
3679 927 3863 970 eremo

2277 1009 2606 1065 extractum,
2639 1001 2691 1054 in
2732 1000 2964 1055 Ostiensi
3011 999 3253 1054 Ecclesia
3284 1001 3599 1070 episcopum
3643 1003 3865 1076 fecerat)

2275 1094 2651 1160 comperisset,
2681 1107 2782 1146 una
2808 1108 2929 1146 cum
2962 1093 3330 1147 cardinalibus
3375 1093 3634 1149 resistere
3680 1111 3742 1150 ac
3786 1113 3867 1152 re-

2275 1184 2512 1240 clamare
2543 1186 2726 1256 coepit,
2759 1197 2925 1256 atque
2955 1186 3445 1242 anathematizare.
3474 1185 3582 1242 Sed
3609 1188 3663 1242 lii
3690 1197 3866 1247 tamen

2275 1289 2464 1330 Omnes
2501 1286 2707 1331 terrore
2737 1276 3023 1347 compulsi,
3079 1291 3177 1345 per
3230 1277 3382 1332 varia
3433 1277 3549 1332 loca
3602 1277 3807 1348 fugere.
3844 1297 3862 1332 ι

2276 1365 2506 1437 Scripsit
2536 1367 2599 1421 Β.
2632 1367 2827 1422 Petrus
2856 1368 3014 1437 epist.
3044 1365 3098 1430 1,
3127 1365 3220 1420 lib.
3253 1381 3306 1420 v.
3337 1364 3411 1420 De
3436 1367 3567 1421 dicti
3590 1367 3868 1423 Benedicti

2273 1457 2586 1522 schismate,
2610 1461 2710 1512 sub
2734 1460 2834 1514 hac
2864 1457 3257 1527 inscriptione:
3288 1457 3492 1512 Damno
3520 1456 3593 1512 Η.
3632 1474 3868 1513 reveren-

2272 1551 2487 1604 dissimo
2515 1552 2901 1620 archiepiscopo
2932 1549 3123 1604 Petrus
3153 1559 3394 1620 peccator
3433 1551 3743 1617 monachus,
3775 1551 3869 1606 de-

2273 1644 2394 1698 bitis
2415 1645 2752 1715 subjectionis
2779 1645 3106 1715 obsequium.
3135 1642 3432 1711 Cajetanus
3477 1645 3701 1700 missam
3754 1645 3872 1716 opi-

2274 1748 2436 1793 natur
2480 1739 2710 1793 Henrico
2755 1739 3144 1808 archiepiscopo
3188 1737 3516 1805 Ravennati,
3570 1747 3625 1794 et
3666 1739 3750 1810 agi
3804 1739 3873 1796 de

582 1823 709 1878 biles
737 1825 996 1892 episcolios
1026 1821 1390 1875 Lateranensis
1419 1818 1667 1874 Ecclesia:
1711 1817 2008 1872 cardinales
2043 1834 2062 1872 :
2097 1817 2166 1872 ad

2273 1830 2524 1884 schimate
2573 1831 2792 1885 Cadaloi
2815 1805 3094 1901 antipapae.
3125 1831 3407 1902 Inscripsit
3428 1831 3663 1887 Henrico
3680 1805 3870 1903 opusc.

582 1929 742 1983 quam
769 1922 988 1967 annotat
1014 1911 1324 1980 Cajetanus,
1347 1911 1526 1981 colligi
1573 1925 1698 1964 eum
1745 1908 1910 1964 fuisse
1957 1909 2169 1979 episco-

584 2021 712 2075 pum
739 2004 1066 2058 cardinalem
1092 2003 1161 2057 ob
1195 2003 1311 2056 hzec
1361 2003 1523 2056 verba
1580 2000 1784 2055 inserta
1815 2017 1828 2053 :
1864 2019 1882 2052 ‹
1918 1999 2027 2054 Nos
2063 2000 2168 2054 ita-

582 2109 710 2163 que,
746 2094 942 2148 fratres
967 2095 1094 2157 mei,
1123 2100 1184 2147 ut
1223 2100 1275 2146 et
1307 2106 1390 2145 me
1439 2091 1592 2145 vobis
1637 2090 1901 2145 audenter
1946 2089 2172 2144 interse-

582 2201 718 2249 ram,
751 2200 867 2250 nos,
902 2185 1146 2254 inquam,
1174 2183 1264 2252 qui
1297 2191 1552 2251 tanquam
1583 2190 1789 2251 septem
1814 2196 2000 2235 sumus
2027 2179 2168 2235 oculi

583 2292 747 2346 super
769 2277 997 2346 lapidein
1026 2290 1214 2339 unum,
1251 2272 1343 2344 qui
1406 2272 1680 2327 stellarum
1722 2280 1998 2341 portamus
2035 2269 2170 2324 ima-

584 2367 786 2438 ginem,
820 2367 910 2436 qui
942 2366 1258 2436 angelorum
1285 2374 1534 2417 tenemus
1587 2377 1685 2431 per
1737 2359 2168 2415 annuntialionis

584 2457 815 2512 oilicium
843 2457 1160 2526 dignitatem
1173 2495 1186 2518 ,
1205 2453 1503 2516 videamus,
1519 2451 1919 2521 splendeamus,
1937 2458 1991 2504 et
2003 2449 2168 2502 verba

580 2548 706 2601 vita:
731 2546 962 2616 populis,
1012 2560 1116 2598 non
1158 2544 1334 2599 solum
1389 2542 1633 2606 vocibus,
1686 2542 1780 2596 sed
1823 2551 1878 2596 et
1927 2538 2170 2594 moribus

580 2638 909 2693 muniemus.
957 2655 973 2686 ι
1003 2633 1128 2688 Haec
1157 2633 1247 2689 ibi.
1282 2631 1528 2687 Clariora
1564 2631 1758 2685 indicia
1796 2646 1862 2684 ex
1891 2631 2008 2700 ejus
2030 2641 2164 2696 ope-

581 2731 733 2784 ribus
763 2745 882 2783 mox
925 2728 1190 2781 dabimus.
1240 2724 1565 2778 Bertlioldus
1604 2722 2054 2787 Constantiensis,
2096 2719 2165 2774 ab

579 2819 774 2887 Ottone
806 2819 1056 2887 episcopo
1083 2816 1340 2875 Ostiensi,
1369 2815 1490 2868 dein
1520 2813 1740 2870 Urbano
1769 2813 1808 2866 ll
1840 2829 1997 2883 papa,
2020 2827 2162 2866 anno

581 2883 1122 2968 1084,3co-nsecr-atus
1151 2905 1455 2973 presbyter,
1507 2902 1738 2972 appellat
1791 2902 2008 2954 Petrum
2057 2901 2165 2954 Da-

575 2997 737 3050 miani
763 2996 864 3065 pia!
889 2995 1151 3048 memoria:
1179 2992 1499 3047 cardiualem
1527 2993 1822 3062 episcopum
1879 2992 1930 3044 in
1953 2991 2165 3061 Appen-

575 3089 693 3143 dice
741 3087 992 3141 Cltronici
1046 3085 1340 3139 llermanni
1377 3084 1677 3147 Contracti,
1736 3085 1804 3138 ad
1849 3099 1938 3137 an.
2001 3083 2157 3147 1100,

573 3181 821 3233 deducta.
856 3178 1035 3232 Secuti
1067 3187 1258 3230 auctor
1301 3173 1440 3229 Vitze
1489 3174 1546 3229 S.
1595 3174 1816 3228 Joannis
1865 3172 2162 3228 Laudensis
2190 3152 2234 3213 (ἶ

573 3270 692 3336 ejus
722 3270 994 3338 discipuli,
1020 3268 1348 3321 Franciscus
1387 3266 1703 3332 Pelrarchu,
1757 3265 1992 3321 Joannes
2047 3264 2163 3318 Tri-

572 3360 867 3423 tlicmiuus,
893 3359 1144 3430 Aloysius
1171 3359 1516 3428 Lipomantts,
1545 3359 1761 3427 aliique.
1790 3359 1860 3412 At
1902 3358 2156 3412 cardina-

571 3447 637 3503 lis
658 3450 919 3503 Barouius
945 3452 1009 3502 ad
1035 3464 1204 3502 annos
1237 3447 1367 3502 1057
1396 3463 1535 3502 anno
1562 3448 1649 3511 l9,
1682 3447 1922 3516 pluribus
1941 3447 2162 3517 exponit

569 3539 827 3595 Ecclesiae
859 3540 1112 3596 Romanu:
1145 3540 1372 3593 formam
1399 3538 1538 3592 illius
1562 3540 1840 3609 temporis,
1864 3539 2160 3594 secundum

570 3653 729 3706 quam
745 3637 973 3706 primum
988 3636 1343 3692 cardinalium
1359 3635 1733 3704 episcoporum
1747 3636 1934 3689 statuit
1949 3634 2160 3690 Ostien-

570 3739 806 3784 sem:et
856 3729 1189 3798 Augustinus
1238 3727 1529 3781 Fortunius
1583 3727 1634 3780 iu
1683 3727 1806 3780 Vita
1838 3742 1867 3780 a
1899 3725 2160 3794 Cajetano

568 3824 712 3877 edita
745 3821 819 3875 ait
851 3839 863 3874 ι
896 3841 913 3872 ‹
952 3819 1286 3888 Stephanum
1320 3828 1468 3888 pont.
1523 3834 1669 3872 max.
1728 3817 2031 3874 Ostiensem
2085 3819 2159 3874 illi

568 3912 907 3983 copulavisse
953 3910 1247 3964 Ecclesium
1277 3949 1323 3974 ,.
1349 3909 1598 3977 sacrique
1645 3907 1854 3977 collegii
1894 3910 2157 3963 decanum

568 4003 764 4058 fecisse
795 4019 937 4057 anno
970 4002 1106 4057 l058
1134 4001 1286 4054 initio
1310 4000 1766 4070 Quadragcsimze,
1793 4016 1978 4056 mense
2017 4000 2157 4054 Mar-

568 4095 666 4158 tio,
700 4093 936 4148 Sabbato
961 4101 1192 4161 quatuor
1224 4101 1548 4159 temporum.
1579 4109 1597 4140 ›
1643 4090 1933 4144 Ciaconius
1965 4106 2029 4144 eo
2069 4091 2156 4145 die

568 4184 768 4238 asserit
797 4184 1024 4252 primam
1069 4181 1428 4234 cardinalium
1482 4181 1816 4234 creationem
1866 4181 2158 4251 contigisse

566 4273 669 4327 sub
697 4270 991 4341 Stephano,
1018 4279 1070 4324 et
1096 4286 1217 4324 cum
1250 4269 1307 4322 Β.
1360 4269 1522 4323 Petro
1577 4268 1839 4324 Damiano
1886 4285 1983 4325 sex
2026 4270 2159 4324 alios

565 4365 738 4421 factos
768 4363 1090 4419 cardinales.
1129 4362 1184 4417 lu
1218 4379 1379 4432 supra
1411 4374 1709 4417 memorato
1736 4363 1892 4418 Brevi
1937 4364 2087 4419 Pauli
2115 4365 2158 4419 V

567 4460 634 4512 ad
664 4457 979 4526 Cajetanum
1011 4456 1072 4511 S.
1097 4455 1158 4508 Β.
1197 4456 1260 4509 Ε.
1283 4451 1574 4509 cardinalis
1603 4458 1871 4525 episcopus
1897 4456 2152 4512 Ostiensis

565 4547 884 4618 appellatur.
916 4547 1261 4615 «.Stepbanus
1292 4565 1309 4597 ι
1348 4561 1476 4613 ergo
1515 4563 1533 4597 ι
1563 4545 1728 4614 Papa,
1758 4566 1774 4596 ι
1830 4555 1890 4600 ut
1935 4547 1988 4599 in
2036 4547 2149 4614 ejus

564 4639 686 4692 Vita
718 4655 838 4693 cum
870 4639 1124 4694 Conciliis
1155 4637 1298 4691 edita
1342 4638 1560 4707 legitur,
1603 4655 1620 4687 ι
1666 4638 1864 4692 habitis
1907 4639 1960 4691 in
2017 4641 2151 4695 urbe

565 4728 811 4799 plurimis
842 4728 1088 4782 conciliis
1119 4738 1309 4782 contra
1334 4728 1773 4794 concubinatum,
1802 4729 2013 4797 aliaque
2035 4731 2154 4799 plu-

568 4819 706 4872 rima
738 4819 869 4872 vitia
891 4819 1045 4882 cleri,
1078 4833 1256 4874 mores
1279 4818 1535 4873 Ecclesiae
1561 4818 1898 4873 reformavit.
1932 4819 2150 4875 Petrum

565 4917 813 4972 Datniaui
841 4915 909 4970 ab
961 4931 1145 4970 eremo
1190 4916 1520 4970 abstractum
1585 4917 1790 4970 creavit
1839 4918 2152 4988 episcopum

561 5008 891 5064 cardiualem
907 5004 1212 5062 Ostiensem
1347 5007 1425 5061 Ad
1450 5009 1786 5062 invisentlum
1811 5009 1867 5063 S.
1889 5007 2150 5063 Joannem

562 5097 914 5154 Gualbertum
954 5096 1094 5150 fama
1127 5096 1434 5150 sanctitatis
1476 5097 1888 5151 celeberrimum
1928 5097 2153 5151 Floren-

565 5191 695 5243 tiam
737 5188 1029 5259 profectus,
1066 5187 1254 5241 incidit
1284 5187 1336 5241 in
1367 5188 1636 5250 morbum,
1669 5198 1721 5242 et
1754 5189 1938 5258 paucis
1962 5190 2150 5244 diebus

562 5288 846 5349 postquam
870 5285 1206 5347 argrotasset,
1235 5277 1367 5330 obiit
1392 5276 1424 5329 ι
1448 5275 1719 5331 Kalendas
1766 5278 1964 5348 Aprilis
2010 5294 2152 5334 anno

564 5367 719 5423 1058.
757 5389 773 5419 ι

630 5463 720 5518 ‘26.
747 5463 901 5530 Quod
927 5478 1048 5518 mox
1070 5462 1314 5518 obortum
1338 5473 1418 5519 est
1441 5463 1698 5528 schisma,
1726 5463 1797 5516 ita
1817 5461 1925 5517 Leo
1943 5462 2152 5518 Ostien-

564 5555 638 5609 sis
671 5555 708 5608 l.
744 5570 802 5618 tt,
835 5569 954 5624 cap.
1011 5553 1115 5607 102
1146 5593 1161 5618 ,
1211 5554 1466 5609 describit
1498 5572 1510 5608 :
1540 5573 1558 5606 ‹
1598 5555 1805 5609 lnterca
1863 5553 2152 5623 Gregorius

565 5642 944 5700 Laterauensis
965 5655 1020 5699 et
1048 5643 1465 5699 Tusculauensis
1501 5660 1704 5708 comes,
1741 5655 2018 5715 comperto
2048 5646 2152 5699 Bo-

567 5735 714 5788 tnani
755 5736 1022 5804 pontificis
1048 5735 1221 5803 obitu,
1249 5735 1455 5792 sociato
1483 5736 1581 5790 sibi
1607 5735 1835 5791 Girardo
1859 5736 2150 5794 Galercuse

2182 4499 2231 4557 Ι)

2271 1936 2321 1974 Vl
2341 1930 2528 1976 contra
2552 1922 2908 1984 Simouiacos,
2937 1938 3059 1976 cum
3088 1922 3285 1975 nouiter
3310 1923 3662 1977 sacerdotium
3691 1939 3871 1978 susce-

2269 2011 2429 2080 pisset
2458 2025 2600 2065 anno
2628 2012 2785 2065 1051.
2827 2010 2934 2066 Sed
2982 2012 3036 2066 in
3086 2011 3417 2080 Appendice,
3465 2027 3560 2068 seu
3604 2028 3727 2082 cap.
3777 2012 3870 2078 '59,

2270 2101 2415 2156 dolet
2444 2102 2495 2156 id
2523 2117 2552 2156 a
2582 2112 2640 2158 se
2667 2101 2889 2166 factum,
2923 2118 3043 2157 cum
3077 2121 3096 2153 ε
3136 2117 3204 2156 ne
3230 2111 3448 2159 tenuem
3471 2105 3693 2174 quidem
3719 2106 3869 2160 scin-

2271 2190 2437 2244 tillam
2470 2191 2756 2247 solutionis
2780 2193 3068 2261 exculpere
3093 2195 3289 2264 potuit.
3338 2215 3359 2248 »
3423 2195 3577 2251 Unde
3625 2212 3732 2252 non
3791 2196 3872 2252 vi-

2269 2279 2427 2334 detur
2453 2281 2501 2334 ei
2533 2284 2874 2351 postmodum
2907 2282 3128 2349 favisse,
3167 2295 3262 2340 aut
3287 2287 3584 2341 amicitiam
3635 2303 3861 2346 conser-

2269 2386 2441 2427 vasse.
2480 2374 2550 2426 At
2571 2375 2639 2428 de
2665 2375 2962 2429 schismate
2987 2376 3290 2442 Benedi~ti,
3319 2394 3424 2432 non
3475 2378 3721 2446 Cadaloi,
3782 2374 3872 2454 agi

2271 2463 2415 2518 clare
2432 2464 2629 2519 indicat
2648 2466 2731 2520 liis
2747 2465 2956 2520 verbis:
2983 2484 3001 2516 ‹
3025 2466 3140 2521 Huc
3153 2470 3381 2534 accedit,
3401 2471 3595 2540 utquia
3614 2472 3718 2542 piae
3752 2487 3872 2527 me-

2274 2557 2462 2612 moriae
2493 2557 2803 2628 Stephanus
2829 2574 2991 2628 papa,
3020 2561 3365 2630 congregatis
3395 2562 3535 2616 intra
3565 2562 3872 2620 Ecclesium

2267 2646 2551 2716 episcopis,
2568 2647 2882 2717 civibusque
2910 2647 3187 2713 Romanis,
3217 2650 3388 2716 clero,
3417 2662 3471 2706 et
3507 2653 3728 2723 p0pulo,
3765 2655 3873 2712 hoc

2267 2735 2365 2791 sub
2378 2737 2603 2792 districti
2621 2739 3554 2799 anathematisexcommunicatione
3579 2753 3870 2814 statuerat,

2265 2834 2343 2887 ut,
2377 2826 2420 2878 si
2451 2841 2572 2879 eum
2603 2828 2666 2880 de
2695 2828 2799 2881 hoc
2827 2829 3026 2882 mundo
3057 2829 3291 2899 migrare
3320 2833 3677 2904 contingeret,
3709 2845 3871 2890 antc-

2267 2931 2426 2987 quam
2460 2917 2858 2974 liildebrandus
2891 2920 3149 2977 Ecclesiae
3185 2922 3444 2980 Romana:
3474 2927 3866 2992 subdiaconus,

2267 3006 2358 3076 qui
2399 3023 2520 3060 cum
2569 3010 2842 3063 communi
2875 3011 3117 3066 omnium
3148 3015 3374 3069 consilio
3405 3017 3744 3083 mittebatur,
3796 3019 3872 3074 ab

2269 3095 2612 3166 imperatrice
2645 3099 2887 3165 rediret,
2932 3115 3126 3169 papam
3182 3101 3362 3158 nullus
3416 3104 3660 3175 eligeret,
3707 3108 3872 3163 sedes

2267 3188 2560 3256 apostolica
2592 3203 2764 3257 usque
2794 3189 2859 3242 ad
2885 3189 3027 3245 illius
3057 3191 3289 3245 reditum
3325 3194 3528 3247 intacta
3560 3206 3799 3249 vacaret.
3841 3215 3862 3248 ι

2262 3277 2394 3332 Cum
2422 3294 2551 3348 ergo
2579 3279 3001 3344 Hildebrandns,
3054 3282 3144 3350 qui
3174 3292 3361 3352 postea
3413 3283 3516 3338 fuit
3561 3300 3700 3355 papa
3731 3285 3871 3342 Gre-

2261 3367 2445 3437 gorius
2477 3366 2588 3433 νη,
2619 3383 2687 3422 ex
2719 3367 3009 3423 Germania
3044 3384 3104 3424 se
3153 3372 3443 3434 retulisset,
3479 3373 3651 3430 Senas
3679 3376 3746 3429 ad
3807 3390 3873 3433 se

2262 3457 2585 3521 cardinales,
2627 3469 2681 3513 et
2704 3459 2913 3515 nobiles
2945 3461 3218 3517 Romanos
3251 3467 3592 3530 convocavit,
3626 3481 3871 3536 quorum

2261 3547 2531 3619 suﬂragiis
2565 3549 2840 3605 Gerardus
2891 3552 3174 3621 episcopus
3204 3555 3550 3612 Florentinus
3577 3562 3873 3614 renuntia-

2261 3647 2349 3692 tus
2375 3648 2455 3693 est
2478 3639 2720 3708 pontifex
2758 3640 3052 3706 Romanus,
3087 3660 3150 3699 ac
3179 3645 3431 3702 Nicolaus
3474 3649 3515 3702 ll
3540 3651 3868 3718 appellatus.

2261 3727 2393 3782 Cum
2446 3729 2660 3783 interim
2714 3731 3041 3787 Benedictus
3077 3743 3395 3804 occupatam
3447 3737 3630 3794 sedem
3666 3740 3875 3796 Bema-

2260 3824 2384 3870 nam
2424 3819 2601 3873 adhuc
2631 3819 2680 3873 vi
2717 3821 2983 3875 detineret
3031 3863 3046 3884 ,
3095 3824 3297 3878 dictam
3326 3828 3613 3896 epistolam
3643 3832 3875 3900 scripsit

2259 3904 2470 3969 Petrus,
2514 3908 2564 3960 in
2592 3923 2696 3976 qua
2748 3909 3142 3964 cardinalitiam
3189 3928 3337 3967 suam
3363 3916 3680 3986 dignitatem
3716 3919 3872 3977 clare

2259 3996 2502 4052 indicat:
2541 4018 2558 4049 ‹
2594 3999 2726 4053 Illud
2761 4009 2964 4066 autem,
3000 4003 3194 4072 inquit,
3242 4006 3385 4074 quod
3441 4009 3494 4061 in
3532 4010 3682 4064 calce
3723 4013 3869 4067 sub-

2252 4087 2460 4157 jecistis
2497 4091 2754 4158 epistolae.
2805 4102 2864 4146 ut
2890 4093 3043 4149 vobis
3078 4097 3390 4162 scriberem,
3440 4100 3569 4168 quid
3605 4102 3736 4156 mihi
3795 4104 3871 4161 de

2260 4191 2346 4242 eo,
2378 4179 2468 4246 qui
2503 4180 2554 4232 in
2589 4182 2885 4248 apostolica
2917 4183 3046 4238 sede
3077 4201 3220 4239 nunc
3246 4188 3516 4256 prmsidet,
3541 4189 3624 4244 vel
3649 4207 3716 4246 eo
3767 4194 3869 4262 qui

2259 4267 2494 4336 ejusdem
2527 4272 2671 4324 sedis
2711 4272 2913 4327 electus
2938 4285 3042 4339 est,
3073 4277 3370 4342 videretur,
3423 4295 3735 4352 quanquam
3764 4300 3870 4354 per

2261 4359 2549 4413 nonnullos
2582 4360 2836 4414 Ecclesia:
2868 4373 3061 4416 vestra:
3105 4364 3374 4435 filiosjam
3413 4371 3726 4438 potuissetis
3757 4388 3865 4429 au-

2261 4448 2394 4513 dire,
2453 4465 2572 4517 quae
2603 4451 2884 4506 sitnostra
2945 4469 3108 4522 super
3151 4457 3380 4510 duorum
3434 4459 3718 4515 hominum
3774 4463 3866 4518 di-

2257 4541 2512 4595 versitate
2548 4543 2857 4607 sententia;
2893 4552 3072 4597 tamen
3095 4585 3108 4608 ,
3166 4547 3289 4614 quia
3320 4548 3640 4616 praecipitis,
3691 4554 3866 4610 etiam

2254 4632 2496 4701 apicibus
2522 4643 2865 4688 annotamus.
2899 4634 2992 4688 llle
3031 4636 3285 4690 nimirum
3310 4639 3515 4709 absque
3541 4641 3650 4694 ulla
3691 4659 3868 4700 excu-

2255 4725 2467 4780 satione
2500 4725 2840 4780 Sitnoniacus
2867 4737 2972 4789 est,
2999 4728 3124 4796 quia
3154 4730 3311 4784 nobis
3331 4733 3584 4788 omnibus
3608 4735 3868 4802 ejusdem

2256 4815 2405 4870 urbis
2431 4817 2793 4871 cardinalibus
2816 4818 3082 4887 epist-opis
3115 4819 3562 4889 reclamantibus,
3589 4825 3868 4883 obsisten—

2258 4905 2418 4968 tibus,
2474 4917 2528 4960 et
2578 4907 2893 4962 terribiliter
2933 4911 3544 4978 anathetnatizantibus,
3587 4925 3868 4973 nocturno

2255 5007 2516 5068 tempore,
2550 5016 2670 5054 cum
2698 5009 3029 5056 armatorum
3063 5004 3236 5058 turbis
3267 5005 3503 5075 undique
3526 5008 3868 5066 tumultuan-

2258 5090 2423 5157 tibus,
2462 5100 2517 5145 et
2545 5090 2872 5156 furentibus,
2903 5093 3304 5150 intbronizatus
3335 5108 3437 5152 est.
3479 5117 3498 5148 ι
3525 5099 3677 5165 Quae,
3724 5103 3866 5158 reli-

2257 5185 2378 5254 quis
2433 5187 2672 5251 omissis,
2707 5187 2949 5241 indicant
3003 5187 3071 5241 de
3112 5199 3239 5244 ante
3275 5189 3512 5246 indicato
3556 5193 3869 5252 schismate

2259 5283 2364 5351 agi.
3769 5288 3788 5304 ‘

2325 5373 2415 5427 27.
2448 5373 2580 5429 Cum
2631 5373 2956 5429 Benedictus
2983 5376 3327 5446 pseudopapa
3359 5385 3415 5431 et
3463 5378 3870 5438 schismaticus

2261 5465 2314 5519 in
2345 5466 2573 5520 concilio
2609 5464 2831 5519 Sutrino
2858 5465 3271 5531 condemnatus,
3308 5468 3566 5536 omnique
3597 5473 3870 5527 sacerdoo

2261 5556 2352 5610 tali
2382 5556 2557 5610 oilicio
2586 5556 2828 5626 privatus
2852 5564 3016 5619 esset,
3055 5563 3110 5610 et
3139 5554 3388 5611 Nicolaus
3417 5573 3445 5609 a
3476 5557 3647 5624 clero,
3679 5574 3871 5629 popu-

2259 5650 2421 5720 loque
2445 5650 2690 5705 Romano
2720 5650 2880 5718 digno
2912 5649 3118 5704 honore
3168 5660 3468 5722 susceptus,
3525 5661 3579 5706 et
3606 5653 3867 5722 pontifex

2259 5739 2484 5796 solemni
2536 5741 2885 5797 coronatiouc
2921 5748 3106 5796 mense
3133 5739 3251 5796 Jan.
3303 5743 3427 5798 anni
3461 5742 3597 5800 1059
3619 5743 3868 5814 inaugu-
