4040 6442
249 486 336 545 {05
691 469 1232 533 PROLEGOMENA.
1277 501 1346 512 -—
1383 471 1475 526 DE
1516 469 1574 524 S.
1616 461 1824 519 PETRI
1867 457 2183 515 DAMIANO
2248 453 2667 512 llENSCHENII
2705 449 3070 512 COMMENT.
3440 453 3544 510 106

241 611 405 661 ratus;
455 609 582 650 mox
637 592 828 648 eodem
853 604 946 658 an.
993 587 1241 643 habitum
1288 585 1480 640 Romae
1533 579 1826 638 concilium
1856 580 1905 641 Α
1937 589 2058 629 rum
2083 572 2622 645 igituraliornmque
2653 570 2877 627 Patrum
2908 567 3236 625 auctoritate
3274 569 3547 639 suﬂ’ultus,

240 701 435 749 centum
465 695 522 741 et
555 683 808 740 tredecim
847 682 1264 752 episcogtorum,
1314 679 1367 732 iu
1395 691 1504 747 quo
1548 675 1820 743 Berenga-
1931 667 2272 738 episcopatui
2299 665 2489 731 simul,
2542 675 2597 720 et
2637 663 2993 720 monasteriis
3043 663 3096 717 iu
3139 662 3349 718 sanctis
3375 665 3549 720 mani-

240 785 336 840 rius
362 778 613 836 haeresim
661 773 950 844 alijuravit,
983 771 1302 828 constitutio
1327 770 1393 825 de
1418 768 1685 824 electione
1708 764 1820 818 llo-
1928 759 2031 815 bus
2082 759 2286 814 vestris
2340 756 2822 813 irretraetabiliter
2866 755 3220 818 abi-enuntio,
3277 770 3556 828 omneque

241 875 367 932 inani
394 869 669 942 pontiﬁcis
712 867 889 926 edita.
918 875 972 921 et
1019 865 1299 920 decretum
1329 870 1519 917 contra
1553 855 1825 915 Sintonia-
1921 848 2013 918 ius
2051 863 2081 902 a
2115 863 2202 902 me
2231 847 2513 942 movendae
2553 846 2914 942 bnpostcrum
2959 845 3279 927 quaestionis
3302 862 3368 902 ac
3396 861 3555 918 repe-

234 980 318 1022 cos
346 937 569 1020 factum.
619 956 774 1026 cujus
819 953 1070 1012 meminit
1114 953 1175 1008 Β.
1213 953 1408 1009 Petrus
1456 965 1647 1022 Opuro'.
1689 963 1824 1012 xxx,
1931 939 2141 995 titionis
2199 937 2483 994 abscinde.
2553 937 2619 992 Et
2650 938 2776 1007 quia
2816 951 2916 1008 pro
2968 937 3275 992 innumeris
3315 939 3558 1006 peccatis

234 1073 346 1126 cap.
380 1053 423 1106 l.
463 1050 570 1117 Qui
611 1050 734 1104 dein
762 1048 828 1102 ad
861 1045 1315 1108 Mcdiolanenses,
1349 1059 1380 1098 a
1414 1041 1639 1097 Nicolao
1689 1053 1828 1111 papa

1969 1030 2070 1085 teis
2105 1045 2217 1085 non
2249 1045 2371 1085 sum
2400 1029 2600 1100 dignus
2633 1029 2687 1083 in
2739 1027 3118 1084 ecclesiastica
3147 1028 3410 1099 dignitate
3433 1044 3560 1101 per—

233 1121 439 1204 missus,
473 1139 776 1196 Ecclesiam
805 1137 953 1193 illam
978 1152 1008 1191 a
1034 1136 1156 1192 labe
1181 1135 1378 1205 duplici
1407 1133 1680 1195 liberavit,
1707 1145 1830 1202 qua:
1933 1124 2128 1179 sistere
2152 1163 2168 1189 ,
2209 1123 2303 1179 det
2352 1121 2487 1177 mihi
2533 1122 2718 1178 divina
2758 1121 3137 1177 misericordia
3195 1135 3295 1191 per
3326 1132 3561 1199 sanctas

232 1242 282 1293 in
312 1234 426 1289 Viia
450 1248 502 1287 c.
533 1230 564 1284 ἶ
589 1231 920 1293 referuntur,
943 1245 1176 1300 quorum
1201 1228 1569 1284 meminerunt
1597 1226 1831 1282 Alexzm-
1932 1217 2215 1273 οΐδιῖυιιθε
2247 1227 2482 1280 νοδῑτέιεν
2532 1214 2866 1271 Venerabilis
2913 1213 3078 1270 Ρειῑθτ
3102 1255 3118 1280 ν
3163 1229 3230 1270 00
3265 1215 3382 1284 ipso
3431 1215 3562 1271 νῖιω

227 1325 306 1381 dri
342 1322 403 1387 ll,
441 1323 535 1392 qui
593 1321 814 1377 Nicolao
853 1329 1223 1384 successerat,
1274 1317 1436 1388 legati
1470 1319 1523 1372 in
1558 1315 1829 1372 constitu-
1935 1311 2082 1381 quod
2132 1319 2324 1373 restat,
2387 1311 2442 1364 in
2470 1309 2632 1365 luctu'
2667 1317 2726 1364 et
2759 1307 3082 1380 poenitentia
3130 1322 3561 1377 permanerem.

230 1417 461 1475 tionibus
527 1431 620 1469 an.
676 1415 812 1468 1067
875 1412 1024 1468 clero
1078 1411 1388 1483 pepuloque
1437 1408 1832 1466 Mediolattensi
1937 1402 2297 1473 Omnipotens
2329 1401 2497 1464 Deus,
2545 1400 2642 1471 qui
2691 1398 3238 1470 incomprehensibili
3270 1400 3560 1470 dispensa-

223 1504 575 1577 prazjscriptis.
613 1503 706 1559 ubi
735 1505 854 1559 haec
881 1503 1178 1572 prudenter
1205 1501 1409 1556 inserta
1433 1509 1605 1557 sunt:
1639 1519 1659 1550 ι
1693 1498 1833 1567 Quia
1939 1495 2104 1551 tionis
2150 1509 2263 1550 suae
2315 1493 2571 1558 consilio,
2629 1502 2685 1547 et
2713 1509 2802 1548 me
2839 1491 2908 1547 ab
2955 1491 3236 1547 obtinendi
3282 1491 3564 1562 regiminis

227 1601 407 1668 itaque
464 1611 568 1665 per
605 1593 940 1650 couiratrem
977 1602 1226 1647 nostrum
1280 1591 1560 1646 dominum
1611 1589 1836 1644 Petrum
1939 1586 2240 1642 ambitione
2266 1585 2507 1655 dejccit,
2561 1593 2618 1640 et
2650 1599 2748 1640 vos
2792 1584 2860 1637 ad
2891 1583 3253 1639 ecclesiastici
3307 1583 3566 1640 culminis

224 1689 534 1744 Ostiensem
561 1685 902 1755 episcopum,
945 1681 1262 1739 reverenda:
1291 1681 1604 1737 sanctitatis
1635 1682 1832 1743 virum,
1947 1693 2158 1733 summa
2188 1678 2459 1748 provexit,
2511 1684 2707 1732 sancto
2747 1675 2898 1730 cordi
2929 1686 3135 1743 vestro,
3177 1673 3334 1744 cujus
3362 1687 3449 1732 est
3479 1678 3568 1732 in-

221 1780 469 1850 qua-dam
514 1786 645 1831 sunt
679 1775 807 1829 ulitn
841 1776 893 1830 itt
936 1775 1041 1829 hac
1073 1775 1206 1829 urbe
1250 1784 1522 1839 correcta,
1557 1789 1664 1828 non
1701 1788 1839 1843 opus
1944 1769 2242 1832 habitator,
2305 1768 2540 1840 inspiret
2593 1766 2719 1821 talia
2782 1767 2918 1820 mihi
2969 1782 3068 1836 per
3116 1783 3305 1822 sacras
3353 1767 3566 1825 litteras

221 1881 301 1926 est
354 1884 442 1934 ea,
495 1866 580 1921 vel
613 1865 918 1936 praiteritas
949 1864 1072 1920 lites
1123 1865 1380 1920 omnibus
1435 1875 1618 1928 notas,
1673 1863 1840 1934 repli-
1946 1863 2204 1916 mandata
2238 1861 2480 1934 dirigere
2527 1877 2650 1932 qua:
2685 1858 2823 1916 meis
2868 1859 3011 1915 votis
3043 1859 3291 1915 meisauc
3346 1858 3572 1916 valeant

216 1979 363 2017 earc.
407 1981 428 2015 ι
489 1958 625 2026 Qua:
673 1957 871 2029 legitur
894 1956 990 2011 lib.
1017 1972 1116 2019 vn,
1142 1955 1306 2025 epist.
1351 1955 1408 2018 9.
1444 1971 1568 2010 eam
1620 1954 1843 2024 scripsit
1873 1951 1916 2010 Β
1947 1955 2234 2011 desideriis
2260 1954 2618 2011 concordare.
2659 1972 2678 2007 ι

217 2059 276 2113 Β.
309 2057 510 2111 Petrus
537 2053 761 2107 nomine
814 2051 1019 2106 Nicolai
1049 2066 1199 2121 papae
1247 2050 1314 2104 ad
1362 2051 1576 2104 Annam
1606 2048 1842 2104 Jaroslai
2017 2048 2112 2102 29.
2143 2046 2270 2103 llaec
2309 2047 2422 2118 egit
2449 2046 2509 2100 Β.
2554 2045 2747 2102 Petrus
2785 2060 2886 2118 pro
2916 2044 3264 2102 abdicatione
3295 2046 3574 2117 episcopa-

216 2151 531 2206 llussorutn
567 2146 710 2218 regis
743 2145 932 2208 tiliam,
967 2145 1211 2216 reginam
1249 2142 1438 2199 Gallia:
1489 2153 1653 2214 atque
1692 2141 1840 2196 llcn-
1949 2150 2057 2205 tus,
2109 2155 2211 2195 nec
2241 2148 2424 2194 tamen
2458 2139 2572 2194 voti
2626 2139 2711 2194 sui
2737 2154 2964 2208 compos
3005 2138 3185 2194 factus
3213 2147 3339 2202 est,
3384 2138 3572 2195 forsan

220 2244 314 2299 rici
349 2241 524 2312 primi
562 2254 825 2304 uxorem,
864 2237 1021 2308 cujus
1061 2237 1330 2307 pietatem
1363 2245 1419 2291 et
1467 2237 1520 2290 in
1573 2252 1842 2307 pauperes
1947 2235 2018 2289 ob
2063 2232 2270 2288 Nieolai
2319 2233 2595 2304 pontilicis
2633 2242 2892 2289 mortem.
2938 2231 3088 2289 Obiit
3145 2233 3193 2288 is
3247 2235 3350 2289 sub
3407 2234 3573 2291 finem

212 2335 651 2393 bcneliceutiam
705 2332 892 2386 laudat
921 2345 986 2386 ac
1017 2331 1236 2393 suadet,
1268 2339 1329 2383 ut
1351 2329 1532 2384 virum
1564 2345 1722 2383 suum
1756 2341 1844 2382 re-
1946 2327 2072 2383 Julii
2124 2345 2216 2383 an.
2276 2329 2437 2394 1061,
2492 2329 2579 2384 cui
2626 2338 2750 2398 post
2797 2328 2934 2383 duos
2980 2343 3201 2383 menses
3276 2328 3577 2400 interregni

211 2444 333 2498 gem
385 2425 456 2479 ad
490 2421 890 2494 rempublicam
921 2421 1072 2491 juste
1103 2419 1618 2480 administrandam.
1654 2418 1848 2474 Ecclc-
1949 2423 2216 2477 successit
2245 2422 2537 2477 Anselmus
2562 2421 2858 2493 episcopus
2887 2419 3177 2486 Lucensis,
3237 2436 3265 2475 a
3309 2421 3573 2477 cardina-

202 2523 346 2576 siam
369 2515 806 2588 protegendam,
832 2513 1048 2583 aliaque
1072 2513 1292 2584 pietatis
1312 2527 1478 2583 opera
1511 2511 1841 2566 inﬂammet:
1951 2512 2092 2568 libus
2126 2513 2270 2569 circa
2299 2512 2420 2568 Kal.
2463 2513 2588 2570 Oct.
2645 2513 2889 2584 legitime
2930 2513 3156 2578 electus,
3177 2521 3241 2569 'ct
3264 2515 3577 2571 Alexander

210 2600 352 2668 lilios
382 2625 621 2682 quoque
647 2623 811 2673 suos,
840 2606 1039 2678 quibus
1064 2606 1185 2677 ipsa
1229 2605 1436 2660 imbuta
1465 2615 1550 2661 est
1572 2607 1843 2671 moribus,
1950 2607 1990 2661 ιι
2020 2606 2346 2676 appellatus.
2394 2606 2599 2662 Fuerat
2635 2607 2682 2662 is
2721 2620 2909 2661 comes
2934 2606 2994 2660 Β.
3038 2606 3185 2662 Petri
3233 2607 3488 2663 ‘Datniani
3522 2609 3578 2664 in

204 2706 500 2760 instituat.
565 2699 815 2755 Mortuus
837 2707 923 2754 est
971 2696 1240 2752 Henricus
1282 2709 1376 2750 rex
1424 2711 1515 2750 an.
1566 2693 1723 2762 1060,
1759 2697 1847 2751 cui
1951 2701 2153 2756 celebri
2180 2701 2246 2756 ad
2270 2699 2707 2756 Mediolaneuses
2735 2701 3030 2772 legatione,
3089 2716 3330 2772 eumque
3373 2719 3570 2774 opusc.

207 2798 510 2867 phitippus
546 2792 761 2864 primus
801 2790 982 2847 adhuc
1033 2805 1170 2862 puer
1193 2789 1479 2845 successit.
1515 2788 1670 2856 Quod
1717 2788 1849 2845 olim
1952 2795 2098 2866 quod
2128 2795 2292 2849 Actus
2332 2793 2624 2850 Mediolani
2662 2794 2972 2866 intligitavit
2998 2834 3011 2856 ,
3053 2795 3338 2863 prudentia
3367 2813 3430 2850 ac
3461 2814 3583 2852 sau-

202 2894 349 2947 idem
383 2887 658 2962 pontifex
683 2896 904 2943 curarat
933 2885 1253 2940 recedif‘tcari
1303 2881 1460 2950 juxta
1509 2882 1850 2938 Florentium
1954 2891 2132 2944 ειῑιαιε
2159 2889 2503 2956 conspicuum
2534 2887 2700 2943 fuisse
2738 2895 2993 2943 testatur.
3027 2885 3233 2942 contra
3265 2887 3410 2943 hunc
3440 2905 3577 2959 ρο..-

205 2983 628 3040 monasterium
689 2980 747 3036 S.
799 2979 1125 3041 Felicitatis,
1183 2978 1415 3032 munivit
1464 2976 1756 3047 privilegio
1795 2990 1852 3029 tv
1957 2981 2183 3044 tineam,
2233 2995 2376 3036 novo
2418 2980 2718 3035 schismate
2757 2977 3014 3044 conﬂato,
3065 2977 3338 3035 Cadalons
3365 2982 3580 3051 ρρῑερο.

197 3078 328 3132 Iulus
354 3075 530 3139 1³η.ν
570 3074 868 3128 indictione
894 3071 981 3136 i3,
1009 3071 1301 3126 Florentia:
1330 3063 1478 3131 dato.
1524 3069 1578 3123 id
1603 3078 1686 3126 est
1708 3083 1853 3124 anno
1954 3089 2058 3144 pns
2099 3071 2414 3128 Parmensis
2457 3071 2530 3126 9.8
2576 3070 2773 3127 Octob.
2834 3071 3182 3141 psettc‘opapa
3245 3073 3584 3130 constitutus

203 3171 372 3232 5060,
391 3169 496 3238 qui
534 3179 716 3221 tamen
741 3165 927 3219 Retine
955 3163 1348 3217 numerabatur
1377 3162 1446 3216 ab
1467 3159 1798 3215 Annuntiatit

1984 3175 2062 3229 st,
2084 3174 2366 3236 assumpto
2388 3163 2614 3221 Honorii
2641 3166 2683 3221 il
2709 3168 2934 3224 nomine
2959 3185 2973 3222 :
3005 3184 3166 3238 quem
3192 3170 3334 3226 binis
3358 3172 3424 3225 ad
3452 3188 3579 3228 eum

194 3265 284 3317 nis
307 3263 494 3326 festo,
543 3267 605 3314 et
638 3256 952 3312 inscribitur
981 3255 1033 3308 iu
1064 3254 1211 3309 dicto
1242 3251 1526 3322 privilegio
1556 3250 1783 3306 an.'105

1987 3259 2176 3330 criptis
2198 3245 2397 3313 litteris
2427 3257 2491 3311 Β.
2518 3257 2716 3314 Petrus
2753 3260 2999 3326 monuit,
3052 3260 3277 3318 sceleris
3307 3264 3582 3334 magnitu-

200 3356 288 3409 cui
321 3372 463 3408 cum
518 3351 652 3406 aliis
697 3359 932 3419 quatuor
980 3346 1250 3417 episcopis
1307 3344 1606 3401 subscribit
1655 3342 1795 3398 Petri

1994 3353 2084 3408 ine
2113 3360 2240 3407 ante
2268 3351 2458 3406 oculos
2479 3352 2786 3422 proposita,
2819 3361 2874 3406 et
2904 3353 3008 3408 nisi
3036 3355 3348 3426 resipiscat,
3383 3358 3583 3412 divina:

195 3459 458 3516 perculor
489 3444 819 3509 monac/ms,
863 3441 909 3497 is
938 3450 1044 3507 cst,
1095 3440 1162 3496 de
1203 3455 1311 3510 quo
1362 3438 1598 3509 agimus,
1631 3437 1851 3492 Dantia-
1958 3444 2182 3499 ultionis
2212 3443 2577 3514 propinquum
2621 3443 2824 3499 fulmen
2855 3443 3164 3500 minitatur.
3211 3442 3350 3502 Sunt
3379 3463 3458 3504 ea:
3490 3466 3582 3521 ep.

194 3554 324 3592 ous.
982 3603 1002 3610 _
1048 3603 1088 3610 υ
1955 3539 2027 3594 20
2050 3538 2192 3593 01%|
2223 3536 2260 3591 Ι.
2296 3537 2479 3607 primi.
2513 3537 2784 3603 Quoniam
2812 3553 2944 3593 vero
2975 3548 3329 3610 cognoverat,
3357 3556 3586 3597 causam

973 3603 1006 3676 δ
1048 3603 1088 3659 v
1321 3695 1352 3701 _
1423 3693 1456 3701 __
1958 3631 2180 3689 Cadaloi
2237 3630 2306 3685 ab
2342 3629 2570 3685 asseclis
2629 3629 2848 3685 Heurici
2888 3631 3034 3701 regis
3069 3631 3420 3698 Germania,
3467 3644 3586 3690 ιυιιι

197 3701 475 3800 Scires
518 3699 1274 3800 Etifcfztz’fsxmtzifcc
1287 3693 1789 3800 ..{’.-.,.':s'::3::t..':e“:

1997 3725 2141 3779 tiilllc
2166 3722 2561 3786 adolescentis,
2614 3731 2670 3777 et
2702 3723 2934 3779 necdum
2968 3723 3021 3778 itt
3057 3724 3448 3795 imperatorem
3491 3743 3585 3784 as-

266 3785 425 3828 rlum
452 3790 475 3827 :
516 3772 648 3842 ejus
672 3771 739 3823 ad
764 3766 1006 3824 eremtmt
1026 3766 1214 3842 Fontis
1238 3767 1476 3842 Apellmti
1505 3769 1722 3842 reditus.
1758 3766 1858 3821 Le-

260 3813 425 3912 ξιίιῖἔ
452 3813 1854 3912 ὶιᾶ¹ἲῖιὲἦῑᾶὲὲὶὶζὲῖξἇὶοἷίιῖέρἷὶῥᾷῥὶὲ”(ἷὶιὶῖῖιὲ,”ἓι
1960 3815 2376 3912 ⁵¹¹φΡίῘξ¹¹ῃΡίθ
2406 3813 2644 3912 “sicut”.
2673 3815 2845 3912 fuist-
2879 3816 2950 3912 ὃς,
2985 3814 3023 3869 ἰ·
3057 3831 3154 3879 VII.
3187 3815 3306 3886 eius
3341 3818 3587 3875 animum

267 3906 612 3970 Hem-itum
647 3928 815 3982 regem
844 3913 939 3965 sub
969 3906 1277 3964 Alexandro
1317 3908 1379 3962 Η
1406 3926 1566 3980 papa.
1960 3907 2288 3980 quibusdam
2318 3907 2475 3978 quasi
2501 3906 2739 3962 stimulis
2769 3907 3049 3980 impellere
3073 3919 3308 3965 conatur
3327 3909 3395 3966 ad
3424 3926 3588 3982 opem

256 4009 361 4064 28.
394 4007 594 4070 Cum,
621 4003 845 4059 Nicolao
873 4002 913 4058 ll
944 4001 1427 4059 orbis‘llbristiani
1458 4001 1701 4057 habenas
1743 4017 1858 4057 mo-
1962 4001 2222 4058 Ecclesia!
2259 3999 2541 4056 ferendam
2563 4042 2578 4060 .
2641 4017 2771 4074 erga
2803 4019 2968 4074 quam
2998 4004 3235 4061 eximius
3281 4004 3401 4075 ejus
3436 4005 3589 4063 zelus

189 4101 462 4163 derat-te,
497 4095 764 4152 Ecclesia
803 4095 895 4150 Dei
928 4091 1119 4162 majori
1169 4091 1567 4163 tranquillitate
1594 4102 1650 4148 ct
1685 4092 1860 4149 fclici-
1959 4110 2031 4150 ac
2065 4095 2304 4150 studium
2345 4095 2567 4149 elucet:
2599 4096 2744 4164 quod
2777 4097 2966 4166 paucis
2994 4096 3148 4153 hisee
3173 4098 3355 4154 verbis
3376 4114 3444 4155 ex
3475 4100 3592 4169 epi-

184 4203 305 4247 tatc
331 4191 454 4246 frui
491 4187 796 4260 cmpisset,
829 4186 1006 4242 eidem
1033 4185 1341 4257 gratulatur
1370 4183 1433 4238 Β.
1461 4183 1658 4239 Petrus
1692 4185 1854 4255 epist.
1964 4188 2088 4258 logo
2138 4187 2415 4257 decerptis
2463 4189 2735 4244 ostendo:
2783 4211 2800 4240 ι
2833 4189 2879 4244 0
2933 4190 3166 4256 utinam,
3228 4189 3425 4262 inquit,
3484 4209 3592 4266 ego

190 4285 244 4348 Ἰ,
288 4286 394 4340 lib.
433 4299 485 4347 ι,
517 4292 705 4351 atque
730 4295 836 4334 una
862 4294 960 4349 pro
990 4277 1367 4343 Anconitanis,
1409 4278 1562 4348 quia
1587 4278 1859 4334 catholica
1965 4289 2094 4335 ante
2148 4280 2390 4335 tribunal
2442 4290 2597 4336 tuum
2645 4282 2931 4354 atljudicer
2991 4299 3118 4340 reus
3174 4286 3589 4357 perduellionis,

183 4377 630 4434 communione
652 4372 911 4428 summoti
950 4370 1188 4433 fuerant,
1219 4378 1361 4436 orat,
1404 4379 1463 4424 ιιι
1493 4369 1738 4425 infelices
1764 4370 1862 4424 bo-
1960 4375 2094 4430 dum
2125 4384 2178 4429 tu
2214 4386 2395 4430 tamen
2426 4375 2479 4430 itt
2506 4375 2856 4433 adversarios
2879 4378 3199 4448 apostolica:
3231 4381 3381 4437 sedis
3405 4382 3591 4439 vindi-

191 4475 378 4529 miues
407 4490 445 4528 a
488 4470 711 4528 mortis
746 4479 966 4524 :eterna:
997 4467 1241 4538 periculo
1285 4467 1608 4537 eripiantur.
1670 4467 1860 4521 Eidem
1965 4481 2060 4522 ccs
2081 4465 2290 4521 arbiter
2312 4467 2594 4536 :equitatis
2626 4468 2638 4522 !
2693 4467 2750 4523 ιιι
2794 4469 3031 4527 cervicis
3063 4486 3198 4527 mete
3221 4470 3474 4544 jugulum
3503 4489 3592 4530 se-

187 4561 430 4619 Nicoiao
465 4559 745 4634 pontifici
779 4557 1054 4630 inscripsit
1095 4557 1414 4628 opusculum
1448 4573 1558 4612 χιιι
1608 4557 1683 4613 De
1707 4559 1862 4614 eteli-
1967 4560 2114 4616 curis
2145 4560 2358 4614 vibrata
2384 4561 2666 4628 desaeviat,
2701 4565 3086 4620 tantummodo
3113 4563 3362 4620 Romana
3404 4565 3593 4623 Eccle-

186 4655 318 4710 batu
353 4654 778 4716 sacerdotum,
820 4651 1105 4721 ipsmnque
1133 4650 1408 4714 hortatur,
1444 4657 1523 4714 ut,
1555 4641 1860 4721 postposito
1893 4688 1942 4748 Β
1969 4651 2046 4708 sia
2078 4652 2314 4722 propriae
2361 4652 2646 4725 dignitatis
2678 4655 2891 4725 apicem
2939 4673 3036 4727 per
3081 4667 3133 4712 te
3165 4670 3422 4729 reparata
3453 4677 3591 4717 con-

181 4751 338 4804 omni
378 4749 669 4804 immane
715 4753 985 4814 respectu,
1041 4743 1305 4798 adversus
1340 4740 1670 4810 lmjusmodi,
1720 4758 1854 4813 apo-
1893 4740 1934 4748 ⁷
1968 4745 2214 4801 scemlat.
2257 4744 2430 4801 .")rro
2469 4748 2514 4803 si
2543 4746 2845 4805 Cadaloum
2875 4750 2987 4806 cito
3012 4793 3026 4816 ,
3061 4751 3212 4807 velut
3254 4752 3396 4810 alter
3443 4753 3593 4812 Con-

185 4843 390 4897 SUriico
427 4840 573 4894 zelo
607 4850 932 4898 succensus,
962 4835 1230 4906 insurgat,
1263 4850 1438 4904 neque
1466 4844 1734 4906 potentes,
1761 4837 1855 4905 qui
1965 4841 2242 4895 statttittus
2291 4839 2520 4906 Arium,
2578 4842 2819 4898 destruis
2842 4884 2855 4907 ,
2901 4853 2957 4900 ct
2987 4845 3274 4913 Ecclesia},
3331 4854 3433 4920 pro
3479 4865 3590 4921 qua

185 4934 528 4991 Ecclesium
569 4927 922 5000 turpitudine
962 4927 1339 4998 coinquincnt,
1385 4941 1720 4984 revereatur.
1749 4929 1858 4986 Sed
1964 4933 2216 4990 Christus
2261 4943 2512 4988 mortuus
2538 4945 2644 5001 est,
2687 4951 2881 5005 pacem
2915 4936 3222 4995 reformare
3265 4944 3590 5009 contendis;

190 5028 274 5082 \cl
300 5025 711 5098 potissimum
743 5021 884 5090 apml
917 5022 1060 5076 hunc
1093 5019 1406 5090 pontificem
1440 5021 1492 5076 id
1529 5023 1641 5093 egit
1666 5019 1728 5076 Β.
1757 5021 1858 5079 Pe-
1968 5019 2128 5081 faciat
2160 5035 2209 5081 te
2236 5026 2378 5082 Deus
2429 5027 2481 5081 in
2516 5028 2770 5096 proximo
2813 5029 2882 5085 de
2917 5045 3087 5101 regno
3115 5032 3404 5104 imperiale
3430 5033 3589 5092 fasti-

187 5131 330 5185 tres,
366 5128 434 5174 ut
471 5115 603 5172 sibi
665 5127 806 5168 onus
835 5111 1138 5182 episcopale
1184 5111 1457 5181 deponere
1490 5115 1856 5185 permitteret.
1969 5117 2117 5188 gium
2170 5117 2438 5172 scandere
2491 5127 2548 5173 et
2582 5134 2612 5172 a
2649 5120 2865 5176 cunctis
2899 5123 3148 5178 hostibus
3202 5125 3314 5180 tuis
3359 5127 3592 5198 insignis

188 5211 390 5266 Exstat
420 5223 502 5264 ea
532 5206 619 5262 dc
666 5220 724 5258 re
751 5203 906 5273 epist.
932 5201 985 5263 8.
1012 5201 1047 5255 l.
1087 5219 1101 5256 t
1128 5243 1143 5266 ,
1174 5202 1240 5258 ad
1266 5203 1519 5258 eumdem
1573 5204 1856 5261 Nicolaum
1968 5210 2156 5279 gloria:
2187 5209 2374 5264 titulos
2408 5223 2691 5282 reportare
2724 5227 2739 5266 :
2774 5212 3017 5284 alioquin
3047 5215 3093 5271 si
3129 5216 3308 5273 adhuc
3334 5219 3592 5275 dissimu-

187 5317 396 5373 papam
459 5308 532 5354 et
573 5294 1014 5350 Hildebrandunt
1149 5293 1211 5347 li.
1251 5293 1314 5348 Ε.
1345 5296 1704 5352 cardiualem.
1749 5299 1859 5354 Ex-
1968 5304 2071 5368 las,
2104 5304 2148 5358 si
2180 5303 2365 5357 ntumli
2411 5303 2774 5373 periclitantis
2797 5319 3070 5371 errorem,
3103 5322 3229 5362 cum
3258 5311 3438 5379 possis
3466 5311 3593 5368 δυο.

186 5407 297 5450 stat
323 5395 522 5451 etiam
577 5387 920 5459 opusculum
950 5402 1063 5450 xix,
1092 5387 1268 5443 eidem
1308 5388 1551 5457 pontiﬁci
1595 5391 1862 5458 dicatum,
1971 5395 2102 5459 lere,
2135 5395 2440 5460 detrectas;
2472 5405 2528 5450 et
2552 5396 2782 5463 reliqua.
2812 5397 3057 5454 Coltibeo
3080 5400 3339 5472 spiritum
3367 5413 3423 5458 et
3466 5421 3594 5460 con-

190 5487 266 5542 Dc
313 5483 727 5542 abdicatione
750 5480 1134 5549 episcopatus:
1189 5480 1242 5534 iu
1282 5479 1436 5550 cujus
1463 5482 1688 5555 prologo
1722 5486 1866 5540 inter
1970 5488 2268 5558 sequentia:
2301 5487 2550 5558 relinquo
2570 5487 2870 5544 lectoribus
2902 5490 3264 5548 intellectum.
3304 5513 3322 5546 ι

186 5581 331 5635 alia;
353 5590 596 5634 causas
650 5573 792 5628 hanc
821 5571 1051 5642 allegat:
1118 5590 1137 5624 ι
1171 5571 1308 5627 Cum
1333 5574 1434 5629 sub
1463 5586 1654 5632 saneto
1681 5579 1860 5647 ponti-
2041 5577 2132 5634 50.
2178 5578 2304 5634 llaec
2342 5579 2410 5634 ad
2465 5594 2648 5651 regem
2695 5580 2756 5635 B.
2824 5580 3041 5647 Petrus,
3089 5583 3250 5654 cujus
3296 5591 3381 5640 est
3422 5586 3592 5641 etiam

187 5678 361 5730 ticam
399 5679 633 5728 vestro
665 5662 906 5732 jucunda
957 5679 1091 5734 pace
1139 5665 1461 5722 universalis
1492 5667 1735 5724 Ecclesia
1768 5684 1861 5740 po—
1973 5686 2058 5741 ep.
2091 5668 2145 5735 6,
2188 5669 2224 5723 l.
2267 5684 2351 5734 ιιι,
2387 5671 2454 5726 ad
2485 5671 2545 5726 S.
2577 5671 2866 5728 Annonem
2903 5673 3384 5745 archiepiscopum
3435 5676 3598 5746 ςυιοτ

191 5767 392 5830 tiatur,
425 5762 628 5819 canis
695 5757 832 5811 meis
869 5763 924 5810 et
972 5757 1277 5828 grandmva:
1310 5756 1535 5828 jatnjam
1591 5761 1863 5817 senectuti
1975 5763 2248 5827 niensem,
2283 5779 2442 5834 quem
2499 5763 2687 5820 laudat
2730 5767 2875 5836 quod
2919 5766 3220 5822 Cadaloum
3267 5781 3604 5837 persecutus

192 5857 427 5927 requies
457 5867 594 5910 non
640 5857 892 5918 negetur.
928 5867 946 5899 ι
979 5848 1054 5903 Ac
1083 5849 1300 5904 tandem
1325 5866 1520 5922 magna
1553 5853 1717 5909 attitui
1752 5869 1868 5908 mo-
1976 5857 2068 5921 sit,
2097 5866 2152 5912 et
2183 5874 2281 5929 pro
2306 5858 2513 5913 viribus
2539 5859 2918 5916 ecclesiaStico
2969 5876 3232 5916 mucrone
3273 5860 3544 5933 jugularit
3574 5882 3589 5919 :

193 5951 378 6005 destia
411 5943 713 6003 libellum
746 5938 887 5992 hunc
909 5940 1084 6009 capite
1120 5939 1177 5994 ll
1211 5940 1294 5997 ita
1322 5945 1596 5999 concludit
1632 5964 1643 5999 :
1703 5964 1720 5998 ‹
1762 5945 1870 6000 llo-
1979 5952 2228 6008 hortatur
2258 5961 2315 6007 ut
2338 5962 2642 6009 extremam
2668 5954 2817 6025 ttpt‘ri
2843 5967 3068 6009 manum
3096 5955 3386 6026 imponat;
3425 5957 3475 6014 id
3503 5955 3594 6014 fu:

724 6033 998 6094 Parum.
1029 6031 1300 6094 CXLIV.
3021 6048 3056 6106 ti
