4040 6444
490 498 581 554 107

1365 483 1423 539 S.
1464 478 1741 538 PETRUS
1791 474 2145 534 DAMIANUS
2192 472 2249 530 S.
2293 474 2336 528 R
2376 473 2437 529 Ε.
2478 469 2917 530 CARDINALIS.

3644 467 3747 523 108

486 622 689 674 turunt,
736 607 781 662 si
819 604 934 673 eius
972 614 1132 672 opera
1162 596 1432 670 generalis
1486 594 1710 649 Patrum
1763 598 2062 647 conventus
2088 591 2136 653 Α
2165 589 2277 645 cies
2304 586 2489 654 ducas,
2540 587 2654 642 sive
2681 584 2871 658 viginti
2901 584 3221 656 quinquies,
3268 590 3486 663 centum
3516 583 3746 642 faciunt.

484 709 729 772 cogatur.
788 694 936 764 Quod
982 702 1039 747 et
1079 690 1281 745 factum
1322 696 1427 744 est.
1486 685 1620 741 Nam
1670 686 1724 740 in
1767 684 2059 739 Germania

503 792 813 849 )sboriense
855 783 1141 841 concilium
1172 782 1407 836 traditur
1430 779 1755 835 auctoritate
1791 774 1849 829 S.
1875 776 2055 829 Anno-

484 886 569 940 nis
606 888 1026 952 congregatum,
1080 874 1134 928 in
1170 888 1301 944 quo,
1338 886 1466 942 rege
1508 868 1742 924 Henrico
1771 873 2057 936 praesente,

483 972 711 1029 recitata
761 977 845 1025 est
893 964 1165 1040 synodalis
1190 962 1532 1029 disceptatio,
1578 972 1739 1028 quam
1774 956 1836 1010 Β.
1866 955 2061 1011 Petrus

483 1063 809 1127 Damianus,
875 1068 1128 1128 tauquam
1183 1055 1324 1111 inter
1376 1053 1694 1107 advocatum
1746 1048 1953 1118 regium
2004 1054 2062 1104 et

481 1154 818 1212 defensorem
852 1151 1108 1205 Romanis
1142 1135 1395 1200 Ecclesia:
1432 1140 1617 1196 habita
1660 1137 1877 1203 fuisset,
1912 1150 2063 1193 com.-

476 1249 739 1315 posuerat
769 1257 784 1293 :
816 1239 904 1293 ubi
952 1236 1195 1292 omnium
1232 1246 1505 1289 consensu
1555 1226 1888 1283 conclamata
1920 1224 2058 1279 dici-

484 1346 571 1391 tur
613 1332 888 1390 damuatio
934 1325 1407 1401 pseudopontilieis
1459 1321 1674 1379 Cadaloi
1703 1362 1718 1385 ,
1766 1317 2061 1375 Alexandri

482 1439 612 1480 vero
633 1422 825 1479 electio
852 1418 1221 1489 comprobata.
1264 1413 1498 1471 Consule
1534 1410 1824 1466 Baronium
1854 1408 1923 1463 ad
1968 1423 2059 1461 an.

485 1513 642 1578 1061,
687 1529 739 1566 n.
792 1511 855 1565 2|
882 1549 897 1574 ,
949 1509 1036 1564 ubi
1064 1508 1130 1562 27
1184 1506 1307 1562 Oct.
1348 1504 1480 1576 ipsis
1511 1501 1709 1573 vigiliis
1752 1508 2059 1555 sanctorum

481 1603 846 1676 apostolorum
894 1600 1133 1657 Simonis
1151 1608 1205 1654 et
1227 1598 1398 1661 Iuda),
1453 1596 1569 1651 haec
1596 1603 1814 1664 peracta
1849 1592 2058 1648 scribit.

482 1694 809 1765 Disceptatio
862 1691 953 1746 illa
1009 1688 1283 1761 synodalis
1340 1686 1649 1742 continetur
1706 1683 1869 1738 etiam
1922 1682 2062 1735 inter

480 1800 644 1855 opera
690 1784 749 1837 Β.
800 1781 945 1836 Petri
996 1789 1139 1836 tome
1191 1777 1276 1843 Ill,
1312 1791 1499 1848 epusc.
1550 1790 1635 1837 tv,
1667 1783 1721 1827 et
1755 1781 1885 1827 tom.
1917 1770 2060 1825 XXV

480 1874 842 1930 Conciliorum
897 1870 1152 1926 editionis
1204 1868 1367 1939 regite
1405 1882 1434 1920 a
1487 1880 1610 1935 pag.
1662 1863 1790 1918 638.
1834 1860 2061 1915 llortatu

2169 677 2532 748 Consequitur
2556 690 2718 749 ergo,
2770 685 2829 731 ut
2872 675 2967 747 qui
2997 675 3186 747 viginti
3230 676 3484 746 psalteria
3513 692 3638 732 cum
3668 676 3749 734 di-

2161 768 2385 839 sciplina
2412 767 2686 833 decantat,
2743 774 2960 823 centum
2989 781 3257 823 annorum
3286 768 3664 839 pmnitentiam
3690 784 3749 826 se

2158 859 2432 931 peregisse
2476 857 2732 915 conﬁdat.
2762 875 2785 911 ι
2813 858 2883 913 At
2906 874 3012 929 qua
3040 867 3199 914 :etate
3226 874 3346 915 eam
3371 861 3751 930 paenitentiam

2160 951 2459 1023 susceperit
2490 951 2553 1005 Β.
2581 950 2795 1017 Petrus,
2828 951 2881 1005 in
2912 951 3057 1007 dicto
3084 951 3347 1021 opusculo
3372 969 3468 1018 xx,
3492 967 3543 1009 c.
3584 952 3640 1018 5,
3669 952 3752 1007 itt-

2161 1045 2344 1101 dicat:
2376 1062 2394 1096 i
2422 1043 2563 1100 Ecce
2604 1042 2720 1114 jam
2745 1042 2912 1110 oculi,
2968 1044 3175 1115 inquit,
3204 1045 3462 1117 caligant,
3500 1053 3557 1101 et
3588 1043 3753 1102 solito

2161 1135 2395 1207 amplius
2438 1133 2781 1205 phlegmatis-
2811 1134 3068 1191 humores
3096 1136 3396 1191 abundant.
3422 1135 3592 1206 Ruga:
3618 1135 3752 1193 sub.

2160 1234 2321 1291 eunt,
2375 1234 2430 1281 et
2456 1225 2696 1281 dentium
2737 1225 2950 1281 ruinam
2980 1225 3207 1296 gingiva:
3245 1228 3545 1283 minantur.
3573 1225 3751 1298 Caput

2163 1314 2413 1385 denique.
2450 1316 2593 1384 quod
2618 1314 2770 1370 canis
2801 1315 3066 1371 hactenus
3096 1318 3476 1389 spargebatur,
3528 1333 3751 1391 cyguzeo

2154 1404 2266 1478 jam
2295 1406 2479 1462 albore
2510 1405 2771 1461 nivescit:
2798 1421 2901 1461 vox
2934 1409 3128 1473 raueit,
3161 1408 3334 1464 virtus
3366 1409 3588 1481 deﬁcit;
3629 1428 3650 1464 ι
3693 1417 3751 1465 et

2160 1513 2280 1565 cap.
2331 1498 2362 1551 7
2403 1496 2549 1551 ittter
2600 1497 2995 1568 perorandum,
3040 1499 3265 1565 addicit,
3315 1514 3411 1565 se,
3462 1509 3522 1555 ut
3571 1498 3754 1569 iussus

2162 1596 2313 1653 erat,
2368 1606 2386 1638 ι
2426 1603 2626 1658 cupere
2676 1591 2988 1659 apostolicae
3038 1592 3183 1647 sedis
3228 1592 3541 1663 pontiﬁcem
3606 1592 3753 1651 ordi-

2163 1693 2316 1741 nare,
2356 1697 2375 1729 ι
2407 1693 2500 1733 seu
2529 1693 2873 1746 consecrare,
2910 1700 2929 1733 ι
2961 1697 3027 1737 ac
3048 1682 3299 1754 protinus
3320 1697 3350 1737 a
3378 1682 3584 1755 proprii
3618 1698 3755 1755 pett-

2165 1769 2398 1826 tiﬁcatus
2428 1769 2694 1827 Ostiensis
2729 1787 2857 1828 arce
2886 1774 3164 1829 recedere.
3204 1792 3222 1825 ι

2233 1859 2322 1914 52.
2375 1859 2575 1915 Verum
2630 1861 2733 1917 etsi
2792 1861 2854 1916 Β.
2898 1861 3060 1917 Petro
3103 1859 3422 1919 concessum
3475 1862 3656 1920 fuerat
3700 1864 3759 1921 in

484 1966 610 2020 item
667 1963 725 2017 S.
761 1961 1024 2025 Annonis,
1077 1974 1106 2013 a
1134 1958 1449 2030 proceribus
1500 1954 1803 2011 Germaniae
1829 1952 2054 2008 Romam
2087 1954 2131 2014 Β
2159 1964 2341 2004 eremo
2370 1948 2557 2005 Fontis
2582 1950 2824 2005 Avellaui
2853 1953 3202 2017 commorari,
3234 1968 3340 2009 non
3370 1953 3543 2010 fuisse
3573 1963 3754 2011 tamen

479 2056 661 2128 legati,
695 2052 982 2110 concilium
1004 2050 1353 2106 Mantuanum
1382 2064 1472 2103 an.
1517 2046 1655 2102 1064
1688 2043 1929 2100 habitum
1954 2050 2057 2106 est,

474 2148 567 2203 cui
592 2144 896 2201 Alexander
922 2158 1060 2215 papa
1089 2156 1214 2198 cum
1248 2139 1612 2197 eardinalibus
1648 2136 1855 2201 adfuit;
1887 2148 2060 2204 eoque

478 2243 695 2305 petente
718 2232 781 2287 Β.
812 2232 1007 2287 Petrus
1031 2232 1325 2287 Damianus
1345 2238 1401 2284 et
1432 2229 1489 2284 S.
1517 2228 1671 2283 Anno
1696 2225 2059 2296 archiepisco-

481 2340 580 2396 pus
622 2322 1027 2379 interfueruut:
1085 2321 1174 2377 ubi
1202 2319 1438 2377 Cadaloo
1487 2319 1828 2389 pseudopapa
1883 2318 2058 2373 denuo

479 2413 857 2477 condemnato,
908 2409 1161 2485 Ecclesiae
1190 2418 1246 2465 et
1284 2410 1491 2480 imperii
1524 2408 1836 2465 scandalum
1880 2407 2058 2463 subla-

482 2516 593 2560 tum
623 2512 725 2561 est.
758 2503 923 2559 Multa
949 2502 1167 2558 interint
1199 2500 1304 2556 illis
1341 2501 1499 2555 annis
1528 2498 1693 2553 subiit
1717 2498 1839 2553 vitae
1874 2497 2061 2553 discri-

482 2594 629 2647 mina
658 2593 718 2647 B.
751 2590 966 2657 Petrus,
1011 2604 1131 2660 quae
1148 2590 1316 2661 epist.
1346 2588 1403 2653 5,
1437 2588 1528 2644 lib.
1560 2603 1638 2653 vt,
1670 2587 1737 2643 ad
1766 2588 2061 2643 monachos

476 2684 863 2742 Cluniacenses
898 2681 1133 2753 appellat
1185 2699 1203 2732 t
1236 2680 1590 2753 conglobatas
1617 2678 1890 2735 Cadaloici
1915 2678 2060 2733 furo-

479 2777 555 2832 ris
596 2775 840 2830 insidias.
872 2792 891 2824 ι
944 2772 1097 2839 Quod
1151 2771 1443 2826 tiadaloum
1476 2769 1709 2839 hospitio
1759 2769 2059 2838 accepisset

477 2866 826 2923 Gothifredus
854 2865 960 2920 dux
992 2874 1039 2919 et
1078 2879 1264 2920 eomes
1287 2862 1519 2929 Tusciae,
1553 2863 1619 2917 ab
1650 2862 1840 2918 eodem
1868 2862 1925 2916 Β.
1959 2861 2058 2917 Pe-

482 2971 564 3016 tvo
593 2959 818 3031 epistola
845 2958 931 3021 l0,
957 2957 993 3010 ι.
1025 2972 1116 3017 vtt,
1152 2956 1387 3011 monitus
1408 2966 1511 3011 est.

547 3051 634 3105 3L
665 3048 970 3104 Alexander
990 3047 1031 3101 ll
1070 3062 1214 3111 eum,
1244 3055 1303 3101 ttt
1348 3061 1508 3117 supra
1540 3045 1745 3103 dictum
1783 3056 1887 3111 est,
1915 3047 2060 3102 circa

476 3140 594 3195 Kal.
625 3139 743 3196 Oct.
785 3138 908 3193 anni
957 3136 1087 3192 1061
1144 3145 1289 3192 esset
1317 3135 1538 3200 electus,
1593 3138 2058 3192 consecrationem

476 3228 703 3293 distulit,
736 3241 1016 3300 quousque
1046 3224 1285 3298 synodali
1323 3225 1539 3280 decreto
1561 3240 1656 3280 sua
1682 3225 1873 3281 electio
1896 3240 2059 3281 cano-

479 3322 599 3377 nice
648 3298 787 3375 facta
834 3330 1275 3390 cognosceretur,
1311 3328 1473 3387 atque
1503 3325 1616 3372 rata
1649 3319 1856 3387 pariter
1887 3319 2055 3374 habe-
2078 3298 2125 3362 (ἶ

479 3423 647 3469 retur.
678 3412 789 3467 lmo
815 3427 935 3466 eum
962 3410 1197 3466 schistna
1224 3409 1438 3465 Cadalni
1465 3411 1799 3475 accessisset,
1821 3410 1889 3466 ab
1910 3410 2055 3467 Urbe

474 3503 658 3577 fugam
688 3500 933 3573 arripuit,
969 3515 1037 3556 ne
1063 3515 1092 3555 a
1129 3499 1401 3555 nonnullis
1430 3499 1687 3555 Romanis
1712 3500 1946 3555 Cadaloo
1976 3501 2054 3554 fa-

474 3594 727 3653 ventibus
782 3592 1226 3663 opprimeretur:
1273 3606 1303 3645 a
1350 3607 1459 3661 quo
1515 3591 1575 3646 Β.
1609 3591 1801 3646 Petrus
1854 3600 1965 3646 tum
1996 3606 2055 3646 Si:

475 3698 640 3741 onere
664 3680 954 3754 episcopali
986 3680 1271 3737 liberatum
1299 3680 1490 3737 scribit
1515 3680 1774 3751 opusculo
1798 3696 1890 3745 xx,
1914 3680 2054 3751 quod

475 3776 653 3831 eidem
690 3792 707 3826 ι
736 3773 1065 3838 Alexandro,
1124 3773 1429 3843 apostolicae
1469 3775 1612 3828 sedis
1641 3772 1812 3829 electo
1847 3780 1903 3827 et
1938 3770 2057 3826 Hil-

481 3866 759 3923 debrando
794 3883 813 3918 »
850 3865 1124 3933 inscripsit
1156 3884 1169 3917 :
1203 3874 1365 3935 atque
1396 3866 1468 3919 ita
1497 3876 1658 3936 caput
1689 3865 1711 3918 l
1742 3864 2053 3919 exorditur:

481 3976 499 4009 ι
527 3958 816 4013 Benedicta
845 3946 2054 4027 omnipotentisdispensatioConditoris,quia

475 4052 541 4105 ad
567 4066 661 4106 vos
684 4050 1183 4120 nnpcraseendeus,
1198 4051 1427 4106 duorum
1449 4051 1880 4122 episcopatuum,
1898 4051 2058 4106 unius

478 4141 716 4212 regendi,
741 4156 936 4210 nempe
964 4140 1248 4204 Ostiensis,
1286 4143 1509 4199 alterius
1538 4143 1817 4209 visitandi,
1850 4144 2059 4199 scilicet

476 4232 764 4304 Eugubini,
818 4232 959 4287 mole
994 4232 1606 4303 depressus.przerupta
1662 4236 1877 4305 Alpium
1928 4236 2054 4306 juga

478 4322 699 4377 transivi
733 4339 745 4375 :
780 4336 1010 4391 moxque
1038 4323 1250 4377 sarcina
1300 4323 1662 4379 tribulationis
1705 4322 1937 4392 abiecta,
1968 4340 2071 4381 exc.

472 4421 765 4477 oneratus,
795 4420 850 4467 et
877 4412 1012 4467 liber
1032 4412 1097 4466 ad
1121 4413 1373 4469 dilectam
1410 4413 1753 4468 solitudinem
1797 4422 2056 4485 tanquam

452 4492 729 4573 fugitivus
779 4502 1107 4571 postliminio
1159 4505 1505 4574 repedavi....
1570 4503 1722 4560 Unde
1777 4520 1877 4576 ego
1932 4522 2053 4562 cum

468 4593 897 4650 ecclesiasticum
950 4596 1099 4650 vobis
1146 4598 1384 4667 regimen
1432 4598 1745 4653 renuntiare
1785 4599 2046 4670 disposui,

473 4702 579 4740 non
608 4686 807 4751 erravi,
835 4685 958 4756 quia
988 4686 1267 4753 Romanae,
1314 4705 1433 4759 quae
1456 4704 1549 4744 vos
1570 4690 1719 4755 estis,
1770 4690 2042 4757 Ecclesia),

466 4776 612 4845 quod
641 4791 796 4831 suum
824 4785 959 4839 erat,
988 4777 1147 4846 digne
1176 4779 1408 4842 restitui,
1444 4788 1500 4833 et
1527 4786 1583 4833 ut
1623 4779 1774 4835 vobis
1801 4795 1888 4837 me
1924 4796 2050 4837 cen-

474 4867 673 4922 fessum
715 4882 833 4923 esse
868 4867 1155 4936 proﬁtear,
1188 4872 1408 4940 probae
1460 4869 1782 4927 refutatione
1831 4884 2045 4928 centum

475 4974 734 5013 annorum
761 4958 1072 5027 poenitentia
1097 4970 1176 5017 est
1201 4962 1333 5016 milii
1366 4972 1757 5031 consequenter
1786 4964 2045 5035 iujuneta,

473 5062 569 5116 per
596 5045 682 5101 illa
711 5046 963 5101 nimirum
996 5051 1232 5103 remedia
1253 5091 1267 5115 ,
1299 5066 1421 5121 quae
1452 5052 1768 5107 monasticis
1814 5062 1940 5108 sunt
1966 5070 2049 5109 re-

470 5136 609 5205 gulis
636 5135 898 5190 instituta.
937 5154 954 5187 »
989 5136 1268 5203 Quomodo
1316 5148 1496 5194 autem
1541 5150 1757 5196 centum
1790 5158 2051 5201 annorum

472 5225 786 5295 paenitentia
816 5224 1117 5295 expleatur,
1148 5230 1369 5297 expetiit
1400 5230 1456 5283 Β.
1506 5229 1696 5286 Petrus
1725 5234 1776 5288 in
1810 5235 1926 5290 Vita
1951 5237 2056 5292 Do-

474 5316 658 5369 minici
702 5313 939 5369 Lorieati
973 5317 1057 5371 his
1104 5318 1284 5373 verbis
1318 5337 1331 5373 :
1395 5339 1411 5370 ι
1445 5320 1611 5377 Porro
1642 5339 1763 5378 eum
1806 5327 1907 5380 tria
1938 5343 2057 5383 seo-

470 5416 661 5473 parum
691 5402 855 5457 millia
904 5420 1103 5460 annum
1140 5409 1473 5476 paenitentia:
1506 5414 1643 5481 apud
1672 5428 1771 5469 nos
1795 5416 2053 5486 regulari-

473 5504 555 5547 ter
602 5491 872 5562 expleant,
918 5494 1100 5549 decem
1144 5509 1326 5555 autem
1376 5502 1704 5571 psalmorum
1760 5509 2055 5565 modulatio

469 5584 617 5639 mille
668 5597 862 5655 scopas
913 5584 1189 5652 admittat,
1230 5590 1357 5645 dum
1388 5602 1601 5648 centum
1661 5596 2051 5670 quinquaginta

470 5672 693 5744 psalmis
713 5683 967 5731 constare
993 5675 1304 5746 psalterium
1335 5697 1439 5738 non
1469 5686 1784 5757 ambigitur,
1814 5691 2054 5761 quinque

472 5778 736 5819 annorum
789 5767 1109 5836 ptenitentia
1157 5770 1211 5825 in
1269 5773 1427 5830 unius
1475 5778 1713 5846 psalterii
1766 5782 2048 5855 disciplina

475 5860 621 5909 recte
649 5858 1060 5925 supputantibus
1092 5859 1390 5944 invenitur.
1429 5863 1533 5923 Sed
1566 5868 1678 5925 sive
1704 5873 1941 5945 quinque
1973 5878 2049 5933 \‘i-

2160 2058 2283 2097 eum
2312 2042 2600 2113 episeOpali
2631 2058 2798 2100 onere
2828 2058 3051 2115 prorsus
3089 2044 3373 2101 liberatum
3404 2046 3584 2101 innuit
3622 2048 3758 2117 ipse-

2161 2140 2274 2187 met
2318 2132 2546 2203 epistola
2578 2132 2668 2199 15,
2708 2133 2743 2187 l.
2787 2150 2827 2199 ι,
2877 2135 2943 2190 ad
2972 2134 3335 2191 Alexandrum
3363 2154 3586 2193 summa
3615 2138 3758 2193 sedis

2160 2223 2464 2288 antistitem,
2500 2231 2611 2277 tum
2647 2232 3023 2279 consecratum
3059 2241 3073 2278 :
3114 2225 3167 2279 in
3198 2241 3302 2296 qua
3325 2226 3429 2282 sub
3455 2227 3619 2283 ﬁnem
3654 2227 3757 2283 ista

2162 2313 2357 2367 habet:
2398 2332 2417 2365 ι
2453 2313 2498 2369 0
2523 2329 2685 2384 quam
2717 2315 3052 2384 jucundum,
3084 2332 3246 2387 qttam
3274 2333 3442 2374 suave
3479 2322 3732 2377 nuutimn

2159 2420 2319 2475 quam
2350 2407 2581 2478 denique
2611 2408 2785 2464 dulcis
2813 2410 2880 2463 ad
2918 2425 3078 2465 aures
3109 2425 3262 2467 meas
3295 2426 3468 2481 nuper
3494 2412 3640 2467 fama
3666 2414 3762 2469 de-

2160 2497 2328 2559 venit,
2364 2512 2484 2568 qua:
2505 2513 2599 2553 vos
2633 2498 2883 2563 Dstiense
2913 2501 3230 2557 comitatum
3256 2503 3385 2557 mihi
3416 2504 3761 2561 subtraxisse

2161 2598 2216 2643 et
2250 2588 2341 2644 alii
2392 2589 2678 2645 tradidisse
2709 2592 3053 2661 perhibuit...
3100 2591 3255 2649 Ultro
3297 2594 3461 2649 etiam
3513 2595 3759 2653 divinam

2160 2680 2778 2752 imploro~cletnetttiam,
2811 2692 2867 2736 ut
2893 2683 3259 2754 episcopatum
3283 2700 3500 2756 quoque
3523 2697 3762 2757 quanto-

2160 2774 2275 2828 cius
2304 2772 2556 2828 ordinare
2600 2788 2705 2827 non
2741 2772 2980 2841 diﬁ‘eras,
3024 2785 3080 2831 et
3104 2777 3290 2833 sterile
3310 2780 3527 2835 arenosi
3557 2780 3767 2838 littoris

2160 2870 2405 2917 aratrum
2427 2862 2557 2918 mihi
2584 2862 2652 2918 de
2682 2865 2930 2920 manibus
2957 2864 3135 2922 tollas.
3164 2885 3183 2919 ι
3229 2865 3383 2934 Quod
3407 2882 3515 2923 non
3542 2869 3762 2925 videtur

2162 2953 2504 3024 impetrasse.
2554 2952 2688 3008 Nam
2751 2964 2949 3025 praeter
2988 2956 3107 3022 illa,
3157 2973 3280 3029 qua;
3341 2967 3536 3015 contra
3585 2958 3764 3017 Cada—

2162 3043 2309 3098 loum
2337 3043 2645 3114 antipapam
2669 3045 2800 3115 egit,
2847 3046 3015 3102 variis
3036 3048 3313 3105 adhibitus
3338 3058 3424 3105 est
3470 3051 3763 3123 legationi-

2160 3132 2263 3188 bus
2282 3148 2511 3204 quarum
2535 3131 2719 3189 forsan
2754 3134 2907 3205 prior
2931 3134 3033 3191 fuit
3060 3137 3127 3192 ad
3172 3137 3533 3197 Cluniacense
3560 3156 3761 3197 mona-

2161 3223 2407 3288 sterium,
2434 3237 2558 3277 cum
2592 3222 2750 3294 hujus
2780 3223 2948 3281 abbas
2975 3226 3031 3283 S.
3058 3226 3232 3300 Hugo,
3274 3239 3333 3286 ιιι
3360 3246 3523 3302 supra
3546 3248 3615 3289 ex
3638 3233 3768 3304 ejus

2156 3311 2276 3368 Vita
2302 3312 2565 3383 diximus,
2592 3332 2611 3367 ι
2636 3314 2892 3372 Romana:
2904 3318 3046 3375 sedis
3058 3322 3417 3391 patrocinium
3437 3326 3763 3397 advocaret,

2156 3406 2371 3477 quando
2398 3420 2592 3479 magno
2605 3407 2789 3465 labore
2812 3417 2869 3465 et
2895 3410 3207 3470 diﬁicultate
3230 3430 3262 3469 a
3284 3415 3455 3473 latere
3475 3420 3759 3489 pontiﬁcis

2156 3496 2401 3553 avulsum
2429 3497 2685 3553 domuum
2708 3498 2927 3556 Petrum
2952 3541 2967 3567 ,
2996 3500 3339 3562 Hostiensem
3372 3507 3624 3567 videlicet
3641 3514 3763 3584 epi-

2157 3603 2399 3659 scopum,
2444 3598 2803 3660 cognomento
2845 3592 3186 3662 Damianum,
3238 3598 3536 3655 obtinuit.»
3571 3599 3760 3659 Labo-

2159 3696 2269 3734 rem
2294 3690 2404 3735 tum
2422 3696 2452 3735 a
2479 3695 2537 3737 se
2566 3682 2868 3753 impensum
2903 3698 3171 3744 memorat
3194 3688 3255 3744 Β.
3281 3690 3475 3750 Petrus
3502 3695 3664 3765 epist.
3695 3700 3767 3764 '2,

2158 3770 2191 3823 I.
2220 3786 2291 3835 γι,
2314 3771 2380 3825 ad
2397 3770 2457 3825 S.
2481 3769 2757 3843 llugonem
2785 3775 3068 3833 abbatem:
3098 3798 3117 3833 ι
3141 3779 3273 3837 Cum
3293 3783 3405 3855 jam
3427 3800 3537 3853 me,
3556 3785 3761 3859 inquit,

2158 3872 2407 3917 senectus
2430 3863 2648 3918 incurva
2664 3862 3010 3935 deprimeret,
3033 3878 3090 3926 et
3108 3870 3269 3930 effeto
3298 3875 3505 3933 viribus
3526 3892 3764 3951 corpore

2158 3952 2472 4007 nutabunda
2505 3954 2802 4023 gradientis
2830 3960 3057 4031 vestigia
3087 3963 3187 4020 sub
3221 3964 3447 4024 incertis
3472 3972 3767 4040 gressibus

2158 4040 2513 4107 vacillarent;
2540 4056 2640 4113 ego
2662 4044 2728 4099 ad
2760 4047 3140 4118 tuaejussionis
3165 4054 3476 4126 imperium,
3508 4061 3760 4123 animam

2159 4148 2353 4223 tineam,
2381 4144 2440 4189 ut
2467 4134 2539 4189 ita
2565 4136 2779 4206 loquar,
2804 4140 2855 4193 iu
2888 4144 3141 4200 manibus
3172 4148 3308 4205 meis
3334 4151 3514 4220 posui,
3545 4155 3767 4213 mstivis

2157 4222 2412 4319 adoperta
2441 4225 2655 4281 nivibus
2682 4227 2895 4299 Alpium
2926 4243 3195 4307 praerupta
3230 4243 3543 4312 conscendi,
3569 4254 3627 4302 et
3656 4264 3773 4319 pro

2163 4316 2407 4407 utilitate
2424 4320 2749 4407 venerabilis
2801 4329 3120 4384 monasterii
3154 4331 3229 4385 tui
3279 4334 3587 4407 propinqua
3617 4316 3772 4400 satis

2157 4420 2360 4472 oceano
2396 4406 2692 4464 Halliarum
2719 4412 2905 4468 intima
2934 4422 3236 4486 penetravi.
3277 4442 3296 4476 ι
3327 4425 3426 4481 Diu
3465 4441 3526 4484 se
3548 4429 3767 4490 ibidem

2159 4505 2426 4552 moratum
2471 4502 2823 4570 consequitur
2868 4506 2923 4560 in
2970 4510 3128 4579 epist.
3161 4511 3199 4567 5
3239 4512 3478 4583 ejusdem
3516 4519 3644 4578 lxv:
3687 4525 3765 4581 ad

2158 4588 2453 4645 monachos
2513 4588 2898 4651 Cluniaeenses
2928 4597 3014 4653 his
3074 4602 3302 4660 verbis:
3358 4626 3378 4657 ι
3412 4606 3769 4672 Promissum

2082 4650 2127 4709 Ι)
2155 4676 2281 4709 ...:t.:

2155 4861 2514 4928 curriculo,et
2539 4874 2740 4934 quanta
2762 4870 2910 4938 potui
2943 4872 3221 4932 celeritate
3242 4881 3451 4948 curavi,
3481 4892 3538 4939 et
3566 4894 3772 4948 tamen

2159 4952 2244 5006 vix
2287 4960 2411 5008 ante
2438 4954 2684 5023 quintum
2716 4957 2833 5012 Kal.
2864 4959 3128 5020 Novemb.
3156 4968 3321 5037 diem,
3365 4970 3559 5031 Fontis
3585 4978 3761 5036 Avel-

2159 5043 2287 5115 lani,
2330 5046 2471 5103 unde
2502 5062 2895 5118 processeram,
2946 5069 3210 5114 cacumen
3237 5064 3478 5119 ascendi.
3512 5084 3531 5118 ι
3564 5066 3764 5127 Memi-

2158 5137 2237 5190 nit
2263 5139 2427 5193 etiam
2453 5138 2515 5194 Β.
2565 5140 2759 5197 Petrus
2788 5145 2946 5217 hujus
2971 5148 3054 5203 sui
3103 5151 3314 5211 itineris
3342 5171 3531 5227 opuse.
3583 5176 3765 5221 xxxrv

2159 5245 2205 5285 c.
2244 5230 2297 5294 6,
2330 5241 2385 5287 et
2409 5249 2596 5304 opuse.
2621 5251 2809 5291 xxxix.

2227 5322 2314 5378 55.
2340 5324 2578 5381 Alteram
2621 5328 2681 5382 Β.
2727 5329 2869 5385 Petri
2903 5332 2957 5387 in
2998 5333 3199 5394 Gallias
3242 5338 3587 5413 legationem,
3623 5364 3763 5405 cum

2156 5416 2355 5471 eximia
2382 5417 2500 5489 ejus
2528 5423 2995 5482 commendatione
3018 5432 3263 5489 conﬁnet
3295 5448 3382 5505 ep.
3416 5437 3480 5492 21
3513 5439 3765 5498 Alexan-

2158 5516 2240 5609 dri
2274 5532 2429 5609 papae
2457 5519 2525 5574 ad
2562 5521 2803 5592 quinque
2852 5526 3290 5603 archiepiscopos
3319 5532 3532 5599 Gallias,
3581 5554 3762 5609 quam

2157 5604 2245 5661 hic
2271 5607 2537 5678 integram
2566 5609 2794 5666 damus:
2834 5631 2853 5665 t
2886 5613 3197 5674 Alexander
3215 5621 3524 5692 episcopus,
3557 5604 3773 5686 servus

2154 5713 2431 5753 servorum
2462 5699 2577 5766 Dei,
2606 5700 2672 5756 ϐ.
2704 5700 2981 5771 Remensi,
3014 5707 3081 5762 R.
3133 5709 3451 5778 Senonensi,
3482 5714 3544 5770 Β.
3576 5714 3776 5774 Ture-

2154 5791 2332 5857 nensi,
2364 5790 2432 5845 Μ.
2467 5791 2816 5861 Bituricensi,
2846 5796 2909 5851 Τ.
2944 5798 3340 5874 Burdigalensi,
3375 5805 3765 5879 archiepisco-

2153 5882 2256 5953 pis,
2306 5883 2554 5953 salutem,
2604 5894 2658 5945 et
2712 5890 3064 5963 apostolicam
3120 5895 3577 5957 benedictionem.
3633 5900 3773 5960 Non
