4040 6428
279 442 367 511 109

732 436 1272 510 PROLEGOMENA.
1309 470 1383 483 —
1418 440 1509 497 ..ε
1544 439 1605 497 S.
1649 436 1883 493 ΡΕτΙὶΟ
1924 431 2240 490 DAMIANO
2280 430 2707 491 HENSCHENII
2748 434 3043 493 COMMnn
3060 448 3115 493 ι’.

3496 439 3602 496 HO

278 571 470 638 ignorat
500 571 702 619 sancta
747 568 926 615 vestra
956 557 1296 627 fratemitas,
1328 554 1694 620 dilectissimi,
1721 552 1868 626 quod
1900 562 1944 619 Α
1975 548 2221 605 consiliis
2259 559 2569 623 superatus,
2604 565 2673 607 ne
2704 551 2983 623 principes
3023 551 3178 626 regni
3209 557 3574 609 lrustraretur

276 679 333 717 ex
382 656 709 712 auctoritate
755 652 902 709 sedis
949 650 1285 721 apostolicx,
1333 648 1422 705 cui
1470 663 1572 704 nos
1621 645 1872 716 indignos

273 749 549 811 clementia
581 746 766 802 divina
805 743 1070 817 prafeeit,
1115 742 1282 799 totius
1330 738 1657 797 universalis
1684 736 1872 794 Eccle-

275 847 359 903 sia:
390 839 682 909 regendus,
723 852 789 894 ac
817 836 1187 910 disponendus
1219 833 1606 891 nobis/status
1653 832 1869 887 incum-

271 936 360 991 bit.
403 929 679 997 Quoniam
725 926 893 999 igitur
934 923 1187 998 pluribus
1223 923 1593 995 Ecclesiarum
1632 922 1870 994 negotiis

268 1022 527 1095 mapali,
578 1021 650 1077 ad
696 1036 794 1077 vos
825 1019 929 1090 ipsi
976 1018 1167 1074 venire
1204 1033 1313 1074 non
1355 1031 1668 1089 possumus,
1705 1017 1869 1071 talem

266 1117 409 1173 vobis
431 1115 618 1169 virum
648 1112 926 1169 destinare
951 1110 1291 1175 curavimus,
1319 1125 1429 1180 quo
1458 1109 1718 1165 nimirum
1746 1118 1871 1181 post

266 1225 357 1266 nos
383 1206 567 1277 major
594 1206 648 1261 in
676 1205 920 1261 Romana
945 1202 1189 1260 Ecclesia
1222 1218 1329 1259 non
1362 1202 1614 1267 habetur,
1642 1199 1868 1258 Petrum

262 1298 510 1355 videlicet
547 1296 875 1354 Damianum
920 1295 1232 1353 Ostiensem
1282 1296 1623 1367 episcopum,
1654 1294 1745 1365 qui
1779 1294 1865 1349 ni-

264 1390 480 1454 mirum.
531 1397 589 1445 et
643 1398 829 1446 noster
875 1398 961 1445 est
1006 1389 1220 1453 oculus,
1248 1397 1305 1443 et
1363 1387 1677 1460 apostolica:
1721 1388 1870 1443 sedis

259 1480 533 1539 immobile
564 1482 991 1538 ﬁrmamentum.
1021 1479 1160 1537 Huic
1196 1481 1381 1551 itaque
1414 1481 1587 1536 vicem
1618 1490 1737 1535 nost
1750 1494 1867 1534 ram

260 1575 411 1647 pleno
451 1573 585 1645 iure
626 1574 1025 1641 commisimus,
1076 1582 1140 1629 ut
1185 1571 1453 1646 quidquid
1500 1573 1555 1628 in
1605 1572 1715 1627 illis
1754 1569 1868 1626 Deo

256 1668 560 1724 auxiliante
611 1668 886 1733 statuerit,
920 1667 996 1723 ita
1034 1675 1215 1722 ratum
1264 1675 1520 1722 teneatur
1557 1673 1614 1720 et
1646 1664 1867 1720 lirmuin

245 1764 363 1819 acsi
398 1760 625 1833 speciali
666 1762 837 1817 nostri
881 1760 1151 1817 examinis
1208 1757 1375 1816 fuerit
1425 1760 1699 1816 sententia
1740 1773 1868 1829 pro-

255 1855 578 1926 mulgatum.
657 1852 999 1925 Quapropter
1064 1852 1436 1909 venerabilem
1514 1853 1865 1909 sanctitatem

1975 656 2115 711 quos
2163 656 2377 697 summa
2438 640 2749 714 frequentia
2801 645 2909 699 sibi
2960 642 3257 717 Moguntina
3306 660 3603 702 occurrere

1967 733 2257 805 jussisset;
2302 733 2729 790 Francofurtum
2780 737 2938 801 abiit,
2974 735 3161 806 ibique
3203 753 3300 795 eos
3339 739 3433 810 qui
3483 738 3599 794 Mo-

1967 827 2178 899 guntize
2216 837 2637 891 convenerant,
2681 828 2877 885 adesse
2908 827 3095 898 jussit.
3146 829 3267 898 Quo
3315 834 3445 887 dum
3490 829 3599 890 fre-

1972 926 2209 991 quentes
2241 918 2546 986 venissent,
2578 918 2774 976 Petrus
2805 921 3104 977 Damianus
3130 922 3204 994 (is
3231 922 3445 995 legatus
3476 937 3601 982 erat

1971 1013 2119 1069 sedis
2147 1013 2481 1084 apostolica},
2516 1015 2601 1070 vir
2651 1022 2814 1071 mtate
2851 1023 2910 1071 et
2960 1016 3090 1071 vita:
3135 1017 3454 1073 innocentia
3501 1020 3602 1073 ad-

1972 1106 2199 1161 modum
2230 1106 2589 1179 reverendus)
2623 1108 2879 1163 mandata
2905 1110 3161 1180 exposui:
3190 1109 3421 1165 Romani
3454 1127 3566 1182 pou
3591 1143 3597 1149 -

1974 1196 2163 1265 tilicis,
2210 1198 2507 1269 peszimam
2569 1214 2725 1265 rem,
2777 1208 2835 1255 et
2885 1216 2916 1255 a
2967 1202 3197 1257 nomine
3252 1202 3600 1266 Christiano,

1972 1291 2174 1347 nedum
2203 1293 2275 1348 ab
2315 1294 2492 1365 regio,
2544 1293 2779 1349 multum
2828 1294 3218 1353 abhorrentem
3259 1311 3381 1355 esse
3427 1314 3597 1369 quam

1972 1381 2252 1438 moliatur.
2302 1381 2363 1439 Si
2413 1384 2597 1440 minus
2637 1385 2896 1442 humanis
2921 1386 3157 1459 legibus,
3207 1388 3293 1446 vel
3322 1406 3601 1447 canonum

1972 1474 2357 1531 sanctionibus
2402 1485 2739 1543 terreretur,
2786 1488 3044 1550 parceret
3091 1481 3286 1538 saltem
3332 1481 3513 1547 famae,
3547 1494 3605 1537 et

1970 1567 2368 1624 existimationi
2401 1574 2657 1642 propriae,
2690 1585 2761 1626 nc
2791 1572 3010 1629 scilicet
3044 1582 3157 1629 tam
3197 1572 3331 1632 findi
3364 1577 3601 1649 exempli

1971 1671 2274 1725 venenum,
2304 1660 2375 1715 ab
2401 1675 2531 1732 rege
2568 1670 2787 1732 sumpto
2813 1661 2993 1732 initio,
3023 1673 3200 1720 totum
3228 1667 3603 1723 commacula-

1973 1760 2058 1807 ret
2084 1752 2345 1824 populum
2367 1752 2776 1821 Christianum,
2803 1766 2858 1812 et
2884 1758 2978 1829 qui
3008 1757 3158 1814 ultor
3212 1774 3337 1815 esse
3378 1760 3599 1815 debuis-

1968 1858 2056 1903 set
2112 1848 2444 1915 criminum,
2513 1850 2631 1921 ipse
2687 1861 2882 1906 auctor
2931 1860 2991 1907 et
3046 1851 3276 1923 signifer
3323 1852 3483 1909 ﬁeret
3530 1840 3601 1908 ειξι

252 1960 487 2006 vestram
542 1947 797 2009 fraterna
841 1948 1113 2004 charitate
1162 1962 1449 2005 monemus
1475 1989 1493 2016 ,
1534 1956 1591 2004 et
1640 1947 1864 2018 insuper
1894 1941 1943 2005 Β
1970 1940 2259 2013 ﬂasilium-
2293 1941 2582 2000 Ροδιτοιηο
2630 1944 2676 2000 εί
2722 1959 2831 1999 ηοη
2863 1943 3184 2002 scelera“?
3228 1947 3502 2015 εοηυίῖίῖεν
3535 1962 3598 2004 δε

252 2041 557 2114 apostolica
596 2040 751 2097 vobis
807 2042 1137 2097 auctoritate
1180 2041 1552 2115 pracipimus,
1603 2048 1662 2095 ut
1696 2040 1860 2096 talem

246 2144 575 2209 tantumque
604 2134 800 2197 virum,
849 2143 1107 2204 tanquam
1146 2144 1402 2191 nostram
1430 2148 1749 2205 personam,
1779 2134 1863 2190 di-

246 2242 348 2296 gna
388 2226 668 2282 studentis
692 2226 977 2283 devotione
1025 2229 1328 2299 suscipere,
1375 2227 1609 2299 ejusque
1642 2239 1861 2283 senten-

247 2317 334 2372 tiis
387 2326 561 2387 atque
615 2316 842 2388 judiciis
887 2328 1110 2391 propter
1152 2320 1213 2375 Β.
1283 2320 1431 2376 Petri
1486 2320 1860 2391 apostolorum

243 2410 511 2480 principis
568 2412 938 2465 reverentiam
991 2411 1273 2467 humiliter
1314 2412 1557 2469 obedire.
1601 2412 1859 2485 Quisquis

242 2502 385 2577 enim
440 2500 594 2558 fastu
643 2504 915 2573 superbia:
956 2504 1134 2576 (quod
1187 2504 1362 2577 absit)
1424 2504 1665 2572 inflatus,
1715 2505 1861 2562 illius

233 2574 443 2661 judicio
468 2594 851 2649 contradictor
880 2574 975 2650 vel
997 2574 1318 2652 adversator
1342 2574 1649 2666 exstiterit,
1686 2615 1860 2671 usque

239 2685 304 2739 ad
366 2685 599 2756 dignam
659 2686 1115 2753 satisfactionem,
1169 2698 1414 2746 nostram
1452 2691 1541 2746 vel
1594 2691 1860 2748 Romanae

242 2778 502 2835 Ecclesia:
526 2779 767 2850 gratiam
814 2795 922 2836 non
973 2781 1213 2838 habebit.
1245 2783 1383 2851 Quia
1427 2800 1581 2851 vero,
1619 2787 1858 2870 enimat!

238 2885 334 2925 vos
388 2869 707 2928 Girelmum
753 2873 1026 2940 misimus,
1077 2874 1255 2932 adhuc
1303 2877 1597 2933 adventum
1645 2869 1859 2950 praefati

238 2960 445 3016 domini
473 2962 628 3018 Petri
657 2979 757 3021 nos
788 2965 1083 3036 intpetrare
1124 2983 1286 3039 posse
1334 2968 1642 3025 nullatenus
1672 2985 1859 3041 spem-

236 3066 443 3117 remus,
474 3052 736 3110 volumus
761 3065 841 3122 ut,
873 3056 918 3112 si
945 3058 1078 3128 quid
1124 3058 1267 3129 apud
1298 3074 1396 3116 vos
1437 3059 1713 3117 Girelmus
1741 3076 1856 3117 cm-

237 3144 331 3214 pit,
377 3146 449 3200 ad
505 3146 721 3201 domini
775 3146 925 3206 Petri
976 3151 1348 3221 magisterium
1396 3155 1601 3217 veniat,
1651 3164 1709 3209 et
1760 3170 1859 3225 per

232 3236 345 3303 ejus
374 3253 617 3294 manum
644 3240 907 3313 quidquid
945 3244 1213 3316 agendum
1243 3255 1349 3314 est,
1377 3245 1490 3303 ﬂat.
1524 3268 1542 3300 ι
1577 3247 1853 3304 Hactenus

1970 2036 2288 2093 necessario
2312 2038 2423 2092 vim
2445 2038 2883 2095 ecclesiasticam
2907 2039 3312 2106 adhibiturum,
3337 2054 3394 2094 et
3422 2055 3565 2096 cano
3582 2071 3598 2081 ε

1968 2143 2098 2183 num
2135 2128 2255 2201 lege
2290 2129 2473 2186 scelus
2499 2130 2931 2203 prohibiturum.
2970 2130 3055 2187 Ad
3096 2130 3216 2187 lucc
3256 2133 3373 2188 suis
3421 2132 3600 2186 mani-

1969 2218 2074 2274 bus
2105 2235 2389 2291 nunquam
2420 2221 2811 2293 imperatorem
2842 2224 3280 2279 consccrandum
3327 2223 3473 2289 fore,
3504 2228 3597 2295 qui

1970 2321 2079 2367 tam
2106 2312 2385 2384 pestilenti
2416 2313 2690 2386 exemplo,
2718 2322 2989 2385 quantum
3037 2316 3091 2370 in
3134 2328 3197 2373 se
3233 2325 3401 2383 esset,
3434 2316 3597 2373 ﬁdem

1964 2405 2338 2462 Christianam
2388 2408 2744 2479 prodidisset.
2798 2427 2817 2460 ι
2866 2408 2993 2464 [hcc
3039 2424 3255 2465 summa
3300 2410 3597 2481 legationis

1964 2497 2028 2552 B.
2072 2496 2240 2563 Petri,
2267 2514 2434 2570 quam
2462 2499 2743 2571 principes
2780 2515 2996 2571 mquam
3044 2515 3334 2571 censuere,
3386 2519 3453 2559 ac
3500 2518 3597 2558 rex

1933 2591 2081 2669 .ipsc
2114 2592 2334 2647 tandem
2383 2590 2615 2660 fractus,
2654 2594 2710 2649 in
2763 2594 2921 2668 regni
2960 2609 3027 2652 ac
3070 2595 3215 2652 thori
3253 2598 3596 2653 consortium

1954 2680 2215 2754 reginam
2243 2683 2490 2772 admisit,
2522 2702 2587 2743 ex
2623 2700 2803 2758 eaque
2850 2688 3004 2760 regni
3053 2688 3327 2746 lizeredem
3374 2704 3433 2745 et
3467 2706 3591 2745 suc-

1965 2791 2246 2833 cessorem
2275 2779 2485 2849 genuit.

2159 2894 2377 2951 llenrici
2424 2895 2588 2967 hujus
2628 2898 2775 2970 regis
2826 2909 3005 2955 mater
3030 2909 3154 2957 erat
3204 2900 3411 2972 Agnes,
3438 2902 3595 2960 Guil-

1965 2986 2111 3042 lelmi
2147 2987 2236 3054 IV,
2267 2988 2425 3043 ducis
2447 2988 2777 3060 Aquitaniae,
2807 2989 3087 3055 ﬁlia,cum
3118 2993 3321 3048 marito
3353 2992 3594 3051 llenricii

1962 3080 2201 3137 Conradi
2246 3080 2413 3138 Salici
2462 3083 2596 3151 filio,
2641 3098 2672 3138 a
2721 3082 3007 3141 Clemente
3050 3085 3069 3140 ι
3110 3100 3272 3157 papa,
3331 3096 3389 3141 ut
3424 3102 3591 3159 supra

1962 3172 2224 3234 diximus.
2254 3189 2347 3228 an.
2387 3173 2526 3230 1046
2555 3174 2879 3246 imperati-ix
2906 3187 3169 3233 coronata
3196 3194 3211 3232 :
3248 3193 3373 3250 qua:
3403 3180 3592 3253 inique

1960 3264 2132 3319 etiam
2176 3264 2378 3320 tulerat
2417 3266 2627 3337 absque
2668 3267 2888 3324 licentia
2928 3284 3049 3335 sua,
3096 3280 3153 3324 et
3198 3269 3294 3325 lilii
3338 3284 3592 3329 creatum

231 3342 314 3397 ep.
345 3330 661 3386 Alexandri
704 3331 767 3388 ll.
811 3333 959 3391 Inter
999 3334 1107 3390 alia
1149 3347 1262 3392 tum
1293 3338 1556 3410 prmclare
1582 3340 1636 3394 in
1664 3339 1856 3396 Galliis

1966 3352 2136 3410 fuisse
2165 3370 2372 3426 papam
2397 3330 2774 3413 Alexandrum
2824 3356 2891 3419 ll.
2922 3368 2980 3413 et
3014 3330 3209 3415 contra
3240 3375 3377 3416 eum
3414 3362 3598 3417 ndha»

229 3433 257 3470 a
284 3419 344 3474 Β.
377 3419 560 3477 Petro
586 3430 827 3493 patrata,
858 3428 1128 3483 sententia
1152 3430 1523 3487 exsccutionis
1564 3446 1690 3486 cum
1738 3432 1859 3489 aliis

230 3512 507 3585 episcopis
539 3515 603 3570 in
628 3514 982 3589 Reginaldum
1031 3522 1349 3577 monasterii
1393 3521 1450 3577 S.
1497 3521 1739 3579 Medardi
1774 3526 1857 3579 in-

227 3620 483 3664 vasorem
537 3608 656 3665 lata
686 3620 790 3677 est,
821 3626 986 3683 quam
1025 3614 1338 3671 Alexander
1382 3615 1443 3684 II,
1492 3618 1723 3688 epistola
1762 3617 1854 3684 ‘22,

227 3698 291 3753 ad
320 3698 669 3757 Gervasium
708 3705 1179 3776 archiepiscopum
1208 3706 1434 3781 ejusque
1480 3708 1859 3782 suffraganeos

222 3791 345 3848 data
383 3795 725 3860 conﬁrmat,
768 3811 1000 3868 eamque
1046 3801 1385 3857 exsecutioni
1432 3804 1681 3859 mandari
1710 3820 1856 3875 pne-

223 3886 372 3955 cipit.
408 3887 735 3959 Epistolam
762 3891 1050 3949 brevitatis
1075 3907 1239 3949 causa
1270 3896 1489 3952 omitto.

287 3979 379 4035 54.
413 3980 646 4037 lterum
688 3993 839 4039 trans
877 3984 1042 4056 Alpes
1078 3986 1291 4058 legatus
1337 3999 1423 4045 est
1462 3989 1527 4044 Β.
1564 3990 1759 4050 Petrus
1786 3995 1855 4049 ad

222 4068 552 4129 Ileinrieutu
590 4091 798 4145 regem,
828 4093 950 4133 cum
990 4079 1035 4134 is
1072 4078 1299 4148 juvenili
1346 4080 1529 4139 fumre
1568 4084 1847 4156 abreptus,

218 4161 438 4220 Bonam
474 4165 810 4237 conjugcm,
835 4184 998 4239 quam
1042 4182 1170 4228 ante
1217 4173 1493 4229 biennium
1528 4176 1581 4230 in
1622 4193 1853 4234 uxorem

218 4254 476 4322 duxerat,
511 4259 817 4315 statuisset
854 4263 1162 4332 repudiare.
1209 4264 1536 4323 Lambertus
1584 4268 1853 4326 Scliafna-

219 4347 543 4422 bnrgensis,
567 4353 672 4423 qui
700 4361 809 4408 tum
838 4354 1075 4423 vivebat,
1108 4374 1220 4414 rem
1252 4369 1459 4430 gestam
1496 4362 1548 4416 in
1576 4362 1851 4421 Chronico

218 4438 281 4489 ad
333 4454 562 4495 annum
632 4441 770 4497 £069
817 4460 924 4513 quo
969 4447 1218 4519 contigit,
1272 4450 1343 4504 ita
1394 4464 1626 4506 narrat:
1666 4472 1686 4507 ι
1721 4454 1853 4511 I‘ust

216 4524 596 4589 Pentecoste-1
640 4549 733 4590 rex
776 4535 1096 4594 Wormatitc
1134 4557 1258 4597 cum
1306 4545 1645 4616 principibus
1692 4550 1847 4621 regni

215 4621 558 4694 colloquium
616 4626 825 4682 habuit.
863 4628 940 4685 lbi
978 4631 1214 4701 primum
1261 4650 1385 4690 cum
1423 4638 1683 4709 episcopo
1729 4640 1847 4696 Mo-

1965 3457 2118 3501 serat
2169 3445 2495 3517 faveratque
2550 3448 2790 3504 Cadaloo
2843 3449 3210 3522 pscudopapte
3268 3470 3280 3506 :
3336 3469 3439 3524 pro
3484 3470 3597 3525 qua

1964 3535 2165 3592 delicto
2192 3538 2469 3607 expianda
2499 3538 2730 3595 Romam
2763 3541 2915 3596 venit
2961 3540 3030 3596 ad
3076 3540 3266 3598 limina
3310 3545 3591 3615 apostolu-

1964 3642 2111 3694 rum,
2139 3629 2231 3683 ubi
2262 3646 2357 3685 usa
2399 3640 2481 3686 est
2507 3631 2738 3687 ccnsilio
2786 3632 2847 3686 Β.
2880 3632 3028 3688 Petri
3075 3635 3231 3691 Dant.
3276 3634 3331 3691 in
3376 3646 3594 3707 patrem

1961 3720 2307 3790 spiritualem
2367 3725 2682 3794 assumpti,
2734 3725 2824 3780 cui
2883 3726 3070 3783 omnia
3137 3744 3235 3783 sua
3282 3742 3511 3801 peccata
3564 3751 3594 3785 a

1959 3814 2139 3884 prima
2188 3815 2421 3872 infantia
2468 3826 2686 3887 patrata
2726 3817 2979 3875 confessa
3023 3828 3127 3876 est.
3175 3821 3309 3891 Qua:
3357 3824 3593 3895 ipsemet

1960 3908 2023 3963 Β.
2050 3907 2251 3966 Petrus
2278 3919 2516 3967 testatur
2540 3913 2809 3983 opusculo
2832 3929 2923 3968 ιγι
2958 3915 3035 3970 De
3079 3915 3225 3971 ﬂuxa
3260 3920 3446 3974 mundi
3475 3919 3592 3988 glu-

1961 4002 2040 4057 ria
2080 4012 2137 4059 et
2184 4004 2370 4060 saeculi
2415 4005 2783 4077 despectinne.
2819 4006 2896 4061 illi
2942 4007 3207 4079 inscripto
3229 4025 3352 4082 cap.
3380 4010 3438 4067 5.
3472 4011 3585 4068 Ex-

1959 4104 2110 4150 stant
2159 4107 2216 4152 et
2265 4109 2505 4168 quatuor
2548 4098 2795 4167 ejusdem
2841 4102 2910 4155 ad
2974 4102 3117 4158 hunc
3175 4103 3587 4176 imperati-iectu

1958 4186 2203 4255 epistolm
2235 4187 2271 4242 Ι.
2304 4204 2402 4255 vn,
2446 4189 2503 4245 in
2532 4206 2767 4261 quarum
2808 4191 3000 4248 ultima
3044 4197 3297 4253 eamdem
3341 4198 3397 4254 in
3445 4198 3591 4257 Ger-

1958 4280 2201 4361 maniam
2251 4284 2556 4354 profectam
2612 4286 2891 4355 hortatur,
2945 4298 3007 4344 ut
3061 4289 3295 4349 Romam
3355 4294 3587 4352 redeat:

1956 4373 2103 4442 quod
2135 4383 2190 4429 et
2215 4374 2364 4437 fecit.
2389 4388 2457 4433 ae
2498 4376 2688 4435 Roma:
2719 4395 3079 4452 permanens,
3117 4386 3414 4445 sanctitate
3452 4405 3587 4445 cou-

1954 4466 2148 4539 spicua
2176 4484 2208 4526 e
2236 4469 2347 4525 vita
2376 4470 2616 4528 decessit
2642 4488 2788 4529 anno
2823 4474 2990 4531 1077.

2695 4613 2723 4686 §
2765 4612 2850 4668 γι.

213 4720 439 4787 ευιιιίηο
487 4712 623 4777 rem
669 4734 881 4780 δεῦτειο
913 4727 1046 4798 agit,
1080 4728 1309 4803 ejusque
1352 4748 1512 4804 opem
1561 4708 1630 4791 ad
1683 4738 1848 4808 peri]-
1879 4708 1928 4769 D
1959 4724 2179 4797 Legalio
2219 4724 2378 4808 Beati
2401 4724 2554 4808 Petri
2589 4728 2659 4781 ad
2694 4725 3046 4808 Florentino:
3097 4742 3145 4808 et
3214 4732 3583 4801 Ravennates.

216 4811 494 4880 ciendum,
519 4814 689 4886 quod
713 4826 892 4875 mente
920 4821 1281 4888 machinetur,
1300 4826 1499 4883 obnixe
1518 4828 1842 4899 implorat...

217 4899 498 4974 Synodum
577 4907 931 4967 conﬁciendo
1000 4917 1217 4987 negotio
1283 4917 1481 4974 indixit
1553 4920 1847 4993 Moguntina

214 4996 461 5062 proxima
509 5007 661 5069 post
707 5000 903 5058 festum
962 5002 1021 5060 S.
1078 5005 1355 5065 Michaelis
1409 5012 1843 5073 hebdomada....

215 5083 545 5180 [inminente
584 5090 715 5160 jam
764 5092 870 5162 die,
921 5096 1012 5167 qui
1062 5100 1356 5157 scindendo
1403 5105 1546 5178 regis
1592 5106 1847 5180 conjugio

215 5177 386 5238 dictus
431 5186 667 5251 fuerat,
711 5200 806 5243 rex
850 5188 1180 5263 ﬂuguntiam
1222 5196 1469 5253 concitus
1494 5177 1844 5270 properabat.

216 5272 277 5331 Et
304 5292 439 5337 ecce
478 5281 652 5338 inter
687 5282 922 5338 eundum
966 5288 1228 5357 comperit
1276 5290 1512 5362 legatum
1549 5295 1697 5350 sedis
1717 5312 1850 5367 apo-

218 5371 415 5428 stolica:
452 5390 638 5428 suum
697 5373 982 5445 Moguntia:
1036 5382 1329 5437 adventum
1376 5387 1705 5454 prtnstolari,
1753 5390 1847 5459 qui

220 5461 505 5521 discidium
570 5466 711 5521 ﬁeri
764 5469 1067 5539 proliibeal,
1120 5482 1173 5527 et
1221 5477 1847 5551 episcopo/Moguntina

221 5557 537 5623 apostolica:
596 5559 1104 5634 animadversionis
1157 5572 1484 5625 sententiam
1540 5575 1845 5643 minitetur,

221 5652 353 5718 quod
386 5661 499 5707 tam
549 5650 797 5707 nefariae
841 5657 1199 5725 separatiouis
1238 5677 1296 5716 se
1335 5672 1615 5718 auctorem
1646 5668 1849 5736 pruni?-

221 5745 361 5797 serit.
386 5746 823 5801 Consternatus
858 5747 1019 5817 illico,
1053 5753 1195 5822 quod
1239 5770 1353 5809 rem
1391 5756 1482 5810 diu
1529 5768 1843 5825 exoptatam

222 5836 545 5902 perdidisset
579 5853 617 5892 e
662 5836 938 5903 manibus,
962 5843 1169 5910 pariter
1189 5860 1299 5915 quo
1332 5857 1557 5903 venerat
1588 5849 1641 5902 in
1677 5849 1845 5903 Saxo-

223 5931 357 5985 uian
404 5932 599 5989 redire
636 5927 878 5987 volebat.
918 5932 1012 5988 Vix
1054 5945 1109 5991 et
1147 5954 1289 6008 :rgre
1324 5948 1503 5996 tamen
1542 5942 1842 5996 .‘llllit'tll‘llm

2326 4798 2520 4864 obitus,
2554 4799 2851 4869 sepultura,
2884 4804 3172 4857 veneratio.

2028 4914 2121 4970 56.
2159 4913 2215 4968 In
2262 4912 2416 4969 italia
2449 4913 2657 4970 ultimis
2689 4915 2815 4970 vita:
2862 4929 2977 4971 suae
3021 4916 3180 4972 annis
3224 4917 3394 4974 multa
3438 4936 3584 4992 pm.

1958 5005 2107 5061 clara
2136 5006 2248 5077 egit
2277 5005 2336 5060 Β.
2367 5004 2586 5070 Petrus,
2615 5020 2851 5076 quorum
2884 5005 2988 5060 alia
3036 5022 3158 5076 cap.
3190 5006 3223 5064 8
3266 5018 3321 5064 et
3357 5009 3391 5066 9
3443 5010 3579 5068 Vita:

1959 5110 2279 5165 narrantur,
2311 5099 2417 5153 alia
2463 5098 2571 5154 illic
2617 5099 2817 5154 omissa
2858 5101 3049 5171 paucis
3095 5102 3185 5157 hic
3234 5104 3580 5173 attingimus.

1958 5190 2212 5264 Magnum
2250 5192 2395 5248 circa
2424 5208 2625 5246 annum
2675 5191 2811 5246 l065
2848 5192 3141 5247 conﬂatum
3172 5181 3256 5250 est
3294 5196 3345 5249 in
3389 5197 3579 5255 Eccle-

1953 5286 2033 5340 sia
2081 5286 2397 5341 Florentina
2444 5301 2471 5341 s
2509 5285 2708 5349 lxisms,
2762 5284 3154 5342 dissidentibus
3204 5289 3273 5345 ab
3320 5291 3579 5362 episcOpn

1954 5383 2274 5445 monachis,
2327 5383 2471 5437 inter
2520 5398 2658 5452 quos
2694 5382 2929 5453 primmn
2983 5382 3165 5438 locum
3224 5388 3471 5442 tenuisse
3516 5388 3576 5441 S.

1952 5474 2218 5531 Joannem
2262 5475 2644 5536 Gualbertnm,
2692 5474 2903 5529 ordinis
2931 5473 3099 5529 Vallis
3124 5475 3411 5534 Umbrosc
3453 5480 3507 5533 fu
3537 5503 3578 5529 ι-

1954 5568 2225 5633 datoreiu,
2285 5568 2339 5623 in
2386 5566 2508 5621 Vita
2560 5567 2751 5637 ipsius,
2809 5566 2873 5619 ad
2931 5566 2998 5621 li
3048 5564 3173 5621 Julii
3228 5569 3574 5631 illustranda,

1953 5664 2223 5719 asseritur
2262 5662 2351 5717 his
2400 5662 2579 5732 verbis
2626 5679 2637 5713 :
2679 5680 2695 5711 t
2737 5661 2832 5716 Vir
2867 5660 3061 5716 beatus
3092 5662 3411 5732 episcopum
3453 5664 3580 5719 Flu-

1954 5757 2251 5817 rentinnm,
2288 5730 2504 5808 nomine
2553 5754 2795 5818 Petrum,
2840 5754 3012 5823 patria
3048 5752 3415 5821 'l‘iciucusem,
3466 5773 3575 5811 nni

1952 5850 2128 5905 solum
2184 5848 2465 5913 Sitnonize,
2517 5847 2612 5901 sed
2663 5848 2830 5901 etiam
2874 5846 3120 5911 litcresis,
3168 5856 3393 5916 propter
3441 5846 3574 5901 illul

1954 5940 2144 5995 mium
2180 5957 2304 5995 rum
2342 5939 2455 5995 suis
2490 5938 2749 5992 fratribus
2799 5954 2948 5993 reum
3001 5938 3299 6000 asserebat,
3353 5954 3453 5992 nte
3506 5938 3568 5988 ,ιιι
