4040 6372
469 450 473 455 ’
509 440 606 501 111
1386 426 1444 481 S.
1476 420 1750 479 PETBUS
1786 415 2107 473 DAMIANU!

2210 439 2232 464 ..
2277 410 2338 463 li.
2379 409 2441 463 Ε.
2473 399 2901 462 CAHDINALIS.
3644 386 3749 444 11“!

510 576 575 614 eo
594 561 930 614 sacramenta
955 543 1292 619 percipienda
1324 539 1578 597 dictabat.
1608 537 1731 591 Inde
1756 548 1885 588 vero
1908 529 2068 585 vehe-
2096 540 2141 596 Λ
2172 526 2465 581 lianensem
2495 522 2547 576 in
2574 518 2763 576 Galliis
2793 516 2960 587 episc.
2992 514 3139 585 cujus
3172 514 3408 570 Ecclesia
3438 511 3506 567 ab
3537 512 3749 580 impru-

512 600 807 704 ἷξεῖιζοτὶξι
857 600 1254 697 estrcontentio
1296 632 1346 685 in
1377 630 1521 685 clero
1549 637 1603 682 et
1636 624 1826 696 populo
1853 620 2072 675 Floren-
2174 616 2255 669 bis
2282 621 2493 677 vexata,
2517 610 2701 664 multis
2739 606 3101 662 calamitatum
3131 604 3379 674 procellis
3424 611 3481 657 et
3519 600 3751 656 turbini-

514 742 644 802 tino,
675 736 793 789 aliis
822 733 1127 801 episcopum
1170 720 1599 781 defendentibus,
1635 690 1754 768 aliis
1781 708 2074 765 monachos
2172 703 2273 758 bus
2300 703 2623 771 agitabatur,
2666 698 2837 754 eidem
2874 705 3125 751 accurate
3173 694 3515 750 commendat
3544 709 3558 746 :
3585 690 3754 746 modo

512 780 872 886 laudantibus:
902 780 1043 889 quoii
1088 824 1231 870 tanta
1261 814 1506 868 libertate
1541 780 1665 862 illud
1694 805 1880 858 vitium
1919 800 2071 854 tletc-
2174 795 2494 863 deprecatur
2524 806 2621 859 pro
2650 789 2962 843 Ravennate
2997 785 3165 855 episc.
3194 793 3252 837 ut
3291 784 3359 839 ab
3385 780 3755 837 anathematis

510 926 798 973 starentur.
833 875 947 966 :in
970 910 1203 981 episcopi
1243 918 1454 975 parens,
1487 907 1669 969 utpote
1697 900 1847 949 homo
1876 892 2068 959 stmpli-
2175 884 2385 938 vinculo
2434 882 2692 937 solvatur.
2738 900 2757 932 ι
2810 879 3091 947 Indignum
3142 877 3339 945 quippe
3382 884 3485 939 est,
3540 875 3639 940 ait,
3692 881 3754 926 ut

510 1007 770 1064 cissimus,
803 1002 967 1055 falsus
993 964 1186 1051 dicitur
1233 964 1289 1047 se
1319 992 1424 1059 regi
1483 964 1562 1041 ter
1610 984 1746 1038 mille
1790 982 1949 1034 libras
1985 980 2073 1031 de-
2175 982 2390 1043 propter
2414 972 2572 1025 unius
2599 968 2973 1025 homuncionis
2996 964 3277 1030 offensam,
3305 974 3412 1019 tam
3444 965 3755 1018 innumera-

503 1097 664 1149 disse.
710 1052 1011 1147 Alexander
1034 1086 1095 1149 ll,
1125 1084 1287 1137 misso
1316 1052 1559 1135 BFPetro
1588 1075 1868 1136 Damiano,
1913 1084 2074 1125 cona-
2174 1063 2294 1116 bilis
2321 1060 2601 1116 multitudo
2631 1059 2906 1114 hominum
2937 1057 3206 1125 depereat,
3238 1064 3293 1109 et
3315 1063 3521 1108 tantttm
3550 1052 3751 1108 Christi

512 1198 600 1252 tus
618 1194 701 1240 est
726 1189 906 1253 partes
931 1145 1251 1231 dissidentes
1288 1169 1593 1229 conciliare,
1640 1165 1732 1219 sed
1773 1178 1831 1216 re
1876 1159 2073 1214 infecta
2174 1155 2431 1216 laborem,
2456 1168 2552 1223 pro
2576 1167 2683 1221 quo
2707 1150 2998 1221 pretiosum
3038 1147 3354 1217 sanguinem
3383 1145 3542 1211 ludit,
3579 1159 3643 1199 ac
3676 1151 3757 1197 tot

511 1237 843 1330 coaetus‘est
873 1267 1066 1321 redire.
1095 1263 1365 1317 Adversus
1400 1256 1690 1312 monachos
1739 1250 1948 1320 agebat,
1982 1246 2074 1316 qui
2175 1247 2538 1299 innocentium
2602 1244 2811 1297 animas
2892 1240 3211 1293 miserandas
3283 1237 3444 1291 unius
3510 1249 3760 1305 personae

513 1364 821 1434 episcopum
875 1371 1027 1411 suum
1054 1394 1069 1419 ,
1128 1351 1356 1405 necdum
1404 1347 1472 1400 ab
1521 1341 1755 1397 Ecclesia
1809 1337 2072 1393 catholica
2173 1344 2326 1406 culpa
2372 1336 2667 1390 subvertat.
2708 1352 2724 1383 ι
2760 1333 2887 1386 Erat
2932 1333 2976 1384 is
3024 1331 3285 1384 Henricus
3322 1336 3539 1383 creatus
3577 1325 3760 1381 archi-

512 1419 945 1513 condemnatum,
993 1446 1291 1500 clamarent
1328 1454 1445 1494 esse
1486 1436 1756 1490 vitandum
1786 1473 1815 1495 ,-
1856 1430 2074 1484 benedt—
2173 1429 2340 1497 epise.
2380 1443 2507 1480 ann.
2546 1427 2700 1487 1051,
2755 1433 2998 1477 mortuus
3052 1424 3192 1475 circa
3241 1436 3325 1474 an.
3372 1419 3527 1473 1070.
3572 1419 3648 1472 De
3693 1433 3760 1472 eo

512 1547 718 1600 ctiones
758 1542 899 1595 illius
944 1548 997 1592 et
1039 1541 1373 1591 sacramenta
1421 1543 1539 1583 esse
1577 1523 1977 1579 maledictiones
2021 1528 2076 1573 et
2172 1517 2479 1573 Alexander
2503 1516 2739 1585 pontifex
2768 1514 3009 1567 scribens
3053 1513 3117 1565 ad
3156 1509 3495 1563 Valerianum
3541 1508 3757 1577 episco-

511 1633 791 1702 sacrilegia
824 1648 836 1683 :
869 1644 931 1683 ac
962 1634 1241 1696 propterea
1276 1620 1619 1691 prohiberent
1648 1612 1898 1684 populum
1927 1609 2072 1663 acei—
2174 1626 2299 1681 pum
2328 1628 2339 1662 :
2379 1627 2397 1659 t
2429 1606 2761 1676 Stupuimus,
2810 1604 2996 1672 inquit,
3047 1602 3187 1671 quod
3232 1600 3498 1655 Henricus
3543 1599 3760 1653 Raven-

513 1741 641 1796 pere
686 1729 1015 1777 sacramenta
1056 1716 1123 1769 ab
1149 1713 1419 1783 episcopo,
1459 1717 1551 1760 aut
1594 1703 1855 1759 ordinatis
1899 1701 2070 1754 abeo.
2176 1695 2275 1754 nas
2310 1701 2484 1754 dictus
2526 1698 2983 1765 archiepiscopus,
3025 1694 3181 1746 nixus
3208 1692 3279 1745 sit
3306 1700 3354 1745 te
3381 1689 3760 1744 excommuni-

514 1816 650 1869 Hine
677 1810 890 1882 plurimi
920 1808 1120 1875 absque
1149 1807 1484 1857 sacramento
1508 1792 1845 1850 eueltaristiaz
1879 1788 2073 1844 morie-
2175 1809 2319 1849 care,
2354 1791 2548 1846 verum
2591 1790 2715 1859 quia
2758 1785 3255 1842 εχοοιιιιηυηίωιυε
3301 1792 3349 1836 ιο
3388 1779 3763 1835 ρχροηηηυηξ-

514 1872 729 1965 bantur,
760 1914 931 1968 neque
957 1872 1207 1965 baptizati
1244 1891 1533 1945 chrismate
1567 1883 1919 1953 ungebantur.
1950 1878 2074 1931 Hznc

2210 1898 2304 1937 are
2330 1897 2434 1935 non
2464 1882 2656 1949 potuit,
2705 1876 2994 1946 apestolica
3032 1872 3356 1928 auctoritate
3409 1882 3483 1933 te,
3533 1880 3763 1937 tuosque

514 1995 575 2048 Β.
605 1993 796 2048 Petrus
822 1986 1076 2059 opuscnlo
1102 1999 1208 2037 xxx
1240 1982 1310 2035 Dc
1353 1976 1704 2033 sacratltenlis
1749 1987 1841 2042 per
1883 1971 2078 2037 impfo-
2182 1974 2536 2037 absolvendo,
2583 1970 2898 2025 mandamus
2962 1965 3155 2020 exinde
3208 1978 3313 2017 non
3366 1976 3578 2015 curare.
3631 1979 3650 2010 ›
3687 1958 3764 2011 ita

500 2089 613 2141 -bos
642 2047 1026 2139 administratis
1051 2076 1157 2129 late
1182 2070 1415 2132 deducit,
1456 2068 1594 2135 quod
1624 2061 1945 2118 Florentinis
1982 2057 2081 2111 mi-

2210 2082 2245 2118 :x
2293 2064 2485 2126 lvoue,
2534 2072 2588 2117 et
2634 2061 2889 2117 Gratiano
2940 2057 3190 2116 Rubaeus,
3220 2063 3274 2107 et
3306 2050 3523 2122 Uglteln
3572 2047 3764 2103 Profa-

639 2168 880 2239 Correpti
919 2162 1165 2220 monachi
1188 2159 1330 2228 justa
1362 2159 1418 2210 Β.
1458 2155 1598 2209 Petri
1643 2148 2076 2219 reprehensione,

2210 2163 2371 2208 latore
2421 2152 2665 2215 sublato,
2696 2170 2715 2201 ι
2742 2151 2815 2203 uti
2861 2150 2995 2202 Acta
3041 2144 3179 2199 infra
3223 2144 3438 2206 habent,
3482 2158 3633 2196 nunt.
3675 2139 3764 2201 «19,

516 2266 657 2337 quod
705 2264 818 2319 zelo
856 2276 959 2315 non
990 2263 1132 2312 recte
1168 2253 1413 2309 ordinato
1444 2247 1706 2319 prosecuti
1733 2259 1944 2307 causam
1970 2241 2081 2310 epi-

2236 2248 2387 2317 jussu
2437 2245 2727 2300 Alexandri
2772 2242 2812 2297 ll
2852 2243 3160 2296 Ravennam
3222 2235 3487 2307 proficisci
3528 2234 3770 2305 praccipio

518 2322 665 2431 scopi
689 2366 890 2422 essent,
934 2353 1156 2407 Romam
1198 2346 1443 2418 profecti,
1471 2356 1652 2397 coram
1677 2338 1925 2407 pontifice
1972 2332 2085 2404 epi-
2176 2348 2291 2391 tur.
2337 2337 2508 2403 Quam
2550 2334 2891 2403 legationem,
2946 2330 3071 2384 licet
3108 2328 3217 2397 jam
3265 2334 3421 2379 actate
3464 2322 3768 2386 confectus,

520 2465 742 2521 scopum
794 2450 1154 2504 accusarunt,
1216 2448 1272 2494 et
1322 2436 1513 2490 Petrus
1565 2433 1863 2485 monachus
1920 2425 2086 2479 Vallis
2185 2429 2438 2497 suscepit.
2472 2447 2490 2479 ι

522 2506 820 2597 Um'brosze,
868 2540 988 2603 post
1040 2526 1359 2583 sacrificium
1405 2524 1600 2584 missa},
1649 2519 1868 2573 indutus
1912 2515 2086 2569 adhuc

2255 2519 2342 2574 58.
2382 2536 2400 2568 ι
2434 2517 2552 2573 Istis
2581 2530 2728 2578 vero,
2765 2535 2782 2566 ι
2813 2524 2869 2568 ut
2909 2528 3055 2567 num.
3102 2512 3171 2565 49
3213 2510 3450 2573 additur,
3486 2526 3504 2559 ι
3538 2506 3775 2576 aliisque

518 2628 756 2682 vestibus
786 2622 971 2686 sacris:
1017 2618 1185 2674 501m"
1230 2614 1409 2669 casula
1457 2610 1718 2681 ἀθροείῑθο
1766 2622 1861 2678 μετ
1907 2606 2084 2675 ignem
2185 2610 2454 2666 nonnullis
2503 2609 2732 2680 negotiis
2782 2606 3027 2677 patratis,
3087 2618 3207 2658 cum
3264 2617 3437 2671 prima
3484 2599 3774 2655 mansione

520 2720 716 2776 ilhesus
766 2713 978 2770 transiit
1022 2729 1037 2766 :
1086 2710 1160 2763 uti
1206 2706 1444 2777 pluribus
1492 2702 1749 2758 describit
1781 2697 2085 2754 Desiderius
2185 2701 2496 2755 Faventiam
2534 2699 2803 2753 tenuisset
2864 2695 3012 2749 febre
3060 2702 3341 2761 corrcplus
3387 2690 3670 2753 decubuit,
3720 2696 3777 2741 et

522 2812 689 2865 abbas
710 2804 1037 2866 CaSiﬂenSiS.
1081 2800 1170 2869 (ιυί
1214 2796 1457 2852 eumdem
1484 2795 1700 2849 PNNIH
1725 2794 1893 2861 CPiSC-
1925 2786 2085 2841 Alba‘
2186 2793 2271 2847 die
2324 2790 2690 2845 anniversaria
2739 2788 3010 2842 cathedrae
3052 2786 3108 2839 S.
3152 2784 3319 2846 Petri,
3371 2782 3619 2851 spiritum
3662 2779 3777 2832 Deo

523 2914 768 2962 nensem,
798 2897 923 2950 dum
945 2891 1223 2952 scriberet,
1255 2888 1427 2941 adhuc
1470 2883 1795 2954 superfuisse
1835 2877 2084 2931 afﬁrmat.

2210 2884 2439 2940 'eddidit.
2476 2902 2494 2933 ι
2527 2882 2738 2935 [mnum
2778 2879 2959 2934 obitus
2985 2878 3251 2945 expressit
3282 2872 3604 2927 Bertholdus
3632 2870 3776 2925 Con-

520 2992 718 3045 Baron.
760 2988 825 3040 ad
863 3000 949 3037 an.
1004 2982 1157 3043 1003,
1190 2994 1335 3031 num.
1389 2976 1478 3040 58,
1525 2974 1737 3035 asserit,
1789 2988 1805 3020 ι
1871 2968 2088 3023 Petrum

2210 2974 2523 3037 itautiensis,
2566 2982 2773 3033 auctor,
2822 2977 2875 3021 ut
2921 2982 3083 3036 supra
3136 2963 3489 3022 ostendimus,
3534 2974 3777 3021 coaevus,

521 3080 892 3138 Florentinum
942 3076 1273 3141 episcopum,
1332 3089 1349 3121 ι
1395 3083 1552 3137 quem
1602 3066 1733 3119 Acta
1780 3062 1835 3115 S.
1867 3060 2090 3115 Joannis
2187 3065 2276 3134 qui
2332 3064 2385 3117 in
2432 3071 2640 3117 auctar.
2689 3062 2755 3114 ad
2803 3058 3093 3113 Hermann.
3142 3055 3491 3109 Contractum
3533 3058 3602 3104 ad
3640 3064 3776 3102 ann.

524 3171 801 3231 Gualberti
835 3168 1052 3222 tradunt
1079 3165 1144 3217 ab
1177 3182 1193 3214 ι
1230 3160 1533 3215 Alexandro
1560 3156 1810 3226 pontitice
1848 3154 1913 3207 de
1940 3149 2083 3206 omni
2189 3155 2326 3209 1072
2367 3154 2468 3207 ista
2500 3152 2688 3207 scribit
2718 3170 2729 3203 ε
2766 3169 2782 3200 ‹
2823 3149 3013 3203 Petrus
3055 3145 3321 3208 Damiani,
3367 3143 3469 3212 piae
3500 3141 3781 3196 memoria:

524 3261 820 3337 episcopali
861 3253 1378 3324 omcio..deposiulm
1420 3250 1607 3314 fuisse.
1670 3268 1687 3299 ι
1744 3245 2086 3317 ροδιηιοὼιηι
2117 3244 2159 3306 C
2191 3246 2483 3304 cardinalis
2510 3246 2814 3313 episcopus,
2860 3240 3174 3311 jamdudum
3220 3236 3419 3290 mundo
3456 3233 3779 3295 crucifixus,

530 3378 549 3409 ι
590 3350 989 3411 reconciliatum
1022 3346 1203 3410 fuisse,
1246 3352 1300 3398 et
1335 3343 1387 3396 in
1422 3339 1846 3395 eonnnunionem
1892 3334 1958 3388 ab
1998 3333 2089 3387 iis-
2195 3338 2443 3409 migravit
2467 3338 2533 3391 ad
2562 3335 2843 3391 Dominum
2872 3349 2945 3386 vu
2973 3330 3193 3385 Kalend.
3216 3328 3395 3390 Mat-L,
3419 3326 3503 3381 cui
3527 3325 3785 3380 dominus

532 3448 654 3501 dem
683 3439 958 3497 monachis
986 3444 1290 3504 τερθριυηις
1329 3451 1347 3483 ι
1381 3432 1523 3500 quod
1584 3427 1771 3495 Ugltel.
1824 3426 1878 3480 in
1906 3423 2087 3494 Episc.
2192 3427 2472 3490 Geroldus,
2512 3440 2696 3480 revera
2740 3422 3056 3483 monachus,
3103 3418 3327 3473 scientia
3371 3416 3781 3485 Scripturarunt

524 3530 851 3589 Florentinis
876 3538 1003 3581 tom.
1028 3524 1089 3579 Ill
1118 3523 1228 3577 ltal.
1254 3536 1423 3575 sacrae
1441 3527 1618 3590 negat,
1649 3517 1743 3572 sed
1781 3515 1942 3570 alium
1971 3527 2093 3566 mox
2196 3520 2442 3589 insignis,
2482 3526 2537 3572 et
2562 3515 2803 3571 moribus
2848 3528 2944 3568 suo
2997 3508 3383 3581 praedecessori
3426 3523 3532 3561 non
3581 3505 3781 3575 impar,

528 3623 874 3679 substitutum
918 3618 1083 3686 episc.
1123 3614 1283 3668 etiam
1333 3610 1547 3665 Petrum
1596 3607 1830 3672 nomine,
1875 3611 2097 3660 conten-
2200 3611 2253 3664 in
2309 3592 2616 3680 episcbpaiu
2661 3606 2943 3661 successu,
3003 3623 3021 3655 ι
3077 3601 3201 3656 Haec
3254 3598 3597 3654 Bertholdus.
3649 3598 3785 3663 Qum

534 3715 626 3767 dit.
2200 3701 2456 3770 prazclare
2495 3716 2617 3755 cum
2651 3698 2771 3752 Vita
2802 3697 2861 3751 Β.
2893 3696 3035 3751 Petri
3070 3694 3438 3757 consentiunt,
3474 3699 3534 3745 ιιι
3580 3689 3782 3743 mirum

598 3803 689 3857 '57.
719 3798 1015 3855 Occasione
1063 3792 1219 3863 hujus
1242 3791 1477 3863 episcopi
1508 3788 1815 3844 ’Florentiui
1855 3785 2097 3841 celebra-

533 3907 642 3948 tum
672 3899 755 3946 est
781 3889 961 3943 Romae
987 3883 1269 3940 concilium
1297 3890 1529 3942 centum,
1556 3889 1611 3934 et
1639 3878 1865 3947 amplius
1891 3874 2099 3943 episco-

516 4046 521 4049 _
532 3998 718 4056 porum
748 3980 1004 4035 adversus
1038 3973 1372 4029 Simoniacos
1412 3989 1425 4025 :
1457 3970 1545 4024 ubi
1572 3978 1626 4024 et
1648 3982 1849 4022 canone
1876 3965 1910 4018 4
1932 3973 2101 4020 statuo

537 4055 649 4128 tum
678 4080 780 4135 est,
810 4078 869 4122 ut
901 4065 1081 4122 clerici
1112 4062 1268 4118 simul
1292 4063 1675 4116 manducarent
1705 4067 1760 4111 et
1780 4055 2098 4117 dormirent,

464 4230 471 4239 ,
534 4168 783 4232 bonaque
812 4161 865 4215 in
894 4156 1161 4213 communi
1199 4154 1571 4223 possiderent:
1604 4150 1745 4218 quod
1792 4147 1985 4200 Baron.
2013 4160 2100 4197 an.

534 4253 694 4315 1065,
726 4265 873 4305 num.
922 4248 1010 4312 57,
1054 4246 1247 4300 asserit
1275 4262 1292 4294 ι
1339 4240 1535 4296 factum
1578 4239 1916 4308 suggestione
1959 4234 2103 4288 Petri

537 4340 814 4404 Damiani,
858 4338 1072 4406 scriptis
1126 4336 1238 4389 suis
1277 4332 1637 4387 Alexandrum
1688 4327 1993 4398 pontificem
2036 4324 2104 4377 ad

540 4435 655 4487 haec
680 4427 964 4485 sancienda
998 4426 1266 4496 rogantis;
1301 4443 1317 4473 ι
1350 4422 1553 4477 scilicet
1593 4434 1779 4488 Opuse.
1824 4431 1948 4469 xxtv
1979 4428 2104 4469 con-

540 4534 622 4574 tra
670 4519 894 4573 clericos
941 4513 1341 4585 proprietarios.
1378 4511 1561 4564 Eidem
1603 4506 1871 4575 inscripsit
1916 4519 2100 4573 opusc.

2200 3794 2293 3857 sit,
2341 3807 2371 3845 a
2402 3790 2677 3853 Fortunio,
2704 3786 2909 3852 Rubeo,
2956 3786 3268 3849 Ricordato,
3314 3782 3509 3837 Wione
3555 3780 3787 3850 aliisque

2201 3880 2631 3954 quatnpluribus,
2680 3879 2884 3934 obitum
2932 3876 3049 3944 ejus
3096 3874 3294 3930 diil‘erri
3338 3874 3390 3927 in
3440 3888 3582 3927 anno
3622 3872 3785 3936 1080,

2201 3976 2479 4042 asserlque
2522 3987 2645 4025 eum
2694 3970 3003 4023 Ravennam
3047 3967 3213 4021 fuisse
3256 3966 3323 4019 ab
3369 3963 3632 4034 Gregorio
3673 3962 3785 4025 VH,

2201 4063 2495 4119 Alexandri
2528 4074 2864 4124 successore,
2914 4060 3135 4113 missum
3162 4066 3283 4125 post
3319 4056 3522 4110 obitum
3551 4054 3785 4109 Wiberti

2204 4153 2617 4223 archiepiscopi.
2642 4151 2770 4218 Quae
2806 4152 2881 4204 uti
2919 4150 3063 4203 nullo
3092 4152 3216 4202 nixa
3247 4158 3371 4202 sunt
3408 4147 3789 4209 fundamento,

2206 4246 2281 4300 ita
2328 4244 2581 4299 ulteriore
2626 4259 2732 4298 non
2779 4241 3020 4312 indigent
3074 4240 3415 4295 refutatione.
3454 4237 3625 4304 Quem
3657 4251 3792 4306 ergo

2205 4335 2391 4389 vivens
2412 4333 2523 4398 diu,
2554 4332 2887 4401 multumque
2909 4346 3275 4386 successorem
3300 4329 3451 4399 petiit
3479 4327 3539 4381 Β.
3569 4326 3787 4390 Petrus,

2204 4437 2259 4481 et
2290 4441 2560 4492 nunquam
2591 4423 2762 4495 potuit
2794 4422 3072 4491 consequi.
3103 4420 3315 4474 tandem
3352 4435 3383 4473 a
3417 4430 3593 4473 morte
3630 4434 3794 4473 acce-

2207 4516 2305 4586 pit.
2350 4514 2472 4569 Fuit
2516 4516 2560 4569 is
2604 4513 2894 4576 Gerardus,
2942 4512 3063 4566 aliis
3103 4508 3359 4563 Geraldus
3401 4517 3455 4563 et
3505 4506 3787 4569 Geroldus,

540 4627 674 4665 χχιιι
722 4611 797 4664 De
840 4608 1103 4663 brevitate
1148 4606 1269 4657 vita:
1316 4602 1625 4672 pontificum
1691 4600 2005 4661 Romanun,
2049 4604 2104 4650 et

2215 4622 2233 4655 ι
2268 4604 2480 4658 natione
2528 4604 2853 4665 Germanus,
2902 4602 3074 4671 patria
3128 4598 3553 4661 Ratishonensis,
3604 4614 3793 4652 mona-

541 4702 718 4755 divina
773 4697 1101 4769 providentia
1132 4714 1143 4747 :
1174 4710 1237 4748 ac
1284 4709 1383 4763 pro
1420 4693 1604 4748 eodem
1655 4692 1720 4745 ad
1760 4690 2104 4759 quaestionem

537 4793 817 4861 cujusdam
862 4789 1177 4859 patriarcha:
1222 4787 1387 4842 edidit
1435 4800 1617 4854 opusc.
1667 4798 1868 4836 xxxvm
1917 4790 2104 4836 contra

544 4897 783 4936 errorem
824 4881 1131 4934 Graecorum
1161 4877 1226 4931 de
1250 4876 1589 4946 processione
1641 4874 1873 4942 Spiritus
1916 4873 2105 4926 sancti.

545 4974 793 5043 Ejusdem
828 4970 1091 5039 pontificis
1124 4969 1341 5022 nomine
1374 4975 1569 5027 exstat,
1619 4967 1773 5033 epist.
1831 4964 1861 5015 7
1902 4962 2022 5016 libri
2056 4978 2108 5024 v,

546 5069 611 5120 ad
666 5064 867 5119 clerum
930 5072 982 5116 et
1039 5060 1289 5130 populum
1346 5056 1788 5111 Mediolanensem
1825 5096 1838 5119 ,
1893 5056 1944 5108 in
2003 5068 2107 5122 qua

551 5166 833 5225 postquam
874 5162 1173 5222 paternam,
1210 5164 1371 5217 quam
1421 5148 1485 5200 de
1532 5161 1717 5201 eorum
1768 5146 1937 5197 salute
1981 5160 2111 5213 pon-

474 5263 485 5271 '
552 5251 721 5315 tifex,
778 5248 946 5316 patria
1014 5241 1467 5301 Mediolanensis,
1525 5242 1741 5309 gerebat
1798 5236 2113 5291 sollicitudi-

552 5350 695 5405 nem,
752 5336 1152 5393 humanissimis
1198 5334 1375 5387 verbis
1426 5332 1680 5393 ostendit,
1746 5330 1991 5383 hortatur
2058 5336 2114 5379 ut

551 5434 685 5489 nihil
731 5429 953 5493 humile,
1005 5426 1135 5480 nihil
1178 5434 1446 5479 terrenum
1490 5425 1787 5493 cogitantes
1815 5463 1830 5486 ,
1884 5421 1949 5475 ad
2007 5436 2117 5475 co:-

553 5525 705 5579 lestia
742 5528 854 5576 toto
891 5518 1053 5573 animi
1099 5517 1316 5583 impetu,
1342 5524 1451 5570 toto
1490 5516 1700 5570 fervore
1740 5528 1800 5567 se
1840 5512 2114 5567 extollant.

552 5614 697 5667 Alias
739 5611 885 5666 misit
931 5608 1029 5677 ipsi
1074 5604 1309 5675 pontiﬁci
1338 5607 1490 5674 epiSI.
1531 5622 1649 5675 qua:
1690 5605 1825 5659 libro
1857 5620 1872 5658 ι
1908 5618 2120 5659 excusas

559 5711 715 5755 sunt:
749 5702 799 5753 in
831 5700 896 5752 iis
917 5697 1075 5751 modo
1105 5711 1299 5764 pravas
1336 5696 1746 5751 consuetudines
1768 5695 2119 5750 eradicandas

560 5794 811 5856 ostendit,
850 5792 1004 5846 modo
1030 5789 1364 5844 Simoniaeos
1409 5795 1696 5856 Oppugnat,
1744 5788 1901 5842 modo
1949 5787 2119 5841 Aure-

2210 4700 2343 4754 chus
2372 4714 2434 4752 ac
2460 4698 2607 4767 prior
2646 4695 2817 4762 major
2839 4694 3230 4757 Cluniacensis,
3266 4712 3283 4743 ι
3311 4693 3400 4761 qui
3450 4692 3516 4745 ab
3558 4691 3796 4746 Alexan-

2212 4790 2309 4841 dro
2348 4804 2479 4857 papa
2513 4789 2563 4841 in
2592 4786 2793 4841 Gallias
2822 4785 3117 4838 destinatus
3147 4793 3225 4838 est
3258 4783 3487 4853 legatus,
3518 4798 3547 4835 a
3587 4782 3796 4850 Grego-

2213 4879 2294 4932 rio
2336 4877 2425 4931 VH
2470 4878 2519 4930 in
2567 4876 2850 4946 Hispanias
2888 4889 2950 4929 ac
2991 4874 3330 4937 Germanias,
3373 4884 3553 4942 atque,
3597 4872 3794 4928 eodem

2215 4968 2502 5023 Bertholdo
2547 4978 2698 5032 teste,
2742 4983 2792 5019 tx
2838 4966 2959 5020 ldus
2992 4965 3301 5019 Decembris
3339 4966 3462 5019 anni
3508 4965 3643 5019 1077
3682 4965 3795 5019 vita

2208 5062 2445 5116 Iunctus.
2497 5059 2731 5114 (qusule
2782 5058 2968 5127 Ughel.
3016 5057 3068 5109 in
3118 5057 3229 5109 Ital.
3262 5070 3437 5120 sacra,
3467 5064 3522 5109 et
3563 5055 3799 5111 additio-

2216 5151 2372 5205 nibus
2406 5151 2475 5205 ad
2504 5149 2815 5205 Ciaconiunt
2856 5149 2922 5202 de
2965 5146 3097 5201 Vitis
3140 5146 3451 5215 pontificum
3504 5154 3559 5198 et
3606 5148 3796 5201 cardi-

2219 5239 2439 5313 naliutu.

2290 5318 2376 5383 39".
2418 5326 2612 5381 Baron.
2641 5324 2913 5389 an.1072,
2954 5340 3100 5380 num.
3164 5324 3253 5388 51,
3297 5324 3495 5379 asserit
3526 5342 3543 5375 ι
3580 5322 3643 5376 Β.
3694 5323 3798 5380 Pc-

2224 5432 2360 5476 lrum
2419 5428 2686 5475 mortuum
2731 5431 2851 5473 esse
2900 5430 3039 5470 anno
3085 5417 3259 5471 aetatis
3306 5431 3417 5470 sua:
3450 5417 3800 5485 sexagesimo

2220 5524 2409 5575 sexto,
2438 5523 2620 5581 utpote
2663 5512 2803 5581 quod
2846 5510 2958 5577 ipse
2994 5525 3051 5563 se
3090 5518 3275 5563 natum
3329 5518 3557 5563 testetur
3595 5509 3648 5562 in
3677 5510 3799 5580 epi-

2219 5604 2354 5659 stola
2386 5604 2451 5657 ad
2480 5613 2742 5663 senatum,
2787 5610 2905 5670 post
2934 5615 3103 5654 annos
3123 5600 3359 5669 quinque
3390 5600 3457 5654 ab
3486 5600 3699 5657 Ottonis
3735 5602 3800 5656 Ill

2222 5694 2560 5765 imperatoris
2603 5694 2771 5755 obitu,
2813 5705 3005 5759 nempe
3066 5706 3207 5743 anno
3248 5690 3455 5744 Domini
3512 5691 3803 5747 millesimo

2222 5797 2406 5851 sexto,
2439 5800 2558 5838 nam
2607 5781 2855 5837 eumdem
2902 5780 3279 5849 imperatorem
3309 5780 3529 5834 exordio
3564 5782 3690 5834 anni
3724 5797 3804 5838 se-
