4040 6400
622 403 717 458 iiIi

1498 397 1555 453 5.
1597 396 1872 453 l’ETllUS
1906 394 2257 451 I‘AMIANUS
2297 394 2356 450 S.
2398 393 2461 449 li.
2496 396 2555 449 Ε.
2597 393 3026 451 CARlllNAlJS.

3755 393 3851 450 Hd

618 529 760 579 rant.
785 519 992 573 audivi'
1024 526 1215 573 caetera
1237 517 1451 585 quidem
1480 517 1691 587 propria
1724 516 2005 585 praesentia
2039 515 2176 582 ipse-
2204 514 2256 572 Α
2280 510 2381 565 viis
2421 512 2665 580 expedit;
2702 513 2975 568 substrata
3016 510 3153 581 pelle
3195 512 3346 581 juxta
3395 512 3570 581 ignem
3621 514 3849 583 puerilia

620 623 728 666 iuet
751 610 1017 665 adnotavi.
1050 609 1246 663 Verum
1271 609 1383 678 jam
1430 608 1600 663 nostri
1630 607 1896 663 sermonis
1924 603 2183 660 articulus

618 702 684 757 ad
710 700 946 757 historia:
968 699 1132 769 ipsius
1156 708 1397 753 vertatur
1421 700 1720 753 exordium.

1120 788 1347 844 CAPUT
1383 787 1668 844 PRIMUM.

876 880 954 935 De
982 883 1279 943 parentibus
1305 897 1365 933 or
1380 880 1603 951 puerilia
1629 879 1763 933 beati
1780 878 1895 933 viri.

681 970 777 1026 Vir
819 971 1003 1040 itaque
1047 971 1135 1025 Dei
1184 970 1394 1028 Petrus.
1426 971 1840 1039 pramomiuatus
1869 970 2176 1035 Damianns,

613 1062 985 1118 famosissima:
1035 1061 1305 1117 Ravenna:
1348 1062 1495 1115 urbis
1538 1062 1673 1116 civis
1738 1059 1881 1116 haud
1944 1062 2176 1132 ignotus,

614 1150 924 1207 liberalibus
952 1150 1514 1221 apprime-disciplinis
1544 1151 1801 1214 imbutus,
1824 1166 1945 1205 cum
1980 1150 2178 1221 Pytha-

613 1242 777 1313 gorici
800 1242 968 1312 apicis
995 1242 1193 1297 bivium
1212 1240 1481 1309 paululum
1505 1242 1943 1306 transcendisset,
1961 1241 2175 1307 laevum,

612 1346 772 1402 quem
794 1342 1053 1401 cmperat,
1076 1330 1319 1386 consulte
1344 1331 1676 1400 relinquens,
1703 1332 1951 1386 dextrum
1982 1332 2174 1387 callem

617 1422 911 1492 prudenter
939 1422 1207 1491 arripuit;
1232 1422 1453 1491 ipsoque
1498 1420 1799 1490 iuventutis
1834 1421 2046 1477 fervore
2092 1422 2175 1477 di-

611 1516 737 1569 vina
765 1512 975 1569 afﬂatus
1002 1516 1196 1586 gratia,
1228 1513 1471 1569 smculari
1500 1528 1706 1584 pompae
1736 1512 2077 1582 renuntiatis,
2107 1515 2174 1569 ad

610 1604 993 1673 perfectionem
1044 1604 1417 1660 monachicam
1469 1604 1624 1659 avide
1670 1603 1994 1658 convolavit.
2047 1604 2173 1671 Qui,

613 1696 866 1751 nimirum
888 1694 1134 1752 honestis
1160 1694 1474 1765 parentibus
1496 1693 1692 1757 editus,
1726 1692 1796 1747 ab
1824 1702 1980 1749 ortus
2007 1694 2175 1764 ipsius

610 1786 920 1857 crepundiis
974 1786 1134 1840 rebus
1181 1783 1455 1854 pernrgeri
1504 1783 1670 1853 coepit
1718 1783 1981 1839 adversis.
2036 1782 2168 1839 Cum

607 1878 728 1947 ejus
748 1890 939 1947 nempe
960 1883 1154 1938 mater,
1169 1871 1281 1943 jam
1314 1872 1544 1929 filiorum
1567 1880 1814 1943 pervasa,
1837 1873 1998 1927 domo
2023 1872 2173 1928 vide-
2206 1860 2255 1922 B
2278 1863 2381 1919 bac
2420 1862 2722 1933 diligentia,
2764 1863 2937 1918 donec
2976 1862 3303 1927 ablactatur,
3340 1862 3641 1933 perfruitur
3683 1881 3700 1917 :

612 1968 738 2023 licet
756 1964 1063 2021 bmredibus
1076 1963 1269 2020 referta
1285 1965 1331 2036 (l
1343 1964 1384 2034 ),
1406 1964 1545 2018 hunc
1562 1964 1828 2033 genuisset
1850 1972 2178 2029 extremum,

613 2072 752 2113 unus
781 2056 1094 2122 liberorum,
1134 2056 1224 2126 qui
1254 2064 1380 2111 tunc
1403 2053 1516 2120 jam
1550 2054 1957 2125 graudiusculus
1999 2055 2180 2109 adole-

612 2156 786 2212 verat,
822 2155 1149 2216 eonquestus
1170 2134 1477 2229 exclamat:
1517 2144 1656 2199 Proh
1687 2144 1896 2213 pudor!
1924 2159 2051 2200 ecce
2066 2145 2176 2215 jam

611 2237 744 2292 :anti
770 2251 955 2292 sumus
974 2237 1116 2303 quod
1145 2235 1197 2289 in
1222 2236 1324 2289 hac
1349 2232 1508 2288 domo
1535 2232 1621 2288 vix
1642 2233 1908 2302 capimur,
1935 2243 1993 2289 et
2013 2248 2174 2304 quam

613 2329 752 2383 male
791 2326 892 2383 sibi
945 2334 1248 2398 congruunt
1291 2326 1563 2382 haeredum
1606 2324 1758 2379 turba
1796 2334 1850 2378 et
1888 2324 2178 2380 barreditas

611 2420 866 2489 angusta!
920 2419 999 2473 Ad
1046 2417 1202 2487 cujus
1242 2418 1405 2471 verba
1440 2424 1613 2470 mater
1634 2415 2007 2469 vehementius
2042 2416 2179 2470 iudi-

612 2516 773 2577 gnata
808 2514 861 2562 et
905 2506 1123 2562 feminei
1161 2504 1347 2561 livoris
1391 2505 1508 2560 zelo
1554 2518 1837 2567 succensa,
1886 2504 2180 2574 complosis

615 2596 887 2661 manibus,
928 2610 987 2651 se
1012 2581 1261 2652 miseram
1306 2608 1469 2663 seque
1500 2594 1722 2650 ulterius
1767 2597 1950 2647 vivere
1981 2593 2177 2650 vocife-

614 2692 763 2737 ratur
794 2684 1083 2755 indignam.
1113 2683 1260 2737 lllico
1285 2698 1428 2745 eum,
1454 2692 1512 2737 ut
1544 2684 1616 2738 ita
1653 2683 1864 2752 loquar,
1890 2693 2015 2737 ante
2044 2697 2178 2752 pene

611 2787 772 2843 quam
802 2772 1045 2833 iactaret,
1094 2772 1348 2839 ablactat,
1393 2784 1446 2828 et
1481 2774 1634 2843 quasi
1678 2790 1949 2843 nunquam
2002 2775 2175 2845 ipsum

612 2864 678 2917 de
706 2872 900 2918 caetero
921 2864 1035 2919 suis
1062 2864 1314 2921 manibus
1340 2866 1752 2929 attrectandum,
1779 2866 2008 2921 infucata
2028 2884 2174 2938 qua:-

613 2954 734 3006 dam
764 2954 976 3008 sibimet
1006 2956 1329 3024 imprecaris,
1384 2972 1413 3010 a
1443 2972 1501 3012 se
1552 2972 1774 3026 prorsus
1815 2958 2059 3026 ablegat;
2101 2960 2179 3013 sic

618 3043 806 3109 tilium,
846 3052 1135 3111 antequam
1157 3045 1339 3099 vivere
1366 3045 1558 3111 discat,
1585 3047 1912 3116 emancipat,
1954 3057 2009 3101 et
2037 3048 2178 3116 quod

617 3135 897 3202 possidere
924 3134 1094 3189 solum
1139 3144 1342 3205 posset,
1382 3151 1411 3190 a
1445 3138 1782 3208 possessione
1826 3139 2054 3193 materni
2089 3155 2180 3208 pe.

612 3229 779 3282 ctoris
800 3229 1123 3283 ethrodat.
1152 3229 1284 3283 Cum
1316 3229 1480 3300 igitur
1518 3230 1752 3299 perexilc
1780 3230 1908 3284 illud
1946 3230 2174 3301 plasua,
2204 3211 2251 3272 (ἶ

613 3320 754 3387 quod
780 3328 898 3373 erat
928 3320 1074 3373 omni
1115 3320 1351 3374 nutritim
1393 3320 1698 3375 sedulitatis
1741 3319 1920 3375 ollicio
1954 3322 2179 3376 destitu-

616 3418 751 3473 tuut,
779 3408 918 3462 fame
963 3408 1124 3464 simul
1163 3419 1215 3463 et
1245 3410 1428 3479 algore
1466 3412 1833 3479 nigresceret;
1874 3420 1930 3465 et
1981 3411 2177 3476 tennis,

617 3513 721 3550 non
750 3499 922 3552 dicam
967 3513 1095 3561 vox,
1128 3498 1220 3553 sed
1255 3499 1407 3567 quasi
1434 3499 1625 3553 sibilus
1651 3500 1717 3552 de
1760 3498 2066 3567 pectusculo
2090 3501 2180 3554 vix

611 3588 787 3642 adhuc
813 3587 1105 3658 palpitante
1134 3588 1386 3649 raucirct,
1432 3589 1707 3658 cujusdam
1756 3589 2053 3658 presbyteri
2098 3587 2179 3643 fe-

615 3680 782 3741 mina,
815 3693 933 3748 qua:
972 3679 1129 3747 patrii
1158 3679 1287 3735 laris
1314 3688 1429 3734 erat
1456 3680 1609 3749 quasi
1644 3680 1950 3741 vernacula.
1994 3698 2184 3751 supcr-

610 3769 779 3831 venit,
815 3778 879 3821 et»
911 3767 1482 3826 inhumanaurmatris
1518 3784 1629 3824 sua:
1659 3770 1913 3824 duritiam
1967 3786 2176 3837 severa,

614 3860 929 3927 iuquantum
983 3856 1168 3919 licuit,
1224 3858 1525 3914 invectione
1574 3860 1854 3926 corripuit.
1907 3859 2178 3930 Nunquid,

563 3956 569 3961 ’
612 3951 848 4014 «lumina,
893 3950 1085 4019 inquit,
1136 3949 1238 4004 hoc
1281 3958 1362 4005 est
1412 3950 1603 4004 matris
1651 3950 1992 4015 Christianae,
2035 3952 2176 4019 quod

615 4055 720 4093 non
742 4039 1002 4107 probatur
1027 4053 1147 4093 esse
1178 4039 1407 4109 tigridis,
1431 4037 1513 4094 vel
1548 4039 1767 4094 leaenae?
1791 4039 1896 4095 illa:
1925 4051 2177 4110 parentes

614 4127 934 4200 {parientes}
956 4127 1235 4183 enutriunt
1275 4129 1504 4191 catulos,
1549 4138 1604 4183 et
1651 4145 1748 4208 nos
1780 4130 1845 4182 ad
1891 4130 2176 4200 imaginem

617 4219 710 4274 llei
749 4219 993 4275 conditos
1023 4218 1304 4289 abjicimus
1330 4235 1361 4274 e
1390 4221 1586 4275 nostris
1606 4220 1904 4275 visceribus
1935 4238 2180 4291 procrea-

616 4319 699 4365 tos
721 4308 744 4361 ?
770 4310 833 4363 Et
862 4309 949 4364 ltie
978 4309 1137 4376 forte,
1158 4310 1248 4379 qui
1281 4326 1422 4365 nunc
1450 4312 1522 4364 ita
1556 4310 1852 4379 projicitur,
1880 4311 1924 4365 si
1955 4311 2021 4364 ad
2048 4322 2177 4366 zela-

615 4400 683 4453 tis
732 4400 1062 4455 incrementa
1107 4402 1432 4470 pervenerit,
1482 4400 1656 4455 locum
1712 4401 1853 4455 ittter
1904 4417 2030 4455 suos
2074 4418 2178 4458 non

615 4488 857 4544 inﬁmum
883 4490 1173 4556 obtinebit;
1205 4492 1501 4546 cavendum
1526 4492 1709 4554 etiam,
1734 4508 1800 4545 ne
1822 4492 1977 4559 cnjtis
2009 4504 2179 4549 mater

614 4593 733 4633 esse
763 4579 1085 4643 contemnis,
1115 4578 1312 4633 lilicida
1340 4581 1531 4633 merito
1550 4580 1827 4646 iudiceris.
1863 4580 2171 4647 llujusmodi

612 4668 770 4735 plane
796 4668 977 4723 verbis
1016 4684 1152 4724 uxor
1191 4670 1489 4740 presbyteri
1543 4671 1620 4741 (2)
1650 4670 1823 4725 oilicio
1862 4672 2041 4726 functa
2093 4683 2176 4729 est

615 4760 933 4823 sacerdotis,
964 4760 1089 4815 dum
1128 4770 1180 4816 et
1209 4770 1509 4815 maternum
1557 4765 1623 4816 ad
1654 4762 1905 4831 pietatem
1952 4766 2175 4822 mollivit

615 4847 884 4913 affet-tum,
914 4859 968 4904 et
1000 4850 1318 4906 morientem
1364 4851 1430 4906 ad
1476 4852 1638 4907 vitam
1688 4853 1925 4907 restituit
1982 4855 2167 4908 lilium.

619 4941 732 4996 illot
765 4941 944 5011 itaque
971 4959 1073 4997 non
1100 4943 1286 5013 ignava
1319 4944 1503 5012 virago
1525 4942 1677 4997 ulnas
1699 4944 1984 4999 ﬂueutibus
2016 4945 2167 5000 indu-

2280 605 2519 659 membra
2554 604 2844 671 distendit;
2890 613 2945 659 et
2988 603 3224 672 undique
3262 605 3608 675 perungenda
3656 619 3853 673 corpu-

2279 694 2482 750 sculum
2511 710 2616 750 non
2646 691 2870 751 modicas
2889 709 3113 749 summa:
3142 694 3385 763 songiam
3418 696 3499 765 ('5)
3524 694 3851 765 proﬂigavit.

2281 783 2501 838 Videres
2533 783 2716 853 itaque
2769 783 2993 838 tenellos
3050 793 3203 837 artus
3244 782 3595 852 liquescentis
3649 783 3855 838 arvina:

2277 872 2514 929 fomenta
2560 874 2889 939 combibere,
2932 882 2990 930 et
3026 884 3301 945 resumpto
3332 873 3483 929 vitali
3531 874 3712 931 calore
3764 891 3856 928 ru-

2277 964 2520 1029 bescere,
2548 972 2604 1021 et
2646 965 2727 1019 sic
2759 965 2809 1019 in
2840 980 2906 1020 eo
2936 964 3166 1020 nitorem
3204 965 3354 1022 rudis
3390 963 3630 1021 infantia:
3669 966 3859 1020 subito

2278 1053 2552 1108 renorcre.
2598 1051 2699 1111 Ubi
2742 1051 3037 1108 notandum
3074 1053 3199 1123 quia
3228 1062 3281 1109 et
3325 1062 3503 1109 mater
3543 1055 3661 1125 ejus
3708 1055 3857 1111 facta

2277 1141 2452 1198 fuerat
2490 1141 2771 1207 Herodias,
2800 1152 2855 1197 et
2885 1142 2977 1198 illa
3021 1143 3161 1197 facta
3202 1152 3283 1199 est
3311 1143 3486 1211 Elias;
3538 1145 3728 1214 sicque
3758 1161 3859 1216 per

2276 1233 2596 1301 peccatricis
2644 1232 2972 1288 muliercula:
3017 1232 3283 1298 studium,
3316 1242 3373 1287 et
3415 1233 3737 1303 desperatus
3792 1236 3859 1291 de

2274 1322 2465 1378 mortis
2490 1322 2735 1379 faucibus
2759 1324 3071 1387 retrahitur,
3098 1334 3153 1379 et
3179 1335 3353 1380 mater
3377 1325 3444 1380 de
3470 1325 3693 1380 lilieidio
3720 1326 3858 1382 libe-

2273 1420 2446 1466 ratur.
2476 1410 2609 1478 Quae
2650 1412 2903 1467 nimirum
2941 1412 3054 1481 jam
3105 1429 3226 1469 sese
3274 1424 3503 1469 matrem
3538 1414 3856 1480 advertens,

2273 1517 2431 1571 quem
2474 1502 2619 1556 velut
2669 1501 2906 1559 alienum
2954 1503 3179 1558 immitis
3236 1503 3576 1574 expluserat,
3620 1504 3690 1559 ad
3752 1504 3859 1574 pize

2273 1606 2396 1646 mox
2434 1590 2739 1647 dilectionis
2781 1592 3090 1663 amplexum
3152 1603 3520 1649 maternorum
3578 1593 3857 1649 viscerum

2271 1680 2556 1737 all'ectibus
2590 1693 2834 1746 revocat,
2862 1696 3186 1751 omnemque
3218 1682 3291 1737 illi
3328 1684 3570 1738 nutritia:
3597 1698 3743 1740 cum
3782 1683 3859 1739 di‘

2272 1772 2546 1843 ligentiam
2576 1773 2838 1827 instanter
2866 1773 3125 1829 exhibere
3147 1788 3254 1827 non
3282 1782 3478 1829 cessat.
3495 1773 3639 1829 Puer
3664 1784 3854 1829 autem

3749 1880 3859 1931 qua

2278 1970 2408 2011 Sane
2433 1966 2555 2025 post
2580 1954 2848 2010 modictun
2890 1964 3125 2025 utroque
3168 1955 3390 2011 orbatus
3433 1963 3659 2025 parente
3716 1955 3859 2009 infra

2280 2050 2515 2119 pueriles
2557 2050 2735 2104 adhuc
2760 2065 2932 2105 annos
2966 2051 3259 2105 immature
3285 2052 3553 2120 privatur.
3582 2049 3661 2104 Eo
3691 2049 3861 2118 igitur

2279 2141 2527 2195 fraterna:
2554 2155 2698 2193 cura:
2724 2140 2943 2205 relicto;
2988 2155 3023 2196 ο
3063 2139 3605 2210 incontprebensibile
3652 2139 3857 2193 divina:

2277 2230 2691 2298 dispensationis
2736 2232 3028 2285 arcanum!
3070 2246 3211 2285 unus
3253 2231 3512 2300 ipsorum,
3560 2229 3652 2299 qui
3698 2237 3856 2281 atrox

2277 2323 2418 2377 inter
2446 2330 2670 2376 cieteros
2700 2322 2943 2376 honestis
2970 2321 3208 2377 moribus
3246 2320 3523 2391 prmditos,
3563 2318 3666 2375 sub
3691 2318 3856 2373 ovina

2276 2412 2413 2483 pelle
2437 2412 2659 2477 latebat,
2698 2412 3040 2467 fraudulenta
3083 2426 3223 2465 nunc
3256 2412 3453 2479 pietate
3499 2426 3598 2480 pro
3628 2419 3860 2476 paterna

2276 2506 2395 2561 viec
2421 2504 2761 2560 educandum
2792 2503 3065 2574 suscepit;
3095 2511 3257 2573 atque
3293 2503 3420 2557 dum
3465 2500 3569 2557 sibi
3620 2502 3862 2555 coluere.

2278 2594 2399 2649 dem
2436 2593 2693 2662 adoptare
2723 2609 2782 2648 se
2807 2593 2980 2663 lingit,
3020 2593 3153 2646 dine
3180 2592 3325 2645 velut
3350 2591 3656 2659 emptitium
3686 2591 3861 2644 servi-

2278 2689 2374 2742 tuti
2405 2686 2608 2757 adjicit.
2641 2686 2741 2741 Cui
2790 2687 2937 2741 socia
2989 2685 3185 2754 conjux
3236 2684 3494 2747 ha‘rebat,
3530 2699 3653 2752 qua:
3696 2682 3862 2737 nullis

2277 2776 2494 2847 pietatis
2520 2776 2815 2831 visceribus
2844 2776 2913 2831 ab
2943 2774 3083 2832 illius
3106 2774 3312 2830 saevitia
3347 2772 3652 2829 dilferebat.
3694 2772 3859 2829 Uter--

2279 2883 2383 2939 «pre
2401 2868 2561 2937 igitur
2584 2881 2746 2938 super
2769 2868 3108 2922 innocentem
3124 2881 3350 2935 puerum
3365 2865 3605 2919 unanimi
3634 2864 3857 2919 feritate

2279 2968 2611 3029 grassantes,
2657 2968 2809 3013 torvo
2853 2974 2917 3012 ac
2966 2958 3236 3013 novercali
3286 2973 3410 3013 eum
3443 2965 3665 3027 aspectu
3698 2967 3842 3011 trac-

2281 3057 2477 3113 tantes,
2503 3048 2653 3102 duris
2680 3046 3055 3102 alllictionibus
3070 3045 3445 3117 pcttduhe(sir)
3476 3044 3621 3099 illius
3653 3045 3862 3098 viribus

2278 3136 2583 3191 ollieiebaut
2611 3151 2626 3188 :
2664 3152 2943 3192 servorum
2972 3151 3165 3205 nempe
3192 3136 3432 3199 cibariis,
3457 3145 3510 3189 et
3531 3150 3652 3204 quin
3682 3136 3863 3205 magis

2280 3236 2639 3294 congruerent
2666 3226 2846 3296 porcis
2870 3226 3211 3296 malignaqne
3240 3240 3411 3294 vappa
3447 3240 3547 3279 usu
3577 3233 3860 3278 sustenta-

2282 3318 2411 3371 bant
2438 3318 2689 3383 assiduo;
2722 3317 2948 3385 pedibus
2973 3318 3152 3382 nudis,
3186 3317 3421 3372 vestibus
3450 3316 3560 3371 ibat
3589 3316 3855 3377 incultus;

2281 3408 2597 3463 verberibus
2627 3409 2947 3479 vapulabat;
2976 3423 3274 3480 pugnorum
3308 3423 3371 3463 ac
3396 3408 3625 3463 calcium
3647 3407 3864 3475 crebris

2280 3498 2477 3553 ictibus
2500 3499 2832 3569 subjacebat.
2877 3498 3066 3562 Porro,
3111 3514 3233 3553 cum
3276 3498 3390 3565 jam
3436 3496 3863 3567 graudiuseulus

2279 3592 2379 3645 sub
2408 3599 2514 3645 tam
2564 3591 2762 3660 iniquis
2808 3591 2933 3645 licet
2959 3592 3214 3645 Oneribus
3259 3590 3449 3645 fuisset
3490 3586 3737 3649 allectus,
3789 3589 3860 3642 ad

2280 3695 2470 3748 porcos
2491 3682 2788 3750 pascendos
2822 3681 3058 3749 ejieitur,
3098 3678 3417 3747 ueterisque
3457 3677 3858 3745 mancipiorum

2280 3770 2674 3825 Conditionibus
2704 3769 3073 3824 iudill‘erenter
3122 3769 3425 3837 subjicitur.
3483 3765 3623 3832 Quid
3664 3767 3718 3820 in
3771 3767 3861 3821 bis

2279 3877 2411 3916 vero
2437 3860 2911 3924 considerandum,
2944 3861 3045 3913 nisi
3078 3859 3221 3928 quod
3265 3858 3467 3912 idcirco
3508 3858 3651 3912 hunc
3695 3871 3857 3910 stium

2278 3952 2536 4005 Dominus
2592 3950 2814 4004 militem
2864 3950 3209 4019 permittebat
3249 3948 3446 4002 acriter
3487 3946 3647 4014 allici,
3674 3948 3861 4017 quoad

2277 4040 2573 4111 spiritualis
2592 4039 2926 4109 procinctum
2955 4038 3162 4094 militiae
3186 4037 3417 4092 disceret
3446 4037 3650 4091 arctius
3680 4038 3860 4091 infor-

2278 4132 2434 4195 mari,
2463 4140 2729 4200 quatenus
2754 4130 2873 4199 ejus
2902 4129 3073 4182 virtus
3099 4143 3165 4182 eo
3187 4127 3459 4181 robustius
3488 4127 3660 4180 ardua
3704 4136 3858 4196 post-

2281 4221 2496 4275 modum
2531 4235 2755 4289 qumque
2784 4218 3044 4287 perferret
3071 4234 3179 4287 quo
3203 4218 3315 4286 ipse
3338 4236 3368 4271 a
3392 4232 3562 4286 puero
3590 4228 3859 4286 expertus

2279 4313 2710 4384 hujusmodijam
2736 4312 2919 4367 fuisset
2945 4311 2970 4365 ?
3002 4310 3096 4363 llic
3120 4311 3282 4365 etiam
3316 4311 3589 4365 succincte
3618 4310 3863 4365 notabile

2278 4404 2546 4473 quoddam
2582 4402 2783 4457 referre
2815 4417 2916 4456 non
2937 4403 3170 4455 otiosum
3194 4408 3440 4468 putamus

2897 4510 3122 4567 CAPUT
3161 4511 3225 4566 ll.

2276 4606 2432 4661 llius
2455 4607 2619 4676 pietas
2663 4606 2716 4657 in
2760 4614 2957 4669 patrem
3012 4602 3342 4676 defunctum.
3382 4603 3438 4676 in
3464 4600 3651 4656 litteris
3677 4605 3860 4672 prof¢~

2623 4686 2754 4735 ctus,
2783 4685 2831 4726 et
2861 4676 2914 4725 iu
2946 4673 3175 4741 seipsunt
3209 4671 3495 4738 uﬁlictutio.

2347 4768 2589 4834 Quadam
2619 4766 2724 4827 die,
2758 4765 2883 4817 dum
2928 4764 3067 4817 ident
3099 4761 3320 4831 prazfata
3364 4762 3540 4815 adlmc
3585 4762 3864 4817 laboraret

2276 4858 2474 4917 inedia,
2521 4870 2646 4908 casu
2678 4856 2953 4907 nummum
2996 4851 3230 4921 reperit;
3281 4860 3338 4905 et
3385 4860 3643 4921 tanquam
3675 4854 3867 4907 subito

2277 4948 2427 5000 dives
2453 4946 2695 5007 ellectus,
2718 4942 3163 5013 gratulabundus,
3187 4942 3315 5013 quid
3345 4958 3410 4997 eo
3424 4943 3653 4999 mercari
3675 4945 3865 5013 aptius

1746 5075 2111 5131 GODEI’RIDI
2154 5076 2557 5133 HENSCIIEVH
2597 5074 2825 5129 NUTJI.

687 5197 761 5259 il)
806 5194 966 5246 Domo
996 5193 1223 5247 rit/dicet
1256 5192 1542 5245 Iea’redibus
1570 5190 1778 5256 referto.
1832 5191 1901 5242 lix
1945 5192 2027 5243 his
2065 5190 2169 5243 duo

619 5265 708 5315 lilii
760 5279 876 5315 mox
930 5274 1284 5323 enarranmr,
1319 5272 1372 5312 at
1406 5260 1631 5313 duarum
1664 5260 1920 5313 lilinruni.
1960 5276 2050 5313 seu
2086 5277 2173 5311 sn-

618 5349 797 5384 mrunt
848 5330 906 5383 Β.
957 5330 1095 5384 Petri
1151 5332 1389 5383 meminit
1434 5330 1543 5396 ipse
1600 5330 1755 5398 epist.
1792 5329 1855 5382 14
1907 5329 1997 5380 lib.
2042 5345 2171 5391 vin,

616 5418 775 5467 quam
829 5402 960 5467 ipsis
1011 5410 1117 5452 tum
1174 5402 1340 5451 viduis
1384 5400 1627 5465 scripsit,
1677 5400 1741 5450 ad
1791 5399 2172 5451 continmitiam

616 5490 705 5524 eos
752 5471 1055 5523 adhortans.
1117 5470 1455 5535 Appellantur
1502 5468 1789 5520 llnzlclimla
1831 5478 1881 5518 et
1940 5468 2173 5519 Sullitﬁui.

618 5542 861 5593 Fratrum
899 5540 1137 5593 Damiazai
1186 5550 1233 5590 ct
1271 5538 1452 5591 Marini
1494 5539 1733 5592 tuentinit
1772 5537 1861 5591 lib.
1912 5553 1984 5600 ll,
2016 5549 2175 5605 epist.

686 5682 762 5745 (Ξ)
804 5677 947 5732 Uxor
983 5678 1281 5744 presbyteri.
1332 5677 1444 5730 Mox
1470 5678 1725 5744 perculi-ix.
1766 5676 2067 5730 muliercula
2098 5677 2177 5728 di-

622 5760 775 5801 'lllll'.
826 5748 893 5802 De
949 5750 1111 5802 .tbzesu
1158 5749 1490 5802 savvrdotmu
1552 5746 1637 5800 illo
1684 5756 1916 5813 tempore
1944 5746 2041 5800 sibi
2075 5746 2154 5813 pel

2276 5192 2407 5244 lices
2436 5191 2576 5243 velut
2605 5207 2797 5246 uxores
2826 5190 3211 5253 detinentium,
3250 5192 3387 5244 infra
3418 5192 3614 5255 agitur.
3650 5193 3689 5242 Α
3730 5194 3863 5247 For-

2280 5263 2427 5313 tuuio
2450 5274 2499 5313 ct
2536 5261 2719 5315 [iubeo
2746 5261 2913 5327 pellor
2939 5261 3266 5327 :qapellatnr,
3301 5279 3328 5312 :t
3360 5260 3624 5313 Flaminio
3655 5260 3861 5315 femina

2279 5333 2540 5409 quwtlatn.
2570 5332 2643 5409 ll._
2666 5330 2853 5383 Petrus
2890 5348 3074 5397 opusc.
3114 5344 3336 5409 “Neap.
3386 5329 3479 5391 l8,
3527 5331 3600 5381 ait
3638 5348 3649 5381 :
3680 5350 3701 5409 ,ο
3747 5333 3859 5409 \lu-

2284 5403 2455 5453 rintnu
2505 5401 2875 5467 presbyterum
2924 5416 3075 5451 suam
3127 5399 3336 5467 publice
3387 5409 3639 5469 tanquam
3680 5400 3861 5467 lc-gili-

2285 5486 2421 5522 luam
2452 5472 2723 5537 possidere
2752 5486 2970 5521 uxorein
3004 5486 3107 5522 non
3134 5470 3421 5523 reverilunt
3450 5484 3589 5519 esse.
3631 5488 3647 5516 ι

2351 5542 2426 5595 ὦ)
2468 5542 2712 5604 Sonam-.1
2762 5541 3091 5604 pio/ligavit,
3136 5538 3243 5591 lino
3298 5540 3527 5603 mugiunt
3572 5537 3863 5599 legentium

2284 5612 2639 5668 arbitramur,
2668 5608 2679 5660 i
2705 5611 2715 5659 l
2743 5621 2820 5661 est
2866 5608 3117 5661 scabiem.
3156 5608 3297 5661 Italis
3344 5624 3538 5675 rogita,
3578 5608 3745 5661 tiul'is
3780 5626 3801 5650 ν
3826 5630 3851 5653 vi

2282 5694 2405 5741 qui}.
2444 5679 2500 5729 Ili
2526 5696 2683 5745 putt.-
2719 5696 2858 5729 γπιηει.
