4040 6430
300 429 355 487 l7
1133 423 1676 484 PROLEGOMENA.
1708 456 1777 466 —
1811 423 1968 480 VlTA
2006 423 2065 481 S.
2096 423 2303 481 PETRI
2335 423 2642 482 DAMIANI.

3443 424 3547 482 118

273 545 443 615 ,nsset,
475 537 566 594 diu
616 549 800 595 mente
841 538 1121 596 revolvere
1168 541 1356 610 coepit,
1402 541 1659 597 nimirum
1713 541 1839 596 dum
1869 540 1918 601 Δ
1947 539 2183 597 cilicium
2224 540 2440 608 induit,
2479 539 2703 611 jejuniis
2735 580 2748 604 ,
2803 538 3001 609 vigiliis
3026 579 3040 602 .
3093 547 3150 594 et
3209 536 3551 594 orationibus

271 631 496 686 navibus
519 631 736 688 cunctis
774 640 980 704 egeret,
1011 630 1186 688 dulcis
1222 632 1493 704 appetitus
1520 647 1620 704 per
1659 630 1840 686 mollia

269 736 469 797 qumque
496 724 761 793 puerilem
786 734 1022 782 mentem
1051 725 1322 782 trahebat.
1355 723 1508 794 Quod
1548 725 1678 780 dum
1719 739 1844 796 pro-

272 817 410 872 lixius
437 811 613 881 liere't,
653 829 968 887 ancepsque
1001 818 1146 890 quod
1171 826 1320 873 esset
1337 817 1647 888 eligendum
1670 816 1839 872 ambi-

269 915 422 978 geret,
468 905 738 963 divinitus
789 909 1008 964 tandem
1052 908 1371 979 inspiratus,
1423 908 1499 964 ait
1539 926 1554 962 :
1596 908 1736 976 Quid
1761 917 1849 964 est

267 1002 396 1076 quod
423 1000 682 1057 revolvo?
718 1001 981 1071 quidquid
1008 1001 1204 1058 borum
1236 1011 1386 1058 certe
1409 1015 1709 1067 assumam,
1736 1014 1844 1056 non

267 1097 363 1152 erit
396 1093 507 1167 eius
530 1094 790 1150 diuturna
817 1094 1102 1167 voluptas;
1129 1095 1322 1151 melius
1340 1108 1475 1165 ergo
1503 1101 1590 1151 est
1629 1102 1688 1149 ut
1731 1103 1846 1148 tra-

265 1190 379 1244 dam
402 1187 740 1258 presbytero,
767 1186 858 1258 qui
889 1186 1001 1242 Deo
1031 1185 1373 1244 Sacriﬁcium
1403 1184 1597 1242 olIerat
1622 1201 1720 1257 pro
1748 1199 1848 1256 pa-

267 1290 344 1336 tre
378 1293 516 1336 meo.
559 1277 700 1347 Quid
736 1279 896 1349 hujus
922 1279 1079 1349 pueri
1108 1278 1462 1350 simplicitate
1489 1278 1851 1350 prudentius?

263 1374 384 1446 quid
408 1373 510 1428 hoc
538 1382 734 1444 egente
775 1372 976 1444 pupillo
1010 1371 1312 1446 frugalius?
1360 1373 1429 1429 Et
1468 1372 1670 1445 spretis
1719 1387 1856 1428 cun-

263 1464 378 1528 etis,
401 1476 520 1533 que
551 1463 792 1532 peritura
813 1463 1091 1532 cognovit.
1122 1462 1254 1518 illud
1285 1463 1461 1519 solum
1491 1462 1672 1533 elegit,
1708 1464 1854 1534 quod

260 1569 572 1614 mansurum
620 1555 675 1609 in
711 1566 979 1610 aeternum
1027 1554 1287 1626 speravit.
1337 1553 1510 1611 Porro
1556 1553 1688 1626 quid
1749 1554 1855 1610 hoc

259 1647 418 1703 luisse
442 1654 721 1718 putemus,
738 1646 847 1701 nisi
871 1647 1143 1717 quoddam
1169 1645 1477 1702 futurorum
1499 1645 1850 1717 praesagium,

253 1738 394 1810 quod
418 1737 663 1808 appetitu
691 1738 946 1794 videlicet
965 1747 1295 1794 aeternorum
1320 1749 1696 1795 contemneret
1718 1748 1853 1794 tem-

256 1827 514 1900 poraliter
542 1828 913 1883 hlandientia?
944 1827 1012 1885 Lit
1061 1837 1245 1884 autem
1288 1829 1358 1885 ad
1383 1830 1631 1886 ordinem
1661 1830 1852 1886 redea-

1948 632 2179 689 solerter
2221 632 2445 690 insistit.
2494 632 2562 688 Et
2599 632 2727 704 quia
2759 631 2976 688 calente
3011 629 3258 700 juventa,
3313 627 3555 684 stimulis

1947 725 2148 781 acriter
2169 726 2462 798 urgebatur
2483 725 2820 793 carnalibus,
2835 725 3029 781 mediis
3055 724 3305 780 noctibus
3324 738 3356 779 e
3380 730 3554 778 strato

1947 832 2283 890 consurgens
2313 816 2472 888 aquis
2497 831 2555 873 se
2577 814 2888 872 ﬂuvialibus
2921 815 3305 888 immergebat,
3338 814 3392 870 in
3426 813 3554 885 qui-

1947 908 2050 964 bus
2074 908 2262 964 tandiu
2297 909 2454 965 nudo
2482 907 2742 964 manebat
2779 923 3032 980 corpore,
3091 907 3265 964 donec
3318 905 3555 978 algentia

1950 1001 2196 1057 membra
2237 1001 2504 1074 rigerent,
2560 1001 2725 1057 noxio
2773 1001 3064 1057 recedente
3092 999 3294 1057 calore.
3347 998 3562 1057 Exinde

1949 1109 2084 1151 vero
2108 1094 2446 1168 regrediens,
2493 1108 2723 1166 quaeque
2752 1094 3089 1152 venerabilia
3119 1093 3237 1150 loca
3280 1092 3561 1165 psallendo

1953 1186 2245 1254 circuiens,
2302 1195 2473 1244 totum
2518 1196 2646 1243 ante
2694 1187 2947 1260 synaxim
2999 1184 3311 1256 complebat
3345 1183 3553 1240 Psalte-

1953 1280 2117 1336 rium.
2151 1280 2525 1354 Eleemosyeis
2560 1295 2778 1351 quoque
2823 1295 3124 1351 pauperum
3155 1278 3393 1335 assiduis
3425 1276 3557 1333 insi.

1955 1384 2127 1442 stens,
2169 1390 2234 1431 ac
2277 1374 2658 1446 frequentibus
2696 1388 2794 1430 eos
2831 1371 3098 1429 conviviis
3147 1385 3397 1443 pascens,
3447 1369 3563 1426 suis

1955 1461 2242 1523 laetabatur
2273 1467 2523 1524 manibus
2553 1466 2634 1522 eis
2669 1475 2928 1537 tanquam
2977 1465 3200 1522 Christo
3246 1465 3562 1521 ministrare

1957 1558 2201 1615 devotus.

2572 1645 2806 1704 CAPUT
2844 1646 2930 1702 Ill.

2035 1735 2140 1792 Per
2159 1755 2243 1794 sui
2270 1739 2544 1794 victoriam
2575 1737 2832 1793 liberatur
2860 1754 2892 1790 a
2915 1737 3063 1808 gravi
3088 1737 3209 1792 vita!
3233 1737 3491 1805 periculo.

2032 1830 2178 1887 Inter
2226 1832 2342 1886 haec
2389 1846 2525 1886 sane
2570 1845 2676 1885 non
2726 1831 3166 1901 praetereundum
3209 1841 3381 1901 puto,
3423 1830 3566 1902 quod

254 1936 390 1986 mus,
449 1929 742 1992 postquam
800 1921 1050 1987 Domino,
1096 1921 1190 1991 qui
1242 1937 1466 1978 suorum
1514 1937 1704 1978 curam
1749 1938 1855 1977 non
1886 1911 1933 1972 Β
1961 1922 2306 1979 aediﬁcationi
2332 1922 2622 1979 multorum
2651 1921 2996 1993 profuturum
3027 1939 3134 1978 non
3159 1923 3395 1995 ambigo.
3419 1923 3568 1991 Qua-

254 2013 472 2080 deserit,
528 2028 597 2068 ex
652 2012 894 2083 prazfatis
949 2014 1115 2069 etiam
1161 2014 1566 2070 calamitatibus
1613 2024 1854 2081 erueret,

251 2104 476 2176 placuit,
502 2104 682 2174 ipsum
709 2119 849 2174 pene
877 2115 1258 2176 consumptum
1278 2094 1347 2160 ei;
1365 2105 1658 2176 impiorum
1682 2104 1856 2159 lania-

253 2201 391 2255 tibus
416 2198 854 2256 misericorditer
871 2200 1161 2264 abstraxit,
1187 2207 1242 2255 et
1271 2200 1323 2254 in
1347 2199 1594 2270 germani
1623 2199 1851 2254 alterius

244 2290 364 2344 sinu
387 2329 402 2351 .
433 2288 692 2344 Damiani
726 2289 944 2343 nomine
971 2288 1048 2358 (4)
1069 2329 1084 2354 ,
1109 2289 1223 2358 jam
1266 2288 1609 2344 mulcendum
1638 2287 1856 2343 tandem

253 2379 662 2450 fovendumque
704 2378 922 2434 locavit.
954 2376 1056 2434 llic
1099 2393 1224 2434 eum
1258 2379 1444 2450 itaque
1502 2380 1670 2435 chara
1725 2379 1860 2435 satis

255 2473 552 2528 dilectione
601 2470 1007 2542 complectens,
1054 2479 1264 2528 tantam
1319 2473 1489 2543 ipsius
1543 2489 1689 2529 curae
1739 2473 1862 2528 dili-

251 2563 490 2635 gentiam
514 2561 869 2632 impcudebat
895 2574 953 2618 ut
980 2572 1267 2633 paternum
1286 2565 1554 2621 excedere
1584 2565 1862 2621 videretur

244 2654 528 2714 aﬂectum.
556 2655 734 2722 Quem
764 2671 929 2726 porro
947 2655 1062 2724 jam
1091 2657 1221 2714 licet
1245 2658 1692 2730 grandiusculum
1714 2659 1860 2716 litte-

248 2763 430 2804 rarum
464 2748 721 2819 apicibus
743 2748 964 2803 tradidit
994 2749 1073 2820 (5,
1119 2749 1494 2816 imbuendum,
1534 2765 1635 2806 nec
1667 2765 1775 2806 non
1807 2758 1863 2807 et

246 2839 442 2894 studiis
467 2839 709 2894 subinde
741 2838 1086 2906 liberalibus;
1151 2839 1202 2894 in
1247 2840 1446 2910 quibus
1491 2840 1697 2896 scilicet
1751 2850 1860 2896 tam

247 2932 440 2988 docilis
483 2941 716 3003 tamque
757 2932 1059 2990 industrius
1086 2942 1171 2988 est
1199 2934 1450 3006 agnitus,
1491 2942 1552 2988 ut
1579 2935 1712 3005 ipsis
1751 2934 1865 2990 suis

242 3022 581 3080 doctoribus
625 3023 892 3080 mirabilis
936 3024 1254 3080 haberetur.
1314 3023 1562 3094 Cumque
1619 3025 1864 3082 discendi

249 3113 414 3171 ﬁnem
443 3131 522 3171 ex
554 3115 710 3170 omni
741 3114 952 3170 liberali
983 3115 1211 3170 scientia
1239 3115 1449 3186 peritus
1470 3114 1711 3180 fecisset,
1738 3131 1862 3171 mox

246 3206 384 3262 alios
426 3205 686 3269 erudire,
718 3205 997 3261 clientium
1049 3206 1204 3260 turba
1263 3206 1330 3259 ad
1383 3206 1646 3260 doctrinae
1697 3205 1868 3275 ipsius

247 3306 455 3358 famam
525 3302 777 3372 undique
828 3301 1157 3365 conﬂuente,
1217 3293 1612 3355 studiosissime
1680 3271 1942 3367 coepit.C

240 3397 394 3456 inter
424 3396 537 3452 ista
583 3395 845 3449 nimirum
874 3393 1002 3449 dum
1044 3391 1234 3447 favore
1263 3389 1512 3462 populari
1562 3387 1868 3456 elierretur,

243 3487 373 3542 dum
398 3485 734 3542 divitiarum
766 3485 922 3555 copia
946 3483 1342 3548 cumularetur,
1374 3482 1490 3553 jam
1520 3495 1658 3551 pene
1689 3482 1870 3552 potuit

243 3578 444 3634 borum
507 3577 796 3633 lenocinio
842 3575 1091 3633 saeculari
1147 3587 1359 3646 pompae
1401 3573 1744 3639 subtrahere,
1779 3587 1874 3630 aut

246 3667 539 3723 illecebris
577 3667 831 3722 venereis
872 3665 1087 3721 illectus
1124 3665 1414 3736 implicari.
1453 3664 1562 3720 Sed
1611 3665 1872 3735 quoniam

242 3768 309 3810 ea
361 3755 689 3811 electorum
736 3769 965 3810 numero
1007 3754 1195 3824 nequit
1227 3753 1367 3808 ullus
1405 3769 1630 3824 prorsus
1678 3754 1872 3819 minui,

245 3855 512 3921 respectu
574 3845 724 3901 illico
759 3846 942 3900 divino
993 3855 1320 3914 praeventus,
1373 3846 1446 3899 ita
1479 3859 1664 3900 secum
1715 3860 1877 3914 agere

244 3940 418 4010 capit
444 3958 459 3992 :
493 3940 570 3994 Et
603 3956 704 3994 cur
725 3939 964 3996 delecter
986 3942 1364 4011 prmsentibus,
1391 3950 1449 3996 ut
1476 3933 1607 3997 caro
1637 3944 1879 4012 suggerit

243 4041 375 4086 tetas
397 4029 711 4102 exposcit?
737 4032 833 4086 sed
857 4033 1100 4102 nunquid
1127 4033 1212 4087 his
1233 4034 1491 4102 perituris
1514 4033 1687 4088 debeo
1709 4034 1877 4089 inhae-

245 4134 393 4184 rere,
426 4129 491 4175 et
525 4134 648 4173 non
701 4119 874 4190 magis
925 4119 1047 4174 istis
1076 4121 1398 4176 renuntiatis
1435 4121 1644 4190 potiora
1695 4135 1878 4191 provi-

241 4212 414 4267 dere?
444 4213 527 4266 At
558 4211 613 4266 si
647 4210 785 4265 forte
812 4210 1151 4280 postmodum
1187 4211 1292 4266 hoc
1321 4226 1407 4265 me
1443 4209 1716 4267 iacturum
1747 4227 1875 4283 pro-

247 4301 434 4367 mitto,
475 4301 626 4369 quia
659 4315 765 4354 non
800 4299 970 4354 multo
994 4300 1212 4356 charius
1255 4301 1534 4372 multoque
1585 4303 1693 4358 Deo
1722 4317 1878 4359 acce-

244 4393 398 4460 ptius
449 4393 641 4446 modo
686 4405 847 4462 agere
889 4402 1114 4464 satago,
1162 4392 1292 4448 dum
1336 4402 1470 4450 tetas
1521 4394 1685 4465 viget,
1749 4395 1876 4449 dum

241 4500 524 4554 prospera
587 4485 881 4540 mulcent?
929 4484 1050 4540 Jam
1109 4501 1238 4540 vero
1281 4494 1404 4554 post
1457 4487 1572 4542 hare
1618 4486 1878 4556 paulatim

245 4579 516 4632 inchoata
551 4578 854 4632 mundanis
883 4579 1077 4633 studiis
1100 4580 1391 4643 removeri,
1416 4594 1480 4634 ac
1503 4580 1703 4636 divinis
1722 4583 1882 4638 obse-

1961 2015 2084 2070 dam
2126 2017 2214 2073 die
2256 2017 2504 2087 privatus
2537 2015 2858 2088 prandebat,
2902 2032 3002 2072 nec
3047 2017 3334 2087 quisquam
3382 2032 3569 2073 secum

1959 2111 2158 2182 praeter
2183 2112 2358 2168 solum
2409 2127 2612 2169 caecum
2643 2111 2934 2182 quemdam
2975 2112 3412 2183 prmbendarium
3458 2111 3574 2168 died

1967 2206 2284 2272 cumbebat,
2344 2206 2437 2276 qui
2487 2204 2840 2276 quotidianus
2887 2204 3115 2259 conviva
3156 2218 3225 2258 ex
3273 2218 3425 2258 more
3466 2202 3570 2258 sibi

1963 2295 2208 2352 assidere
2234 2295 2428 2355 solitus
2458 2302 2597 2350 erat.
2625 2294 2841 2350 Accidit
2865 2302 3046 2350 autem
3074 2303 3134 2349 ut
3159 2305 3289 2350 tunc
3316 2310 3421 2350 non
3453 2308 3571 2349 am-

1961 2389 2105 2458 plius
2155 2403 2318 2459 quam
2347 2403 2488 2444 unus
2535 2387 2769 2443 triticea:
2793 2387 3122 2458 similaginis
3151 2387 3308 2458 panis
3337 2387 3569 2445 adesset.

1965 2482 2065 2538 llic
2090 2483 2276 2554 itaque
2307 2482 2381 2536 illi
2412 2480 2562 2537 solus
2587 2480 2912 2551 apponitur;
2942 2479 3070 2549 quid
3102 2495 3232 2535 vero
3258 2479 3376 2535 dari
3403 2481 3576 2550 possit

1966 2589 2151 2630 mense
2194 2573 2388 2637 sodali,
2439 2572 2530 2644 qui
2581 2587 2689 2626 non
2734 2570 2967 2626 diversis
2997 2587 3026 2626 a
3065 2585 3124 2627 se
3165 2571 3300 2626 cibis
3336 2570 3408 2626 ali
3447 2586 3577 2626 con-

1965 2673 2249 2728 sueverat,
2284 2678 2391 2719 non
2428 2663 2680 2718 habetur.
2712 2660 3006 2732 Appositus
3039 2671 3124 2716 est
3154 2677 3282 2734 ergo
3313 2662 3388 2717 illi
3424 2661 3578 2716 ciba-

1968 2756 2081 2811 rius
2107 2755 2284 2827 panis,
2322 2765 2526 2826 suppar
2555 2752 2832 2819 videlicet,
2864 2760 2919 2808 et
2949 2751 3201 2807 secunda:
3232 2753 3577 2822 conspersio-

1967 2848 2053 2903 nis
2097 2847 2240 2917 quod
2287 2847 2377 2902 hic
2423 2860 2619 2917 nempe
2667 2860 2773 2901 non
2817 2844 2987 2916 aequis
3025 2844 3239 2915 aspexit
3283 2844 3479 2908 oculis,
3527 2855 3581 2898 et

1969 2942 2212 3014 graviter
2263 2939 2416 3007 tulit;
2479 2938 2743 3011 paulatim
2785 2953 2918 2995 vero
2959 2938 3010 2994 ci
3055 2953 3227 3008 pavor
3271 2937 3482 3003 incidit,
3526 2946 3582 2993 et

1969 3036 2111 3093 intra
2133 3034 2485 3104 semetipsum
2506 3033 2753 3103 cogitare
2771 3031 2938 3102 etrapit
2961 3049 2975 3086 :
2997 3029 3271 3095 Christus,
3291 3029 3488 3099 inquit,
3513 3029 3581 3083 ad

1971 3139 2216 3181 mensam
2247 3139 2425 3180 meam
2465 3121 2697 3178 inferior
2722 3120 2857 3177 mihi
2904 3120 3026 3176 est?
3056 3120 3170 3190 Ego
3198 3133 3266 3174 ne
3290 3117 3581 3173 comedam

1970 3218 2119 3274 velut
2164 3217 2390 3274 herilem
2437 3230 2659 3287 panem,
2705 3223 2761 3270 et
2786 3213 3150 3278 deliciosum;
3197 3220 3252 3267 et
3280 3210 3369 3266 ille
3387 3224 3585 3282 puero-

1975 3326 2095 3366 rum
2139 3323 2386 3365 meorum
2426 3323 2583 3379 pane.
2618 3305 2910 3362 vescctur?
2954 3303 3100 3369 Hac,
3142 3311 3199 3359 et
3242 3302 3330 3358 his
3381 3301 3580 3357 similia

1972 3415 2097 3456 cum
2126 3400 2181 3455 in
2221 3407 2444 3469 pectore
2478 3411 2578 3454 suo
2601 3396 2768 3452 multa
2799 3404 3080 3460 versaret,
3111 3393 3299 3450 incidit
3323 3391 3580 3465 cogitatio

1975 3503 2034 3548 ut
2061 3506 2256 3563 panem
2307 3489 2453 3546 illius
2497 3503 2620 3556 suo,
2651 3502 2919 3558 suumque
2961 3487 3104 3543 illius
3140 3501 3282 3557 pane
3323 3493 3581 3539 mutaret.

1977 3584 2117 3652 Quid
2161 3584 2328 3656 igitur
2359 3581 2594 3654 ageret?
2631 3594 2739 3651 quo
2765 3595 2826 3635 se
2874 3577 3147 3634 verteret?
3199 3575 3413 3631 tolleret
3439 3575 3585 3630 illius

1976 3673 2213 3745 panem?
2243 3673 2339 3728 sed
2370 3673 2545 3742 pudor
2573 3669 2828 3726 obstabat
2873 3682 3034 3723 suum
3079 3666 3393 3722 comederet
3419 3707 3434 3729 ,
3483 3666 3578 3720 sed

1986 3763 2326 3820 conscientia
2359 3760 2729 3817 remordebat.
2762 3756 2903 3826 Quid
2927 3757 3115 3829 plura?
3139 3755 3381 3812 Tandem
3411 3755 3583 3809 vincit

1978 3868 2132 3919 caro,
2169 3861 2226 3907 et
2253 3866 2409 3908 meus
2448 3850 2723 3906 enerviter
2760 3847 3036 3904 obluctata
3080 3845 3405 3903 succumbit.
3446 3844 3583 3898 luci-

1978 3943 2137 4012 piunt
2165 3942 2332 4012 igitur
2373 3949 2604 4009 uterque
2643 3937 2967 4005 comedere:
3015 3936 3106 3991 hic
3151 3935 3380 3997 scilicet,
3429 3933 3586 4003 quasi

1979 4031 2230 4086 dominus
2277 4037 2334 4085 et
2383 4027 2638 4098 princeps
2691 4041 2934 4092 mensae,
2986 4025 3251 4090 nitidum;
3297 4024 3385 4081 ille
3431 4039 3585 4090 vero,

1979 4121 2287 4183 clientium.
2347 4118 2434 4175 vel
2463 4118 2859 4188 mancipiorum
2915 4132 3091 4181 more,
3141 4115 3428 4172 cibarium.
3482 4114 3588 4171 Sed

1981 4226 2104 4268 cum
2135 4210 2466 4275 comederet,
2503 4208 2707 4264 sensim
2735 4221 2908 4278 pavor
2933 4206 3153 4271 accidit,
3183 4215 3238 4261 et
3274 4207 3471 4262 horror
3499 4206 3583 4260 ni-

1982 4303 2125 4359 mius
2167 4302 2412 4357 omnium
2442 4300 2717 4355 viscerum
2750 4313 2973 4354 suorum
3023 4297 3238 4352 interna
3273 4297 3584 4360 concussit;

1983 4394 2276 4452 verebatur
2300 4393 2449 4446 enim
2474 4391 2642 4446 divini
2677 4403 2841 4458 super
2865 4403 2925 4444 se
2950 4396 3132 4444 motus
3163 4386 3423 4457 evigilare
3457 4400 3583 4441 sen-

1983 4486 2242 4552 tentiam,
2286 4482 2673 4552 suspicabatur
2721 4487 2872 4535 cerle
2920 4479 3262 4549 repentinam
3299 4479 3463 4550 iusta:
3501 4493 3589 4534 sc-

1984 4575 2233 4632 veritatis
2274 4573 2560 4630 imminere
2606 4572 2926 4638 vindictam,
2955 4572 3100 4642 quod
3129 4581 3185 4628 et
3213 4570 3416 4627 factum
3465 4579 3571 4628 est.

246 4669 394 4736 quiis
421 4668 668 4735 accingi
695 4675 749 4721 et
777 4667 904 4721 licet
937 4668 1229 4722 exterioris
1262 4668 1443 4723 cultus
1483 4672 1664 4739 specie
1705 4673 1883 4725 adhuc
1911 4643 1961 4699 υ
1987 4665 2061 4722 Os
2087 4665 2232 4721 enim
2259 4665 2423 4735 piscis
2451 4661 2656 4734 gutturi
2687 4661 2807 4732 ejus
2825 4660 3144 4733 pestilenter
3173 4661 3408 4722 inluesit.
3441 4659 3587 4729 quod

245 4757 520 4811 videatur
579 4758 798 4810 hat-rere
838 4757 1082 4822 caducis,
1112 4765 1224 4811 toto
1249 4767 1430 4811 tamen
1463 4758 1660 4812 mentis
1688 4757 1880 4813 aﬂ'ectu
1909 4811 1933 4828 ,
1987 4758 2112 4814 ullis
2134 4756 2359 4812 Omnino
2394 4754 2682 4811 conatibus
2711 4753 2851 4806 trahi
2881 4752 2934 4806 in
2965 4751 3221 4805 interiora
3253 4763 3359 4804 non
3384 4750 3581 4819 potuit.

245 4847 408 4906 bonis
429 4849 672 4921 aspirat
700 4849 935 4904 atteruis.
973 4846 1087 4904 Sub
1134 4847 1615 4916 mollibus-itaque
1641 4847 1885 4902 vestibus
1984 4846 2261 4902 Glutiebat
2319 4860 2384 4899 ex
2445 4842 2714 4898 industria
2762 4842 2985 4905 cibum,
3025 4855 3133 4895 non
3185 4837 3580 4905 descendebat;

1441 4956 1813 5015 GODEFRIDI
1854 4955 2269 5018 HENSCHENII
2311 4951 2542 5010 NOTIE.

318 5076 399 5142 (ι)
439 5073 727 5129 Damiani
749 5079 972 5127 nomine.
1001 5072 1244 5127 Damiani
1271 5070 1505 5142 hieejns
1524 5068 1690 5142 frater
1709 5110 1733 5142 ,ί
1753 5069 1875 5142 dein

247 5147 349 5201 {ait
381 5139 891 5214 archipresbyter
930 5141 1372 5214 Ravennas,_cui
1403 5139 1623 5214 scripsit
1654 5141 1812 5214 epist.
1841 5139 1877 5193 2

252 5219 343 5269 lib.
394 5231 426 5266 v
472 5209 603 5268 sali
631 5214 737 5268 hoc
761 5209 932 5268 'titulo
962 5228 976 5265 :
1007 5212 1215 5266 Damno
1261 5211 1518 5264 Damiano
1563 5209 1718 5278 fratri
1749 5210 1879 5263 cha-

249 5287 469 5340 rissima
516 5281 734 5336 Petrus
772 5293 1012 5350 peccator
1050 5281 1370 5343 monachus,
1411 5281 1662 5351 quidquid
1701 5296 1880 5351 servus

248 5368 295 5408 et
337 5355 561 5423 ﬁliua;_
584 5366 666 5406 ac
713 5349 857 5412 dein.
896 5351 1269 5423 dulcissimum
1314 5360 1360 5423 et
1393 5349 1786 5423 dilectissimum
1826 5350 1882 5403 in

252 5419 468 5478 Christo
525 5421 764 5476 Patrem
793 5431 840 5473 et
871 5421 1139 5475 dominum
1191 5419 1452 5490 appellat,
1500 5434 1653 5473 suam
1687 5419 1759 5473 illi
1791 5435 1882 5474 ue-

249 5497 599 5567 gligentiam
653 5492 971 5552 conﬁtetur,
997 5489 1233 5567 ejusque
1258 5489 1447 5560 preces
1468 5490 1692 5567 expetit.
1722 5489 1883 5567 Euiu-

254 5559 373 5618 ῧειῖι
419 5564 786 5620 Damianum
824 5577 890 5614 ex
935 5559 1407 5630 arcltipt‘csbytet‘o
1448 5561 1770 5613 monachum
1805 5559 1879 5630 fa:

251 5645 401 5690 rtum
453 5632 654 5689 tradit
712 5631 804 5685 lib.
853 5646 936 5692 tt,
981 5627 1139 5699 epist.
1201 5627 1288 5683 ηε
1347 5630 1583 5684 Alterius
1639 5627 1884 5699 Damiani

251 5707 472 5772 nepotis
499 5705 600 5759 sui
647 5701 898 5772 meminit
920 5698 1171 5772 cpist.__ll
1218 5699 1310 5752 lib.
1345 5716 1392 5772 ιθ,
1414 5699 1493 5772 ad
1521 5698 1885 5772 Alexandrum

251 5775 295 5828 ll
324 5769 586 5844 ponti!”
648 5779 710 5844 et
752 5771 911 5844 epist.
953 5769 1152 5844 illi“).
1184 5783 1233 5821 Vl
1258 5809 1272 5828 .
1311 5771 1376 5844 ad
1409 5769 1742 5844 Stephanum
1775 5783 1886 5818 ntu-

252 5835 498 5900 rtaclmm
527 5886 541 5900 .
572 5835 695 5896 ilbi
747 5835 939 5894 sororis
986 5839 1152 5908 ﬁlium
1195 5840 1446 5908 appellat.
1477 5835 1662 5891 Eidem
1705 5854 1890 5890 mona-

1983 5074 2087 5128 cho
2117 5071 2259 5125 facto
2304 5066 2496 5122 scribit
2525 5065 2684 5134 epist.
2726 5063 2787 5118 2|
2849 5075 2903 5118 et
2938 5062 3011 5134 22
3049 5063 3293 5134 ejusdem
3325 5061 3447 5116 libri
3503 5078 3576 5117 vi.

2055 5142 2132 5213 (5)
2165 5139 2496 5213 litterarum
2533 5131 2770 5213 apicibus
2807 5133 3054 5213 tradidit.
3080 5131 3113 5184 “‹
3163 5131 3576 5213 Adolescentem

1982 5229 2040 5268 se
2061 5202 2126 5266 'in'
2162 5209 2453 5264 Faventina
2503 5202 2634 5259 urbe
2663 5211 2884 5271 propter
2910 5203 3210 5271 litterarum
3245 5202 3421 5255 studia
3449 5217 3580 5256 cono

1982 5286 2231 5339 stitutum
2271 5299 2288 5332 ο
2337 5276 2502 5330 fuisse
2546 5270 2846 5341 ait.’epist.
2886 5270 2955 5326 '50
3007 5270 3098 5324 lib.
3124 5286 3196 5341 Αἰ
3234 5288 3246 5322 :
3287 5279 3343 5323 at
3377 5289 3394 5321 ι
3449 5275 3577 5326 dum

1985 5356 2038 5408 in
2065 5355 2180 5421 ipso
2205 5339 2782 5421 adolescentice__l_h_ire,_
2802 5351 2857 5395 et
2884 5356 3020 5395 nova
3049 5339 3304 5421 pubertas
3334 5341 3584 5396 indueret

1988 5411 2216 5483 faciem,
2259 5427 2315 5471 et
2359 5425 2523 5469 aestus
2578 5413 2824 5483 libidinis
2861 5411 3186 5483 accenderet
3237 5425 3454 5483 carnem
3477 5426 3583 5483 ,Jsc

1990 5493 2129 5564 apud
2158 5479 2452 5564 Parmense
2482 5483 2783 5564 oppidum,
2818 5479 3116 5564 liberalium
3157 5479 3356 5532 artium
3388 5480 3580 5564 studiis

1993 5549 2252 5617 iiistitisse
2288 5576 2304 5607 ι
2341 5555 2436 5615 ait,
2482 5549 2664 5616 libfv,
2695 5554 2854 5620 epist.
2903 5551 2967 5603 lli
2987 5565 3010 5620 ;7
3029 5564 3259 5616 quorum
3299 5559 3354 5602 et
3389 5549 3479 5600 lib.
3511 5563 3578 5620 It,

1991 5616 2150 5700 epist.
2186 5629 2244 5680 l7
2267 5669 2280 5687 ,
2321 5623 2584 5700 meminit.
2612 5616 3182 5700 lvotli‘em“tramisit-uin
3209 5635 3363 5700 suum
3397 5616 3575 5700 appel-

1995 5687 2066 5755 lit
2112 5701 2202 5752 lib.
2258 5713 2343 5757 vt,
2395 5693 2557 5762 epist:
2606 5692 2690 5762 l7.
2723 5688 2912 5742 Studia
2937 5687 3095 5742 dictis
3123 5689 3174 5741 in
3208 5688 3337 5740 locis
3362 5695 3579 5754 peracta

1993 5788 2110 5827 esse
2143 5768 2303 5821 tradit
2335 5760 2496 5818 etiam
2531 5760 2766 5813 llubeus.
