4040 6378
481 368 581 427 H9

1385 376 1442 432 S.
1477 379 1750 437 PETRUS
1793 380 2145 439 DAMMNUS
2279 383 2340 436 [ἶ.
2385 381 2443 436 Ε.
2487 381 2918 437 CARDINALIS.

3630 379 3746 441 £20

477 487 742 550 screabat,
779 487 1101 540 tantumdem
1140 497 1292 552 erat;
1326 493 1622 546 conabatur
1651 493 1917 557 emittere,
1955 495 2048 548 sed
2079 506 2125 562 Α
2155 509 2272 547 eum
2305 494 2384 548 eis
2430 494 2702 564 cmpisset,
2751 493 2832 547 sui
2864 493 3096 562 pectoris
3143 491 3399 548 revelat-it
3444 506 3738 548 arcanum.

477 573 630 629 aliixa
660 577 924 645 pernicies
961 576 1311 632 nihilominus
1353 580 1644 636 immobilis
1677 584 2046 651 permanebat.

479 663 836 718 Erubescebat
865 674 1042 718 tamen
1072 667 1254 721 dicere
1279 669 1424 737 quod
1449 671 1778 725 intrinsecus
1808 673 2051 739 patieba-

478 766 592 821 tur;
640 756 1006 812 clandestinus
1075 775 1196 812 eum
1249 761 1464 814 tenebat
1529 763 1757 824 hamus,
1808 772 1862 816 ct
1905 764 2051 818 velut

477 849 745 900 incautum
779 849 979 916 piscem
1006 890 1020 914 ,
1054 864 1150 918 per
1188 851 1363 920 gulam
1395 852 1639 906 trahebat
1685 853 1748 904 ad
1780 864 2044 916 mortem;

475 939 707 1008 undique
735 939 810 994 illi
841 943 1330 1012 augmentahantur
1360 943 1649 1010 angustizr,
1695 953 1749 998 et
1796 960 1899 997 non
1940 954 2044 998 tam

471 1044 618 1084 ntors
649 1045 809 1099 quam
841 1033 1030 1086 mortis
1064 1032 1274 1101 turpido
1309 1032 1564 1086 terrebat.
1598 1031 1826 1086 Malebat
1851 1034 2049 1104 quippe

471 1129 530 1173 ut
551 1134 610 1174 se
635 1121 736 1174 tela
768 1122 1164 1194 transfigerent,
1196 1137 1355 1191 quam
1384 1119 1561 1176 ftedus
1591 1124 1882 1193 prurientis
1912 1125 2046 1196 gulae

472 1210 728 1266 interitus
775 1212 1108 1282 deturparet.
1158 1213 1399 1266 Anbeius
1435 1215 1756 1268 anxiabatur
1801 1215 2046 1285 spiritus,

469 1313 523 1356 et
567 1305 812 1358 maeroris
861 1303 1094 1358 tenebrae
1145 1306 1193 1358 ei
1247 1305 1390 1359 circa
1438 1305 1624 1360 oculos
1671 1306 2044 1364 volvebantur.

469 1396 606 1464 Quid
635 1399 880 1467 pluribus
909 1399 1124 1453 moror?
1146 1398 1384 1453 Tandem
1409 1398 1625 1454 Christo
1645 1399 1859 1466 dctnlit,
1888 1401 2046 1469 eique

468 1503 526 1543 se
549 1488 829 1559 imparem,
853 1501 907 1544 et
932 1492 974 1546 si
1006 1509 1108 1548 non
1134 1507 1290 1562 pane,
1316 1502 1493 1546 tamen
1525 1501 1811 1562 potestate,
1841 1493 2044 1565 liquido

469 1581 738 1648 cognovit.
765 1581 1065 1636 Buccellam
1089 1598 1242 1637 suam
1271 1584 1494 1653 pauperi
1523 1582 1753 1638 festinus
1774 1586 2040 1655 apposuit,

464 1669 688 1739 ejusque
717 1681 842 1726 ante
867 1687 925 1726 se
966 1673 1164 1726 vicaria
1214 1674 1611 1743 permutatione
1642 1674 1857 1730 locavit.
1888 1677 1972 1742 Et,
2010 1694 2043 1733 0
2073 1680 2076 1682 ’

461 1759 780 1829 placabilem
824 1762 990 1815 Deum
1036 1778 1198 1832 super
1242 1763 1445 1818 malitia
1495 1767 1708 1819 nostra!
1746 1765 1926 1819 statim
1976 1767 2041 1820 ad

2153 585 2229 639 Illi
2259 600 2406 642 vero.
2451 595 2726 655 gratanter
2768 584 3048 638 audientes
3099 583 3239 653 quod
3290 583 3582 653 panditur,
3629 584 3746 653 piis

2151 691 2270 730 eum
2303 677 2522 731 monitis
2551 677 2606 730 in
2634 677 2862 746 idipsum
2897 676 3199 730 roborando
3226 676 3577 730 succendunt.
3609 675 3743 729 Sci-

2150 768 2376 822 scitatur
2404 784 2532 838 ergo
2561 785 2628 822 an
2662 778 2884 823 sanctus
2921 768 3132 823 illorum
3171 768 3359 832 abbas,
3393 767 3547 836 cujus
3588 768 3743 822 fama

2151 859 2431 914 laudabilis
2460 861 2524 914 ad
2556 862 2722 930 ipsius
2746 862 2852 930 jam
2887 861 3134 916 notitiam
3161 872 3404 924 venerat.
3431 862 3578 917 illum
3609 879 3745 919 sus-

2149 949 2374 1017 ciperet,
2401 950 2444 1004 si
2477 951 2541 1004 ad
2573 952 2739 1021 ipsius
2791 953 3202 1008 contubernium
3231 954 3491 1009 accedere
3529 955 3744 1009 voluis-

2148 1048 2247 1092 set.
2301 1039 2408 1092 lilis
2444 1041 2659 1109 quidem
2730 1041 3092 1096 annitentibus
3163 1051 3326 1112 atque
3399 1043 3574 1114 ipsum
3629 1045 3746 1100 hoc

2146 1130 2614 1202 persuadentihus,
2645 1133 2868 1201 spondet
2898 1147 2976 1196 se,
2999 1133 3179 1187 divina
3207 1134 3505 1202 opitulante
3535 1135 3743 1205 gratia,

2145 1221 2464 1290 quantocius
2491 1223 2559 1276 ad
2587 1237 2681 1277 eos
2711 1232 3022 1287 venturum,
3047 1233 3105 1277 ιιι
3131 1226 3300 1292 possit
3323 1240 3478 1279 suum
3510 1226 3748 1296 implere

2147 1311 2495 1366 desiderium.
2527 1313 2732 1380 Quibus
2771 1323 3084 1384 argenteum
3111 1315 3371 1385 scyphum
3398 1313 3617 1380 obtulit,
3649 1331 3747 1372 ro-

2147 1418 2279 1473 gans
2301 1404 2442 1472 quod
2469 1419 2591 1458 eum
2622 1406 2978 1474 suscipientes
3000 1407 3197 1459 domno
3224 1405 3404 1459 abbati
3436 1404 3742 1460 deferrent.

2147 1496 2228 1549 llli
2264 1512 2410 1562 vero,
2441 1498 2584 1552 vasis
2612 1498 3029 1565 amplitudinem.
3057 1506 3366 1560 cernentes,
3409 1499 3619 1568 pondus
3653 1499 3743 1552 in-

2146 1595 2377 1652 cttsant,
2428 1588 2527 1641 vix:
2572 1587 2830 1655 longioris
2880 1588 3323 1655 impedimentum
3371 1588 3744 1655 prmtendunt,

2145 1677 2388 1731 dicentes
2411 1693 2514 1732 non
2545 1692 2605 1732 se
2635 1693 2794 1747 posse
2825 1687 2972 1731 tanta
3007 1677 3218 1732 sarcina
3247 1677 3459 1747 gravari
3486 1677 3749 1746 viamque

2146 1765 2338 1835 prolixi
2410 1767 2617 1821 itineris
2669 1767 2951 1836 impedire.
2995 1767 3240 1836 Cumque
3290 1767 3343 1820 in
3394 1767 3750 1838 suscipiendo

461 1853 695 1922 primum
722 1854 930 1924 accepti
968 1855 1122 1926 panis
1158 1864 1394 1926 gustum,
1439 1857 1609 1924 pestis
1656 1856 1742 1910 illa
1771 1866 2041 1926 pertrans-
2073 1870 2116 1928 Β
2143 1868 2266 1908 cum
2296 1855 2546 1924 precibus
2576 1855 2823 1919 instaret,
2851 1857 3002 1908 aiunt
3029 1855 3102 1908 ilti
3136 1875 3147 1906 :
3181 1853 3236 1908 Si
3267 1870 3398 1922 ergo
3426 1868 3524 1908 nos
3558 1863 3749 1908 tanto-

461 1947 580 2010 ivit,
609 1955 664 2000 et
699 1947 1061 2017 interceptum
1101 1947 1460 2018 fragmentum
1499 1947 1787 2012 decidens,
1821 1949 1872 2002 in
1904 1949 2042 2004 inte.

461 2036 606 2090 riora
637 2045 918 2108 purgatur.
953 2035 1251 2092 Deliciosus
1290 2037 1470 2105 itaque
1497 2038 1651 2108 panis
1679 2038 1724 2091 ei
1759 2036 1934 2092 factus
1960 2047 2042 2093 est

458 2125 645 2196 plaga;
715 2141 935 2194 gressus
976 2141 1107 2182 vero
1149 2135 1204 2181 et
1252 2126 1458 2190 durus,
1511 2127 1798 2182 medicina.
1848 2128 2036 2182 Escam

461 2217 711 2281 mutavit,
741 2228 796 2270 et
827 2216 1100 2286 laqueum.
1133 2217 1223 2288 qui
1256 2232 1378 2271 eum
1408 2216 1648 2272 feraliter
1679 2218 2034 2287 astringcbat,

461 2305 709 2360 absolvit.
747 2307 1006 2376 Deposuit
1035 2305 1365 2376 superbiam,
1395 2307 1780 2376 caelestemque
1810 2322 2038 2378 persen-

458 2397 529 2451 sit
553 2396 619 2450 de
654 2397 960 2450 luunilitate
988 2397 1338 2460 medicinam,
1374 2404 1427 2450 et
1458 2411 1704 2465 superna:
1737 2397 2038 2451 miseratio-

459 2488 545 2541 nis
573 2487 855 2553 medelam,
896 2502 1058 2556 quam
1105 2487 1359 2540 nimirum
1398 2498 1457 2539 ut
1483 2501 1542 2540 se
1571 2496 1676 2540 tam
1720 2485 2040 2541 mirabiliter

458 2579 757 2633 obtinuisse
801 2577 1091 2648 persensit,
1143 2578 1195 2630 in
1227 2578 1306 2630 sui
1357 2577 1664 2631 liberatoris
1707 2577 2034 2646 praeconium

456 2667 830 2737 hujuscemodi
886 2684 1009 2724 mox
1058 2683 1308 2723 sermone
1353 2667 1603 2737 prorupit
1651 2683 1664 2721 :
1716 2667 2038 2723 Benedictus

456 2763 799 2831 omnipolens
847 2761 989 2816 Deus
1015 2801 1028 2825 ,
1076 2761 1167 2830 qui
1211 2759 1642 2829 periclitantibus
1688 2761 1956 2822 subvenit,
1985 2770 2041 2814 et

460 2853 512 2907 in
567 2853 820 2919 gaudium
898 2853 964 2907 de
1033 2866 1268 2906 maerore
1320 2851 1620 2916 convertit;
1673 2853 2036 2921 arrogantiam

457 2943 650 3006 calcat,
683 2941 1081 3011 superbientem
1117 2940 1385 3004 bumiliat,
1417 2949 1580 3010 atque
1611 2939 2037 2994 misericordiam

458 3035 704 3105 largitur,
742 3042 1009 3104 quatenus
1040 3042 1094 3089 et
1136 3034 1248 3101 ipse
1277 3048 1376 3087 nos
1400 3033 1466 3086 ad
1497 3032 1925 3087 misericordiam
1958 3031 2040 3084 in—

454 3124 590 3177 vitat
633 3141 646 3177 :
682 3121 882 3184 Estote,
937 3122 1134 3192 inquit,
1181 3123 1563 3186 misericordes,
1606 3123 1740 3175 sicut
1785 3134 1832 3174 et
1879 3119 2040 3175 Pater

455 3227 620 3269 tester
653 3215 869 3269 calcatis
915 3214 1205 3268 misericors
1248 3225 1321 3267 est
1368 3213 1520 3284 (Luc.
1549 3212 1659 3283 vi);
1695 3229 1916 3284 sumque
1944 3213 2036 3267 tri—
2063 3222 2109 3283 (ζ

458 3307 746 3362 bulationis
794 3307 1092 3377 periculum
1121 3348 1135 3371 ,
1199 3307 1341 3376 quod
1390 3315 1616 3360 eatenus
1665 3305 2036 3360 erubescendo

457 3396 729 3451 celaverat
754 3437 766 3460 ,
797 3397 909 3464 jam
941 3399 1152 3451 cunctis
1176 3411 1288 3466 prae
1318 3397 1512 3467 gaudio
1541 3405 1743 3449 narrat.
1777 3395 1928 3462 Quod
1956 3396 2039 3451 vis

459 3486 722 3554 siquidem
763 3486 964 3541 doloris
1005 3502 1108 3540 non
1158 3486 1323 3540 valuit
1355 3485 1552 3540 laetitia:
1591 3487 1907 3557 magnitudo
1945 3502 2040 3541 ex-

459 3577 638 3631 torsit.
690 3577 753 3631 Et
805 3577 1021 3653 quidem
1071 3578 1300 3648 ipsemet
1348 3589 1457 3632 tam
1510 3579 1613 3634 hoc
1663 3594 1822 3648 quam
1873 3579 2036 3642 aliud,

460 3669 602 3735 quod
641 3668 706 3722 de
748 3669 862 3735 ejus
898 3668 1198 3752 abjcetione
1247 3681 1496 3726 recentcr
1529 3673 1640 3726 nati
1674 3674 1924 3743 superius
1957 3687 2039 3728 re-

458 3760 578 3825 tuli,
606 3762 719 3814 suis
745 3761 1018 3830 opusculis
1046 3763 1320 3818 cxarando
1349 3764 1600 3818 inseruit.

1060 3875 1286 3933 CAPUT
1344 3877 1431 3932 IV.

459 3963 786 4019 Desiderium
845 3968 1180 4022 renuntiandi
1257 3970 1491 4034 SR’CNIO,
1563 3979 1611 4022 et
1668 3971 1929 4039 ingressus
1984 3967 2040 4021 in

1085 4039 1410 4110 religionem.

531 4122 751 4190 Verum,
782 4135 842 4179 ut
886 4126 952 4181 ad
1003 4144 1157 4182 suum
1206 4129 1453 4184 ordinem
1489 4139 1674 4184 noster
1715 4131 1828 4199 jam
1861 4143 2043 4182 sermo

458 4227 724 4274 recurrat.
767 4217 854 4273 hic
881 4217 1084 4274 Christi
1128 4221 1253 4283 tiro,
1283 4219 1556 4274 flammam
1588 4221 1669 4275 sui
1707 4207 2041 4290 pectoris'ad

458 4305 648 4359 altiora
686 4308 824 4364 votis
869 4309 1120 4365 attollens
1149 4311 1402 4376 assiduis,
1431 4311 1574 4379 quod
1627 4319 1808 4364 mente
1852 4325 2036 4366 conce~

459 4407 610 4468 perat
670 4399 893 4468 implch
943 4403 1294 4457 vehementer
1341 4403 1608 4472 optabat,
1661 4403 1867 4456 scilicet
1916 4402 2042 4456 ltuit:

456 4490 653 4546 s:eculo
683 4489 923 4547 funditus
955 4496 1265 4549 renuntiare
1304 4496 1653 4563 habitumque
1695 4495 1900 4548 militia:
1931 4496 2040 4564 spi-

2143 1961 2273 2015 pere
2322 1947 2489 2017 cogis,
2537 1962 2637 2001 nec
2686 1955 2776 2000 tuo
2806 1962 3003 2000 vacuos
3047 1961 3270 2000 munere
3316 1960 3541 2014 prorsus
3584 1945 3750 2000 abire

2142 2039 2432 2108 permittis,
2483 2036 2994 2107 pratbehujusmodi
3027 2037 3304 2106 quidpiam
3353 2035 3496 2089 aliud
3527 2078 3542 2100 ,
3588 2036 3746 2105 quod

2143 2143 2242 2182 nos
2272 2128 2478 2197 absque
2512 2128 2610 2182 via:
2655 2128 2937 2196 dispendio
2973 2127 3142 2184 levius
3187 2141 3284 2194 pro
3334 2136 3421 2179 tua
3451 2127 3750 2182 devotione

2142 2216 2385 2288 perferre
2415 2217 2710 2272 valeamus.
2745 2216 2895 2284 Quod
2947 2216 3034 2271 ille
3083 2217 3311 2271 audiens
3337 2258 3351 2278 ,
3387 2217 3750 2273 vehementer

2141 2305 2421 2370 admirari,
2450 2317 2666 2378 stupere
2696 2323 2991 2377 secumque
3019 2307 3202 2362 dicere
3229 2307 3396 2375 cmpit
3431 2325 3443 2360 :
3481 2307 3580 2374 Qui
3611 2316 3748 2362 sunt

2143 2397 2230 2450 isti
2256 2399 2369 2466 qui,
2405 2398 2528 2451 dum
2557 2412 2822 2466 pauperes
2851 2398 3116 2466 cgenique
3145 2397 3418 2462 videntur,
3450 2396 3587 2451 adeo
3617 2413 3751 2468 quae

2144 2495 2273 2540 sunt
2313 2485 2498 2540 mundi
2562 2483 2720 2552 hujus
2772 2486 3076 2554 despiciunt
3141 2495 3198 2539 ut
3243 2486 3294 2538 in
3345 2486 3552 2553 optimo
3610 2501 3750 2541 vase

2145 2577 2367 2631 ferendo
2416 2591 2695 2630 assumere
2747 2576 2833 2628 vel
2873 2576 3153 2629 minimum
3200 2575 3441 2630 laborem
3490 2585 3747 2631 contem-

2142 2667 2309 2719 nant?
2341 2665 2529 2721 Nonne
2557 2681 2682 2720 vere
2712 2665 2910 2719 liberos
2942 2680 3176 2734 vereque
3206 2666 3437 2719 dixerim
3485 2680 3577 2720 eos
3611 2666 3748 2721 bea-

2142 2770 2245 2823 tos,
2300 2761 2389 2828 qui
2446 2769 2595 2813 tanta
2635 2758 2951 2813 fortitudine
3000 2759 3314 2812 ambitionis
3341 2759 3530 2829 jugum
3561 2759 3676 2813 suis
3713 2775 3748 2814 e

2143 2851 2448 2904 cervicibus
2497 2851 2822 2913 excussisse,
2873 2857 3134 2918 tantaque
3163 2849 3362 2903 mentis
3408 2848 3744 2903 excellentia

2141 2955 2335 2994 vanam
2387 2941 2568 2994 mundi
2624 2953 2873 3010 pompam
2911 2937 3154 2993 calcasse
3201 2937 3534 2993 cernuntur?
3584 2936 3746 2993 Unde

2142 3047 2307 3102 super
2362 3032 2466 3087 hoc
2515 3031 2806 3100 plurimum
2855 3030 3194 3093 aedificatus,
3243 3029 3617 3084 vehementius
3670 3029 3744 3082 ad

2142 3122 2417 3177 saecularis
2445 3137 2653 3193 pompae
2688 3133 3057 3193 contemptum
3089 3123 3464 3178 succenditur.
3499 3121 3582 3176 Ab
3611 3121 3747 3177 hinc.

2142 3215 2307 3286 igitur
2349 3215 2415 3269 de
2460 3231 2556 3270 sua
2605 3215 2757 3270 valde
2807 3214 3193 3284 pollicitatione
3233 3213 3497 3268 sollicitus
3524 3255 3538 3278 ,
3583 3213 3748 3283 prius

2140 3308 2290 3375 Cupit
2315 3306 2554 3375 experiri
2583 3316 2761 3359 utrum
2793 3303 3021 3369 eellnize,
3069 3319 3230 3374 quem
3261 3304 3528 3362 audierat,
3577 3301 3743 3358 labo-

2141 3415 2254 3454 rem
2282 3398 2528 3469 pert‘erre
2561 3397 2848 3454 suliicerct.
2883 3397 3181 3464 Quamdam
3213 3397 3397 3465 itaque
3432 3394 3624 3450 cellam
3661 3393 3744 3464 (7)

2143 3489 2444 3560 ingreditur
2476 3529 2490 3554 ,
2528 3489 2579 3542 in
2621 3504 2723 3558 qua
2775 3489 3032 3542 nimirum
3083 3486 3442 3556 quadraginta
3493 3485 3695 3539 diebus
3726 3524 3744 3548 ,

2143 3578 2209 3634 ad
2248 3580 2388 3634 illius
2417 3579 2711 3654 eremiticae
2756 3578 3056 3634 sanctionis
3088 3577 3296 3640 instar,
3340 3591 3445 3630 non
3493 3575 3747 3645 segniter

2141 3681 2444 3727 exercetur.
2477 3671 2593 3739 Qua
2642 3671 2848 3725 scilicet
2878 3668 3213 3738 experientia
3250 3667 3541 3722 admodum
3577 3667 3749 3721 robo-

2142 3777 2322 3831 ratus,
2357 3765 2430 3818 nil
2468 3763 2581 3832 jam
2614 3764 2779 3833 cmpit
2810 3761 3146 3817 ercmiticam
3181 3760 3325 3814 illam
3353 3758 3744 3813 austeritatem

2141 3856 2526 3926 pertimescere
2553 3870 2568 3918 ;
2609 3853 2715 3907 imo
2744 3862 2857 3907 toto
2885 3867 3006 3906 eam
3047 3849 3243 3906 affectu
3273 3850 3549 3904 inbiautcr
3575 3864 3747 3919 appe-

2142 3952 2277 3998 tere.
2316 3941 2583 4012 Tempore
2613 3942 2792 4010 itaque
2833 3951 3019 4012 optato
3047 3949 3322 4008 suscepto,
3353 3955 3459 4007 quo
3485 3938 3749 3994 viuelicet

2143 4037 2193 4090 id
2224 4045 2348 4104 apte
2374 4050 2632 4106 peragere
2672 4043 2868 4104 prmter
2913 4035 3195 4089 scientiam
3227 4049 3447 4088 suorum
3480 4033 3738 4088 omnium

2142 4137 2345 4196 posset,
2371 4142 2654 4182 assumens
2681 4143 2744 4181 cx
2775 4128 2886 4181 suis
2916 4128 3070 4182 bouis
3101 4143 3220 4196 qtuc
3249 4126 3434 4189 voluit,
3465 4125 3602 4179 clam
3633 4113 3747 4180 iter

2145 4220 2391 4288 arripuit.
2423 4218 2556 4274 Cum
2603 4219 2670 4271 ad
2705 4233 2944 4272 eventum
2977 4220 3311 4288 pervenisset
3337 4259 3351 4282 ,
3401 4217 3747 4273 desiderium

2144 4323 2254 4362 sua:
2306 4309 2505 4361 mentis
2569 4306 2872 4360 senioribus
2921 4305 3027 4358 iliis
3077 4306 3368 4374 aperiens,
3418 4306 3470 4359 in
3518 4305 3745 4361 illorum

2142 4397 2473 4451 consortium
2507 4411 2566 4450 se
2597 4394 2887 4463 recipiendi
2931 4396 3121 4448 devote
3168 4395 3454 4462 poposcit;
3489 4395 3574 4447 cui
3607 4411 3739 4449 mox

2142 4490 2282 4558 quod
2311 4489 2599 4543 salubriter
2633 4487 2868 4557 postulat
2901 4497 3181 4554 gratanter
3207 4487 3544 4555 permittitur
3568 4497 3748 4558 atque

455 4567 666 4637 rituaiis
695 4598 992 4640 assumere.
1041 4585 1296 4639 Attamen
1335 4586 1383 4637 in
1419 4586 1611 4654 patriis
1649 4585 1844 4639 finibus
1889 4601 2045 4654 pror-
2076 4580 2118 4637 0
2148 4570 2236 4635 ιιῖιὶ
2263 4598 2328 4636 ex
2359 4582 2639 4644 fratribus,
2684 4595 2780 4650 pro
2811 4580 3141 4633 novitiorum
3187 4593 3338 4633 more
3383 4579 3746 4636 instruendus

460 4686 551 4725 sus
579 4673 678 4728 hoc
706 4689 868 4744 agerc
905 4675 1213 4737 recusabat,
1243 4689 1311 4729 ne
1340 4675 1420 4727 vel
1451 4676 1708 4734 amnium.
1738 4676 1819 4728 vel
1853 4692 2040 4731 ncces-

459 4761 720 4816 sariorum
775 4763 1000 4820 affectus
1048 4765 1325 4834 quodlibet
1385 4766 1488 4818 sibi
1536 4765 1604 4818 ad
1651 4763 2036 4832 perfectionem

459 4852 698 4906 tendenti
726 4856 942 4908 noxium
977 4865 1198 4924 pararet
1236 4856 1598 4910 obstandum.
1627 4855 1738 4910 Hoc
1767 4864 1945 4909 autem
1974 4871 2037 4910 eo

453 4944 748 5000 meditante
803 4955 966 5014 atque
1035 4948 1268 5001 assiduis
1321 4948 1658 5012 orationibus
1727 4956 1987 5002 exui-ante
2022 4988 2034 5010 .

457 5041 719 5099 quatenus
765 5035 865 5089 sibi
903 5051 932 5088 a
983 5037 1208 5091 Domino
1235 5021 1414 5090 aditus
1440 5038 1767 5106 panderetur
1807 5038 1996 5092 salutis
2020 5079 2032 5100 ,

453 5137 580 5176 ecce
636 5127 738 5180 duo
799 5125 997 5182 fratres
1045 5127 1113 5186 ab
1159 5142 1343 5182 eremo
1391 5137 1589 5181 sanctae
1638 5129 1826 5183 Crueis
1872 5130 2035 5183 l‘ontis

455 5215 724 5270 Avellante
752 5218 852 5287 (6),
883 5219 1038 5286 cujus
1071 5220 1214 5273 fama
1243 5219 1352 5287 jam
1386 5221 1485 5274 sibi
1517 5221 1673 5288 plane
1707 5222 2032 5286 inuolueral,

455 5304 582 5370 illuc
608 5306 800 5363 directi
829 5310 1138 5364 adveniunt.
1167 5313 1312 5378 Quos
1340 5329 1459 5365 cum
1487 5312 1670 5366 divino
1693 5321 1820 5364 nutu
1843 5314 2031 5368 obvios

454 5397 728 5456 habuisset
792 5418 857 5458 ac
924 5415 1259 5474 pemptatam
1309 5405 1777 5462 conuersationem
1832 5406 2029 5462 habere

2142 4674 2501 4728 contraditur.
2543 4672 2644 4739 Qui
2686 4687 2807 4725 cum
2856 4687 2984 4724 cum
3031 4674 3096 4724 ad
3121 4670 3369 4725 cellulam
3397 4671 3746 4736 deduxisset,

2145 4781 2288 4826 mox,
2321 4774 2376 4817 ut
2399 4764 2582 4830 jussus
2607 4763 2804 4824 fuerat,
2837 4762 2993 4815 lineis
3022 4771 3243 4815 exutum
3271 4761 3559 4830 cilicioque
3583 4763 3747 4817 indu-

2143 4863 2274 4918 tum,
2307 4854 2370 4907 ad
2394 4855 2640 4907 abbatem
2668 4853 3089 4922 reduxitzqucm
3120 4853 3287 4906 abbas
3317 4852 3527 4907 cuculla
3554 4869 3749 4924 supcr-

2142 4949 2286 5002 imlui
2320 4948 2523 5016 absque
2548 4963 2695 5000 mora
2727 4950 2996 5016 |tr1[‘.t'(‘pil.
3027 4947 3141 5016 Ipse
3170 4965 3298 5001 vero
3325 4963 3488 5015 super
3512 4948 3617 5001 hoc
3645 4951 3749 5003 atl-

2147 5039 2368 5102 tniraus,
2402 5041 2614 5095 dicebat
2644 5041 2781 5093 intra
2815 5055 2872 5092 ευ
2903 5058 2914 5090 :
2958 5038 3096 5104 Quid
3128 5040 3256 5091 mihi
3291 5039 3526 5091 aeridit?
3557 5056 3745 5096 nonne

2145 5133 2402 5186 debebam
2435 5133 2584 5202 prius
2613 5133 2912 5200 discipiium
2960 5132 3118 5200 hujus
3159 5132 3597 5201 experimentum
3642 5153 3743 5186 ra-

2143 5237 2272 5292 pere
2304 5239 2365 5277 ac
2391 5222 2729 5292 postmodum
2762 5223 2827 5274 ad
2859 5221 3260 5290 suscipiendum
3292 5221 3452 5276 istum
3487 5223 3743 5276 ultronec

2141 5329 2368 5383 poscens
2402 5314 2696 5368 accedere?
2742 5313 2993 5382 Nunquid
3044 5313 3195 5366 vaieo
3233 5324 3340 5366 tam
3372 5313 3551 5368 subito
3596 5330 3740 5383 prai-

2141 5417 2336 5462 ventus
2394 5407 2807 5474 obtemperare?
2859 5405 3102 5474 Cumque
3148 5405 3249 5458 huc
3292 5420 3474 5460 secum
3524 5421 3738 5476 ageret,

1586 5515 1952 5571 CODEFliIDi
1995 5515 2405 5572 llENSClI-ENil
2449 5516 2679 5572 NOTAS.

527 5623 600 5696 (Ci)
641 5625 914 5696 Ab_et'euto
963 5627 1021 5682 S.
1055 5627 1238 5682 (Iruris
1283 5626 1779 5682 Fonl's-Arclt'nna'.
1823 5626 2026 5696 Smpius

455 5694 667 5772 ttontiue
712 5693 893 5746 Fami-
920 5697 1153 5752 Arri/ani
1184 5698 1351 5753 solum
1389 5700 1704 5768 nppe'hlttr.
1743 5698 1811 5748 lic
1849 5693 2022 5750 ro'su»

455 5774 546 5829 pta
586 5778 805 5832 rgunus.

2211 5630 2287 5694 (Ἰ)
2330 5627 2622 5692 Quamdmu
2657 5627 2830 5695 itaque
2861 5626 3064 5680 cellam.
3106 5645 3121 5668 ι
3168 5627 3363 5682 Crilant
3403 5630 3639 5685 coenobii
3678 5633 3740 5687 S.

2148 5699 2324 5751 Maris-:2
2357 5699 2420 5750 ad
2452 5700 2596 5750 littus
2628 5699 2794 5770 :t_i_1il'i$
2837 5697 2998 5770 Adria
3032 5699 3094 5749 iri
3121 5739 3132 5754 .
3172 5719 3187 5742 ν
3230 5701 3392 5770 inquit
3427 5717 3489 5752 ουκ
3525 5701 3741 5760 Datttitc

2146 5770 2433 5823 i‘ottuni'is
2468 5770 2551 5820 lib.
2592 5784 2612 5807 κ
2653 5767 2850 5822 Hister.
2890 5767 3106 5823 Canta”
