4040 6380
603 329 700 398 ri?

1483 344 1539 398 S.
1585 339 1858 396 PETRUS
1891 332 2243 390 DA.\.l.»\MJS
2285 331 2342 385 S.
2388 330 2449 382 ll.
2487 328 2544 417 Εἰ
2587 325 3020 384 (ΖΑΠΟΙΝΑΜΞ.

3747 317 3852 375 123

599 466 737 532 apud
770 463 1057 531 quamdam
1104 475 1254 514 suam
1314 457 1567 526 capellam
1621 454 1900 509 habuerat.
1956 448 2168 504 Accidit
2195 449 2241 506 Α
2271 451 2430 498 notus
2461 439 2574 508 jam
2597 441 2795 493 dudum
2827 438 3016 491 fuiSset
3057 447 3320 503 suumque
3357 431 3667 501 frequenter
3692 429 3855 485 exhi—

599 564 798 617 autem,
845 562 902 606 ut
933 552 1018 605 die
1062 550 1292 620 quadam
1325 549 1554 603 militum
1602 557 1776 601 turma
1808 558 1970 614 prope
1994 543 2166 611 ipsam

598 641 857 709 capellam
890 639 1287 708 pertransiret;
1319 638 1435 708 qui,
1457 639 1580 693 dum
1614 637 1700 690 siti
1736 641 2049 695 :rstuarent,
2087 646 2167 684 re-

600 733 824 800 quirunt
871 733 1241 801 presbyterum
1276 731 1318 784 si
1373 730 1452 784 eis
1482 729 1662 782 vinum
1697 726 1935 795 praebere
1967 731 2164 791 posset.

597 819 802 886 Quibus
833 819 919 874 ille
969 819 1244 887 respondit
1274 835 1289 872 :
1327 816 1409 872 Nil
1461 832 1680 884 prorsus
1711 816 1817 869 vini
1845 829 1909 868 eo
1938 813 2036 867 loci
2067 812 2166 864 ha-

598 909 712 962 beri
760 919 955 977 plaster
1013 924 1172 964 uuam
1224 909 1388 964 tinam
1419 907 1528 978 (30)
1557 907 1756 961 domini
1797 905 1962 967 Petri,
2006 920 2166 973 quam

598 1001 714 1069 ipse
743 1003 1056 1071 contingere
1082 1017 1186 1054 non
1218 1003 1461 1055 auderet.
1487 999 1601 1065 Quo
1636 999 1816 1052 audito
1835 1039 1847 1060 ,
1875 998 1924 1050 is
1950 996 2041 1065 qui
2067 1011 2170 1050 cab-

595 1093 724 1143 teris
771 1101 1016 1159 praeerat,
1047 1092 1263 1160 quique,
1291 1099 1351 1144 ut
1385 1089 1557 1149 aiunt,
1588 1088 1834 1143 eumdem
1865 1086 2040 1138 virum
2071 1083 2168 1139 Dei

596 1181 921 1236 subexosum
975 1180 1223 1244 habebat,
1267 1180 1560 1249 respondit,
1609 1178 1831 1232 dicens:
1877 1176 2072 1245 Utique
2122 1177 2167 1229 si

594 1273 794 1326 domini
822 1272 962 1327 Petri
989 1281 1093 1337 est,
1116 1287 1180 1325 ex
1209 1272 1324 1341 ipso
1350 1286 1451 1340 ego
1474 1270 1728 1326 libentius
1755 1270 1909 1334 bibo;
1936 1282 2170 1337 moxque

593 1364 694 1416 sibi
742 1363 1128 1416 famulantibus
1166 1362 1332 1430 jussit
1387 1370 1656 1430 quatenus
1685 1377 1749 1414 ex
1799 1361 1924 1414 vino
1947 1359 2038 1414 illo
2066 1358 2168 1414 sibi

595 1467 659 1505 ac
685 1451 847 1506 sociis
868 1453 1157 1521 pr0pinare
1186 1463 1461 1507 curarent.
1488 1450 1588 1518 Qui
1617 1467 1809 1520 nempe
1831 1450 2030 1504 conciti
2062 1447 2170 1503 ala-

592 1550 778 1604 criter,
810 1551 868 1596 ut
897 1558 1065 1611 genus
1105 1543 1232 1597 illud
1275 1543 1548 1597 hominum
1577 1542 1732 1605 solet,
1772 1540 1837 1593 ad
1867 1537 2167 1607 hujusmodi

595 1631 911 1699 obsequium
942 1643 1189 1696 currunt,
1217 1631 1310 1686 sed
1348 1631 1532 1686 evulso
1555 1631 1749 1686 tenello
1782 1631 1892 1698 (31)
1922 1629 1994 1683 nil
2016 1643 2172 1698 pror-

594 1737 687 1775 sus
715 1722 823 1776 vini
854 1723 1192 1792 suscipiunt;
1222 1732 1505 1777 vertuntur
1536 1725 1601 1777 ad
1626 1723 1808 1786 alimn,
1837 1722 2165 1776 tantumdem

2272 536 2492 590 buissct.
2541 531 2658 584 Jam
2691 532 2855 599 igitur
2899 528 3202 597 presbyter,
3233 535 3381 579 tanta
3429 523 3733 594 postulatus
3763 523 3852 574 in-

2270 627 2465 682 stantia
2513 625 2722 692 fideque
2776 621 3030 684 mollitus,
3064 620 3187 674 licet
3231 618 3444 681 timide,
3494 614 3731 670 accessit
3780 612 3854 667 ad

2270 717 2502 780 dolium;
2531 724 2584 770 et
2613 713 2887 784 quoniam.
2907 719 2965 764 ut
2991 710 3248 778 scriptum
3279 716 3396 772 est,
3430 704 3680 774 Superbi:
3703 702 3854 756 Deus

2272 811 2481 871 resistit,
2514 806 2791 859 humilibus
2840 813 3013 856 autem
3043 801 3130 853 dat
3159 798 3382 868 gratiam
3412 797 3652 866 (Jacftv,
3673 792 3752 863 6),
3785 793 3856 846 li-

2271 899 2455 969 quoris
2485 896 2659 950 fluxus
2700 892 2840 947 facili
2881 907 3002 946 mox
3050 899 3251 943 attactu
3283 896 3366 942 est
3405 885 3706 940 haurientis
3730 899 3853 938 ma-

2271 1006 2398 1044 num
2426 1000 2658 1044 secutus.
2692 987 2876 1054 Itaque
2905 983 3051 1036 mitis
3078 978 3311 1035 obtinuit
3338 977 3563 1032 inermis
3591 974 3736 1046 quod
3766 988 3854 1027 ar-

2272 1083 2431 1136 matis
2459 1081 2632 1134 fuerat
2659 1086 2909 1144 negatum
2933 1073 3203 1143 superbis.

2892 1183 3117 1241 CAPUT
3157 1183 3224 1237 Χ.

2341 1283 2408 1337 In
2453 1298 2655 1337 summa
2700 1280 2850 1349 panis
2889 1278 3143 1349 charitate
3189 1275 3421 1328 ciborum
3462 1273 3609 1340 copia
3647 1269 3854 1324 caelitus

2939 1347 3176 1414 a/l'ertur.

2342 1441 2477 1495 Dum
2531 1441 2762 1509 quadam
2823 1437 2908 1490 die
2961 1435 3464 1502 advesperascente,
3508 1430 3646 1484 Idem
3694 1436 3856 1498 pater

2272 1530 2443 1583 fessus
2471 1543 2590 1581 cum
2621 1527 2808 1580 eodem
2837 1525 2926 1593 qui
2962 1524 3061 1576 hoc
3086 1521 3216 1574 mihi
3255 1519 3439 1574 retulit
3463 1518 3631 1571 fratre
3658 1531 3687 1569 a
3711 1513 3855 1570 silva

2272 1617 2540 1678 rediisset,
2564 1615 2674 1669 sola
2705 1613 2858 1684 panis
2889 1611 3091 1679 quadra
3126 1623 3246 1662 cum
3277 1607 3458 1661 crudis
3480 1605 3718 1660 oleribus
3739 1618 3856 1658 cm-

2273 1707 2418 1761 nanti
2465 1706 2768 1774 apponitur.
2810 1702 2978 1768 Quem
3038 1700 3144 1762 illc,
3191 1707 3359 1752 totum
3408 1695 3558 1751 socio
3592 1694 3853 1764 largiens,

593 1813 885 1880 reperiunt.
914 1813 1047 1867 Tum
1075 1813 1564 1869 cuncta-foramina
1606 1814 1878 1883 pandum;
1905 1821 2026 1876 9,1,0
2053 1826 2170 1880 pro.
2200 1792 2244 1850 Β
2274 1799 2401 1855 solis
2442 1798 2676 1853 oleribus
2718 1809 2960 1854 vesccns,
3016 1792 3334 1845 hortabatur
3373 1788 3654 1842 convivam
3705 1785 3857 1856 quod

591 1905 824 1973 digium!
852 1905 978 1958 dolii
1006 1905 1186 1960 aditus
1228 1915 1433 1976 patent,
1461 1916 1515 1962 et
1546 1906 1726 1976 liquor
1765 1905 2011 1968 interius,
2041 1919 2102 1957 ac
2125 1905 2166 1958 si

592 1995 720 2063 quid
775 1994 1025 2061 solidum,
1067 1996 1416 2052 nihilominus
1471 1997 1636 2061 latet;
1699 1996 1946 2065 superius
1993 1995 2171 2064 itaque

594 2084 864 2152 spiramen
890 2087 1184 2154 pandentes
1224 2095 1299 2150 et,
1331 2089 1373 2141 si
1400 2089 1527 2157 quid
1564 2089 1710 2142 intus
1734 2087 1866 2140 meri
1896 2086 2166 2141 continea-

594 2179 682 2225 tur
731 2174 944 2228 curiose
1003 2175 1282 2242 rimantes,
1333 2178 1554 2232 dimidio
1604 2187 1808 2232 tantum
1851 2178 2026 2246 palmo
2075 2191 2170 2230 vas

595 2275 800 2316 senium
826 2262 935 2333 (52)
963 2265 1303 2321 invenerunt.
1337 2266 1624 2336 Stupentes
1646 2282 1773 2337 ergo
1801 2267 2169 2337 hujuscemodi

591 2359 867 2417 eventum,
919 2355 1247 2411 arbitrantes
1293 2365 1471 2411 tamen
1524 2358 1720 2420 adhuc,
1754 2373 1819 2411 ne
1849 2358 1976 2425 quid
2029 2358 2169 2411 forte

592 2442 854 2498 obstaculi
911 2445 1103 2500 lateret
1151 2448 1335 2520 intus,
1381 2463 1488 2519 quo
1539 2449 1766 2518 liquoris
1824 2449 2172 2518 impediretur

593 2545 864 2599 egressus,
901 2534 1150 2604 ingerunt
1178 2537 1416 2608 singulas
1466 2537 1701 2594 aditibus
1723 2537 2033 2607 patentibus
2063 2537 2171 2590 vir-

592 2635 709 2690 gas,
725 2623 920 2690 quibus
941 2625 1203 2691 deductis,
1219 2641 1314 2682 eas
1334 2627 1550 2695 quidem
1573 2629 1789 2683 madere
1806 2629 2165 2698 conspiciunt,

593 2713 774 2767 vinum
803 2723 978 2770 tamen
1005 2717 1296 2774 introrsum
1319 2720 1665 2775 nihilominus
1685 2721 1853 2776 hrcret
1875 2721 2162 2777 inclusum.

593 2801 684 2855 Illa
711 2804 966 2882 nimirum
996 2807 1188 2870 virtus.
1214 2824 1334 2877 qua:
1363 2809 1657 2865 Israelitico
1676 2815 1945 2880 quondam
1972 2812 2168 2882 populo

597 2892 761 2948 Rubri
815 2898 981 2956 maris
1030 2899 1290 2968 profunda
1339 2901 1594 2961 calcanti.
1650 2917 1912 2971 aquarum
1966 2902 2167 2959 fluenta

594 3000 869 3040 murorum
931 2990 998 3043 ad
1062 2991 1274 3056 instar,
1325 2994 1513 3047 dextra
1567 2993 1809 3063 laevaque
1874 2994 2158 3064 suspende-

592 3086 677 3130 rat
723 3077 919 3145 (Exod.
956 3080 1090 3151 xiv),
1133 3081 1357 3152 liquoris
1414 3083 1720 3152 huiusmodi
1776 3083 1975 3138 ﬂuxum
2034 3099 2164 3140 con‘

2271 1892 2536 1961 patienter
2568 1889 2709 1942 illam
2758 1886 2922 1941 ferret
2971 1898 3260 1954 pauperem
3315 1894 3528 1935 canam
3577 1877 3846 1932 ditionem

2271 1983 2552 2037 habiturus
2597 1980 2648 2033 in
2690 1978 2928 2033 crastino
2956 1988 3217 2029 mensam.
3259 1971 3589 2040 Factumque
3611 1976 3715 2023 est.
3747 1965 3853 2020 Se-

2270 2071 2474 2142 quenli’
2511 2070 2709 2123 etenim
2753 2068 2838 2121 die
2904 2075 3049 2118 tanta
3097 2073 3182 2118 est
3205 2062 3368 2116 allata
3408 2061 3654 2115 ciborum
3693 2058 3854 2127 copia

2269 2178 2389 2232 qua:
2437 2162 2647 2216 cunctis
2683 2160 2792 2214 illic
2822 2158 3140 2228 degentibus
3169 2155 3220 2208 in
3247 2153 3427 2224 plures
3467 2153 3580 2206 dies
3607 2148 3858 2206 sulIicere

2270 2263 2503 2324 poterat.

2856 2340 3084 2399 CAPUT
3128 2339 3213 2393 Xl.

2274 2460 2501 2526 Quidam
2523 2458 2658 2512 beati
2683 2456 2775 2508 viri
2805 2445 3627 2526 meritiscuipiscem;deferebat,
3649 2462 3682 2498 a
3708 2458 3855 2496 mor-

2715 2528 2780 2578 tis
2825 2522 3054 2592 periculo
3081 2521 3352 2572 liberatur.

2348 2622 2438 2674 Vir
2467 2618 2707 2688 quidam,
2739 2628 2964 2684 magnus
2992 2608 3280 2665 admodum
3319 2608 3437 2661 viro
3461 2605 3553 2660 Dei
3601 2604 3856 2666 devotus,

2268 2720 2462 2767 onusta
2509 2706 2737 2778 piscium
2766 2703 2958 2757 exenia
2986 2701 3094 2771 (35)
3133 2701 3184 2753 in
3211 2697 3496 2768 przecipuis
3522 2696 3568 2751 ei
3597 2691 3858 2749 solemni-

2272 2804 2471 2859 tatibus
2493 2802 2673 2872 legare
2695 2806 3082 2856 consueverat;
3106 2792 3301 2848 accidit
3325 2797 3504 2844 autem
3527 2797 3585 2842 ut
3604 2786 3858 2855 aliqum-

2269 2895 2338 2948 do
2368 2891 2578 2947 lunnini
2615 2889 3012 2959 propinquante
3051 2882 3248 2946 natale,
3293 2893 3630 2949 nequaquam
3663 2874 3857 2943 hujus—

2271 2983 2415 3038 modi
2452 2980 2717 3051 potuisset
2762 2978 2936 3047 pisces
2960 2973 3222 3035 invenire,
3252 2984 3387 3039 quos
3409 2969 3567 3038 digne
3592 2966 3641 3021 ei
3671 2973 3860 3034 posset

2265 3074 2418 3144 juxta
2467 3083 2672 3124 morem
2716 3067 2968 3136 dirigere.
2997 3063 3239 3130 Cumque
3277 3073 3438 3129 super
3460 3059 3562 3112 hoc
3594 3070 3699 3110 non
3732 3070 3859 3108 mo-

591 3167 902 3224 strinxerat.
929 3170 994 3224 Et
1014 3172 1104 3241 qui
1136 3172 1357 3228 hostiles
1385 3181 1515 3230 tunc
1544 3174 1974 3230 adversariorum
1999 3175 2159 3237 acies.
2195 3136 2239 3197 Ο
2270 3163 2390 3217 ἀίω
2416 3169 2704 3230 angeretur
2725 3155 2989 3217 πιοῖθδιῖαι
3017 3152 3227 3206 “ﬁdem
3263 3151 3314 3204 ίιι
3345 3150 3459 3218 ipsa
3488 3161 3642 3201 530'“
3673 3144 3859 3199 Domi‘

596 3274 665 3360 pe
691 3274 910 3360 gressus
937 3261 1148 3330 piorum
1179 3263 1426 3334 impediri
1475 3273 1715 3335 possent,
1745 3265 1897 3335 aquis
1919 3273 2167 3335 potenter

597 3349 885 3414 immersit,
932 3351 1046 3420 ipse
1087 3367 1229 3407 nunc
1258 3353 1483 3408 istorum
1513 3355 1818 3423 proterviae,
1855 3369 1923 3409 ne
1952 3370 2047 3410 suo
2073 3371 2166 3411 no-

591 3448 779 3492 cerent
816 3437 1034 3504 famulo,
1062 3442 1382 3499 mirabiliter
1411 3444 1640 3499 obstitit.
1673 3444 1830 3510 Nam,
1872 3455 1930 3500 ut
1956 3445 2166 3501 illorum

596 3527 779 3582 rabida
807 3527 997 3590 fames.
1038 3531 1363 3604 interempto
1405 3534 1496 3589 Dei
1544 3534 1761 3605 populo,
1792 3537 2168 3592 manubiorum

596 3619 774 3686 prmda
829 3620 1014 3676 satiari
1046 3624 1306 3692 nequivit,
1332 3625 1411 3680 sic
1452 3625 1675 3680 istorum
1703 3642 1897 3682 vesana
1940 3628 2059 3683 sitis
2087 3644 2173 3682 ra-

595 3723 718 3775 pina
747 3709 864 3777 ejus
887 3710 1070 3767 famuli
1101 3713 1361 3785 restingui
1393 3715 1612 3770 minimc
1635 3715 1818 3770 valuit.
1869 3718 2001 3772 Dum
2046 3733 2172 3773 suos

596 3802 775 3871 itaque
827 3819 1056 3860 vesanos
1108 3814 1336 3862 conatus
1391 3822 1619 3877 superna
1677 3809 1874 3862 virtute
1933 3809 2169 3870 delusos.

595 3889 993 3962 frustratosque
1038 3896 1379 3965 perpendunt
1404 3937 1418 3960 ,
1457 3896 1648 3950 divina:
1693 3898 1942 3952 cedentes
1984 3899 2169 3952 virtuti

597 3983 806 4038 confusi
836 3985 1499 4055 arentesque-discedunt.
1545 3985 1639 4041 llis
1679 3995 1857 4041 autem
1889 3987 2166 4056 profectis,

596 4075 772 4128 viator
794 4075 1008 4144 quidam
1031 4076 1324 4131 adveniens
1344 4077 1516 4131 eidem
1539 4076 1813 4148 flagitabat
1833 4081 2167 4150 presbytero,

599 4172 656 4216 ut
673 4163 773 4218 sibi
805 4165 1140 4232 quantolibet
1167 4166 1623 4235 vintodignaretur
1649 4167 1837 4237 poculo
1860 4169 2168 4223 subvenire.

594 4255 693 4309 (lui
722 4257 977 4311 sacerdos
1001 4258 1190 4313 eadem
1215 4272 1334 4327 qua:
1374 4258 1644 4328 prioribus
1680 4257 1840 4312 verba
1873 4259 2168 4328 respondit.

595 4348 838 4417 Cumque
865 4349 1040 4403 viator
1062 4350 1316 4419 precibus
1349 4352 1578 4405 instaret
1606 4357 1869 4419 quatenus
1899 4366 1966 4405 ex
1987 4351 2173 4406 eodem

2269 3253 2406 3308 nica:
2455 3249 2756 3305 nativitatis
2807 3255 2964 3302 nocte
2992 3243 3213 3313 grandis
3243 3241 3290 3296 ei
3323 3240 3490 3310 piscis
3523 3235 3813 3292 advehitur
3841 3251 3856 3298 ;

2269 3343 2603 3399 exhilaratus
2631 3355 2783 3412 ergo,
2830 3348 2886 3394 et
2932 3335 3220 3408 plurimum
3257 3332 3474 3404 gavisus
3506 3327 3766 3402 praecepit
3799 3334 3861 3380 ut

2271 3435 2365 3491 Dei
2403 3436 2521 3490 viro
2552 3433 2697 3489 illico
2726 3430 3048 3487 deferretur.
3099 3426 3268 3481 Porro
3299 3439 3404 3479 nox
3453 3421 3604 3476 tetris
3631 3420 3860 3475 densata

2273 3526 2509 3582 tenebris
2539 3523 2739 3578 nullum
2774 3520 3046 3577 stellarum
3069 3517 3245 3571 lumen
3279 3514 3554 3578 radiabat;
3589 3513 3674 3565 via
3705 3525 3850 3580 quo-

2273 3633 2377 3688 que
2408 3616 2568 3671 nimis
2615 3613 2881 3668 laboriosa
2929 3619 2985 3665 et
3035 3607 3270 3662 difficilis
3313 3616 3451 3670 erat,
3481 3619 3642 3672 quam
3667 3601 3861 3656 lutosa:

2275 3708 2413 3762 nivis
2462 3704 2671 3760 salebra
2713 3701 2934 3756 omnino
2980 3702 3396 3767 consperserat;
3449 3693 3616 3763 piscis
3669 3701 3859 3746 tamen

2273 3798 2508 3868 portitor
2535 3794 2677 3850 nulla
2708 3791 3017 3848 diﬂicullate
3053 3788 3158 3842 diei
3189 3789 3361 3842 lucem
3395 3783 3690 3852 pnestolari
3726 3797 3856 3850 pcr-

2276 3889 2523 3944 inittitnr.
2563 3885 2640 3939 Eo
2671 3885 2852 3954 itaque
2881 3881 3044 3954 empti
3071 3878 3278 3933 itineris
3303 3877 3443 3930 viam
3472 3884 3750 3944 carpento,
3791 3874 3859 3928 ad

2275 3981 2558 4036 obscuram
2591 3976 2876 4043 quemdam
2916 3973 3084 4042 ripam
3115 3969 3542 4040 profundumque
3564 3965 3817 4036 pervenit
3843 3981 3858 4028 ;

2277 4073 2427 4142 cujus
2472 4079 2712 4123 extrema
2756 4067 2882 4119 dum
2929 4061 3174 4122 nimium,
3208 4059 3353 4113 velut
3405 4058 3643 4127 ignarus,
3673 4070 3864 4125 perse-

2277 4169 2535 4230 queretur
2561 4176 2575 4224 ;
2609 4158 2771 4226 lapsis
2800 4164 3018 4224 repente
3045 4151 3306 4220 vestigiis,
3341 4150 3391 4202 in
3423 4151 3528 4201 ima
3550 4148 3859 4217 prtecipita-

2279 4266 2365 4309 tur
2409 4263 2464 4308 et
2506 4267 2626 4305 eum
2677 4259 2857 4304 tantus
2896 4246 3057 4300 fuerit
3085 4259 3260 4308 casus,
3294 4251 3353 4295 ut
3392 4241 3525 4296 solvi
3550 4239 3860 4309 potuissent

2281 4345 2442 4399 totius
2468 4343 2709 4411 corporis
2735 4354 2925 4402 nexus,
2952 4336 3158 4391 meritis
3182 4345 3356 4388 tamen
3381 4332 3480 4385 viri
3510 4331 3624 4396 Dei,
3657 4331 3862 4384 virtute

596 4439 879 4494 charitatis
908 4442 1007 4496 sibi
1039 4443 1212 4512 gratia
1239 4442 1569 4508 subveniret,
1602 4442 1854 4497 sacerdos
1880 4457 2000 4512 quae
2035 4443 2178 4497 mili-
2203 4467 2251 4525 ο
2280 4437 2459 4491 divina
2493 4444 2637 4488 totus
2661 4441 2908 4487 servatur
2939 4429 3154 4483 illaesos.
3177 4424 3467 4480 Incolumis
3502 4437 3650 4491 ergo,
3679 4430 3736 4475 et
3763 4435 3858 4473 va-

597 4530 741 4585 tibus
768 4531 872 4586 illis
900 4533 1236 4602 contigerant
1265 4533 1314 4588 ei
1364 4533 1605 4586 seriatim
1637 4547 1896 4587 enarrare
1942 4533 2171 4596 curavit,

599 4636 666 4675 ne
695 4620 834 4676 ultra
864 4621 963 4677 sibi
1002 4623 1341 4694 importunus
1381 4623 1634 4677 insistere
1663 4622 1950 4676 debuisset.
1982 4622 2072 4676 llle
2095 4632 2173 4676 ta-

596 4726 718 4765 men
747 4727 776 4764 a
801 4728 898 4768 sua
932 4714 1190 4784 petitione
1220 4714 1442 4769 minime
1470 4713 1757 4778 desistens,
1787 4713 1968 4768 aiebat
1988 4729 2044 4768 se
2060 4712 2169 4779 jam

602 4801 775 4871 magis
797 4816 860 4856 ex
887 4802 1003 4871 ejus
1030 4819 1248 4872 sperare
1296 4803 1580 4869 beneﬁcio,
1614 4803 1753 4873 quod
1786 4804 1986 4872 rapina:
2023 4819 2172 4856 arro-

598 4893 838 4961 ganlium
885 4892 956 4949 ita
1003 4894 1333 4949 abstractum
1383 4896 1574 4960 fuerat,
1611 4895 1737 4949 dum
1766 4896 1878 4965 ipse
1905 4895 2006 4950 sibi
2033 4893 2172 4948 bene

2278 4527 2446 4591 lidus,
2478 4538 2615 4578 onus
2657 4534 2940 4577 excussum
2984 4516 3284 4572 cervicibus
3336 4514 3488 4568 laetus
3538 4511 3855 4580 resumpsit,

2277 4620 2463 4687 sicque
2516 4616 2580 4670 ad
2630 4614 2722 4670 Dei
2779 4612 3051 4668 hominem
3095 4607 3341 4662 hilariter
3387 4603 3856 4675 properavit;do-

2276 4709 2405 4763 mini
2430 4707 2510 4761 sui
2544 4720 2737 4758 munus
2759 4701 2987 4764 obtulit;
3015 4699 3265 4768 quodque
3295 4712 3359 4750 ex
3391 4694 3580 4748 mortis
3607 4691 3858 4747 faucibus

2277 4800 2444 4869 ipsius
2495 4795 2684 4849 fuisset
2738 4793 2946 4848 meritis
2996 4799 3245 4858 ereptus,
3307 4789 3511 4858 gratias
3567 4787 3698 4856 egit.
3755 4786 3858 4841 (lui

2276 4890 2363 4943 ille
2388 4905 2402 4942 :
2432 4884 2569 4948 Noli,
2602 4883 2793 4951 inquit,
2837 4880 2933 4944 fili,
2964 4878 3068 4934 noli
3100 4878 3302 4932 homini
3352 4877 3610 4946 deputare
3661 4890 3855 4944 pecca~

1673 5046 2037 5104 GODEFRIDI
2079 5038 2489 5100 llENSCllENll
2529 5035 2754 5092 ΝΟΤᾸΞ.

601 5216 666 5263 tis
714 5209 793 5262 vel
841 5211 974 5263 butis
1013 5207 1151 5278 apud
1202 5207 1570 5276 Marculphum
1611 5205 1854 5278 etiamin
1901 5202 2166 5278 formulis,

597 5290 652 5333 et
693 5280 854 5339 butto.
906 5294 999 5333 seu
1051 5274 1170 5330 buto
1210 5274 1499 5345 argenteus
1539 5274 1678 5345 apud
1719 5274 2062 5345 Anastasium
2113 5274 2167 5326 in

602 5351 779 5430 Iamne
822 5348 884 5403 lll
919 5358 974 5402 et
1015 5348 1193 5402 Leone
1227 5343 1290 5401 IV
1343 5343 1696 5418 legitur.‘llic
1740 5361 1839 5414 pro
1884 5343 2028 5398 dolio
2068 5359 2161 5413 po-

603 5431 768 5474 llllill'.

673 5488 783 5552 (50)
839 5487 1036 5542 Praeter
1086 5503 1242 5539 unum
1294 5489 1476 5539 tinam.
1528 5485 1662 5539 Tino
1713 5486 1763 5538 in
1814 5485 1962 5539 Actis
2001 5485 2056 5538 ll
2110 5483 2166 5536 S.

601 5560 790 5639 Thyrsi
830 5568 883 5639 et
913 5555 1567 5639 suculentis?.danuari‘i,
1598 5571 1720 5639 pag.
1747 5555 1868 5639 82.0,
1897 5570 2042 5607 Iltltll.
2072 5553 2163 5639 2.5,

604 5624 812 5697 legitur,
841 5628 891 5682 in
918 5628 1036 5682 Vita
1070 5628 1126 5680 S.
1161 5626 1437 5680 Philiherti
1479 5626 1549 5679 20
1594 5624 1814 5697 Augusti
1850 5636 2030 5697 tonuit,
2077 5624 2164 5697 ubi

603 5693 689 5751 ra}
719 5700 970 5751 vinarium
997 5699 1064 5750 ita
1097 5697 1196 5750 diri
1229 5697 1402 5753 addit;
1438 5715 1498 5749 ar
1541 5698 1649 5749 tino
1676 5694 1834 5746 Festo
1861 5707 1904 5743 ot
1945 5693 2167 5746 Varroni

2270 5203 2429 5258 etiam
2464 5200 2734 5254 tribuitur.

2341 5272 2450 5335 (5|)
2484 5268 2588 5325 Sed
2609 5267 2780 5322 cvrtlso
2807 5262 3046 5335 (amello.li
3070 5259 3277 5318 Tenello
3315 5263 3695 5335 obturaculum
3730 5269 3847 5322 oris

2271 5343 2394 5396 dolii
2430 5333 2761 5408 intelligitur.
2794 5336 2946 5408 cujus
2990 5333 3108 5386 loco
3149 5333 3493 5408 cpistomium
3527 5333 3851 5401 imponitur.

2343 5411 2454 5479 (5‘2)
2495 5402 2845 5462 Vas'semum.
2872 5406 2944 5458 Ita
2971 5413 3084 5456 tres
3105 5402 3374 5479 editiones
3401 5418 3596 5455 seruum
3637 5419 3737 5472 pro
3770 5422 3860 5458 va-

2279 5473 2371 5535 :uo
2396 5473 2625 5537 habent;
2667 5491 2734 5529 an
2768 5484 3042 5536 semotum,
3075 5480 3166 5526 aut
3193 5473 3557 5541 semiplenam.
3585 5483 3680 5526 aut
3711 5479 3859 5544 quod

2275 5552 2448 5607 simile
2469 5548 2771 5613 legendum.

2348 5621 2459 5684 (55)
2490 5611 2718 5670 Piscium
2744 5615 2946 5667 ervilia.
3002 5611 3200 5664 Ennio
3239 5628 3333 5684 seu
3372 5611 3558 5672 xenia,
3589 5613 3729 5667 dona
3765 5614 3833 5667 In:

2279 5682 2507 5762 spitalia.
2540 5685 2820 5757 prmp'isih
2852 5700 2946 5750 per
2971 5697 3211 5737 errorem
3239 5682 3413 5735 littera
3444 5698 3490 5734 ε.
