4040 6396
260 381 349 439 ης

1149 367 1693 428 I‘ROLEGOMENA.
1735 398 1802 405 -—-
1844 366 2005 421 VITA
2049 366 2109 422 S.
2149 364 2355 423 PETIII
2394 365 2701 423 DAMIANI.
2738 410 2753 413 ι

3486 371 3596 429 I30

262 495 353 553 tori
376 489 522 560 quod
548 490 701 546 Deus
735 486 828 542 tibi
856 485 1109 557 dignatus
1138 491 1223 539 est
1252 481 1365 537 sola
1389 479 1473 535 sui
1501 477 1859 534 miseratione
1891 483 1939 542 Α
1968 488 2158 550 ageret
2208 494 2439 551 prorsus
2490 481 2769 551 ignorans,
2804 481 3134 553 deprecatus
3173 491 3259 541 est
3298 482 3586 540 Demittun-

259 585 429 658 largiri
454 602 471 650 ;
502 584 555 639 ei
587 591 805 638 tantum
841 595 905 634 ex
934 578 1146 633 collata:
1173 573 1369 629 salutis
1399 585 1627 627 munere
1651 570 1861 641 gratias

258 696 365 752 age,
402 677 495 749 qui
527 689 811 745 nunquam
842 672 946 728 sibi
979 666 1371 725 famulantibus
1410 667 1466 721 in
1507 663 1861 720 tribulatione

259 776 417 830 deest.

860 851 1089 911 CAPUT
1128 849 1242 905 XII.

256 954 390 1009 Alter
431 953 491 1008 in
541 951 679 1007 bivio
730 945 1206 1030 haerenstejusque
1250 960 1345 1015 ope
1398 945 1454 998 in
1504 944 1605 999 iter
1657 953 1858 999 certum

916 1018 1185 1088 dirigitur.

318 1136 413 1191 llic
449 1150 618 1191 unum
644 1148 712 1189 ex
743 1130 1023 1202 discipulis
1048 1128 1116 1184 ad
1145 1127 1437 1199 quemdam
1466 1126 1760 1198 aliquando
1777 1128 1858 1182 di-

254 1231 384 1287 rexit
422 1226 705 1290 abbatem,
731 1240 893 1295 quem
935 1218 1063 1276 dum
1109 1220 1162 1277 in
1206 1220 1541 1297 monasterio
1569 1218 1738 1274 frater
1769 1219 1859 1275 ille

249 1323 470 1377 minime
496 1319 811 1389 reperisset,
841 1332 965 1370 eum
992 1330 1101 1384 quo
1146 1312 1446 1369 diverteret
1473 1311 1739 1369 sollicitus
1770 1330 1857 1369 re-

248 1412 487 1483 quisivit.
522 1411 678 1477 Quod
720 1425 843 1464 cum
894 1406 1117 1479 egisset,
1144 1420 1427 1477 regressus
1475 1406 1647 1476 ipsius
1699 1422 1853 1462 mora

245 1509 374 1562 adeo
402 1505 679 1577 protelata
713 1512 818 1567 est,
850 1511 911 1556 ut
934 1502 1023 1557 die
1058 1516 1165 1570 qua
1194 1502 1620 1571 exspectabatur
1649 1515 1853 1569 nequa-

246 1614 400 1667 quam
444 1596 629 1650 redire
656 1592 951 1664 potuisset;
989 1607 1223 1662 cumque
1243 1592 1314 1647 ob
1344 1593 1395 1647 id
1418 1592 1486 1647 de
1508 1593 1855 1661 correptione

243 1688 501 1759 coepisset
531 1686 823 1755 trepidare,
843 1694 1098 1755 suscepto
1122 1686 1293 1751 socio,
1318 1686 1421 1739 iter
1441 1701 1598 1740 suum
1620 1686 1854 1754 arripuit

242 1777 340 1832 sub
363 1777 584 1832 silentis
614 1776 790 1830 noctis
818 1775 1077 1839 obscuro,
1102 1791 1189 1840 ac,
1213 1776 1340 1829 dum
1378 1775 1541 1829 simul
1568 1772 1849 1847 paululum

1968 579 2241 639 quatenus
2306 571 2411 625 sibi
2456 569 2778 640 dignaretur
2825 572 2973 629 illius
3020 575 3235 631 meritis
3290 575 3591 632 subvenire

1967 662 2123 732 eujus
2161 677 2222 718 se
2253 673 2483 718 noverat
2508 663 2879 720 obedientiam
2912 680 3125 738 gerere.
3168 668 3287 736 Qua
3320 666 3592 739 supplica-

1967 753 2114 810 tione
2143 754 2209 809 ad
2238 753 2531 811 Dominum
2572 755 2714 823 fusa,
2740 756 3033 816 confestim
3059 775 3235 830 equus
3268 761 3585 832 prosiliens,

1964 846 2216 903 concitus
2242 848 2296 901 in
2334 847 2549 903 aridam
2583 849 2780 916 exivit,
2814 862 3182 923 correptoque
3214 854 3395 923 spatio
3431 854 3596 926 agilis

1964 941 2033 995 ad
2062 940 2254 1001 urbem
2310 944 2579 1011 pervenit.
2610 942 2750 998 Cum
2794 953 2979 1001 autem
3026 948 3094 1002 ad
3124 937 3466 1018 episeopum,
3496 950 3587 1007 cui

1963 1032 2167 1088 missus
2196 1032 2398 1099 fuerat,
2428 1036 2791 1103 pervenisset,
2844 1052 3193 1108 nequaquam
3244 1040 3588 1112 episcopum,

1962 1141 2126 1197 quem
2142 1127 2448 1197 quaerebat,
2466 1128 2706 1195 invenit;
2735 1138 2955 1199 reperto
2973 1138 3157 1186 tamen
3182 1132 3421 1201 quodam
3439 1130 3587 1202 ejus-

1962 1220 2085 1275 dem
2108 1218 2707 1290 patruele(familiari),
2744 1221 2976 1277 honeste
2991 1223 3450 1294 aheosusceptus
3478 1232 3585 1280 est.

1962 1310 2064 1377 Qui
2080 1311 2242 1381 plane
2268 1326 2367 1381 pro
2400 1312 2534 1365 tanti
2563 1312 2664 1366 viri
2692 1314 3024 1380 reverentia,
3050 1330 3176 1369 cum
3199 1315 3351 1369 omni
3385 1315 3584 1373 domus

1964 1406 2133 1477 ipsius
2184 1403 2390 1460 familia
2441 1406 2490 1460 ei
2523 1402 2925 1462 oﬂieiosiSsittie
2979 1408 3300 1463 deservivit.
3350 1408 3409 1463 In
3475 1409 3586 1467 hoc

1962 1514 2068 1553 uno
2113 1506 2293 1552 tamen
2350 1514 2458 1553 non
2511 1500 2725 1555 modico
2752 1516 2883 1570 erga
2916 1516 3045 1555 eum
3098 1501 3350 1572 deliquit,
3410 1504 3583 1574 quozl,

1959 1591 2087 1645 dum
2123 1592 2288 1646 istum
2322 1600 2557 1663 stratum
2616 1592 2872 1657 locasset,
2917 1594 3137 1649 cunctis
3174 1594 3579 1660 recedentibus,

1959 1684 2135 1739 solum
2167 1684 2222 1737 in
2251 1684 2497 1753 spatiosa
2544 1683 2633 1738 illa
2668 1685 2957 1739 mansione
3011 1685 3304 1740 cubantem
3350 1686 3581 1744 dimisit.

1958 1776 2113 1844 Quod
2150 1776 2380 1830 nimium
2410 1776 2537 1829 dmn
2571 1776 2662 1831 ille
2684 1777 2978 1847 persensit,
3019 1785 3202 1833 tantus
3225 1794 3351 1833 eum
3381 1778 3581 1835 horror

237 1873 658 1943 processissent,
683 1869 799 1939 ejus
826 1869 1112 1926 conviator
1148 1869 1408 1939 paulatim
1441 1885 1499 1924 se
1523 1871 1853 1927 subtrahens
1886 1880 1928 1938 Β
1960 1871 2162 1927 invasit
2189 1880 2247 1925 ut
2270 1871 2359 1925 vix
2389 1872 2795 1941 quantumlibet
2827 1873 3042 1943 soporis
3064 1872 3153 1927 illa
3181 1882 3344 1929 nocte
3371 1877 3583 1945 pontis-

241 1964 419 2019 furtim
452 1963 747 2018 abscessit.
781 1962 899 2029 Quo
922 1962 1065 2017 facto
1095 1962 1397 2017 monachus
1428 1962 1515 2018 ille
1546 1964 1665 2029 vite,
1687 1980 1851 2034 quam

237 2065 475 2128 ceperat,
498 2069 727 2125 prorsus
754 2055 1031 2124 ignorans,
1052 2056 1219 2123 cwpit
1241 2054 1595 2108 vehementer
1620 2055 1849 2121 tristari,

238 2165 354 2203 cum
386 2162 493 2202 nec
530 2146 760 2201 ulterius
789 2145 1065 2217 progredi,
1109 2161 1209 2200 nec
1240 2144 1455 2213 regredi
1488 2161 1595 2215 qua
1624 2155 1853 2202 venerat

237 2247 436 2293 nosset.
468 2237 533 2290 In
562 2246 716 2292 arcto
740 2238 926 2306 itaque
955 2237 1113 2302 situs,
1151 2237 1254 2291 hoc
1304 2252 1334 2291 a
1364 2237 1595 2291 Domino
1640 2238 1848 2308 suppli-

235 2350 360 2389 cans
388 2333 698 2403 postulavit
728 2340 1001 2401 quatenus
1032 2332 1136 2383 iter
1171 2346 1328 2385 suum
1358 2330 1570 2385 meritis
1604 2330 1747 2385 illius
1769 2332 1849 2386 di-

235 2424 436 2494 rigeret
491 2423 586 2477 cui
629 2420 916 2491 satagebat
964 2420 1333 2475 obedientiam
1366 2421 1663 2487 exhibere,
1697 2438 1850 2476 cum-

232 2531 331 2588 que
358 2516 622 2570 oratione
666 2515 808 2568 facta
838 2512 992 2567 abire
1030 2512 1312 2583 coepisset,
1336 2513 1611 2582 quoddam
1640 2512 1846 2567 bivium

234 2608 452 2678 reperit,
486 2605 584 2661 ubi
609 2606 736 2660 dum
766 2604 1044 2675 paululum
1076 2604 1346 2669 haesisset,
1379 2604 1662 2675 ambigens
1692 2602 1848 2672 cujus

235 2697 511 2751 tramitem
546 2696 831 2750 terendum
858 2702 1187 2759 assumeret,
1218 2709 1386 2747 unum
1417 2694 1632 2749 tandem
1658 2693 1841 2763 elegit,

232 2805 387 2857 quem
420 2790 698 2858 aptiorem
726 2788 830 2842 sibi
866 2787 981 2842 fore
1025 2788 1268 2857 putavit;
1308 2788 1359 2841 iu
1403 2802 1565 2855 quem
1600 2789 1727 2842 dum
1752 2804 1845 2842 co—

234 2892 447 2936 naretur
487 2878 803 2948 jumentum
836 2879 1093 2951 dirigere,
1141 2895 1247 2934 non
1280 2880 1598 2945 consensit;
1638 2881 1733 2935 sed
1762 2880 1843 2934 al-

233 2988 399 3029 terum
446 2974 677 3042 capiens
706 2972 978 3027 obstinate
1006 2986 1235 3044 pergere
1270 2973 1456 3042 cmpit.
1489 2972 1686 3028 Sessor
1714 2989 1845 3029 vero

232 3075 336 3118 toto
385 3064 590 3118 anuisu
636 3063 878 3119 calcibus
913 3073 1075 3133 atque
1120 3064 1439 3120 verberibus
1480 3066 1720 3121 instabat
1774 3068 1843 3122 ad

231 3171 377 3209 suum
410 3165 605 3209 votum
651 3154 827 3224 ipsum
862 3155 1143 3220 reducere,
1179 3154 1306 3210 illuc
1335 3155 1693 3212 nihilominus
1728 3167 1844 3212 ten-

1956 1971 2041 2017 set
2066 1962 2376 2017 admittere.
2414 1962 2805 2019 Verumtamen
2836 1979 2937 2019 nec
2962 1964 3183 2035 juvenis
3209 1964 3306 2020 ille
3332 1965 3580 2035 impunis

1954 2053 2153 2119 evasit,
2185 2053 2278 2121 qui
2313 2050 2584 2121 ejusmodi
2614 2068 2746 2125 erga
2777 2068 2903 2108 eum
2952 2054 3343 2125 negligentiam
3388 2055 3571 2110 duxit.

1953 2142 2160 2199 Eadem
2187 2143 2388 2213 quippe
2420 2128 2604 2210 nocte,
2633 2145 2762 2200 dum
2815 2144 2907 2199 ille
2965 2161 3162 2201 somno
3210 2146 3488 2204 resolutus
3520 2149 3576 2204 in

1953 2244 2130 2290 strato
2162 2250 2263 2291 suo
2281 2234 2515 2305 jaceret,
2540 2236 2626 2290 vir
2653 2236 2750 2293 Dei
2799 2236 2998 2293 Petrus
3045 2238 3100 2293 in
3139 2254 3266 2294 eum
3302 2239 3579 2296 violenter

1952 2326 2149 2382 insiliit
2177 2328 2423 2399 dureque
2454 2329 2625 2399 virgis
2655 2330 2850 2386 validis
2876 2331 3166 2387 intentatis
3193 2332 3484 2399 exterruit,
3511 2348 3580 2389 co

1951 2420 2098 2489 quod
2134 2420 2374 2491 legatum
2420 2437 2580 2477 suum
2614 2430 2724 2477 tam
2753 2424 3072 2479 immaniter
3109 2440 3212 2480 sua
3241 2425 3574 2497 negligentia

1951 2515 2319 2569 contristavit.
2352 2514 2469 2581 Qua
2497 2532 2629 2572 vero
2654 2517 2866 2573 visione
2889 2518 3184 2589 completa,
3212 2519 3358 2576 illico
3379 2536 3578 2590 exper-

1950 2607 2191 2677 giseeus,
2222 2610 2389 2678 cmpit
2418 2609 2672 2671 diurnam
2720 2610 2896 2666 lucem
2922 2613 3229 2683 praestolari
3260 2630 3370 2685 quo
3413 2632 3576 2672 suum

1951 2697 2223 2768 hospitem
2254 2701 2499 2755 revisere
2547 2709 2603 2755 et
2644 2700 2846 2773 alloqui
2897 2715 3106 2773 posset.
3153 2704 3337 2760 Primo
3385 2706 3573 2777 itaque

1950 2790 2261 2846 lucescente
2290 2789 2550 2859 diluculo,
2606 2794 2674 2848 ad
2717 2794 2867 2849 illum
2926 2812 3231 2867 properans
3275 2798 3572 2870 diligenter

1948 2899 2073 2939 eum
2104 2883 2541 2955 inquisivitquid
2575 2886 2925 2958 negligentiae
2956 2889 3159 2959 quidve
3198 2889 3383 2946 delicti
3418 2892 3569 2947 circa

1947 2975 2067 3044 ejus
2097 2976 2277 3031 fuerat
2310 2977 2666 3033 commissum
2698 2978 3049 3051 obsequium,
3072 2982 3217 3052 quod
3251 2982 3303 3037 in
3330 2998 3389 3038 se
3417 2980 3571 3038 doma

1950 3084 2053 3123 nus
2080 3067 2273 3124 I’etrus
2308 3078 2418 3123 tam
2462 3085 2522 3125 se
2574 3070 2880 3127 terribilem
2942 3073 3253 3139 invexerat,
3291 3075 3571 3145 tantisque

1949 3176 2009 3216 se
2035 3161 2197 3215 minis
2222 3177 2286 3214 ac
2316 3162 2536 3231 probris
2552 3160 3125 3235 objurgaveratatque
3152 3174 3447 3222 terruerat.
3464 3167 3566 3223 Cui

228 3248 383 3302 debat
406 3263 521 3317 quo
550 3257 789 3317 coeperat
808 3262 1053 3318 pergere.
1082 3247 1217 3303 Cum
1235 3257 1416 3304 autem
1449 3249 1551 3305 hac
1577 3250 1836 3306 collucta-
1869 3242 1916 3304 C
1949 3253 2198 3322 protinus
2223 3252 2312 3307 ille
2356 3272 2369 3305 :
2406 3253 2667 3321 Tantum,
2707 3255 2907 3327 inquit,
2961 3258 3066 3314 hac
3122 3269 3303 3323 nocte,
3352 3264 3571 3320 cunctis

231 3338 367 3393 tione
398 3339 615 3393 diutius
646 3348 914 3393 certatum
949 3338 1165 3403 fuisset,
1194 3355 1295 3395 nec
1333 3350 1515 3395 tamen
1544 3352 1726 3397 rector
1750 3342 1838 3412 ju-

230 3436 464 3482 mentum
490 3428 602 3483 sibi
644 3428 710 3483 ad
741 3429 1245 3501 obtemperandum
1262 3430 1371 3487 ullo
1394 3433 1557 3488 modo
1580 3450 1840 3491 revocare

226 3519 510 3586 potuisset,
536 3517 655 3587 jam
706 3520 926 3575 demum
973 3523 1283 3591 suspicatus
1315 3539 1383 3579 ne
1436 3524 1579 3580 forte
1616 3528 1837 3583 brutum

227 3608 346 3662 illud
388 3609 607 3669 animal
652 3610 725 3665 ita
757 3611 859 3666 sibi
890 3622 1080 3669 contra
1105 3629 1313 3670 morem
1354 3616 1540 3672 divino
1573 3618 1837 3675 instinctu

228 3699 529 3765 resisteret,
571 3709 713 3756 totas
760 3701 833 3756 illi
880 3702 1087 3759 laxavit
1135 3706 1401 3773 habenas,
1429 3716 1702 3778 quatenus
1722 3711 1839 3781 jam

226 3791 449 3847 liberum
507 3805 767 3864 pergeret
809 3810 919 3865 quo
964 3796 1141 3867 ipsum
1192 3799 1335 3855 Deus
1370 3800 1611 3873 dirigere
1648 3803 1833 3859 vellet.

226 3880 370 3938 Itane
403 3885 601 3955 itaque
630 3885 796 3954 facto,
833 3889 947 3959 jam
988 3888 1305 3947 lucescente
1336 3892 1601 3961 diluculo,
1632 3897 1838 3953 erectis

223 3978 409 4044 oculis,
441 3994 683 4049 qumque
720 3990 849 4038 nota
874 3984 1157 4055 conspexit
1202 4001 1434 4057 seseque
1481 3989 1667 4046 divino
1712 4009 1835 4047 mu-

225 4084 345 4124 nere
392 4073 712 4127 rectissimo
771 4075 989 4130 tramite
1046 4076 1315 4133 directum
1369 4079 1539 4137 fuisse
1590 4084 1832 4152 agnovit.

226 4160 355 4233 Ergo
384 4178 522 4219 suas
554 4180 747 4235 preces
771 4168 1016 4238 magistri
1041 4171 1253 4227 meritis
1280 4174 1566 4230 exauditas
1593 4192 1717 4232 esse
1739 4193 1834 4233 co-

226 4266 515 4321 gnoscens,
559 4254 673 4311 Deo
703 4260 1135 4329 gratulabundus
1182 4266 1386 4335 gratias
1430 4268 1561 4336 egit,
1593 4284 1694 4323 nec
1725 4287 1833 4325 non

224 4352 393 4399 etsuo
444 4349 737 4419 magistro,
786 4366 946 4421 quem
983 4354 1119 4410 adeo
1150 4355 1372 4427 dignum
1404 4358 1513 4415 Deo
1553 4359 1671 4417 fore
1709 4378 1834 4433 per-

224 4438 411 4505 spexit.

778 4556 999 4614 CAPU'I
1070 4560 1209 4617 XIII.

1948 3345 2103 3400 vobis
2127 3346 2531 3411 recedentibus,
2562 3348 2741 3402 solum
2794 3364 2883 3405 me
2939 3350 3192 3407 relictum
3236 3352 3405 3411 fuisse
3460 3372 3563 3414 cx-

1945 3437 2097 3508 pavi,
2124 3447 2184 3493 ut
2214 3454 2336 3493 cum
2369 3440 2522 3510 gravi
2553 3440 2803 3495 molestia
2833 3442 3145 3500 insomnem
3193 3462 3333 3517 pene
3386 3457 3558 3507 totam

1945 3534 2314 3603 protraxerim
2348 3541 2586 3589 noctem.
2617 3534 2831 3601 Quibus
2859 3537 3107 3592 vicissim
3154 3542 3433 3610 revelatis,
3465 3543 3565 3599 ad-

1944 3623 2129 3677 mirati
2153 3624 2257 3677 viri
2297 3623 2391 3678 Dei
2419 3625 2724 3694 potentiam
2754 3627 3208 3697 glorificaverunt
3240 3631 3434 3703 Deum,
3469 3636 3564 3708 qui

1945 3714 2115 3770 tantis
2142 3713 2409 3787 prodigiis
2449 3731 2508 3772 se
2539 3716 2852 3773 mirabilem
2912 3720 2965 3773 in
3009 3725 3220 3778 sanctis
3274 3734 3331 3781 et
3386 3728 3565 3786 servis

1942 3810 2057 3866 suis
2083 3809 2343 3866 ostendit.
2402 3809 2571 3879 Cujus
2598 3812 2860 3869 videlicet
2886 3814 3055 3886 signi,
3115 3817 3162 3873 is
3211 3820 3305 3889 qui
3355 3821 3563 3880 missus

1942 3901 2143 3969 fuerat,
2170 3903 2244 3959 ita
2270 3916 2354 3961 est
2386 3906 2753 3963 admiratione
2799 3918 3165 3980 compunctus
3190 3923 3251 3968 ut
3274 3914 3341 3970 ad
3384 3916 3561 3972 virum

1944 3996 2041 4053 Dei
2077 4013 2332 4053 reversus
2363 3996 2653 4054 confestim
2700 4016 2762 4056 se
2806 4000 2880 4055 illi
2921 4004 3282 4069 commiserit,
3332 4008 3565 4075 promit-

1943 4095 2064 4142 tens
2091 4102 2151 4142 se
2177 4088 2291 4159 jam
2322 4088 2523 4143 saeculo
2560 4090 3107 4160 abrenuntiaturum,
3149 4104 3205 4148 et
3244 4097 3557 4167 regularem

1940 4179 2187 4234 habitum
2215 4194 2283 4235 ex
2314 4180 2486 4250 ipsius
2515 4182 2903 4240 benedictione
2940 4187 3010 4241 ad
3035 4185 3414 4245 famulandum
3444 4190 3562 4249 Deo

1940 4284 2374 4340 assumpturum.
2409 4272 2565 4339 Quod
2596 4274 2819 4343 quidem
2854 4276 2971 4346 ipse
2993 4288 3120 4348 post
3141 4280 3418 4336 modicmn
3450 4283 3554 4338 im-

1938 4362 2125 4434 plevit,
2160 4365 2415 4434 idemque
2445 4366 2550 4422 hoc
2582 4368 2765 4438 nobis,
2795 4378 2854 4425 ut
2882 4370 3235 4443 digessimus,
3260 4389 3330 4430 ex
3358 4376 3558 4433 ordine

1938 4464 2111 4511 totum
2142 4457 2447 4513 enarravit.

2517 4570 2751 4630 CAPUT
2801 4573 2922 4631 XIV

228 4635 481 4737 Bratiei‘ri
505 4646 729 4737 nuntius
749 4662 813 4701 ea:
833 4647 943 4737 luto
964 4654 1261 4737 extrahitur
1284 4664 1332 4709 et
1351 4667 1617 4737 .uocturno
1630 4662 1832 4737 timore
1860 4621 1910 4683 Β
1939 4660 2026 4716 Ex
2071 4661 2367 4737 obedientia
2404 4662 2660 4735 Stephani
2682 4685 2835 4737 papa:
2883 4668 2970 4723 IX
3011 4684 3224 4727 creatur
3274 4672 3332 4727 S.
3382 4674 3447 4729 Π.
3490 4674 3559 4731 E.

287 4714 553 4796 solvitur”
580 4719 715 4796 tanti
770 4720 896 4774 mali
942 4734 1157 4779 auctore
1186 4742 1281 4796 per
1312 4728 1483 4783 risum
1530 4748 1563 4784 a
1621 4714 1827 4789 S.erird

286 4783 446 4854 rit-gis
478 4786 775 4842 adntonito.

285 4895 404 4952 Alio
428 4912 659 4969 quoque
699 4909 960 4974 tempore,
990 4909 1285 4978 quemdam
1330 4913 1581 4969 nuntium
1611 4919 1827 4975 cuidam

225 4984 964 5064 destinabatepiscopo,qui,
999 4997 1126 5052 dum
1162 5014 1315 5069 aquae
1342 5002 1577 5059 rivulum
1632 5007 1697 5062 in'
1738 5011 1827 5066 via

227 5080 531 5147 reperisset,
606 5097 730 5138 eum
778 5087 997 5157 quidem
1066 5090 1225 5147 facile
1280 5098 1670 5169 transvadavlt,
1731 5105 1827 5160 sed

226 5181 341 5267 mox
389 5171 444 5226 in
477 5172 608 5243 ejus
656 5190 878 5247 egressu
935 5188 1085 5236 tanto
1141 5184 1314 5253 ipsius
1355 5203 1531 5259 equus
1584 5193 1829 5267 inﬁgitur

232 5257 351 5329 luto,
383 5276 446 5320 ut
477 5267 639 5323 nullo
664 5271 952 5326 conamine
985 5288 1050 5328 ex
1076 5290 1142 5331 eo
1188 5257 1456 5347 potuisset
1483 5257 1781 5357 exsurgere
1810 5310 1824 5355 ;

226 5364 377 5420 eques
406 5373 542 5414 vero
577 5360 653 5414 ita
705 5376 765 5417 se
808 5362 1125 5435 impeditum
1197 5374 1573 5442 considerans,
1614 5388 1669 5433 et
1697 5382 1829 5451 quid

2008 4735 2177 4816 θανά..
2223 4736 2497 4807 episcopus
2548 4735 2827 4804 Ostiensis,
2860 4752 2908 4795 et
2938 4742 3083 4797 illius
3131 4762 3289 4814 super
3341 4746 3442 4802 huc
3504 4765 3565 4804 re

2007 4822 2288 4859 somnium.

2008 4916 2144 4971 Cum
2178 4926 2340 4973 tanta:
2373 4919 2537 4990 igitur
2575 4916 2747 4991 ipsius
2789 4925 3103 4982 sanctitatis
3148 4938 3203 4985 et
3242 4932 3555 5001 prudentia:

1929 5007 2043 5079 jam
2075 5008 2246 5064 latere
2290 5009 2436 5066 fama
2490 5029 2596 5068 nou
2641 5028 2852 5085 posset,
2892 5021 2959 5073 ad
3011 5036 3174 5077 aures
3214 5037 3418 5081 sauctze
3448 5027 3559 5085 llo-

1937 5118 2113 5157 mana:
2144 5102 2399 5161 Ecclesiae
2428 5106 2543 5177 (5i)
2574 5107 2721 5162 clara
2754 5109 3035 5179 defertur;
3074 5126 3130 5168 et
3169 5117 3429 5186 quoniam
3474 5122 3564 5177 vir

1940 5204 2126 5251 tantus
2177 5200 2488 5255 sacerdotio
2542 5212 2799 5258 censetur
2840 5207 3072 5263 idoneus
3110 5219 3278 5280 atque
3317 5215 3559 5285 negotiis

1936 5286 2326 5345 ecclesiasticis
2352 5308 2517 5361 quam
2574 5297 2811 5350 tuaxime
2862 5302 3382 5374 necessarius(55),
3425 5323 3554 5377 per—

1938 5386 2135 5441 ductus
2172 5388 2238 5442 ad
2259 5404 2533 5443 summum
2564 5392 2904 5460 pontificem,
2930 5403 3061 5451 tunc
3096 5394 3443 5469 Stephanum
3478 5399 3558 5454 vi-

1374 5483 1751 5547 GOIlEFRIDI
1796 5493 2219 5555 HENSCIIENII
2258 5500 2494 5558 NOTAE.

292 5577 397 5659 (33)
426 5581 512 5659 ῥά
537 5599 702 5659 aurea
717 5597 917 5659 sancta:
943 5587 1195 5647 Romam:
1216 5594 1469 5652 ecclerioe.
1513 5598 1692 5657 Variis
1720 5620 1822 5659 no-

232 5658 319 5745 ξιξ·
335 5650 393 5704 Β.
426 5652 633 5745 [Icarus
655 5654 754 5737 fuit
780 5659 1143 5745 pontificibus,
1172 5680 1294 5719 cum
1318 5650 1537 5745 eastern
1559 5650 1690 5745 E-jii;

232 5720 367 5803 stola:
479 5720 814 5803 Gregorium
866 5728 947 5803 VI.
1001 5720 1541 5803 Clementem

316 5786 695 5883 eti/ictorem,
726 5797 789 5883 Il,
840 5786 1336 5868 qui-omnesante
1361 5786 1821 5883 siio‘iimﬁiiiifti'é

233 5878 323 5929 quo
346 5866 429 5921 hic
452 5867 665 5935 agitur,
694 5866 970 5928 sederunt.

2003 5612 2119 5737 (552
2153 5614 2391 5683 Negotiis
2418 5616 2788 5675 ecclesiasticis
2835 5640 2995 5691 quant
3040 5628 3269 5680 maxime
3296 5644 3554 5695 necessa-

2003 5702 2062 5737 ιδ.
2118 5684 2293 5737 'uerat
2320 5698 2447 5737 ante
2479 5706 2509 5737 tl
2540 5690 2820 5737 (Ilonwnm
2854 5694 2890 5737 ΙΙ
2936 5696 3002 5737 ml
3038 5697 3328 5737 IImnrimnn
3375 5699 3411 5737 ΙΙ
3448 5701 3553 5737 im-

1931 5685 2062 5739 rius.
2092 5684 2293 5739 Fuerat
2320 5698 2447 5741 ante
2479 5706 2509 5741 a
2540 5690 2820 5746 Clemente
2848 5684 2891 5748 Il
2936 5696 3002 5749 ad
3038 5688 3328 5752 IIeuricum
3372 5699 3413 5752 II
3447 5701 3553 5754 itu-

1928 5769 2264 5838 peratorent,
2298 5758 2391 5841 qui
2423 5760 2663 5841 revtjus
2707 5766 2945 5821 nominis
2978 5765 3041 5820 IlI
3098 5780 3203 5833 est,
3237 5768 3547 5841 ablegatus,

1928 5827 2126 5898 utipse
2155 5829 2230 5882 ait
2253 5832 2412 5887 evist.
2449 5831 2481 5884 5
2524 5827 2615 5886 lih.
2653 5850 2688 5888 ι.
