4084 6380
651 347 737 398 liti
1528 340 1584 392 S.
1616 339 1892 398 PETRL'S
1930 342 2204 398 DAMIANI

2320 343 2372 399 S.
2412 344 2473 397 ll.
2517 344 2578 399 Ε.
2616 346 3051 403 CARDINALIS.

3819 355 3844 368 -

3786 353 3887 409 id

638 464 833 519 delicat
880 478 1076 517 nonum
1114 459 1246 532 (36),
1301 460 1367 513 ad
1410 458 1811 529 suscipiendum
1856 458 2215 529 episcopalem
2252 479 2295 537 Α
2326 460 2378 513 in
2407 460 2657 529 gaudium
2698 459 2914 515 Domini
2946 461 3022 514 tui
3049 460 3264 531 (Matth.
3298 474 3421 526 xxv,
3449 458 3573 514 Luc.
3609 466 3737 531 xix).
3783 462 3887 519 Nec

639 556 951 611 cathedram
1000 564 1104 607 tam
1144 552 1213 607 ab
1252 551 1523 622 episc0pis
1560 551 1776 607 czeteris
1826 552 2215 606 ecclesiasticis

643 648 796 708 viris,
827 658 986 714 quam
1026 642 1094 697 ab
1125 643 1245 712 ipso
1297 656 1509 696 summo
1550 640 1807 710 pontiﬁce
1850 639 2211 709 compellitur.

636 734 756 805 ipse
781 748 905 788 vero
926 748 1034 788 non
1066 733 1351 786 immemor
1380 731 1638 787 solitaria:
1674 729 1891 799 quietis,
1922 731 1975 784 in
2003 745 2107 799 qua
2133 733 2214 786 di-

640 826 774 879 vina:
813 822 1027 878 lectioni
1052 836 1115 876 ac
1142 819 1587 890 contemplationi
1611 818 1851 873 suaviter
1875 832 2069 873 vacare
2090 834 2213 873 con-

638 925 906 979 sueverat,
936 932 1053 970 eam
1087 915 1337 969 amittere
1363 912 1683 979 civilemque
1728 911 2014 979 strepitum
2058 924 2213 978 repe-

636 1017 749 1060 tere
771 1005 997 1058 nimium
1024 1004 1467 1073 perhorrescens,
1506 1013 1718 1053 summo
1770 1007 1826 1054 et
1867 998 2013 1052 onmi
2041 1014 2210 1054 cena-

635 1096 780 1150 tnine
801 1109 989 1148 eorum
1022 1078 1524 1161 compellationibus
1569 1090 1874 1146 resistebat.
1907 1089 2008 1156 Qui
2041 1104 2207 1159 porro

633 1200 923 1246 cernentes
965 1188 1039 1243 nil
1070 1190 1183 1243 suis
1208 1202 1432 1257 prorsus
1456 1185 1946 1249 cohortationibus,
1978 1184 2049 1238 nil
2090 1200 2214 1254 pre—

633 1280 789 1334 cibus
814 1277 1093 1350 prolicere,
1119 1276 1231 1345 jam
1277 1277 1326 1331 ei
1360 1285 1644 1345 coeperunt
1686 1274 2207 1330 excommunicatio-

635 1373 719 1425 nis
747 1370 1094 1433 sententiain,
1120 1369 1165 1422 si
1194 1370 1468 1423 obstinate
1500 1377 1755 1423 resistere
1783 1367 1923 1421 ultra
1952 1367 2211 1421 decerneo

635 1468 738 1523 ret,
768 1460 1051 1513 intentare.
1070 1457 1205 1523 Quid
1239 1457 1431 1526 plura?
1457 1456 1715 1511 Dominus
1748 1457 1963 1510 tandem
1989 1466 2206 1525 aposto-

635 1550 775 1604 licus
814 1564 981 1601 unum
1031 1547 1392 1616 superaddere
1436 1547 1663 1610 studuit,
1694 1546 1837 1615 quod
1869 1546 1937 1599 ab
1976 1558 2044 1598 eo
2080 1560 2208 1599 cou-

636 1640 801 1694 tenmi
830 1653 1053 1708 prorsus
1081 1638 1340 1706 nequivit.
1368 1636 1481 1691 Sub
1502 1636 1823 1691 obedientim
1852 1651 2083 1704 namque
2104 1634 2207 1688 sibi

634 1729 890 1799 praecepit
918 1728 1144 1795 imperio
1180 1728 1636 1795 utobtcmperaus
1654 1724 1937 1787 fratribus,
1969 1724 2203 1793 placide,

2320 552 2419 607 hoc
2450 564 2627 606 tamen
2657 553 2760 607 sibi
2786 552 3319 617 soliicerejudicans,
3354 552 3400 608 si
3429 567 3553 624 erga
3582 554 3738 609 unius
3772 565 3887 611 ιςιιι-

2317 653 2428 698 tum
2455 644 2709 699 Ecclesia:
2732 644 2939 714 plebem
2966 644 3101 716 (39),
3131 644 3218 700 cui
3246 644 3494 700 videlicet
3513 655 3761 714 praeerat,
3794 648 3886 701 ad-

2314 735 2728 789 ministrationis
2760 750 2871 789 sua:
2891 750 3078 790 curam
3105 734 3479 805 prmtenderet,
3511 735 3636 788 dum
3664 750 3723 789 se
3750 752 3882 791 cun-

2313 826 2415 880 ctis
2443 826 2606 879 sciret
2633 824 2928 881 obnoxium
2949 824 3253 890 conservis,
3283 824 3336 877 in
3373 839 3475 877 una
3506 838 3686 879 secum
3728 825 3884 881 fanti-

2314 911 2381 966 lia
2394 913 2814 982 conscriptis,“
2834 912 3122 968 sollicitum
3143 911 3451 975 exhibebat,
3472 926 3765 982 omnesque
3791 911 3875 967 ln-

2311 1005 2453 1059 erari
2479 1005 2588 1060 Deo
2617 1004 2865 1074 cupiens,
2898 1014 3155 1074 tauquam
3205 1018 3373 1075 sagax
3423 1003 3644 1057 rimatur
3680 1003 3875 1071 piscosi

2310 1098 2538 1167 gurgitis
2580 1097 2809 1151 solerter
2854 1096 3234 1166 investigahat,
3278 1094 3451 1149 sicubi
3492 1109 3587 1165 pro
3630 1094 3869 1165 qualibet

2309 1188 2647 1244 solemnitate
2678 1186 2863 1258 populi
2905 1184 3190 1241 multitudo
3238 1184 3553 1247 conflueret,
3602 1194 3873 1254 quatenus

2308 1279 2477 1334 divini
2508 1278 2654 1334 verbi
2706 1279 2813 1333 lina
2844 1279 3175 1333 submittens
3214 1276 3396 1347 plures
3432 1292 3626 1347 capere
3648 1287 3705 1331 et
3722 1276 3876 1346 quasi

2308 1369 2375 1424 de
2406 1369 2659 1424 mundani
2709 1369 2941 1438 :equoris
2989 1367 3254 1438 profundo
3292 1367 3359 1421 ad
3408 1366 3623 1437 superni
3673 1366 3877 1418 amoris

2308 1458 2415 1513 alta
2444 1458 2728 1513 sustollere
2771 1466 2972 1528 posset.
3029 1455 3415 1527 llujuscemodi
3465 1467 3695 1524 namque
3740 1452 3875 1509 lucri

2308 1550 2479 1621 gratia
2503 1549 2660 1619 longe
2676 1548 2925 1603 diurnam
2946 1548 3121 1602 lucem
3148 1546 3421 1602 multoties
3439 1560 3561 1600 cum
3585 1543 3881 1614 praevenire

2308 1639 2714 1709 conspeximus,
2759 1638 2804 1693 si
2835 1638 2958 1693 talis
2992 1648 3291 1693 conventus
3336 1634 3661 1706 longiuscule
3703 1634 3876 1698 fleret,

2308 1747 2376 1786 ne
2389 1740 2701 1800 competens
2721 1729 3119 1785 sermocinandi
3141 1729 3243 1784 sibi
3264 1730 3392 1783 hora
3413 1727 3684 1781 transiret.
3704 1724 3884 1795 Step6

635 1826 778 1889 quod
828 1817 1119 1888 jubebatur
1160 1828 1491 1880 assumeret;
1548 1830 1779 1883 moxque
1836 1814 2004 1883 ipsius
2064 1814 2203 1867 arri-

2315 1836 2539 1875 numero
2565 1836 2781 1891 quoque
2806 1821 2953 1874 illum
2983 1821 3233 1875 novimus
3260 1820 3475 1875 acribus
3504 1817 3741 1874 febribus
3785 1833 3881 1869 no-

634 1910 788 1977 piens
833 1908 1112 1962 dexteram
1164 1906 1365 1959 annulo
1392 1903 1551 1959 simul
1576 1904 1856 1958 dotavitet
1884 1903 2029 1973 virga
2055 1903 2188 1973 (37).

633 1998 842 2064 Quibus
890 1997 1141 2051 videlicet
1178 1996 1353 2051 arrhis
1384 1994 1649 2051 Ostiensis
1676 1996 1777 2050 sibi
1802 1994 2073 2064 copulavit
2112 1995 2210 2049 Ec-

631 2090 869 2145 clesium.
897 2088 1215 2159 Episcopatu
1248 2104 1374 2144 vero
1396 2087 1499 2143 hoc
1527 2087 1718 2141 ordine
1746 2097 2047 2155 assumpto,
2080 2086 2208 2140 illud

634 2181 774 2236 illico
802 2181 853 2235 in
890 2194 946 2235 se
980 2180 1201 2248 agnovit
1226 2178 1503 2249 impletum
1526 2177 1668 2247 quod
1691 2192 1788 2248 per
1811 2177 2078 2231 visionem
2102 2175 2204 2230 sibi

632 2273 807 2328 fuerat
832 2280 959 2326 ante
994 2270 1283 2324 triennium
1319 2268 1636 2323 reVelatum.
1686 2266 1855 2321 Porro
1906 2267 2043 2319 visio
2082 2264 2205 2319 talis

630 2362 811 2419 fuerat
836 2378 851 2418 :
876 2362 1097 2432 putabat
1131 2361 1231 2416 sibi
1257 2376 1510 2430 sponsam
1554 2359 1910 2415 clarissimam
1964 2358 2082 2413 fore
2111 2359 2203 2413 do-

624 2462 824 2519 tatam,
852 2468 1014 2522 quam
1045 2466 1151 2506 non
1200 2451 1512 2522 contingere
1565 2465 1663 2504 nec
1696 2464 1853 2519 aequo
1891 2449 2082 2503 saltem
2124 2447 2207 2501 in-

636 2545 775 2599 tuitu
822 2543 1037 2597 valebat
1094 2542 1390 2611 inspicere;
1425 2541 1512 2596 cui
1545 2550 1723 2595 tamen
1764 2540 2071 2596 nullatenus
2122 2556 2205 2594 re-

633 2635 883 2690 nuntiare
902 2634 1151 2700 audebat,
1177 2644 1431 2703 tanquam
1454 2633 1554 2687 sibi
1565 2631 1687 2701 jure
1703 2632 2024 2702 conjunctae.
2050 2631 2203 2697 Quod

632 2727 758 2781 huic
809 2724 967 2795 plane
1005 2725 1219 2795 negotio
1257 2738 1481 2793 prorsus
1531 2723 1872 2777 concinuisse
1926 2722 2206 2793 perspexi-

633 2831 771 2870 mus.
810 2816 1143 2885 Agnovimus
1172 2816 1317 2871 enim
1352 2816 1526 2885 ipsum
1577 2829 1739 2883 super
1789 2815 1890 2868 hoc
1927 2814 2203 2868 multoties

629 2916 986 2976 conquestum
1020 2906 1205 2973 fuisse,
1238 2906 1490 2975 iniuncta:
1517 2915 1694 2959 tamen
1724 2907 2045 2961 obedientim
2088 2922 2205 2959 sar-

631 3001 831 3064 cinam,
865 2998 1164 3067 quamlibet
1187 3011 1495 3061 onerosam,
1526 3012 1554 3049 a
1586 2997 1698 3051 suis
1720 3013 1954 3066 unquam
1977 2998 2203 3051 cervici-

630 3093 728 3146 bus
748 3099 999 3145 excutere
1032 3089 1252 3143 miuime
1278 3088 1705 3157 prmsumpsisse.

1213 3202 1441 3259 CAPUT
1491 3202 1606 3259 XV.

630 3296 862 3351 Salutem
891 3298 1211 3360 animarum,
1250 3306 1297 3348 et
1338 3295 1529 3349 Christi
1552 3310 1635 3365 ac
1670 3293 1734 3348 Β.
1782 3293 2005 3365 Virginis
2032 3296 2204 3347 cultus

700 3366 1155 3436 ampliﬁcationem
1192 3382 1307 3419 cum
1333 3381 1442 3418 sua:
1479 3364 1667 3418 salutis
1688 3364 1916 3433 periculo
1944 3379 2114 3417 curat.

701 3456 839 3511 Cum
871 3470 928 3511 se
960 3455 1122 3525 igitur
1148 3455 1527 3524 perpendisset
1549 3455 2014 3525 istiusmodijugis
2050 3457 2204 3510 nexi-

632 3548 733 3601 bus
758 3546 935 3600 taliter
951 3547 1332 3615 maneipatmu,
1359 3560 1455 3600 nec
1469 3545 1581 3614 jam
1602 3546 1700 3599 sibi
1720 3546 1879 3599 licere
1892 3547 2061 3601 solitze
2076 3564 2204 3601 eon-

636 3637 965 3706 templationi
992 3635 1158 3691 libere
1174 3638 1471 3701 deservire,
1488 3638 1779 3691 arbitratus
1797 3648 1877 3691 est
1904 3640 2204 3707 praeterito-

630 3742 750 3780 t‘um
780 3727 1059 3795 dispendia
1084 3726 1247 3781 lueris
1277 3727 1391 3781 fore
1413 3729 2201 3797 sequentiumeompeusamla;

630 3834 736 3889 quo
771 3818 1022 3874 llacbelis
1052 3810 1321 3873 venustati
1356 3819 1466 3889 (38)
1512 3818 1620 3872 Lire
1669 3828 1851 3889 posset
1899 3820 2204 3889 teeunditas

629 3886 955 3978 comparari.
990 3908 1060 3965 Ut
1102 3909 1272 3966 fidelis
1303 3886 1465 3981 igitur
1493 3886 1686 3965 servus
1714 3926 1778 3965 ac
1806 3886 2066 3979 prudens;
2102 3911 2204 3967 Do-

629 4005 841 4059 ininica:
869 4019 925 4059 se
952 4003 1167 4058 familiae
1193 4012 1599 4073 procuratorem
1622 4004 1976 4058 constitutum
2002 4019 2202 4075 cogno-

632 4112 810 4161 scens,
849 4097 1013 4165 erepit
1058 4095 1284 4151 solerter
1342 4110 1638 4164 procurare
1687 4104 1955 4163 quatenus
2017 4110 2201 4150 susce-

629 4201 789 4260 ptum
823 4187 1181 4243 ministerium
1215 4186 1393 4241 taliter
1421 4187 1519 4241 sibi
1550 4185 1895 4239 commissum
1931 4185 2203 4254 impende-

628 4284 795 4333 ret'ut
821 4279 1110 4331 adventum
1156 4275 1490 4329 Dominicum
1526 4283 1704 4343 posset
1756 4272 2058 4343 intrepidus
2104 4287 2203 4325 ex-

635 4382 899 4441 spectare,
956 4379 1173 4438 tamque
1232 4368 1444 4437 plenam
1508 4375 1561 4421 ct
1616 4364 1907 4436 perfectam
1972 4381 2201 4420 annome

633 4476 940 4514 mensuram
991 4461 1102 4514 suis
1142 4460 1402 4513 exhibere
1453 4458 1754 4523 conservis,
1805 4473 1912 4527 quo
1950 4456 2201 4511 veniente

2310 1921 2400 1966 cte
2421 1913 2749 1978 confectum,
2780 1928 2904 1967 mox
2936 1922 3059 1967 orto
3090 1913 3224 1978 sole,
3262 1912 3559 1982 ingressum
3599 1909 3879 1965 ecclesiam

2313 2004 2604 2058 missarum
2640 2003 2926 2058 inchoasse
2952 2002 3233 2068 solemnia,
3264 2013 3320 2057 et
3341 2018 3511 2071 usque
3536 2011 3743 2056 sextam
3771 1998 3882 2055 fcie

2312 2095 2525 2159 horam,
2548 2096 2691 2149 edita
2723 2110 2874 2159 voce,
2901 2096 2954 2149 in
2976 2109 3136 2149 aures
3158 2095 3319 2149 totius
3339 2094 3508 2164 plebis
3525 2091 3884 2163 protrahenda

2308 2200 2617 2239 sermonem
2649 2200 2754 2238 non
2786 2199 3013 2254 parvum
3040 2185 3195 2238 nobis
3228 2199 3296 2238 ex
3325 2200 3384 2237 se
3406 2181 3697 2253 prtebuisse
3717 2180 3882 2233 mira-

2306 2275 2509 2339 Cttltttn,
2537 2290 2660 2330 eum
2688 2284 2743 2330 et
2774 2275 3131 2330 robustiorem
3160 2275 3364 2330 viribus
3388 2282 3445 2329 et
3470 2274 3753 2329 clariorem
3770 2273 3876 2325 οισι

2307 2368 2435 2436 quio
2489 2382 2861 2431 cerneremus,
2909 2382 3069 2437 quem
3105 2367 3223 2437 jam
3248 2380 3387 2435 pene
3418 2364 3747 2421 deiecturum
3787 2376 3880 2416 su-

2308 2464 2670 2532 spicabamur.
2701 2461 2819 2528 Quo
2852 2460 3008 2531 plane
3057 2462 3280 2516 daretur
3315 2459 3537 2527 intelligi
3570 2472 3673 2511 non
3717 2454 3879 2509 alium

2309 2553 2475 2621 ipsius
2524 2567 2621 2606 ore
2664 2551 2995 2613 concionari,
3048 2564 3211 2619 quam
3262 2549 3431 2612 illum,
3475 2548 3566 2617 qui
3592 2542 3885 2614 discipulos

2308 2656 2435 2695 suos
2460 2643 2679 2704 docens,
2730 2639 2909 2693 aiebat
2940 2656 2953 2690 :
2986 2636 3108 2692 Non
3136 2638 3273 2692 enim
3303 2655 3390 2691 eos
3424 2637 3546 2690 estis
3589 2635 3677 2706 qui
3714 2632 3883 2701 loqui-

2318 2731 2467 2787 mini.
2498 2731 2587 2784 sed
2614 2728 2843 2799 Spiritus
2870 2728 3049 2783 Patris
3071 2729 3227 2784 vesm'
3254 2728 3343 2797 qui
3367 2727 3594 2797 loquitur
3640 2726 3693 2779 in
3742 2724 3882 2779 vobis

2315 2820 2533 2890 (Matth.
2567 2825 2643 2891 x).
2693 2819 2859 2889 Cujus
2904 2820 3157 2874 videlicet
3200 2818 3435 2887 eloquia,
3467 2816 3666 2871 velute
3693 2814 3880 2883 largis-

2308 2914 2445 2967 sima
2478 2912 2644 2966 t'sntis
2667 2926 2801 2964 vena
2827 2910 3201 2971 redundantia,
3229 2909 3562 2976 singulorum
3595 2904 3881 2974 eapacitati

2308 3021 2551 3074 congrua
2600 3002 2942 3073 propinabat.
2977 3002 3106 3069 Qum
3135 3002 3409 3064 nimirum,
3460 3000 3560 3055 etsi
3591 2997 3882 3067 aliquando

2308 3094 2508 3150 fuerint
2541 3094 2857 3164 prolixiora,
2911 3094 3041 3149 nulli
3092 3104 3272 3147 tamen
3313 3107 3433 3146 esse
3464 3096 3712 3161 poterant
3745 3103 3880 3141 oue-

2228 3203 2274 3263 ρ
2307 3204 2449 3243 rosa.
2477 3187 2606 3253 Quae
2635 3202 2828 3257 nempe
2882 3186 3186 3241 oncrositas
3242 3186 3294 3238 in
3359 3184 3502 3238 illius
3530 3196 3648 3237 esse
3695 3188 3878 3250 posset

2306 3278 2666 3340 sermonibus,
2698 3277 2893 3344 quibus
2919 3276 3118 3330 erectis
3144 3275 3361 3329 auribus
3394 3284 3648 3341 tanquam
3676 3268 3875 3324 divinis

2305 3369 2595 3423 affectibus
2659 3367 2729 3421 ab
2792 3364 3046 3421 onmibus
3102 3364 3513 3419 intendebatur?
3556 3372 3648 3416 aut
3706 3358 3882 3414 infru-

2304 3468 2494 3514 ctuosa
2525 3458 2643 3526 ejus
2673 3471 2792 3512 esse
2817 3466 3063 3525 poterant
3088 3455 3277 3519 verba,
3302 3456 3385 3510 cui
3418 3453 3586 3508 sancti
3625 3465 3880 3521 coopera-

2302 3550 2462 3604 batur
2492 3548 2729 3618 Spiritus
2774 3547 2982 3618 gratia?
3035 3546 3272 3600 Minime.
3326 3544 3461 3599 llinc
3506 3557 3734 3611 namque
3797 3549 3883 3594 est

2302 3642 2444 3712 quod
2468 3641 2583 3696 dies
2606 3640 2796 3695 Crueis
2832 3638 2943 3709 (ili)
2970 3638 3038 3693 ab
3067 3637 3363 3692 innumeris
3385 3634 3626 3690 fidelibus
3649 3634 3751 3689 hac
3773 3642 3881 3687 tota

2304 3733 2578 3803 provincia
2601 3733 2669 3786 ob
2698 3730 3055 3785 reverentiam
3084 3727 3377 3782 Domiuiea:
3396 3724 3661 3794 passionis
3687 3721 3741 3776 in
3762 3723 3880 3775 abs-

2308 3826 2532 3880 tineutia
2585 3823 2911 3878 celebratur.
2960 3819 3132 3887 Quam
3169 3818 3420 3873 videlicet
3480 3812 3879 3870 observantiam

2304 3918 2445 3972 idem
2488 3917 2687 3986 passim
2727 3913 2979 3969 omnibus
3020 3910 3319 3983 praedicans
3352 3910 3687 3963 hortabatur.
3745 3905 3882 3960 llinc

2304 4008 2653 4062 nihilominus
2697 4013 2911 4060 constat
2950 4004 3095 4073 quod
3137 4000 3378 4054 omnium
3417 4000 3668 4053 horarum
3704 3992 3879 4050 cilicia

2302 4098 2484 4171 (injin
2510 4099 2714 4153 honore
2728 4096 2883 4150 almae
2915 4093 3008 4149 Dei
3037 4091 3312 4165 genitricis
3346 4089 3398 4143 in
3425 4086 3669 4158 pluribus
3702 4083 3882 4141 eccle-

2304 4190 2400 4244 siis
2458 4188 2734 4249 instantia,
2787 4185 3022 4241 maxima
3069 4194 3277 4253 gestum
3321 4189 3474 4251 parte
3530 4178 3880 4249 dignoscitur.

2305 4279 2457 4346 Quod
2490 4278 2778 4332 matricum
2806 4274 3160 4330 ecclesiarum
3213 4271 3416 4326 clerum
3446 4283 3541 4339 per
3583 4266 3881 4321 Romanam

2304 4368 2635 4438 provinciam
2683 4367 2918 4435 undique
2971 4364 3072 4419 sibi
3122 4362 3428 4433 contiguam
3493 4363 3880 4428 congregatum

2304 4459 2640 4529 inspicimus,
2662 4472 2862 4526 eosque
2891 4454 3145 4511 nonnulla
3188 4451 3433 4508 canonici
3474 4451 3608 4505 ritus
3630 4446 3876 4514 vestigia,

634 4551 878 4612 Πυιιιίιιον
920 4559 1215 4602 mereretur
1242 4547 1428 4601 audire
1461 4564 1473 4598 ι
1502 4545 1667 4615 ευμεν
1697 4561 1838 4599 δεῖτε
1883 4544 2034 4608 (ωηεν
2061 4546 2200 4597 intra
2231 4562 2279 4622 υ
2306 4547 2415 4603 Deo
2445 4549 2678 4611 favente,
2702 4546 2902 4602 imitari
2946 4544 3323 4616 applaudimus
3363 4541 3472 4612 qui,
3509 4537 3710 4594 relictis
3748 4536 3879 4591 olim

1730 4652 2098 4709 GODEFllIDl
2134 4654 2546 4712 llEtVSCllENll
2585 4656 2819 4713 ΝΟΤᾹΞ.

698 4770 811 4843 ('56)
842 4770 1158 4843 Stephanum
1186 4768 1427 4843 videlicet
1460 4782 1672 4843 n_on_u_m.
1708 4766 2012 4835 Stephanus
2035 4780 2188 4843 crea—

631 4835 719 4897 tus
750 4835 802 4895 .v'
844 4835 1023 4896 Nonas
1051 4840 1273 4910 Augusti
1306 4838 1431 4891 anni
1481 4837 1640 4902 1057,
1683 4848 1927 4890 mortuus
1982 4851 2031 4888 Iv
2075 4835 2192 4888 lial.

631 4913 828 4983 Aprilis
855 4912 979 4983 anni
1004 4910 1166 4983 loss.

702 4982 813 5049 (δῖ)
842 4980 1045 5034 Annulo
1074 4979 1227 5033 simul
1253 4977 1447 5032 dotauit
1474 4990 1525 5049 et
1563 4978 1725 5047 virga.
1749 4978 1902 5032 Anno
1930 4975 2085 5040 1058,
2123 4974 2199 5027 uti

633 5048 793 5121 supra
820 5052 1119 5121 probatum,
1146 5057 1362 5103 creatus
1385 5048 1693 5121 eat-dimitts.

702 5117 960 5193 (ὄδγριιο
984 5120 1221 5193 Ilacltelis
1247 5117 1766 5193 vqu_us.‘ati.__De_vita
1788 5117 1960 5193 activa
1990 5125 2039 5168 et
2067 5134 2198 5193 (νωι-

636 5187 941 5261 ιυιίψιὶιιῑνςι
970 5192 1065 5245 sub
1092 5192 1259 5259 figura
1291 5188 1399 5261 Lizg:
1436 5196 1490 5261 e_t
1523 5187 1772 5261 llaclielis
1801 5187 2058 5255 pra-clare
2090 5190 2194 5261 dis—

633 5256 768 5317 serii
790 5261 848 5314 B.
882 5261 1072 5384 Peét'us
1102 5256 1289 5329 opusc.
1326 5259 1413 5325 l5,
1448 5258 1523 5313 De
1551 5258 1880 5328 perfectione
1907 5256 2195 5308 iiioiiacho-

633 5348 774 5384 I'UIII.
810 5346 927 5384 can.
991 5369 1004 5382 .

632 5348 774 5396 rum,
810 5347 927 5396 cap.
951 5347 1004 5384 δ.

951 5346 1085 5469 lzi'ga
1133 5400 1306 5471 unius
1334 5408 1539 5471 tantum
1571 5395 1828 5471 Ecclesiae.
1854 5396 2070 5471 plebem.
2123 5394 2196 5448 Illi

632 5466 844 5542 quoque
873 5466 1213 5526 cottitnissam
1238 5469 1402 5523 fuisse
1427 5468 1761 5537 Eugubinam
1791 5466 2088 5521 Ecclesium
2112 5482 2200 5518 su-

672 5558 725 5596 ra
755 5543 1005 5595 diximus.

631 5560 725 5613 pra
755 5560 1005 5595 uisimus.

704 5612 814 5682 (40)
844 5612 995 5677 Quod
1016 5612 1124 5665 dies
1148 5611 1337 5682 cruris.
1362 5606 1595 5682 Singulis
1623 5608 1833 5682 scilicet
1855 5604 2206 5682 hebdomadis

634 5679 765 5735 feria
796 5679 965 5747 sexta,
995 5684 1061 5737 de
1089 5680 1420 5751 quojejunio
1451 5679 1588 5733 infra
1627 5679 1820 5732 iterum
1845 5680 2019 5748 agitur
2044 5693 2193 5730 num.

632 5754 699 5808 l5
728 5761 781 5807 et
801 5768 912 5821 seq.

2373 4770 2484 4837 (ιι)
2515 4769 2763 4822 Omnium
2792 4769 3039 4820 horarum
3066 4765 3263 4833 ofﬁcia.
3290 4762 3551 4837 Alfeetttui
3574 4774 3726 4837 suum
3752 4772 3878 4827 (εδει

2303 4829 2654 4893 Ιιυίπιδύΐιὶιτὶἰ
2713 4840 2768 4891 ll.
2800 4838 3033 4903 Virginis
3065 4829 3303 4903 liciparte
3352 4835 3535 4901 pandit
3688 4829 3880 4883 Petrus

2300 4926 2486 4979 opuse.
2542 4910 2605 4962 l0
2645 4909 2716 4961 De
2763 4900 2916 4962 horis
2945 4900 3256 4979 canonicis,
3286 4900 3405 4979 cap.
3458 4903 3537 4965 l0,
3578 4900 3663 4953 tibi
3690 4913 3878 4953 uariat

2303 4976 2558 5033 horarum
2587 4980 2912 5032 beatissima:
2945 4976 3179 5046 Virginis
3202 4976 3877 5046 studiosumpeccatortrit

2306 5053 2513 5103 veniant
2542 5067 2635 5117 per
2659 5050 2901 5102 ratiitletn
2936 5039 3273 5114 ittipEtt'asse.
3302 5042 3592 5117 Fortuitius
3614 5042 3732 5117 uit_:
3769 5058 3784 5088 t
3820 5039 3875 5090 ll.

2304 5120 2521 5174 l’etrutn
2543 5110 2773 5188 legatum
2800 5120 2864 5171 de
2894 5110 3059 5169 latere
3090 5133 3181 5188 per
3212 5126 3373 5188 totum
3409 5110 3876 5188 ltulianrtnissuttt.

2307 5201 2359 5261 tit
2392 5178 2755 5261 pi‘otitul‘garet
2785 5191 2997 5261 decreta
3039 5178 3105 5239 de
3152 5187 3377 5261 dicendo
3402 5182 3578 5261 ollieio
3613 5179 3670 5232 Β.
3702 5178 3882 5232 Mariae

2310 5255 2563 5330 Virginis,
2596 5255 2929 5327 ctjejnnium
2959 5267 3123 5330 sexlm
3148 5257 3294 5307 l'eiiu-
3321 5258 3369 5305 in
3402 5255 3883 5330 luumreuisaucue

2307 5320 2483 5385 urticis
2515 5320 2683 5383 simul
2721 5320 3001 5382 indiceret.
3040 5346 3056 5376 ι
3097 5326 3310 5383 \t-rum,
3343 5340 3465 5389 quia
3497 5340 3613 5373 eam
3657 5320 3881 5388 legatio-

2310 5416 2427 5455 ttcttt
2458 5402 2623 5455 refert
2675 5401 2971 5452 institutam
3000 5412 3027 5448 τι
3061 5396 3320 5463 Gregorio
3350 5392 3457 5453 \ll,
3496 5396 3880 5463 aliapCCliLtihl,

2310 5486 2430 5524 Cttttt
2455 5480 2665 5524 constet
2687 5470 2741 5521 Β.
2768 5468 2980 5520 l'elrutti
3004 5458 3254 5531 attttetﬂus
3276 5466 3645 5532 puulllit'ulllill
3663 5458 3881 5511 υΙιίἱδμυ-

2314 5540 2593 5594 “ultimo.”
2622 5540 2875 5609 temporis
2922 5540 2972 5593 in
3032 5538 3128 5591 hac
3180 5538 3293 5589 \ita
3339 5542 3585 5587 :tt't'utalc
3619 5539 3881 5583 servatam

2312 5613 2658 5664 arbitramur.
