4040 6440
239 415 321 471 155

237 521 419 588 cunctis
479 513 767 575 canonicis
817 506 1101 570 institutis,
1160 513 1215 560 et
1269 519 1300 557 a
1338 495 1648 556 communis
1698 492 1825 545 vitae

237 617 397 673 ordine
414 621 653 683 prorsus
683 607 1027 660 recesserant
1045 603 1102 652 et
1139 596 1191 650 in
1220 590 1453 663 singulis
1474 588 1684 644 laribus
1716 599 1824 638 una

238 724 340 768 cum
365 698 706 760 mulierculis
733 694 1075 754 saeculariter
1102 687 1382 762 degebant

799 803 1030 864 CAPUT
1081 800 1226 858 XVI.

235 905 577 968 Simoniacam
627 917 674 956 ei
731 893 1390 968 Nicolaitarumjuzreau
1443 886 1664 968 euellit;
1696 885 1826 968 Am-

294 959 592 1033 lirotianam
637 969 933 1026 Ecclesium
977 981 1096 1020 cum
1121 961 1365 1019 Romana
1415 959 1748 1014 reconciliet.

297 1065 348 1121 In
373 1061 690 1118 Simoniaca
732 1070 950 1128 quoque
985 1053 1107 1109 labe
1136 1051 1254 1124 (42)
1281 1059 1339 1107 et
1375 1050 1572 1106 haeresi
1622 1062 1688 1103 ac
1727 1044 1826 1101 Ni-

230 1155 544 1215 eolaitarum
574 1151 691 1224 (ιὸ)
729 1145 1024 1204 evellendis
1049 1159 1158 1200 non
1185 1141 1473 1197 minimttm
1516 1139 1823 1226 laboravit;

232 1263 338 1322 qua:
350 1243 795 1314 videlicetpestes
814 1247 923 1294 tam
941 1235 1248 1309 perniciosa
1264 1232 1662 1289 consuetudine
1689 1246 1828 1300 pra:-

225 1341 519 1405 valaerant,
538 1346 758 1406 tamque
770 1332 991 1404 impune
1007 1337 1176 1385 totam
1193 1327 1365 1383 ferme
1386 1325 1689 1382 Ecclesiam
1708 1323 1825 1397 (44)

228 1436 277 1493 in
309 1432 461 1492 omni
493 1431 740 1487 Romano
769 1426 902 1482 orbe
926 1423 1288 1484 fordaverant,
1317 1428 1378 1475 ut
1404 1419 1491 1474 vix
1510 1418 1624 1490 jam
1643 1431 1830 1487 repre-

226 1516 538 1590 bemorem,
567 1518 1015 1593 tanquamlicite,
1041 1514 1420 1571 formidarent.
1440 1510 1608 1579 Quas,
1633 1526 1667 1565 ο
1687 1510 1830 1566 bone

225 1621 363 1684 Jesu.
381 1619 504 1691 jam
534 1630 633 1671 nos
663 1629 763 1685 per
792 1613 940 1668 hunc
971 1618 1126 1666 tuum
1162 1606 1443 1680 egregium
1483 1605 1826 1671 bellatorem,

222 1725 558 1785 ceterosque
584 1725 788 1782 paucos
816 1707 921 1764 sibi
948 1705 1316 1768 adhaerentes,
1344 1702 1659 1757 eliminatas
1683 1714 1826 1764 esse,

225 1822 275 1866 te
301 1813 661 1879 cooperante,
689 1801 1013 1875 gaudemus,
1057 1795 1461 1868 prostratisque
1512 1793 1715 1848 hilares
1748 1793 1830 1845 in-

221 1902 514 1959 sultamus.
547 1895 630 1952 0b
658 1909 795 1965 quas
826 1891 1085 1946 nimirum
1113 1904 1182 1944 ex
1212 1880 1316 1955 Am

221 1989 462 2048 Ecclesia
498 1983 915 2058 prepulsandas,
939 1990 1147 2051 quanto
1175 1993 1235 2035 se
1280 1977 1584 2034 discrimini
1607 1976 1836 2032 immer-

221 2082 351 2138 serit
387 2091 746 2148 nequaquam
795 2072 1015 2129 silentio
1062 2070 1503 2142 praetereundum
1553 2078 1831 2140 putamus.

219 2173 460 2243 Denique
491 2170 715 2225 utidem
761 2167 814 2221 in
845 2163 1084 2236 quodam
1135 2178 1235 2218 suo
1285 2162 1451 2228 libro,
1506 2175 1668 2230 quem
1717 2160 1834 2230 ipse

218 2278 376 2335 super
429 2262 541 2317 hoc
585 2257 809 2330 speciali
867 2256 1086 2326 negotio
1126 2254 1320 2327 edidit,
1371 2252 1459 2309 cui
1505 2251 1833 2310 vocabulum

219 2358 378 2410 Actus
431 2351 734 2407 Hedtotam
768 2348 905 2418 (45),
935 2346 1093 2419 juxta
1134 2346 1219 2402 sui
1253 2346 1645 2416 proprietatem
1693 2343 1837 2399 indi-

217 2448 309 2512 dit,
339 2446 656 2502 luculenter
680 2443 971 2513 expressit.
1008 2440 1237 2510 Propter
1285 2440 1384 2494 has
1427 2439 1683 2509 geminas
1727 2439 1838 2492 lia:-

218 2557 383 2606 reses,
453 2538 833 2594 Simoniacam
867 2533 1078 2601 scilicet
1130 2541 1184 2588 et
1224 2531 1645 2596 Nicolaitarum,
1691 2531 1837 2584 inter

219 2629 459 2700 praefata
486 2627 752 2684 Ecclesia:
771 2623 1028 2696 populum
1059 2632 1113 2679 et
1141 2622 1348 2679 clerum
1379 2638 1488 2678 non
1521 2637 1688 2693 parva
1722 2621 1845 2676 [ιιετ

217 2731 294 2777 rat
326 2722 534 2777 oborta
585 2718 804 2774 seditio.
861 2715 1133 2783 Quoniam
1175 2713 1396 2784 quidem
1447 2713 1564 2768 haec
1618 2714 1836 2785 gemina

216 2813 382 2885 pestis
411 2808 780 2868 exsecrabilis
811 2809 887 2861 ita
914 2807 1054 2876 apud
1081 2805 1203 2860 illos
1228 2804 1551 2870 inoleverat,
1604 2814 1839 2859 tantam-

220 2918 322 2975 que
352 2901 680 2957 libertatem
711 2903 1105 2967 assumpserat,
1131 2903 1192 2948 ut
1220 2895 1288 2949 ad
1317 2893 1584 2950 foeditatis
1606 2910 1720 2950 sua:
1749 2910 1838 2950 ne-

218 2995 445 3065 quitiam
523 2989 915 3063 peragendam,
964 2991 1310 3058 nequaquam
1377 2984 1492 3055 jam
1551 2986 1838 3042 latibulum

216 3091 512 3156 quareret,
541 3082 636 3138 sed
666 3081 813 3136 velut
837 3079 986 3135 licita
1009 3079 1350 3147 honestaque
1377 3077 1592 3148 negotia
1623 3078 1842 3148 publice

217 3184 539 3231 exerceret.
565 3171 702 3227 Nam
729 3172 774 3227 si
798 3171 922 3240 quis
961 3169 1030 3223 ad
1071 3167 1374 3240 quemlibet
1399 3167 1840 3226 ecclesiasticum

216 3278 329 3322 erat
359 3267 627 3322 ordinem
676 3261 1108 3334 promovendus,
1167 3259 1479 3315 nullatenus
1519 3261 1726 3332 absque
1752 3277 1844 3318 ve-

218 3354 462 3409 nalitatis
492 3351 835 3410 commercio
882 3350 950 3404 ad
995 3350 1398 3413 consecrantis,
1431 3351 1542 3406 imo
1568 3353 1844 3406 contami-

214 3446 397 3500 nantis
425 3459 636 3499 manus
657 3440 875 3498 valebat
899 3442 1181 3496 accedere.
1216 3442 1464 3496 Alterius
1505 3458 1635 3498 vero
1680 3442 1845 3499 findi-

219 3547 300 3593 tas
327 3546 578 3594 eatenus
603 3552 662 3592 se
696 3534 1041 3606 impudenter
1069 3532 1357 3599 effuderat,
1402 3545 1461 3590 ut
1489 3538 1694 3607 nuptiar
1721 3555 1849 3608 pre-

212 3631 580 3700 sbyterorum
608 3626 681 3682 nil
712 3627 1028 3697 discrepare
1059 3625 1382 3681 viderentur
1426 3626 1496 3681 ab
1541 3629 1846 3684 ambitione

211 3720 594 3775 saecularium.
621 3717 778 3774 Unde
802 3716 986 3772 divino
1008 3715 1292 3781 instinctu,
1328 3726 1508 3772 tactus
1530 3718 1682 3773 zelus
1711 3719 1846 3775 lide-

212 3809 340 3865 lium
365 3812 654 3867 laicorum
683 3809 947 3864 adversus
983 3807 1335 3864 detestabiles
1373 3809 1508 3864 istas
1553 3811 1706 3865 labes
1755 3813 1845 3882 pio

1112 381 1660 447 PRMJEGOMENA.
1707 407 1771 417 -κ
1807 373 1966 428 ΥΙΎΑ
2004 371 2061 426 S.
2101 369 2310 426 PETRI
2345 366 2656 426 DAMIANI.

1857 496 1902 553 Α
1935 485 2164 557 contigit
2200 483 2417 539 fervore
2442 483 2727 547 succemli,
2767 489 2826 536 ut
2875 495 2975 551 pro
3024 476 3194 534 tantis
3246 474 3553 531 sceleribus

3442 376 3552 416 ιιην

1931 576 2223 640 diluemlis,
2279 574 2599 646 apostolicae
2631 573 2776 629 sedis
2821 569 3141 642 snlIragium
3185 566 3556 638 requisissent

1931 667 2094 739 (15⁸).
2123 668 2204 723 Ad
2235 669 2381 738 quod
2414 668 2598 738 itaque
2621 665 2994 737 peragendum
3028 679 3278 719 summus
3306 659 3556 732 pontifex

1928 757 2409 830 Nicolausll(46).
2443 759 2816 830 lnmc,quem
2876 765 2984 811 tam
3053 755 3339 826 sapientiae
3387 769 3557 826 quam

1929 851 2242 906 sanctitatis
2264 851 2596 906 auctoritate
2643 850 2935 919 praeditum
2983 855 3236 911 noverat,
3272 847 3557 902 destinare

1930 942 2166 998 curavit.
2203 940 2458 1009 Quicum
2488 941 2768 1010 profectus
2791 939 2986 994 fuisset
3009 937 3150 1009 (47),
3170 937 3558 1009 condignaque

1930 1037 2034 1092 sibi
2060 1046 2230 1106 atque
2259 1034 2577 1106 apostolicae
2605 1034 2722 1090 sedi
2778 1049 3008 1103 prorsus
3036 1031 3393 1087 veneratione
3421 1046 3551 1086 sus-

1929 1138 2142 1199 ceptus,
2176 1142 2405 1183 causam
2462 1127 2546 1182 sui
2584 1125 3016 1196 apocrisariatus
3064 1125 3233 1178 totius
3294 1123 3558 1178 Ecclesiae

1931 1221 2157 1276 auribus
2181 1218 2478 1274 intimavit.
2507 1218 2627 1286 Quo
2665 1217 2871 1273 factum
2901 1227 2987 1272 est
3013 1226 3070 1271 ut
3103 1233 3228 1272 mox
3253 1224 3380 1287 post
3409 1217 3555 1272 diem

1932 1310 2166 1367 alterum
2199 1310 2440 1367 factione
2466 1309 2798 1366 clericorum
2834 1319 3063 1379 repente
3097 1311 3152 1364 iu
3177 1308 3381 1380 populo
3407 1325 3563 1363 mur-

1932 1418 2058 1457 tnur
2078 1401 2413 1465 exoriretur,
2439 1416 2546 1457 non
2563 1401 2764 1456 debere
2791 1401 3219 1457 Ambrosianam
3244 1400 3558 1456 Ecclesium

1934 1493 2198 1550 Romanis
2234 1493 2449 1563 legibus
2494 1492 2804 1562 subjacerc,
2867 1493 3192 1563 nullumque
3242 1491 3559 1562 judicandi.

1936 1585 2018 1642 vel
2047 1585 2371 1656 disponendi
2396 1571 2760 1656 jusRomano'
2778 1584 3024 1655 pontifici
3047 1584 3099 1638 in
3129 1583 3219 1638 illa
3251 1585 3382 1639 sede
3413 1598 3567 1639 com-

1936 1690 2139 1752 petere.
2167 1681 2338 1736 Nimis
2377 1681 2684 1752 indignum,
2724 1681 3002 1750 inquiunt,
3031 1687 3093 1733 ut
3139 1694 3263 1749 (piae
3294 1680 3397 1734 sub
3428 1695 3560 1750 pro-

1935 1772 2281 1843 genitoribus
2309 1772 2517 1836 nostris
2538 1787 2758 1842 semper
2805 1770 3223 1836 exstititJibera
3261 1769 3330 1825 ad
3364 1779 3570 1826 nostra:

1323 1862 1578 1942 διξοείεηα
1613 1898 1832 1955 quoque
1866 1867 1911 1926 Β
1941 1862 2280 1918 confusionis
2301 1863 2658 1933 opprobrium
2693 1880 2840 1919 nunc
2875 1862 3037 1918 alteri
3090 1864 3185 1929 sit,
3223 1864 3370 1934 quod
3396 1864 3568 1928 absit,

1941 1956 2202 2013 Ecclesia:
2226 1955 2496 2026 subjecta.
2523 1958 2810 2013 Postremo
2852 1957 3307 2013 tumultuantium
3353 1957 3571 2014 clamor

1940 2051 2235 2118 attollitur,
2268 2052 2337 2106 ad
2365 2051 2682 2122 episcopale
2704 2051 2967 2122 palatium
3016 2051 3260 2122 undique
3307 2051 3572 2106 conveni-

1942 2153 2061 2211 tur;
2096 2145 2293 2200 deinde
2313 2144 2684 2199 tintinnabula
2729 2151 3109 2214 perstrepunt,
3147 2144 3402 2198 tubarum
3420 2141 3571 2198 clan-

1940 2237 2164 2309 goribns
2194 2246 2307 2294 tota
2338 2237 2534 2293 civitas
2561 2237 2796 2291 intonat.
2837 2235 3212 2302 lntentabant,
3249 2245 3308 2290 ut
3350 2236 3425 2291 ita
3479 2235 3560 2291 lo.

1939 2346 2102 2402 quar,
2135 2331 2184 2386 ei
2234 2332 2424 2388 omnia
2477 2339 2735 2397 mortem,
2772 2341 2829 2385 et
2859 2329 2966 2386 sibi
2994 2345 3023 2384 a
3056 2329 3388 2400 quibusdam
3453 2329 3573 2385 suis

1941 2423 2301 2479 dilectoribus
2329 2433 2386 2478 et
2438 2422 2824 2492 compatiendo
2861 2421 3249 2488 maerentibus,
3311 2435 3575 2493 suggere-

1940 2514 2106 2570 batur
2155 2516 2301 2584 quod
2333 2514 2586 2570 nonnulli
2641 2510 2761 2582 cjus
2808 2513 3074 2568 sitiebant
3110 2527 3387 2568 cruorem.
3427 2510 3578 2568 Con-

1942 2618 2171 2681 gregato
2221 2609 2406 2679 itaque
2437 2609 2490 2662 in
2517 2607 2752 2663 ecclesia
2797 2605 2948 2662 clero
2977 2614 3034 2662 et
3062 2604 3289 2678 populo,
3326 2606 3578 2662 ascendit

1944 2701 2234 2772 pulpitum.
2265 2699 2385 2768 Quo
2412 2702 2501 2754 vix
2533 2696 2752 2755 tandem
2786 2699 2996 2764 sedato,
3041 2698 3128 2754 his
3167 2699 3354 2755 verbis
3409 2712 3577 2756 exor-

1945 2809 2038 2849 SUS
2063 2802 2147 2848 081
2173 2810 2186 2846 ε

2017 2884 2245 2941 Noverit
2273 2885 2522 2939 charitas
2551 2894 2759 2950 vestra,
2792 2885 3160 2953 dilectissimi,
3195 2903 3306 2944 non
3352 2902 3440 2944 me
3469 2902 3574 2959 pro

1946 2979 2213 3035 Romanae
2257 2980 2366 3036 huc
2394 2979 2656 3037 Ecclesia:
2693 2981 2901 3036 honore
2929 2981 3172 3047 venisse,
3205 2983 3301 3065 sed
3335 2991 3582 3039 vestram

1953 3088 2183 3143 prorsus
2215 3073 2447 3144 gloriam
2477 3089 2747 3144 quaerere.
2799 3090 2864 3130 ac
2908 3076 3065 3131 vobis
3095 3075 3331 3132 salutem
3375 3086 3432 3134 et
3459 3090 3582 3149 gra-

1949 3166 2106 3230 tiam,
2136 3181 2258 3234 qute
2289 3175 2375 3222 est
2413 3166 2466 3220 in
2500 3165 2722 3222 Christo
2747 3167 2900 3230 Jesu,
2942 3183 3068 3223 cum
3109 3167 3230 3238 ejus
3267 3170 3496 3236 auxilio,
3533 3169 3581 3226 si

1949 3256 2295 3326 permittitis,
2323 3271 2646 3326 procurare.
2673 3258 2796 3325 Quo
2822 3260 2970 3314 enim
2999 3270 3162 3330 pacto
3193 3262 3404 3318 honore
3438 3263 3584 3319 indic

1948 3361 2040 3420 get
2066 3350 2277 3420 parvuli
2308 3351 2567 3414 hominis,
2599 3367 2722 3421 quae
2749 3351 2972 3406 laudum
3003 3356 3282 3424 praeconia
3308 3372 3376 3410 ex
3407 3357 3583 3428 ipsius

1946 3459 2046 3499 ore
2079 3445 2273 3498 sortita
2307 3452 2394 3499 est
2421 3443 2767 3499 Salvatoris?
2793 3443 2926 3513 Quae
2949 3455 3134 3502 autem
3166 3447 3449 3518 provincia
3485 3464 3586 3520 per

1947 3537 2132 3591 omnia
2164 3551 2331 3608 regna
2367 3545 2641 3591 terrarum
2675 3536 2744 3590 ab
2772 3534 2894 3605 cjus
2923 3537 3135 3594 ditione
3170 3547 3438 3597 extranea
3491 3557 3584 3598 res

1949 3632 2186 3701 peritur,
2220 3629 2377 3700 cujus
2413 3631 2645 3685 arbitrio
2695 3633 2873 3702 ipsum
2921 3648 3144 3705 quoque
3186 3635 3388 3691 caelum
3424 3649 3482 3694 et
3514 3638 3584 3693 li-

1953 3734 2114 3794 gatur
2139 3733 2194 3778 et
2243 3724 2522 3778 solvitur?
2554 3723 2775 3796 (Manli.
2807 3726 2948 3799 xVi.)
2980 3728 3224 3784 Czcteras
3247 3730 3452 3803 quippe
3478 3733 3586 3789 Ec-

1952 3816 2150 3871 clesias
2176 3814 2552 3888 cujuscunque
2589 3816 2895 3889 dignitatis,
2934 3818 3052 3875 sive
3083 3836 3201 3887 rex,
3237 3823 3355 3878 sive
3397 3822 3586 3894 cujus-

1334 3942 1715 4002 GODEFRIDI
1754 3947 2178 4008 iIENSCIIENll
2220 3947 2457 4006 ΝΟΤᾸΞ.

281 4063 400 4132 (ιῖ)
446 4061 521 4116 In
556 4059 865 4132 Simoniaca
891 4074 1098 4130 quoque
1124 4055 1260 4132 la_b_e.
1304 4056 1603 4132 Simonem
1628 4059 1848 4132 magum

213 4127 506 4190 auctorem
532 4135 592 4186 in
620 4130 770 4186 Novo
793 4127 1144 4185 Testamento
1167 4127 1451 4193 Simoniaz,
1467 4129 1643 4185 abillo
1667 4131 1851 4198 dictae,

214 4207 381 4260 tradit
417 4204 489 4258 Β.
530 4203 733 4274 Petrus
756 4216 873 4271 cap.
898 4200 956 4274 1,
987 4215 1178 4269 opusc.
1209 4200 1264 4262 3.
1294 4200 1362 4254 ad
1385 4201 1697 4274 cardinales
1725 4205 1848 4274 epi-

213 4292 410 4346 scopos
440 4273 776 4344 apostolicae
821 4272 998 4335 sedis,
1040 4287 1149 4340 quo
1173 4279 1444 4346 Atractatu
1501 4273 1616 4343 agit
1654 4272 1852 4330 contra

215 4341 635 4418 pbilargyjjiam
663 4353 717 4418 et
749 4357 1036 4418 munerum
1063 4341 1442 4418 cupiditatem.

279 4412 890 4488 (£5)"Nicaluitqrui_u.
927 4412 1320 4488 Nicolaitarum
1371 4412 1515 4488 facta
1562 4430 1623 4470 se
1664 4415 1847 4473 odisse

212 4482 296 4543 ait
325 4482 610 4543 Christus
638 4485 690 4538 iu
715 4483 776 4556 _S.
811 4482 1042 4538 Joannis
1074 4484 1401 4556 Apocalypsi
1431 4502 1552 4556 cap.
1593 4503 1657 4552 tt,
1696 4504 1841 4543 vers.

211 4561 271 4625 7;
302 4562 373 4615 de
395 4559 623 4630 quibus
648 4554 774 4630 vide
796 4556 1122 4630 interpretes
1138 4554 1512 4630 etRaronitmi
1543 4560 1610 4611 ad
1639 4575 1730 4612 an.
1756 4560 1844 4624 68,

215 4610 536 4686 ἐήὐήιιῖίθί
575 4628 634 4682 In
667 4610 895 4696 epistola
1014 4626 1202 4697 lgnatii
1233 4610 1853 4685 Antioclteniadmiral;
1885 4610 1933 4670 υ

211 4701 421 4783 lenses.
449 4699 561 4754 sed
618 4713 648 4752 a
699 4698 931 4780 posteris
977 4697 1348 4783 interpolata,
1387 4699 1510 4780 haec
1554 4701 1847 4783 leguntur:

216 4794 231 4822 ι
281 4773 494 4844 Fugite
531 4784 760 4840 quoque
792 4768 1258 4844 immundissunos
1280 4768 1400 4824 falsi
1417 4768 1662 4844 nominis
1685 4772 1854 4828 Nico-

213 4839 402 4905 laitas',
464 4839 764 4896 aniatores
812 4839 1076 4904 libidinis,
1134 4839 1306 4895 malos
1346 4841 1794 4900 calumniatores.
1830 4864 1849 4898 ι

214 4918 503 4970 Caeterum
552 4921 749 4965 contra
787 4912 1127 4966 Simoniacos
1156 4922 1212 4966 et
1258 4911 1555 4969 Nicolaitas
1596 4916 1676 4969 sui
1720 4927 1856 4970 tem-

210 4989 363 5056 poris
390 4982 872 5057 exstatli.‘Petri
913 4983 1075 5053 epist.
1114 4985 1180 5038 1⁸5
1211 4982 1305 5038 lib.
1343 5000 1395 5051 ν,
1428 4986 1496 5040 ad
1540 4987 1856 5057 capellanos

215 5053 548 5112 Uothifredi
588 5053 766 5107 ducis.

283 5125 656 5211 μξλτοιαηι
688 5124 852 5211 ferme
890 5121 1218 5211 Ecclesium.
1255 5125 1315 5180 Β.
1349 5127 1548 5211 Petrus
1576 5142 1762 5211 opusc.
1801 5129 1855 5211 ii,

215 5195 305 5270 qui
342 5198 517 5270 Liber
548 5195 864 5270 appellatur
886 5195 1256 5270 (iratissumis,
1285 5214 1402 5270 cap.
1439 5199 1530 5261 27,
1578 5195 1694 5255 haec
1718 5203 1860 5256 scri-

217 5267 296 5326 hit
332 5287 344 5326 :
382 5288 402 5322 ι
464 5267 622 5335 Quis
658 5267 817 5340 enim
853 5269 1082 5331 nesciat,
1115 5283 1288 5339 usque
1318 5267 1387 5324 ad
1431 5271 1594 5340 hujus
1635 5270 1856 5327 Henrici

217 5338 838 5410 clementissimiregis
870 5340 1157 5409 imperium
1194 5338 1658 5410 prxsulatumque
1706 5361 1858 5398 reve-

220 5415 403 5483 renda:
429 5409 736 5483 memoria:
756 5409 1052 5483 clementis
1076 5409 1244 5480 papte,
1267 5411 1529 5483 istiusque
1555 5409 1860 5470 beatissimi

220 5482 427 5540 Leonis
461 5479 771 5553 apostolici
802 5480 930 5553 (quo
956 5479 1098 5537 nunc
1129 5483 1380 5539 videlicet
1410 5479 1640 5553 pncsnle
1670 5498 1860 5540 sancta

221 5572 278 5608 se
309 5552 991 5626 gubernarigratulatur
1021 5553 1313 5626 Ecclesia),
1343 5552 1442 5624 per
1485 5556 1862 5612 Occidentalia

223 5621 397 5700 regna
417 5626 593 5700 virus
630 5621 958 5700 Simoniaca:
982 5621 1556 5700 liae‘rescos'letfhalitcr
1581 5628 1861 5690 ebullissc,

222 5694 386 5751 ita'nt
413 5695 580 5822 good
612 5694 821 5763 passim
847 5694 1010 5749 liebat
1037 5695 1266 5751 licenter
1289 5699 1622 5765 admissum,
1650 5701 1867 5754 nitoriae

222 5770 406 5822 anima
457 5765 724 5820 versioui
771 5778 1111 5822 neuuaauam
1139 5768 1433 5822 duceretur
1461 5771 1781 5822 obnoxium.
1812 5783 1867 5822 et

222 5765 724 5823 animadversioui
771 5778 1111 5836 nequaquam
1139 5768 1433 5823 duceretur
1461 5771 1782 5834 obnoxium,
1812 5783 1867 5825 et

225 5841 367 5910 quod
396 5838 527 5894 fere
569 5846 704 5890 erat
751 5838 1502 5913 omnibus_consentaneum,
1535 5857 1634 5910 pro
1679 5841 1867 5913 regula

224 5909 554 5976 tenebatur,
587 5917 857 5976 tanquam
884 5909 1035 5980 legali
1058 5910 1338 5968 sanctione
1363 5909 1683 5969 decretum?
1713 5909 1869 5970 {Se-

1952 4064 2266 4191 ἓίὲΐξὶεειιθο
2291 4064 2365 4120 IX
2418 4068 2489 4124 ab
2531 4082 2678 4123 anno
2723 4067 2862 4124 1049
2899 4069 2967 4123 ad
3007 4068 3161 4134 1036,
3201 4083 3310 4126 nuo
3340 4069 3479 4126 obiit
3510 4072 3584 4127 l9

2071 4154 2083 4190 l
2113 4153 2124 4190 Ι
2166 4176 2178 4188 .

2001 4151 2178 4207 prius.

2027 4207 2140 4281 (ὁξί)
2170 4206 2334 4262 Actus
2363 4207 2698 4281 idlediolnni.
2728 4211 2901 4266 Actus
2926 4210 3239 4274 Mediolani,
3275 4211 3343 4267 de
3373 4213 3593 4281 privile-

1952 4279 2046 4350 gio
2073 4279 2334 4334 Romana:
2362 4280 2622 4336 Ecclesiae
2648 4283 2716 4336 ad
2747 4282 3179 4339 Ilildebrandum
3221 4279 3586 4350 cardinalem,

1954 4350 2079 4428 dein
2125 4352 2321 4428 papam
2368 4350 2701 4428 Gregorium
2748 4353 2860 4418 νη,
2892 4363 3075 4410 exstat
3117 4370 3310 4426 opusc.
3342 4356 3396 4420 5,
3431 4359 3594 4428 cujus

1959 4423 2125 4477 etiam
2155 4423 2270 4491 ipsa
2299 4425 2466 4478 verba
2493 4423 2583 4478 hic
2618 4426 2821 4480 inserta
2847 4437 2995 4480 sunt.

2033 4493 2172 4568 (45')
2202 4494 2519 4568 Apostolica’
2532 4496 2671 4549 sedis
2692 4498 3013 4568 aii/fragium
3040 4497 3401 4568 requisisunt.
3423 4499 3592 4556 Gesta

1961 4564 2611 4642 antiqua“Romanorum
2659 4564 3010 4642 pontificum,
3046 4585 3075 4623 a
3106 4564 3346 4642 'Nictilao
3375 4572 3587 4642 Aragn-

1962 4637 2054 4713 _nio
2086 4636 2368 4690 cardinato
2397 4636 2787 4713 collecta.'ista
2816 4641 3024 4695 habent
3063 4661 3127 4713 :i
3167 4640 3355 4713 Legati
3390 4636 3596 4699 Medio-

1960 4707 2218 4762 lanenscs
2246 4718 2519 4764 venerunt
2543 4710 2610 4765 ad
2641 4713 2896 4766 eumdem
2925 4707 3593 4780 pontificem'Nicolaua-,

1961 4779 2286 4850 suppliciter
2332 4791 2662 4846 exorantes,
2723 4791 2782 4837 ut
2838 4779 3270 4840 Mediolanensis
3329 4785 3597 4841 Ecclesia:

1960 4851 2388 4927 contritionibus
2416 4853 2741 4927 dignaretur
2769 4855 3021 4910 misereri
3045 4867 3147 4927 ,_et
3173 4858 3441 4927 compati.
3473 4857 3596 4912 llu-

1953 4919 2046 4988 jus
2078 4923 2152 4977 rei
2197 4924 2376 4988 gratia
2423 4919 2798 4980 venerabilem
2831 4927 3007 4981 virum
3064 4919 3592 4984 Petium'Datniani

1960 4993 2270 5069 Ostiensem
2301 4995 2617 5065 episcopum
2668 4996 2927 5069 Nicolaus
2962 5014 3099 5069 papa
3147 4998 3596 5055 isthuedestina-

1963 5065 2061 5130 vit,
2094 5078 2148 5119 et
2179 5065 2323 5138 vires
2355 5082 2482 5122 suas
2509 5071 2561 5122 in
2603 5065 3002 5136 corrigendis}.
3035 5065 3100 5124 ac
3135 5071 3443 5126 statuendis
3472 5073 3597 5138 his,

1963 5152 2087 5262 qua:
2117 5138 2181 5190 ad
2211 5137 2516 5193 Ecclesiam
2549 5139 2699 5194 illam
2733 5141 3124 5211 pertinebant,
3151 5142 3200 5196 ei
3236 5145 3532 5198 concessit.
3569 5164 3592 5196 υ

2007 5208 2200 5262 onsule
2228 5209 2525 5262 Baronium
2564 5212 2633 5262 ad
2677 5228 2769 5262 an.
2806 5213 2982 5262 1051)-
3014 5230 3163 5262 llum.
3208 5213 3299 5262 ιι.
3346 5225 3403 5262 et
3431 5213 3592 5262 Sirm-

2007 5208 2200 5286 onsule
2228 5209 2633 5286 Baconiunt__ad
2677 5208 2769 5286 an.
2806 5213 2945 5286 1059
2967 5255 2982 5278 ,
3014 5230 3163 5286 num.
3208 5213 3403 5286 “,_et
3431 5213 3594 5286 Sigo-

1965 5279 2116 5332 nium
2151 5281 2227 5354 de
2249 5296 2417 5354 regno
2441 5282 2628 5345 Italizn,
2647 5283 2738 5353 qui
2762 5283 2912 5337 addit
2947 5303 2959 5338 :
2999 5303 3016 5335 ι
3054 5302 3083 5338 a
3118 5283 3444 5354 Landulpho
3466 5279 3599 5342 Cot-

1970 5359 2021 5403 ta
2050 5351 2229 5474 populi
2263 5351 2519 5423 pnefecto
2549 5351 2833 5412 Arialdum
2869 5356 3136 5411 clericum
3183 5351 3416 5413 Romam
3464 5360 3597 5414 mis-

1970 5438 2088 5474 sum
2146 5439 2312 5474 IIISSE.
2354 5443 2372 5474 ι

1967 5438 2088 5477 511111
2123 5438 2312 5478 11113812.
2354 5443 2372 5477 1

2039 5494 2155 5564 (16)
2185 5487 2444 5551 Nicolaus
2465 5497 2750 5551 secundus.
2787 5497 2826 5552 S
2848 5499 2940 5552 alit
2985 5497 3246 5556 Nicolaus
3273 5499 3318 5554 ll
3349 5500 3420 5555 ab
3451 5514 3598 5554 anno

1971 5564 2110 5640 i959
2145 5567 2212 5640 ad
2259 5567 2413 5621 l06l.
2443 5567 2615 5638 llujus
2643 5587 2660 5618 ι
2701 5567 2975 5640 legatione
2999 5571 3242 5626 functum
3267 5589 3327 5627 se
3358 5573 3599 5626 adivisse

1971 5635 2433 5692 Mcdiolanenseiu
2492 5635 2704 5705 urbem,
2751 5635 2998 5696 {scribit
3056 5643 3223 5697 etiam
3261 5639 3346 5696 Β.
3398 5645 3600 5698 l’ctrus

1969 5723 2163 5775 Opnsc.
2193 5709 2283 5772 55,
2307 5723 2430 5777 cap.
2461 5709 2518 5763 4.

2046 5779 2160 5853 μῖ)
2187 5778 2290 5844 Qui
2322 5780 2735 5853 crumprofecms
2761 5781 2970 5852 [αἰετοί.
3012 5782 3239 5853 Reliqua
3291 5793 3598 5839 narrantur

1975 5866 2003 5904 a
2033 5851 2090 5905 Β.
2119 5850 2281 5907 Petro
2310 5852 2516 5907 eisdem
2540 5855 2743 5920 verbis,
2763 5850 3078 5912 inein:;rato
3101 5850 3229 5911 ante
3250 5869 3442 5927 opusc.
3468 5853 3521 5909 5.
