4084 6370
300 399 393 455 I57

1070 382 1610 446 PROLEGOMENA.
1646 411 1716 423 —
1757 379 1916 436 VlTA
1955 381 2013 434 S.
2055 379 2258 434 PETRI
2293 377 2597 436 DAMIAM.

3459 374 3563 432 I38

299 505 568 559 duodecim
593 515 781 557 etmnn
815 499 1042 554 assidue
1065 499 1228 568 pedes
1257 495 1490 551 lavabat.
1528 494 1800 548 Praeterea
1827 491 1879 545 in
1907 496 1956 554 Α
1984 491 2193 547 cellula:
2229 489 2504 546 mactabat
2542 487 2852 559 ergastulo;
2904 489 3176 558 quatidie,
3225 499 3426 559 prmtcr
3453 490 3570 554 dies

297 597 402 651 suis
421 587 758 654 eonviviolis,
788 604 916 662 qua:
951 603 1166 657 semper
1189 602 1257 643 ex
1299 601 1450 642 more
1482 600 1608 640 cum
1647 583 1874 654 hospiti-

298 685 389 738 bus
413 681 870 746 communicabat,
919 682 964 736 si
996 681 1088 750 qni
1132 681 1287 754 egeni
1332 680 1757 747 circumquaque
1780 689 1881 746 per

297 778 554 844 regionem
600 770 818 826 lectulis
852 772 1274 834 decumbebaut,
1296 768 1544 824 oblivisci
1576 768 1645 822 ab
1684 781 1750 823 eo
1779 765 1880 818 mi-

297 868 430 918 nime
453 870 724 933 poterant,
752 863 882 917 dum
910 861 1211 932 quemlibet
1235 875 1482 923 suorum,
1499 873 1664 928 quem
1691 857 1881 912 timere

299 957 450 1010 Detun
489 953 695 1007 arctius
735 953 926 1013 sciret,
955 951 1023 1005 ad
1048 953 1242 1005 horum
1275 949 1635 1004 ministerium
1669 945 1876 1017 specia-

291 1044 405 1097 liter
426 1043 744 1110 deputatum
770 1055 990 1110 semper
1032 1040 1278 1094 haberet.
1324 1036 1641 1108 Huiusmodi
1682 1035 1881 1106 quippe

293 1133 472 1187 studiis
497 1133 723 1186 assidua
755 1131 1149 1186 exercitatione
1180 1129 1497 1200 persistens,
1535 1126 1731 1182 talilms
1755 1139 1881 1196 g-a-

291 1223 553 1277 tnlabatur
611 1222 904 1276 latioribus
960 1220 1246 1274 facultates
1305 1216 1561 1272 Ecclesia:
1613 1215 1881 1272 thesauris

293 1311 531 1366 infercire
555 1313 908 1375 cudestibus,
945 1326 1083 1380 quas
1125 1310 1330 1366 scilicet
1364 1310 1416 1363 in
1465 1308 1698 1378 pr0priis
1737 1323 1880 1361 sum.

291 1417 496 1470 mopere
523 1402 808 1456 devitaloat
834 1414 1116 1456 assumere
1153 1400 1476 1470 stnnptibus.
1517 1399 1709 1453 Aiebat
1733 1400 1878 1452 etiim

291 1511 342 1546 se
372 1493 780 1548 Demin'tcarttm
815 1509 1000 1548 rerum
1028 1495 1380 1546 constitutum
1411 1490 1524 1544 lore
1550 1490 1876 1550 ministrum,

289 1599 386 1637 non
415 1583 733 1646 dominum;
767 1584 1222 1653 dispensatorem,
1254 1596 1360 1635 non
1388 1593 1778 1648 possessorem.
1809 1570 1881 1634 Ut

287 1683 454 1728 autem
499 1689 730 1729 suorum
775 1689 995 1744 quoque
1042 1674 1322 1729 clientium
1370 1674 1436 1726 ad
1487 1673 1602 1727 hate
1649 1670 1882 1727 ﬁdeliter

281 1768 576 1822 exercenda
605 1767 840 1821 devotas
877 1775 1089 1821 mentes
1124 1765 1467 1827 accenderet,
1510 1762 1878 1831 hujuscemodi

1981 581 2168 643 festos,
2193 579 2512 651 jejunando,
2550 578 2812 635 canmbro
2845 594 2986 648 pane
3018 579 3131 649 (55)
3160 593 3281 634 cum
3315 580 3569 639 hesterna

1979 688 2116 742 aqua
2140 673 2669 740 vescendo,-suoque
2698 671 2938 741 corpori.
2971 669 3096 725 licet
3125 671 3275 726 senio
3295 670 3409 739 lam
3440 687 3571 728 con-

1978 767 2124 823 fecto
2153 781 2216 822 ac
2235 764 2478 835 pluribus
2512 762 2704 819 ferreis
2730 763 2959 818 nexibus
2987 763 3224 832 undique
3253 764 3567 829 constricto,

1980 874 2009 911 a
2055 857 2459 928 disciplinarum
2492 854 2962 925 palmatarumque
2991 853 3188 908 ictibus
3229 867 3569 923 nequaquam

1980 949 2094 1003 suis
2120 948 2330 1002 vicibus
2363 946 2710 1016 indulgendo,
2747 945 2973 1016 jugique
3014 943 3308 1014 psallendi,
3356 947 3570 1005 orandi,

1983 1037 2188 1108 legendi
2232 1046 2393 1106 atque
2433 1035 2670 1090 dictandi
2715 1034 3037 1089 iusistendo.
3086 1031 3199 1088 Nec
3243 1042 3573 1103 prattereun-

1978 1127 2128 1189 dum,
2157 1127 2298 1196 quod
2329 1127 2382 1178 in
2406 1125 2594 1180 eadem
2633 1123 2918 1194 pelvicula,
2942 1137 3047 1194 qua
3072 1138 3371 1194 pauperum
3410 1125 3569 1195 pedes

1979 1217 2215 1282 lavabat,
2238 1216 2488 1272 reficiens
2508 1230 2701 1285 panem
2721 1213 3054 1281 comederet,
3077 1225 3133 1270 et
3154 1228 3318 1286 super
3336 1213 3575 1271 bibleanr

1980 1319 2183 1366 cratem
2214 1309 2325 1379 (54)
2373 1309 2572 1363 nudam
2610 1308 2784 1363 somni
2817 1307 3056 1377 quietem
3103 1314 3342 1377 caperet.
3381 1289 3572 1371 Porro,

1978 1415 2102 1455 cum
2126 1398 2416 1469 aliquando
2439 1398 2506 1452 ad
2530 1397 2826 1467 capitulum
2852 1395 3080 1452 fratrum
3103 1397 3364 1452 accedere
3385 1396 3577 1452 decie-

1979 1493 2162 1553 visset.
2199 1492 2339 1546 facta
2380 1489 2781 1554 exhortatione,
2813 1504 2938 1544 mox
2983 1503 3014 1544 e
3053 1489 3181 1545 sede
3218 1502 3572 1558 consurgens,

1977 1583 2049 1637 de
2089 1582 2203 1637 suis
2246 1594 2306 1635 se
2336 1575 2656 1636 excessibus
2683 1582 3008 1645 accusabat;
3043 1594 3141 1650 pro
3182 1580 3382 1651 quibus
3413 1579 3576 1636 disci-

1981 1676 2139 1746 plina:
2159 1674 2422 1745 judicium
2454 1688 2522 1729 ex
2554 1687 2705 1728 more
2743 1673 3066 1743 suscipiens,
3100 1671 3330 1743 geminis
3358 1671 3576 1740 vapula-

1979 1767 2074 1821 bat
2101 1765 2356 1834 utrinque
2379 1763 2715 1818 verberibus.
2745 1760 3090 1831 Rursumque
3122 1762 3175 1818 in
3211 1777 3369 1816 suum
3397 1761 3575 1817 locum

286 1872 374 1909 eos
416 1854 770 1911 sermonibus
812 1856 1100 1925 satagebat
1142 1867 1490 1907 eoinmoaere
1517 1851 1829 1921 frequenter
1861 1867 1879 1906 :
1915 1854 1958 1912 Β
1988 1854 2318 1926 regrediens,
2349 1868 2456 1908 non
2507 1853 2758 1908 cessabat
2811 1866 2906 1907 eos
2941 1852 3055 1905 suis
3100 1851 3445 1906 sermonibus
3490 1852 3575 1906 in.

288 1947 568 2011 Noveritis,
605 1946 731 2011 filii,
756 1948 941 2002 omnia
983 1947 1080 2000 ista
1118 1961 1270 2000 sacra
1298 1961 1422 1999 esse
1451 1944 1505 1998 ct
1536 1953 1880 2013 peccatorum

278 2039 477 2106 pretia;
522 2038 665 2091 unde
708 2051 1059 2106 summopere
1097 2036 1396 2088 cavendum
1431 2049 1496 2088 ne
1524 2033 1650 2104 quid
1689 2034 1878 2087 borum

283 2127 526 2190 avaritia,
579 2141 675 2180 seu
738 2126 980 2194 qualibet
1034 2125 1372 2194 negligentia:
1421 2125 1627 2179 incuria
1676 2121 1880 2178 Christi

282 2217 606 2284 pauperibus
646 2213 1032 2277 subtrahatur,
1062 2214 1257 2282 quibus
1297 2222 1480 2267 nostra
1522 2212 1732 2267 residua
1771 2225 1882 2265 on:-

279 2309 366 2362 nia
407 2305 610 2362 illibata
649 2307 944 2362 debentur.
999 2305 1135 2360 Cum
1175 2305 1331 2358 nobis
1363 2303 1548 2372 itaque
1591 2311 1882 2372 suppetant

277 2399 470 2470 quibus
514 2398 674 2468 egeni
726 2407 783 2452 et
823 2397 1008 2452 miseri
1055 2395 1268 2451 valeant
1314 2393 1570 2457 refoveri,
1597 2392 1884 2463 diligenter

280 2488 567 2558 exquirite,
603 2487 694 2557 pie
731 2485 1089 2541 considerate
1125 2484 1216 2553 qui
1250 2483 1440 2538 vicinis
1478 2482 1530 2536 in
1571 2482 1881 2552 regionibus

282 2586 560 2648 :egrotent,
593 2577 692 2648 qui
736 2574 820 2629 vel
849 2574 1072 2638 esuriei,
1106 2572 1187 2627 vel
1204 2571 1447 2642 penuriae
1476 2568 1765 2638 cujuslibet
1791 2587 1881 2625 an.

280 2679 406 2736 gore
432 2665 704 2730 laborant,
739 2672 1009 2733 quatenus
1036 2659 1340 2730 hujusmodi
1372 2659 1460 2728 pie
1480 2659 1877 2728 compatiendo,

279 2757 578 2809 necessaria
622 2753 1040 2816 ministrantes,
1083 2759 1303 2805 aeternae
1339 2747 1605 2803 mercedis
1644 2746 1879 2800 fructum

285 2847 428 2899 uoltis
455 2847 726 2914 vobisque
756 2855 1102 2898 communem
1133 2841 1188 2895 in
1225 2839 1536 2895 coelestibus
1561 2839 1878 2908 acquiratis.

283 2939 535 3006 Quoniam
564 2937 792 3006 quidem
821 2936 865 2990 si
895 2935 1057 2990 modo
1083 2934 1140 2988 in
1169 2932 1488 2988 seminando
1511 2931 1698 2986 fideles
1725 2932 1880 2985 nobis

281 3039 659 3098 cooperatores
697 3025 1044 3089 cxstiteritis,
1074 3022 1140 3080 de
1177 3023 1451 3078 communi
1493 3022 1679 3092 procul
1716 3022 1880 3076 dubio

285 3118 553 3172 nobiscum
603 3116 791 3170 fructu
840 3114 999 3169 beata
1047 3113 1102 3169 in
1150 3113 1504 3168 retributione
1555 3112 1875 3183 gaudebitis.

1985 1945 2223 2000 formare
2253 1943 2391 2011 (55),
2417 1942 2579 1998 modo
2603 1943 2708 2006 his,
2740 1943 2902 1996 modo
2927 1941 3050 2007 illis,
3081 1939 3243 1995 modo
3271 1942 3577 1995 communi-

1985 2048 2068 2092 ter
2127 2036 2377 2090 omnibus
2439 2035 2689 2104 loquens.
2756 2034 3071 2089 iunioribus
3120 2048 3252 2102 ergo
3309 2034 3571 2089 dicebat:

1985 2128 2138 2182 Scire
2168 2127 2399 2189 debetis,
2432 2125 2546 2189 filii,
2580 2138 3020 2193 unumquemque
3045 2134 3288 2177 vestrum
3319 2134 3425 2178 tam
3469 2123 3576 2178 fer-

1983 2221 2104 2273 tide
2152 2228 2315 2287 atque
2355 2227 2578 2274 strenue
2624 2231 2796 2270 sacrae
2861 2215 3021 2283 hujus
3067 2224 3320 2284 oportere
3368 2215 3575 2271 militia:

1982 2309 2230 2365 tirocinia
2255 2309 2548 2372 inchoare;
2580 2316 2843 2376 tantoque
2864 2297 2940 2368 se‘,
2970 2307 3095 2359 dum
3122 2320 3402 2376 corporea:
3429 2307 3575 2362 vires

1981 2407 2294 2468 suppetunt,
2333 2397 2402 2451 ad
2442 2395 2588 2451 celsa
2631 2395 2904 2449 tendendo
2937 2409 3197 2450 exercere
3229 2394 3440 2460 labore,
3464 2411 3574 2467 quo

1983 2497 2092 2542 tota
2128 2488 2299 2542 series
2340 2496 2609 2542 secuturae
2646 2486 2790 2551 vitm,
2829 2485 2895 2540 ad
2928 2485 3143 2541 fortiter
3181 2486 3451 2556 agendum
3480 2503 3576 2542 va-

1982 2574 2089 2631 leat
2150 2573 2434 2629 informari
2481 2585 2737 2643 tanquam
2789 2573 3146 2644 impressione
3209 2575 3324 2628 veri
3381 2575 3572 2645 sigilli.

1981 2665 2416 2720 Provectioribus
2437 2679 2568 2718 vero
2595 2663 2661 2718 de
2692 2662 2946 2718 conflictu
2974 2662 3253 2729 vitiorum,
3277 2665 3342 2718 de
3368 2666 3573 2719 discre-

1976 2757 2126 2808 tione
2165 2753 2576 2824 cogitationum,
2603 2754 2668 2807 de
2695 2754 3149 2822 compunctionis,
3194 2769 3288 2809 seu
3335 2765 3574 2809 contem.

1981 2848 2233 2918 platiouis
2291 2850 2466 2920 gratia
2521 2851 2830 2919 mentisque
2889 2849 3130 2920 puritate
3198 2850 3572 2919 conquirenda

1980 2940 2226 3007 qmedam
2253 2939 2506 2994 subtilius
2553 2940 2876 2994 disserebat.
2920 2939 3112 3002 Porro,
3143 2954 3267 2993 cum
3316 2940 3369 2994 in
3403 2939 3572 3010 ipsius

1979 3031 2526 3085 sermocinationibus
2583 3031 2850 3100 ejusmodi
2904 3029 3056 3083 locus
3113 3029 3400 3091 incideret,
3462 3043 3572 3098 quo

1980 3117 2210 3174 fratrum
2242 3130 2450 3175 mentes
2482 3120 2548 3173 ad
2577 3119 2802 3175 fortiora
2826 3119 3080 3189 qua-libet
3099 3119 3321 3174 excitari
3350 3118 3571 3172 debuis-

281 3206 658 3274 llujuseemodi
693 3205 899 3274 quippe
930 3202 1149 3259 monitis
1179 3204 1300 3272 pius
1327 3201 1489 3256 Pater
1524 3217 1651 3257 suos
1687 3211 1877 3256 contn-
1903 3195 1945 3254 C
1979 3218 2120 3273 sent,
2170 3209 2272 3263 hoc
2317 3209 2498 3264 dicere
2533 3209 2742 3264 solebat
2779 3228 2791 3262 ε
2834 3209 3099 3264 Strenuus
3121 3209 3348 3278 quisque
3377 3208 3573 3262 divina:

284 3301 521 3356 bernales
576 3299 646 3354 ad
708 3297 1102 3352 misericordia:
1149 3310 1312 3366 opera
1371 3294 1684 3364 instigabat.
1745 3294 1881 3349 lline

283 3404 406 3443 sane
440 3386 784 3457 pensandum
831 3395 936 3450 est,
983 3382 1160 3454 qualis
1209 3384 1261 3437 in
1304 3383 1624 3438 exbibendis
1669 3381 1882 3436 confra-

285 3488 421 3531 trum
451 3475 790 3532 necessariis
814 3475 984 3529 fuisse
1011 3473 1287 3539 credatur,
1319 3473 1411 3542 qui
1444 3481 1605 3527 tantae
1637 3472 1884 3542 benigni-

281 3566 405 3620 tatis
446 3579 576 3633 erga
621 3563 917 3618 universos
963 3561 1237 3618 exstitisse
1277 3561 1635 3632 dignoscitur.
1683 3559 1880 3615 Verum

283 3655 405 3724 quid
430 3655 495 3710 de
521 3654 934 3710 cobzerentibus
954 3653 1059 3708 sibi
1089 3652 1422 3709 memorem?
1446 3651 1880 3722 quandoquidem

282 3760 407 3816 erga
426 3753 659 3802 cunctos
686 3743 788 3799 Dei
817 3743 1052 3799 famulos
1078 3744 1133 3798 in
1171 3758 1340 3798 sacrae
1367 3741 1573 3797 militia:
1608 3742 1883 3812 preposito

283 3837 627 3903 constitutos,
677 3850 746 3890 co
789 3834 1098 3889 dilectionis
1125 3833 1463 3889 vinciebatur
1507 3833 1728 3898 affectu,
1775 3848 1883 3902 quo

286 3940 466 3982 eorum
519 3925 764 3998 amplius
794 3939 958 3995 quam
991 3925 1212 3994 proprio
1241 3923 1616 3994 gratulabatur
1667 3924 1880 3979 solatio.

863 4032 1093 4090 CAPUT
1133 4033 1316 4088 XVIII.

287 4124 352 4179 ιι
380 4142 535 4206 sunt
567 4125 952 4206 monasterium
984 4140 1039 4178 se
1066 4125 1272 4204 recipit,
1299 4125 1472 4204 ibique
1492 4123 1730 4204 jejuniis,
1756 4141 1885 4206 orq-

353 4197 510 4260 tioue,
534 4197 845 4262 ueterisque
864 4197 1102 4263 corporis
1127 4208 1280 4263 atque
1308 4197 1472 4246 animi
1499 4197 1882 4249 exercitationi-

351 4266 444 4319 bus
477 4265 762 4320 excolitur.

353 4371 542 4436 Porro,
569 4374 701 4428 dum
733 4371 803 4426 ab
824 4371 1186 4427 exterioribus
1214 4372 1334 4428 istis
1359 4372 1496 4444 (52),
1525 4373 1652 4429 licet
1677 4378 1879 4432 sanctis

284 4474 339 4518 et
370 4464 689 4537 Deogratis.
724 4462 792 4518 ad
823 4461 1002 4519 dulcia
1024 4465 1193 4520 eremi
1241 4476 1476 4532 secreta,
1521 4475 1630 4522 tam
1659 4484 1757 4538 pro
1791 4484 1877 4524 re-

287 4534 521 4610 fectione
559 4554 764 4609 mentis
786 4569 951 4624 quam
991 4569 1091 4623 pro
1119 4555 1397 4611 ablutione
1422 4534 1708 4628 cujuslibet
1747 4576 1880 4617 con-
1908 4534 1955 4593 θ

291 4644 443 4698 tracti
485 4644 755 4716 pulveris,
801 4643 981 4698 redire
1005 4644 1359 4709 decrevisset,
1405 4647 1569 4702 nimia
1605 4664 1663 4704 se
1699 4651 1873 4706 inedia

1981 3300 2186 3354 militia:
2224 3300 2480 3371 praelatus
2533 3301 2586 3355 in
2641 3300 2788 3355 omni
2835 3300 3066 3370 spiritali
3115 3299 3410 3353 certamine
3447 3313 3573 3354 suas

1981 3391 2142 3446 debet
2188 3392 2328 3446 vires
2364 3406 2678 3463 agnoscere.
2729 3391 3146 3462 lgnominiosum
3191 3392 3390 3463 quippe
3420 3392 3575 3448 valde

1981 3488 2066 3532 est
2095 3481 2361 3536 monacho
2390 3489 2443 3535 et
2474 3480 2772 3550 spiritualis
2807 3482 3011 3536 militia:
3046 3479 3258 3551 profess
3281 3496 3440 3534 onem
3473 3483 3572 3536 ba-

1982 3571 2131 3635 bere,
2159 3581 2214 3625 et
2247 3571 2557 3642 experiendi
2604 3573 2844 3643 ignavia,
2887 3573 3014 3642 quid
3057 3574 3109 3628 in
3145 3574 3444 3628 certamine
3475 3590 3572 3627 va-

1985 3660 2113 3725 leat,
2147 3661 2422 3732 ignorare.
2476 3661 2544 3716 Et
2585 3665 2803 3733 quidem
2846 3667 2974 3732 quid
3003 3665 3118 3735 ipse
3143 3666 3263 3720 haec
3304 3665 3575 3735 loquendo

1983 3762 2224 3805 moneret
2252 3747 2526 3820 discipulis
2561 3754 2673 3806 suis
2709 3753 2912 3822 liquido
2943 3755 3254 3808 insinuabat
3287 3755 3572 3825 exentplis,

1982 3853 2049 3893 ex
2074 3839 2270 3909 quibus
2293 3842 2545 3896 videlicet
2571 3843 2687 3897 haec
2709 3859 2736 3895 a
2762 3843 2916 3898 nobis
2941 3844 3056 3900 fore
3092 3848 3572 3902 connncmoranda

1982 3946 2087 3985 non
2120 3931 2357 3989 inaniter
2385 3944 2534 4000 puto.
2571 3950 2764 4003 nempe
2792 3937 2895 3989 vidi
2923 3937 3070 3989 illum
3093 3953 3188 4007 per
3211 3937 3570 4008 quadraginta

1982 4018 2098 4074 dies
2128 4020 2223 4084 nil,
2255 4020 2399 4092 quod
2423 4038 2520 4091 per
2548 4024 2722 4093 ignem
2755 4027 2970 4088 transit,
3015 4027 3066 4080 in
3107 4028 3228 4082 cibo
3251 4031 3568 4098 sumpsisse.

1981 4109 2077 4164 sed
2141 4121 2350 4169 tantum
2421 4115 2596 4181 pomis
2643 4116 2932 4186 crudisque
2983 4127 3139 4172 terra!
3199 4123 3570 4185 nascentibus,

1980 4201 2185 4275 absque
2237 4205 2384 4258 omni
2416 4220 2639 4273 prorsus
2670 4217 2816 4275 potu,
2867 4219 3178 4263 contentum
3225 4211 3427 4278 fuisse;
3474 4215 3575 4269 hoc

1981 4293 2198 4364 quidem
2248 4294 2362 4364 ipse
2400 4311 2641 4367 praesens
2682 4300 2895 4367 agnovi.
2928 4301 3108 4364 Aliud,
3139 4303 3282 4370 quod
3328 4303 3574 4358 dicturus

1977 4401 2123 4449 sum,
2177 4385 2474 4454 majoribus
2541 4389 2676 4444 meis
2737 4392 3120 4461 comliscipulis
3187 4395 3571 4463 referentibus,

1982 4477 2161 4533 audivi
2195 4479 2444 4532 eumdem
2476 4480 2727 4535 videlicet
2781 4483 3002 4538 totidem
3054 4484 3349 4553 aliquando
3380 4488 3573 4544 diebus

1986 4566 2134 4620 nullo
2164 4566 2419 4622 refecisse
2447 4569 2590 4633 cibo,
2625 4570 2726 4624 nisi
2756 4584 2921 4638 parco
2970 4571 3254 4642 leguminis
3303 4575 3569 4632 iafusida-

1987 4659 2068 4714 rio
2095 4659 2208 4729 (56)
2248 4677 2262 4713 :
2297 4661 2438 4729 quod
2469 4670 2669 4726 tamen,
2702 4663 2747 4716 si
2777 4662 2917 4719 forte
2942 4665 3311 4735 hujuscemodi
3341 4669 3570 4724 nimium

1431 4757 1802 4817 GODEFRIDI
1842 4766 2252 4824 HENSCHENII
2293 4767 2521 4824 NOTAE.

357 4867 466 4988 (59)
495 4867 673 4923 Porro
703 4865 832 4921 dum
856 4865 920 4920 ab
943 4867 1288 4923 exierioribus
1313 4871 1445 4951 istis.
1466 4871 1754 4942 lmpctrata
1788 4879 1869 4932 fa-

377 4948 486 4988 tale
507 4939 577 4988 ab
604 4937 922 4988 Alexandro
944 4936 1010 4988 ll.
1036 4949 1094 4988 ιιι
1133 4954 1293 4988 sunra
1327 4945 1548 4988 dictmn-
1636 4987 1639 4988 ,

291 4936 486 5007 coitate
507 4939 577 5007 ab
604 4937 922 4991 Alexandro
944 4936 1014 5007 ll,
1036 4949 1094 5007 ut
1133 4954 1294 5007 supra
1327 4936 1560 4994 dictum:
1635 4987 1639 4991 .

355 5006 468 5077 (53)
495 5004 770 5083 Cautabro
793 5022 960 5083 pan¢._
1072 5004 1264 5083 Petrus
1292 5023 1474 5077 Opusc.
1499 5013 1592 5083 715,
1626 5030 1747 5083 cap.
1781 5017 1868 5077 Η.

292 5074 363 5128 ait
389 5074 687 5146 quemdam
719 5077 1031 5146 gautabricii
1059 5078 1212 5144 panis
1235 5074 1438 5144 qud—dra
1461 5082 1647 5135 vixisse
1669 5074 1730 5137 de
1753 5074 1871 5144 dre}

297 5155 348 5198 et
389 5143 443 5198 in
475 5145 596 5198 \‘ita
636 5144 695 5200 S.
729 5143 998 5213 Bodulpbi
1039 5143 1273 5216 episcopi
1304 5150 1566 5215 Enguhiri
1605 5155 1678 5206 ait
1730 5143 1873 5210 hunc

289 5215 445 5269 edere
466 5215 712 5294 sol_ere._t
750 5221 1182 5294 quandocumque
1203 5215 1410 5283 poterat
1436 5223 1747 5294 impetrare,
1773 5241 1868 5294 pa-

294 5296 432 5345 nent,
461 5287 554 5353 qui
595 5283 682 5338 vel
733 5297 870 5353 pum
919 5284 1122 5338 hordeo
1152 5286 1332 5344 tieret.
1368 5290 1446 5341 vel
1495 5283 1560 5343 ex
1612 5283 1874 5347 cantabra

295 5352 492 5433 potius,
520 5355 668 5423 quod
698 5352 1090 5433 projiciet‘t‘dum
1118 5357 1341 5433 canibus
1369 5358 1746 5433 duplic-rarum
1776 5379 1874 5432 pa-

298 5421 455 5495 tt‘luts
477 5421 902 5495 reitratts'tssettt
935 5423 1214 5495 Gononitts
1237 5427 1380 5478 edita
1425 5421 1509 5480 illa
1539 5428 1653 5483 Vita
1690 5421 1788 5486 lib:
1819 5449 1871 5495 v,

301 5490 368 5540 De
401 5490 534 5546 Vitis
587 5492 812 5546 Patrum
840 5491 1149 5547 Occidentis
1189 5497 1295 5557 ait,
1350 5512 1367 5544 ι
1406 5501 1723 5554 cantabrnnt
1753 5490 1874 5556 esse

299 5571 702 5630 purgamentum
740 5560 952 5622 furium,
986 5564 1066 5616 vel
1097 5566 1280 5628 tritici,
1320 5566 1400 5618 vel
1431 5582 1549 5622 esse
1579 5571 1756 5624 cibum
1783 5588 1873 5625 ca-

301 5629 501 5708 ninum.
544 5649 562 5680 ι
593 5630 732 5708 ξιιιιι
756 5632 1088 5708 etcunrubra
1112 5635 1263 5708 signa
1293 5636 1555 5708 militaria
1579 5643 1717 5708 apud
1745 5642 1872 5694 Ter-

302 5697 572 5769 tnllianunt
604 5701 658 5754 in
687 5700 1055 5769 ApoIOgetico,
1102 5697 1477 5759 etMinudum
1522 5697 1773 5769 Felicem,
1807 5713 1873 5764 ad

301 5782 452 5835 quem
495 5767 762 5836 Rigaltius
803 5767 1032 5824 att'nntat
1102 5791 1118 5820 ι
1177 5775 1432 5828 cantabra
1483 5791 1604 5832 esse
1644 5767 1869 5843 vexilla,

573 5888 854 5950 Ρηιιυι..
905 5891 1173 5955 CXLIV.

1979 4899 2099 4968 qua:
2144 4900 2248 4968 non
2298 4895 2503 4966 tantum
2555 4887 2749 4968 colore
2767 4888 3026 4968 militibus
3061 4903 3218 4947 erant
3248 4911 3345 4968 pro
3386 4897 3564 4968 signo,

1980 4955 2073 5030 sed
2104 4965 2158 5030 et
2187 4956 2566 5030 carmineuseu
2592 4960 2825 5030 nomine
2875 4962 3055 5028 aliquo
3103 4955 3569 5030 cantabant,‘sive

1982 5024 2360 5098 significabant
2401 5025 2506 5098 illis
2555 5027 2756 5094 aliquid
2807 5024 3056 5097 grati-et
3095 5033 3340 5098 juenndi.
3388 5024 3417 5086 ι’
3460 5038 3568 5091 Sed

1970 5095 2164 5160 'qnidni
2194 5104 2350 5175 erant
2392 5097 2542 5175 signa
2581 5095 2850 5175 militaria
2907 5115 2937 5151 a
2995 5095 3284 5155 Cantabris
3311 5103 3568 5175 Hispanis

1981 5165 2237 5241 accepta}
2277 5167 2356 5217 Au
2390 5165 2529 5241 idem
2560 5169 2626 5219 de
2665 5169 3104 5241 crassioregpme
3134 5165 3466 5229 dicendum?

1981 5299 1992 5310 .
2050 5232 2162 5302 (Si)
2196 5233 2367 5301 Super
2413 5235 2633 5313 biolmm
2679 5232 3086 5313 crolettt._lntcr
3126 5241 3230 5294 alia
3292 5246 3570 5313 significat

1973 5306 2308 5383 juncumlct
2355 5306 2611 5381 corticem
2658 5323 2670 5358 :
2713 5307 2837 5383 hinc
2885 5308 3266 5383 biblca_cratis
3318 5306 3401 5368 c‘St
3444 5315 3571 5383 jun-

1978 5385 2073 5423 cea
2115 5378 2313 5493 cautis,
2365 5378 2518 5440 cujus
2557 5391 2712 5430 usum
2753 5378 3016 5431 describit
3062 5379 3266 5435 Plinius
3311 5383 3406 5437 lib.
3444 5378 3568 5449 in,

1978 5455 2096 5493 can.
2201 5481 2215 5493 .

1977 5455 2096 5508 cap.
2135 5455 2215 5494 Μ.

2049 5510 2160 5579 (55)
2188 5510 2524 5566 δενηιοηὶὺιέο
2563 5515 2671 5567 suis
2699 5515 3004 5580 informare.
3036 5517 3248 5572 Eminet
3273 5519 3374 5574 bac
3404 5524 3470 5576 de
3506 5539 3563 5578 re

1977 5595 2162 5645 opusc.
2203 5581 2281 5644 l5,
2319 5583 2388 5635 lle
2413 5582 2741 5650 perfectione
2770 5589 3181 5652 monachorum,
3223 5592 3313 5643 ubi
3363 5593 3564 5645 distin-

1977 5652 2265 5722 etadcapita
2293 5665 2418 5705 Sttltt
2449 5655 2514 5707 ad
2542 5655 2928 5717 adolescentes,
2961 5658 3211 5720 novitios,
3242 5675 3423 5722 senes,
3457 5674 3558 5715 etc.

2053 5720 2163 5790 (56)
2213 5719 2330 5773 Nisi
2367 5739 2525 5792 parco
2569 5725 2842 5794 (eyttttttnta
2881 5727 3214 5794 infusidario,
3251 5728 3307 5780 Β.
3366 5719 3560 5784 Petrus

2831 5905 2867 5958 5
