4040 6414
632 383 652 434 l
661 384 729 441 Ii“)

1438 381 1492 436 S.
1537 377 1825 436 PETRUS.
1868 379 2218 440 DAMIANIJS
2250 386 2306 438 S.
2350 384 2416 440 ﬂ.
2444 385 2502 437 Ε.
2536 382 2964 440 CAltlthALlS.

3749 381 3866 439 “0

629 524 687 561 se
718 502 925 574 fatigari
967 503 1317 569 conspiceret,
1365 514 1704 568 nequaquam
1744 501 2186 555 wntemnemlum
2219 511 2260 566 Α
2294 504 2751 560 vitatecantabant
2777 505 2920 572 illud,
2947 507 3154 560 scilicet
3175 507 3423 571 Alleluia,
3448 508 3591 578 quod
3621 508 3858 562 dicitur:

630 597 856 651 ducebat
905 589 1248 646 imbeciliitati
1284 603 1558 657 corporeae
1588 590 1820 643 discreta
1872 590 2190 646 remissione

631 687 959 753 aliquatenus
985 680 1286 741 subvenire,
1311 695 1419 748 quo
1449 679 1736 748 resumptis
1763 681 1954 733 iterum
1985 681 2191 737 viribus

629 774 849 826 validior
878 772 942 823 ad
983 771 1126 822 aliud
1160 778 1341 838 posset
1381 768 1557 823 redire
1601 775 1895 822 certamen.
1928 767 2042 822 Non
2091 771 2190 824 uti-

621 882 727 935 que
757 865 901 922 vitio.
930 864 1022 917 sed
1057 865 1236 917 virtuti
1286 863 1461 928 potius
1507 861 1916 914 adscribendum
1954 863 2185 926 diccbat,

623 961 666 1011 si
698 957 816 1024 quis
846 955 985 1008 fessa
1013 953 1173 1024 paulo
1203 952 1421 1006 brachia
1460 951 1664 1006 idcirco
1692 952 1950 1016 remittat,
1989 961 2046 1006 ut
2068 963 2188 1022 post

623 1048 895 1102 robustior
937 1045 1001 1099 ad
1053 1043 1258 1098 fortiter
1295 1043 1566 1111 agendum
1585 1051 1894 1112 consurgat.
1921 1045 2186 1098 Praeterea

624 1152 740 1191 mos
771 1136 842 1189 illi
883 1143 1019 1195 erat,
1067 1141 1121 1185 ut
1164 1131 1302 1185 inter
1342 1129 1522 1185 divina
1562 1139 1667 1183 tam
1724 1139 1980 1183 nocturna
2024 1147 2184 1199 quam

622 1231 806 1282 diurna
834 1224 1002 1280 cilicia
1028 1223 1158 1277 nulli
1183 1223 1341 1291 podio
1379 1221 1612 1291 psallens
1639 1222 1888 1276 haereret.
1936 1222 1990 1275 lu
2037 1227 2182 1289 Qua-

619 1318 934 1386 (lragcsimaz
963 1328 1172 1384 quoque
1216 1313 1496 1380 utriusque
1543 1311 1715 1373 initio,
1746 1312 1924 1364 triduo
1971 1313 2184 1382 penitus

620 1408 922 1461 abstinebat
953 1420 980 1458 a
1005 1405 1159 1468 cibo;
1191 1403 1256 1456 ad
1287 1401 1429 1470 quod
1461 1414 1590 1455 sane
1623 1399 1746 1452 licet
1775 1401 2040 1454 nemiuem
2073 1401 2184 1470 ipse

616 1513 830 1569 quoque
862 1495 1212 1568 persuaserit,
1255 1493 1511 1562 quiddam
1561 1501 1738 1546 tamen
1783 1492 1848 1544 ad
1887 1492 2182 1561 Spiritnalis

615 1589 776 1643 studii
821 1595 1134 1657 proventum
1165 1583 1544 1653 quaerentibus,
1596 1582 1910 1635 tradendum
1952 1583 2179 1651 putavit,

614 1697 722 1748 quo
750 1678 980 1746 suscepti
1010 1675 1199 1746 jejunii
1228 1675 1358 1744 ipsis
1385 1683 1567 1743 posset
1597 1673 1764 1726 initiis
1789 1674 2013 1727 Ποπιιίηο
2041 1689 2181 1728 cont-

611 1772 878 1824 mendari.
924 1767 1072 1822 Hanc
1129 1765 1369 1836 profecto
1415 1765 1731 1820 voluntariae
1788 1765 2178 1820 observationis

2293 594 2453 649 Dulce
2493 595 2713 664 lignum,
2766 595 2942 652 dulces
2991 597 3188 661 claras,
3234 609 3339 653 etc.
3393 600 3616 653 Videbat
3667 599 3862 661 etiam,

2290 686 2430 754 quod
2457 701 2552 754 per
2579 701 2768 742 omnes
2797 687 3067 743 refectorii
3114 705 3325 744 mensas
3373 705 3542 759 panes
3568 700 3727 744 erant
3772 707 3862 758 ap.-

2289 774 2470 842 positi,
2498 782 2552 828 et
2572 776 2752 844 specie
2778 776 2954 841 nitidi,
2984 779 3221 832 nectarei
3267 788 3456 848 gustus
3491 794 3688 848 sapore
3732 779 3864 832 mei-

2289 863 2388 917 liti.
2414 862 2557 918 lutcr
2587 863 2784 919 fratres
2827 867 2990 920 etiam
3041 869 3277 938 undique
3311 869 3720 924 discumbentes
3746 877 3865 922 erat

2287 957 2389 1017 vir,
2415 956 2458 1009 si
2490 957 2589 1010 rite
2623 964 2798 1019 teneo,
2830 957 2982 1012 vable
3011 959 3302 1025 prteclarus
3337 969 3392 1013 et
3420 959 3618 1029 insigni
3664 960 3863 1014 decore

2288 1043 2640 1111 conspicuus;
2683 1045 2772 1113 qui
2812 1045 3102 1112 requisitos
3145 1049 3287 1101 unde
3337 1048 3472 1102 tales
3518 1049 3862 1102 advenissent

2287 1147 2471 1202 panes,
2501 1135 2697 1202 quibus
2719 1135 2970 1191 videlicet
2990 1137 3195 1192 similes
3213 1147 3441 1192 eatenus
3463 1154 3567 1193 non
3590 1139 3810 1194 vidisset
3841 1156 3858 1190 :

2289 1219 2348 1274 lli
2377 1230 2522 1284 sunt,
2568 1221 2759 1292 inquit,
2795 1237 2982 1291 panes,
3037 1225 3234 1293 quibus
3284 1225 3376 1278 filii
3428 1225 3612 1290 Israel,
3659 1243 3858 1281 manna

2285 1311 2696 1380 percipicntese
2723 1312 3007 1374 etelo,aliti
3033 1315 3229 1369 suntin
3251 1315 3469 1370 deserto
3493 1314 3692 1384 (Exod.
3721 1319 3856 1383 xvi).

2289 1400 2389 1454 llic
2417 1416 2628 1470 quoque
2658 1402 2742 1455 vir
2780 1402 2899 1456 tulit
2924 1417 3164 1456 mensam
3196 1404 3424 1467 abbatis,
3452 1413 3573 1472 quae
3603 1404 3860 1458 occideri.-

2286 1502 2390 1545 tem
2421 1506 2608 1545 versus
2647 1491 2822 1545 fuerat
2857 1493 3172 1556 constituta,
3204 1503 3257 1546 et
3303 1494 3370 1548 ad
3414 1495 3735 1548 orientalem
3765 1511 3859 1564 po-

2283 1582 2388 1634 suit
2418 1579 2687 1635 rcfectorii
2720 1581 2964 1651 plagam;
2998 1583 3084 1637 ubi
3113 1584 3366 1638 videlicet
3395 1585 3574 1654 imago
3611 1586 3857 1639 crucilisi

2282 1670 2489 1725 Domini
2543 1669 2719 1724 fuerat
2764 1671 2815 1724 in
2862 1673 3068 1741 pariete
3117 1688 3214 1741 per
3261 1674 3526 1741 picturam
3576 1687 3854 1742 expressa.

2283 1761 2556 1829 Perpende
2603 1777 2730 1831 ergo
2777 1764 3108 1832 mysterium,
3148 1773 3200 1816 et
3235 1765 3473 1834 mystica:
3515 1763 3859 1820 revelationis

613 1874 853 1914 normam
902 1857 953 1910 in
1011 1856 1281 1911 nonnullis
1337 1855 1711 1920 monasteriis,
1759 1855 1844 1924 pia
1895 1857 2177 1909 devotione
2213 1862 2252 1918 [ι
2283 1849 2515 1918 ittlullige
2555 1859 2974 1904 sacramcnlutll-
3017 1850 3153 1916 Quid
3181 1861 3264 1906 est
3293 1853 3437 1906 enim
3484 1853 3627 1922 ttUOd
3670 1853 3858 1908 laudes

610 1946 1056 2019 amplcctentibus
1085 1946 1371 2002 excitando
1393 1945 1648 2007 instituit,
1672 1954 1939 2012 quatenus
1957 1945 2179 2014 praafato

604 2034 1141 2106 jcjuniorum‘triduo
1183 2043 1326 2088 totus
1367 2043 1664 2088 conventus
1712 2033 1938 2086 fratrum
1981 2034 2179 2102 pariter

614 2133 664 2184 in
690 2131 926 2183 claustro
957 2129 1185 2192 rigorem
1228 2125 1424 2179 silentii
1471 2132 1852 2189 conservaret;
1893 2139 1990 2178 nec
2027 2123 2174 2192 quis-

610 2220 749 2287 piam
781 2219 982 2286 absque
1011 2212 1302 2268 inevitabili
1337 2212 1660 2267 necessitate
1686 2211 2051 2264 calceamenta
2076 2209 2175 2263 sibi

611 2309 872 2372 indueret,
899 2308 1066 2360 donec
1096 2304 1454 2360 communiter
1486 2301 1805 2357 Psalterium
1836 2302 2025 2357 diebus
2069 2303 2178 2354 sin-

608 2399 744 2465 gulis
807 2395 1252 2464 complevissettt;
1317 2408 1600 2462 secparum
1667 2406 1881 2461 quoquc
1943 2391 2176 2459 discipli-

609 2506 733 2544 nam
784 2488 893 2555 (57)
941 2490 993 2540 in
1028 2483 1262 2555 capitulo
1303 2485 1482 2539 cuncti
1531 2484 1895 2552 susciperent;
1946 2481 1999 2536 in
2043 2496 2178 2550 pane

609 2582 782 2633 solani
809 2589 860 2632 et
882 2594 1017 2648 aqua
1045 2577 1252 2647 pariter
1273 2575 1626 2630 abstinerent.

1185 2683 1412 2739 CAPUT
1451 2681 1589 2738 XIX.

605 2779 1063 2848 Jejuuinmisextm
1087 2774 1230 2848 ferite
1259 2774 1312 2825 in
1348 2773 1590 2848 liquorem
1632 2770 1687 2824 S.
1723 2772 1892 2848 cruris
1924 2771 2170 2825 instituit.

754 2845 906 2910 Quod
937 2855 982 2897 et
1013 2842 1290 2896 visionibus
1323 2841 1606 2894 caelestibus
1636 2842 2020 2910 comprobatur.

677 2936 785 2990 Sed
809 2945 862 2988 et
896 2943 1101 2989 sextam
1152 2932 1297 2987 omni
1339 2941 1580 2999 tempore
1619 2929 1806 2984 feriant
1842 2941 2034 3000 piaeter
2075 2932 2173 2984 Pa-

604 3027 835 3090 scltales,
867 3025 949 3080 vel
980 3033 1204 3079 eteteros
1226 3024 1344 3078 dies
1375 3023 1659 3089 solemnes,
1710 3024 1809 3078 sub
1841 3026 2028 3077 eadem
2067 3035 2173 3078 tam

609 3114 903 3184 disciplinae
937 3128 1096 3182 quam
1130 3111 1470 3166 abstinentiae
1501 3126 1686 3164 norma
1721 3111 1788 3164 ob
1818 3114 2172 3164 reverentiam

2281 1939 2458 1992 crucis
2479 1940 2680 1994 chorus
2709 1939 2795 1994 ille
2834 1940 3176 2007 psallentium
3223 1941 3445 1994 melodis
3464 1942 3689 1997 vocibus
3731 1958 3857 1997 con-

2279 2028 2553 2097 crepabat,
2587 2028 2687 2083 nisi
2714 2029 2836 2098 quia
2863 2028 3101 2083 futurunt
3143 2040 3281 2096 erat,
3315 2040 3372 2083 ut
3417 2031 3544 2085 dum
3595 2032 3644 2085 in
3692 2033 3860 2086 hono-

2281 2133 2391 2172 rem
2439 2118 2618 2172 crucis
2657 2118 2898 2173 solemne
2946 2117 3208 2186 jejuniutn
3262 2120 3630 2184 instituerant,
3687 2136 3854 2189 quam

2278 2207 2461 2262 dulces
2512 2209 2561 2262 ci
2609 2209 2825 2262 laudum
2881 2209 3126 2263 modulos
3177 2212 3413 2264 suaviter
3454 2212 3854 2280 personarent?

2281 2297 2544 2368 llymnum
2576 2300 2771 2369 quippe
2799 2300 2851 2353 in
2901 2300 3071 2354 L‘Cﬂlil!
3114 2303 3291 2356 crucis
3330 2303 3532 2356 honore
3570 2304 3849 2363 decantat,

2278 2389 2367 2457 qui
2393 2403 2454 2442 ea
2483 2388 2732 2443 videlicet
2752 2390 2840 2444 die
2886 2405 2992 2458 qua
3024 2390 3271 2446 Christus
3299 2393 3349 2446 in
3374 2408 3535 2447 cruce
3560 2409 3857 2462 suspensus

2278 2488 2378 2542 est,
2409 2475 2670 2546 jejunium
2729 2477 2985 2532 celebrat.
3042 2479 3104 2533 Et
3156 2464 3284 2549 quid
3329 2492 3411 2534 est
3461 2483 3604 2550 quod
3653 2483 3846 2536 melliti

2278 2572 2597 2625 videbantur
2624 2586 2789 2640 panes
2811 2571 2863 2625 in
2893 2586 3096 2634 mensa,
3130 2573 3231 2626 nisi
3267 2582 3326 2626 ιιι
3371 2573 3624 2626 nimirum
3676 2574 3856 2627 dulcia

2277 2662 2498 2731 spiritus
2543 2660 2795 2716 alimenta
2824 2662 3194 2727 comedcreut,
3224 2663 3349 2716 dum
3391 2679 3490 2732 per
3539 2665 3858 2718 amaritudi-

2278 2769 2399 2806 nem
2423 2766 2603 2805 cartus
2631 2750 2812 2805 dulces
2835 2750 2944 2805 Deo
2969 2751 3186 2805 laudum
3219 2751 3462 2805 tnodulos
3497 2754 3858 2807 resonarent?

2277 2842 2449 2897 Tanto
2472 2843 2668 2912 quippe
2707 2842 2917 2896 dulcior
2945 2853 3136 2912 gustus
3173 2845 3415 2897 exoritur
3440 2843 3490 2896 in
3525 2843 3707 2912 palato
3741 2860 3858 2898 cor-

2282 2934 2386 2996 (lis,
2412 2941 2615 3002 quanlo
2644 2931 2818 3000 major
2843 2934 3144 2986 amaritudo
3187 2932 3541 2987 disttictionis
3575 2933 3858 3001 perturbat

2286 3005 2562 3079 lasciviam
2616 3025 2814 3078 carnis.
2846 3024 2980 3090 Quid
3019 3035 3101 3078 est
3145 3024 3309 3077 ctiam
3357 3039 3600 3076 mensant
3643 3024 3856 3078 abbatis

2280 3118 2379 3169 sub
2407 3114 2650 3170 crucifixi
2679 3115 3052 3184 Redemptoris
3085 3115 3307 3184 pedibus
3351 3129 3578 3183 ponere,
3611 3114 3714 3168 nisi
3759 3129 3856 3183 per

602 3204 784 3260 crucis
838 3201 943 3255 illis
987 3199 1375 3255 observandam
1427 3199 1679 3253 adhibuit.
1717 3199 1956 3269 Denique
2003 3202 2177 3254 omnis
2207 3204 2247 3262 (ζ
2280 3203 2543 3271 jejunium
2581 3213 2746 3258 sexta:
2791 3201 2959 3264 ferite,
2991 3220 3109 3273 quae
3149 3203 3265 3258 dies
3310 3204 3488 3258 crucis
3535 3212 3640 3266 est,
3680 3213 3853 3258 totum

607 3297 752 3352 illius
781 3294 1086 3349 adhortatio
1115 3295 1267 3356 adeo,
1299 3301 1621 3363 cooperante
1663 3292 1909 3356 Domino,
1944 3292 2172 3348 fructiﬁ-

604 3403 755 3443 easse
807 3385 1164 3458 dignoscitur,
1208 3393 1267 3438 ut
1314 3383 1521 3454 insigne
1567 3383 1692 3438 illud
1741 3398 1954 3453 quoque
1993 3385 2170 3440 Casini

603 3480 801 3536 montis
829 3477 1130 3534 ccenobinm
1170 3476 1281 3547 (58)
1314 3485 1462 3531 tanto
1493 3492 1612 3531 eam
1660 3475 1872 3531 fervore
1917 3479 2175 3544 sumpsis-

603 3582 708 3638 set,
739 3569 879 3639 qttod
931 3568 1153 3638 prmfata
1198 3567 1376 3621 omnia
1427 3567 1567 3621 inter
1614 3566 1878 3636 regularia
1923 3567 2171 3621 mamlata

601 3661 989 3718 conscribcnda
1026 3658 1321 3714 statuisset.
1351 3657 1450 3711 Hic
1481 3673 1640 3727 porro
1667 3672 2004 3727 nequaquam
2035 3660 2173 3713 otio-

603 3771 722 3808 sum
777 3762 1030 3823 putamus
1087 3750 1330 3819 quaedam
1379 3747 1766 3803 rcvelationum
1818 3748 2167 3813 monimenta,

602 3859 722 3912 qua:
752 3842 890 3896 idem
919 3839 1032 3910 ipse
1057 3838 1292 3908 scripsit,
1319 3852 1698 3902 annumerare,
1729 3838 1923 3907 quibus
1950 3849 2172 3893 sanctus

599 3933 690 3987 illc
719 3939 862 3985 totus
903 3929 954 3983 in
1000 3928 1099 3982 hac
1153 3926 1530 3981 observatione
1582 3935 1748 3980 sextae
1789 3925 1935 3980 feria:
1975 3927 2172 3980 obnixe

603 4022 704 4076 fuit
734 4021 1018 4075 solidatas.
1051 4017 1164 4086 Ipsa
1221 4019 1402 4086 itaque
1451 4016 1616 4086 ipsius
1663 4018 1822 4071 verba
1853 4033 2112 4086 ponamus
2156 4037 2166 4070 :

605 4111 658 4164 lit
691 4109 1063 4180 :egrotantium
1102 4108 1234 4161 cella
1269 4121 1433 4160 senex
1465 4106 1684 4175 quidam
1715 4117 1866 4175 pater
1893 4118 2030 4169 erat,
2065 4108 2172 4162 Leo

607 4205 846 4270 nomine,
879 4203 970 4274 qui
996 4201 1234 4273 jejuniis,
1273 4201 1491 4270 psalmis
1524 4213 1580 4256 ct
1604 4203 1936 4255 orationibus
1967 4203 2175 4258 insiste-

604 4297 695 4350 bat
738 4294 1016 4354 attentius,
1070 4302 1124 4346 et
1168 4291 1295 4345 licet
1325 4290 1603 4360 corporeis
1631 4299 1774 4345 esset
1816 4291 2018 4345 viribus
2044 4292 2172 4347 effe-

608 4394 713 4448 tus,
748 4382 966 4453 juvenili
1011 4392 1186 4436 tamen
1228 4380 1418 4434 fervidi
1463 4379 1684 4449 spiritus
1715 4389 1832 4433 erat
1872 4381 2056 4451 vigore
2086 4397 2172 4434 ro-

606 4475 814 4529 bustus.
842 4473 937 4526 llic
965 4472 1207 4541 proxima
1253 4479 1431 4533 nocte,
1463 4483 1567 4538 qua
1599 4470 1879 4524 statuenda
1908 4478 2025 4525 erat
2055 4469 2170 4524 hmc

2281 3293 2623 3348 refectorium
2648 3293 2936 3348 salutiferm
2958 3294 3136 3349 crucis
3157 3294 3434 3360 signaculo
3471 3293 3762 3348 dedicare?
3792 3294 3854 3346 lit

2273 3385 2400 3453 quid
2428 3393 2510 3437 est
2535 3385 2635 3437 sub
2659 3383 2902 3438 crucifixi
2945 3384 3156 3438 Domini
3187 3383 3414 3452 pedibus
3454 3383 3716 3450 residere,
3750 3384 3854 3437 nisi

2273 3488 2393 3548 post
2422 3477 2538 3545 ejus
2568 3480 2791 3548 vestigia
2818 3481 3068 3546 tendere;
3097 3488 3152 3533 et
3176 3495 3272 3550 per
3293 3495 3439 3546 eum,
3458 3494 3566 3549 quo
3591 3495 3692 3536 nos
3716 3495 3857 3550 pne-

2274 3569 2458 3634 eessit,
2492 3569 2760 3622 tramitem
2791 3569 2990 3639 jugiter
3022 3570 3335 3625 ambulare?

2344 3657 2541 3712 Verum
2573 3660 2637 3711 ad
2682 3659 2782 3713 hoc
2835 3661 3036 3714 arctius
3087 3660 3594 3726 commendandum,
3638 3671 3693 3716 et
3725 3662 3857 3718 illud

2274 3748 2552 3815 aptissime
2592 3749 2816 3818 contigit
2855 3758 2910 3802 ut
2950 3759 3170 3803 sanctus
3215 3751 3432 3820 quidam
3459 3748 3613 3806 alius
3657 3751 3854 3815 frater,

2278 3839 2466 3893 Petrus
2491 3839 2727 3904 nomine,
2750 3839 2872 3892 dum
2899 3839 2950 3892 id
2973 3840 3406 3902 constitueretur,
3434 3840 3670 3896 abesset.
3727 3842 3854 3908 Qui,

2275 3941 2457 4002 postea
2489 3932 2676 4000 quinta
2709 3932 2936 4000 quadam
2967 3931 3102 3986 feria
3147 3947 3443 4002 regressus,
3472 3935 3663 3990 cadent
3691 3947 3858 3991 nocte

2275 4037 2369 4091 per
2397 4021 2664 4075 sonmium
2697 4022 2829 4074 vidit
2872 4022 3014 4089 quod
3070 4023 3300 4076 domnus
3347 4023 3539 4078 Petrus
3582 4024 3734 4078 illum
3787 4027 3856 4080 ad

2275 4111 2556 4180 pramlium
2578 4120 2898 4164 convocaret
2925 4125 3215 4179 secumque
3237 4111 3348 4180 ipse
3369 4113 3594 4165 conviva
3617 4112 3859 4168 discum-

2275 4199 2446 4254 beret.
2475 4199 2730 4268 Sequenti
2757 4216 2882 4253 vero
2905 4201 2990 4253 die
3027 4202 3078 4253 itt
3121 4200 3414 4270 capitulum
3467 4202 3690 4257 veniens
3729 4219 3856 4258 cuni

2275 4289 2485 4344 ueteris
2515 4289 2772 4342 fratribus
2799 4288 3137 4356 disciplinam
3168 4289 3291 4343 novi
3344 4292 3482 4346 ritus
3521 4293 3757 4362 accepit,
3801 4305 3858 4348 et

2273 4381 2352 4436 sic
2375 4381 2545 4446 ltctus,
2577 4390 2631 4435 et
2655 4381 2836 4436 alacer
2867 4381 3060 4445 factus,
3086 4380 3371 4438 exsultavit
3406 4384 3457 4438 in
3486 4383 3689 4454 Spiritu
3731 4405 3858 4442 san-

2271 4480 2380 4537 cto,
2415 4472 2638 4526 dicens:
2667 4471 2832 4537 Ecce,
2868 4472 2976 4526 Deo
3015 4474 3235 4542 gradas,
3278 4476 3584 4542 prandium,
3613 4479 3677 4531 ad
3707 4484 3858 4550 quod

605 4579 828 4619 censura
855 4560 1066 4630 jejnuii,
1093 4561 1227 4613 vidit
1272 4575 1368 4629 per
1397 4561 1661 4614 somnium
1702 4576 1953 4630 magnum
1985 4562 2037 4615 in
2079 4577 2168 4616 ec-
2198 4545 2251 4606 Ῐ)
2278 4576 2362 4616 me
2385 4561 2616 4617 domnus
2655 4562 2847 4617 Petrus
2877 4563 3168 4617 Damiauus
3197 4576 3504 4620 vocaverat.
3530 4566 3638 4622 Nec
3661 4545 3858 4624 inime-

602 4656 764 4712 clesia
815 4655 1040 4709 chorum
1098 4652 1504 4706 consistentium
1553 4650 1800 4715 fratrum,
1842 4653 1954 4722 qui,
1983 4667 2174 4720 nempe

605 4745 877 4816 praeclaris
905 4742 1146 4800 candidis
1193 4741 1433 4796 vestibus
1489 4740 1788 4794 luculenter
1829 4741 2018 4804 induti,
2062 4741 2174 4796 dul-

604 4838 789 4891 cisoua
843 4835 975 4893 satis
1016 4843 1175 4902 atque
1208 4831 1459 4887 melliﬂua
1500 4831 1694 4888 melodi
1728 4840 2020 4886 concentus
2049 4848 2173 4884 sua-

2280 4652 2382 4704 rito
2407 4668 2534 4707 sane
2565 4662 2760 4706 nostra:
2801 4653 2982 4705 carnis
3009 4651 3226 4706 afﬂictio
3261 4669 3467 4719 mensa,
3509 4655 3590 4710 vel
3623 4655 3858 4712 refectio

2277 4746 2492 4808 dicitur,
2541 4746 2814 4815 quoniam,
2863 4746 3002 4798 unde
3047 4756 3285 4799 nostrttm
3319 4762 3416 4815 per
3462 4750 3855 4804 continentiam

2277 4852 2473 4906 corpus
2498 4839 2772 4900 atteritur,
2802 4838 2926 4892 imle
2953 4836 3175 4906 spiritus
3215 4853 3465 4908 supernzc
3510 4841 3700 4908 gratia:
3728 4842 3850 4910 pitt-

1725 4942 2091 4998 GODEFRIDI
2131 4943 2537 5002 IIENSCHENII
2576 4946 2808 5002 ΝΟΤᾹΞ.

606 5081 789 5136 opuse.
822 5064 912 5136 lii,
943 5065 1010 5118 dc
1059 5077 1168 5136 sua:
1211 5060 1930 5136 congregationisinstitutis
1967 5077 2087 5130 cap.
2113 5061 2168 5136 6,

609 5130 704 5198 ait,
731 5133 921 5188 multos
943 5133 1233 5186 monachos
1256 5133 1308 5184 in
1333 5131 1751 5198 Qnailragcsima
1777 5130 1946 5184 solum
1978 5149 1994 5180 ι
2027 5133 2170 5185 vesci

545 5239 548 5244 -
611 5205 810 5275 pomis,
835 5203 1191 5275 ctlterharnm
1221 5201 1508 5275 radicibus,
1529 5199 1990 5275 ΔτιοΑΙιρξξιιεηίιιὶξνιιδ
2021 5201 2168 5275 infit--

610 5269 704 5335 sis,
735 5274 815 5328 vel
839 5274 996 5324 etiam
1035 5271 1207 5325 elixis.
1246 5290 1263 5321 ι
1300 5269 1436 5322 llinc
1462 5269 1830 5338 infnsidnrinm
1858 5269 2063 5323 videtur
2093 5271 2170 5323 si-

611 5359 773 5414 gnare
801 5358 958 5414 omne
983 5341 1165 5414 liquidi
1186 5341 1654 5414 _cil:i_gcnus_aqua
1687 5350 2038 5414 maceratum,
2060 5357 2163 5414 non

611 5408 828 5467 clixum.
870 5413 1038 5476 Quam
1078 5411 1473 5463 distinctionem
1507 5410 1722 5462 Vossius
1753 5408 1847 5460 lib.
1887 5425 1944 5464 nt
1980 5410 2055 5462 lie
2090 5411 2170 5462 vi-

615 5487 700 5538 tiis
722 5481 1007 5544 sermonis,
1047 5493 1161 5547 Cap.
1199 5481 1283 5538 lii,
1313 5496 1415 5532 non
1450 5477 1726 5532 intellexit.

817 5551 1103 5622 δουρηνιιηι
1131 5565 1327 5618 quoque
1373 5547 1717 5622 disciplinain.
1861 5547 2053 5601 Ρεξῑνυε
2076 5563 2172 5622 ΙΠῘο

611 5616 860 5676 defuncto
889 5616 1065 5687 aliquo
1090 5616 1252 5673 fratre
1287 5638 1304 5669 ι
1336 5629 1537 5685 septem
1569 5616 1876 5686 disciplinas
1896 5634 2016 5670 cum
2050 5620 2138 5671 mil

611 5692 746 5746 lenis
795 5704 1072 5758 scoparum
1135 5689 1326 5742 ictibus
1383 5687 1722 5758 accipiendas
1789 5706 1804 5736 ι
1871 5689 2173 5756 prtcsct'ilsil.

608 5779 794 5833 opus".
826 5757 962 5816 Hct
1015 5759 1093 5826 lii,
1143 5774 1259 5828 cap.
1305 5759 1386 5810 l2.
1435 5757 1641 5811 Modum
1690 5757 1981 5811 inferendae
2011 5759 2171 5812 disci-

2276 5061 2432 5136 plina:
2458 5065 2659 5118 indicat
2677 5062 2770 5116 lib.
2804 5079 2877 5128 vt,
2910 5061 3068 5131 epist.
3103 5063 3194 5126 Si,
3223 5061 3288 5115 ad
3328 5077 3440 5117 suae
3466 5063 3859 5136 congregatim

2277 5135 2360 5186 nis
2392 5136 2668 5188 cremitas.

2346 5203 2455 5272 (53)
2485 5203 2552 5257 Ut
2585 5203 2786 5269 insigne
2825 5202 2956 5254 illud
2990 5218 3194 5272 quoque
3233 5200 3413 5256 Casini
3454 5205 3644 5256 montis
3679 5220 3855 5258 cmm-

2274 5271 2443 5325 binm.
2465 5273 2699 5328 Prmerat
2720 5272 3131 5326 Cassincnsibns
3159 5273 3483 5338 Desiderius,
3509 5283 3729 5328 creatus
3758 5292 3850 5330 an.

2276 5343 2431 5398 1058.
2462 5343 2598 5398 Huic
2623 5344 2906 5396 admodum
2938 5341 3220 5396 familiaris
3271 5343 3370 5396 fuit
3398 5342 3457 5395 Β.
3490 5342 3718 5406 Petrus,
3758 5361 3854 5399 cu~

2264 5409 2353 5477 jus
2379 5414 2444 5466 ad
2475 5429 2596 5467 cum
2630 5423 2845 5466 cxsmut
2883 5413 3062 5480 plut-cs
3102 5413 3340 5482 cpistola:
3365 5421 3421 5464 ct
3442 5413 3721 5482 opuscula.
3756 5416 3855 5468 Λςι

2277 5483 2389 5537 hate
2419 5499 2579 5553 supra
2616 5499 2682 5536 ex
2709 5483 2900 5553 Leone
2929 5482 3228 5536 Marsicano
3266 5481 3733 5553 continuationis,
3758 5487 3852 5553 qui

2275 5570 2411 5607 anno
2437 5551 2616 5618 quinto
2657 5553 2853 5605 abbatis
2884 5552 3135 5606 Desiderii
3161 5554 3302 5605 hunc
3325 5551 3442 5618 ejus
3461 5551 3526 5606 ad
3558 5551 3855 5608 Cassineu—

2274 5638 2358 5748 ἷιὸδ
2379 5624 2986 5748 gdventitgatscontigissc
3023 5623 3244 5691 scribit;
3289 5636 3420 5692 ergo
3457 5637 3600 5676 anno
3647 5626 3855 5680 Christi

2350 5698 2412 5746 '3-
2438 5705 2528 5748 aut
2647 5697 2658 5708 '
2703 5733 2715 5746 .

2309 5694 2412 5747 θ’ἱὲ
2438 5705 2528 5748 aut
2563 5694 2715 5749 l065.
