4040 6422
238 352 323 410 H3

1114 339 1657 400 PROLEGOMENA.
1698 371 1769 383 --
1791 339 1848 397 S.
1881 338 2087 397 PETRI
2127 338 2415 395 DAllllANl
2448 335 2602 393 VITA
2634 336 2695 393 Il.

3436 335 3544 392 NG

236 476 529 525 conversus,
574 473 698 517 eum
738 473 931 531 magno
957 457 1160 529 gemitu
1188 454 1615 519 dixitzbomine,
1664 453 1808 510 Deus
1841 462 1887 521 Α
1918 455 2070 511 humi
2098 470 2163 509 ac
2187 453 2439 525 perfusus
2465 453 2722 525 lacrymis
2748 452 2887 507 facie
2918 452 3169 507 adoravit
3207 461 3264 507 et
3294 451 3543 508 laudavit

234 552 579 622 omnipotens.
610 552 703 623 qui
732 549 928 605 ccelum
987 555 1044 601 et
1070 556 1273 608 terram
1304 557 1361 602 et
1387 557 1586 603 cuncta
1614 562 1737 618 qua:
1760 547 1815 602 in

236 646 305 702 eis
326 652 445 700 sunt
471 641 790 705 condidisti,
820 639 866 695 si
892 639 987 696 tibi
1019 639 1257 695 servitus
1284 639 1472 694 domui
1509 637 1617 694 mei
1644 638 1815 705 Petri,

235 748 285 793 ιιι
305 732 600 799 credimus,
645 731 994 803 complacuit,
1027 731 1194 787 libera
1229 746 1317 787 me
1343 746 1444 803 per
1472 730 1590 801 ejus
1619 731 1817 787 merita

237 826 296 882 ab
323 823 541 883 instanti
578 812 746 894 quem
778 823 956 895 patior
992 822 1199 878 dolore.
1228 821 1378 877 Dixit
1407 821 1544 889 btec,
1574 832 1631 878 et
1650 823 1819 895 cmpit

234 928 381 977 stare.
404 915 475 971 Et
498 931 653 983 ecce,
676 932 785 973 non
812 925 935 989 post
958 916 1437 988 longumtempus,
1460 916 1531 972 ab
1549 931 1617 973 eo
1636 917 1819 974 oainis

236 1017 464 1067 tentaret
490 1009 648 1065 dolor
666 1011 743 1068 ita
764 1008 997 1080 aufugit,
1017 1024 1081 1066 ac
1105 1009 1153 1065 si
1181 1008 1381 1080 aliquis
1402 1010 1632 1068 veniens
1644 1026 1816 1067 manu

232 1103 389 1175 ipsum
418 1103 619 1160 vulnus
665 1104 735 1161 ab
773 1102 900 1173 ejus
936 1102 1154 1159 maxilla
1187 1102 1522 1174 vel'gutture
1551 1103 1816 1162 auferret.

232 1195 322 1264 Qui
350 1194 533 1251 statim
552 1196 720 1269 erepit
738 1195 1051 1268 gloriﬁcare
1076 1194 1271 1263 Deum,
1303 1210 1369 1253 ac
1395 1196 1663 1252 famulum
1693 1197 1816 1269 ejus

233 1285 436 1341 Petrum
486 1285 830 1353 Damianum,
875 1287 969 1357 qui
1005 1302 1133 1343 eum
1182 1288 1704 1360 castigare;primo,
1750 1304 1815 1345 ac

231 1377 406 1433 deinde
426 1391 628 1434 sanare
648 1378 899 1451 dignatus
921 1387 1025 1435 est.
1046 1378 1274 1436 Postera
1309 1379 1546 1452 denique
1568 1380 1658 1437 die
1698 1395 1820 1437 sur-

228 1483 351 1539 gens
370 1466 510 1524 bene
527 1470 912 1543 castigatusfex
934 1471 1182 1537 verbere,
1206 1471 1526 1529 Faventiam
1548 1474 1815 1543 perrexit,

229 1572 277 1615 et
305 1563 527 1618 veniens
550 1572 678 1620 ante
700 1564 877 1621 altare
918 1563 979 1621 S.
1019 1565 1202 1621 Mariae
1253 1565 1388 1622 foris
1433 1576 1671 1637 portam,
1722 1567 1814 1621 ubi

1924 561 1989 601 ac
2014 544 2293 603 benedixit
2308 545 2477 601 Deum
2506 559 2673 615 super
2694 543 2900 612 judicia
2916 543 3148 615 justitia:
3169 559 3304 600 sum.
3330 542 3543 599 Dehinc

1925 634 2060 707 foris
2088 650 2347 708 egressus
2370 636 2438 690 ad
2469 632 2669 690 fratres
2709 649 2839 691 suos
2862 634 3031 706 empit
3069 650 3303 690 narrare
3330 647 3545 707 praepo-

1924 730 2033 788 sito
2053 745 2119 788 ac
2140 729 2356 785 caeteris
2377 725 2643 784 fratribus
2673 726 2857 782 omnia
2883 741 3007 796 quas
3040 726 3145 783 sibi
3172 727 3543 799 contigerant.

1924 823 2340 893 Quiaudientes
2368 820 2738 877 laudaverunt
2783 835 2849 877 ac
2895 818 3301 877 benedixerunt
3343 819 3542 888 Deum,

1924 917 2019 988 qui
2054 914 2184 997 talia
2214 928 2313 986 per
2353 928 2572 971 servum
2604 927 2765 969 suum
2817 910 3114 969 ostendere
3148 911 3407 984 dignatus
3453 921 3545 968 est

1884 1024 1889 1028 '
1924 1009 2221 1067 mirabilia.
2252 1007 2502 1078 Denique
2532 1004 2859 1078 praepositus
2887 1019 3015 1062 eum
3045 1004 3311 1075 praedicto
3338 1004 3543 1062 abbate

1922 1100 2117 1175 Ugano
2143 1100 2283 1174 (73),
2306 1099 2399 1172 qui
2431 1100 2507 1155 ita
2533 1099 2855 1161 vocabatur,
2888 1111 2956 1153 ac
3006 1097 3295 1165 fratribus,
3331 1097 3546 1169 ingres-

1924 1210 2023 1253 sus
2067 1193 2365 1253 ecclesiam
2412 1200 2620 1249 sanctze
2669 1191 2765 1247 Dei
2824 1190 3133 1263 genitricis,
3186 1189 3546 1265 pulsaverunt

1922 1288 2106 1346 omnia
2137 1288 2293 1359 signa
2328 1294 2385 1342 et
2430 1294 2735 1358 posuerunt
2769 1294 3053 1353 cei-optata
3088 1282 3203 1357 (74)
3228 1298 3354 1338 cum
3382 1282 3547 1339 lumi-

1928 1383 2157 1439 naribus
2186 1390 2312 1436 ante
2335 1395 2520 1435 arcam
2554 1378 2728 1450 ipsius
2755 1378 2930 1433 sancti
2961 1376 3110 1433 Petri
3167 1376 3447 1441 Damiani,
3489 1393 3548 1430 et

1928 1474 2273 1531 celebrantes
2294 1472 2516 1537 missas,
2552 1470 2871 1527 obtulerunt
2901 1468 3177 1526 solemnes
3196 1466 3411 1524 hostias
3433 1465 3547 1523 Deo

1927 1565 1980 1620 iu
2003 1565 2226 1621 odorem
2251 1564 2539 1620 snaritatis
2555 1578 2654 1635 pro
2680 1563 2880 1619 anima:
2898 1561 3018 1633 ejus
3036 1560 3381 1618 absolutione
3404 1559 3543 1632 (75).

226 1668 412 1723 corpus
444 1653 657 1710 domini
694 1655 844 1711 Petri
889 1657 1233 1714 reconditum
1265 1656 1467 1727 fuerat,
1512 1666 1823 1729 prostratus
1858 1648 1900 1709 Β
1931 1656 2129 1712 Amen.
2183 1668 2189 1674 ‘

1308 1794 1685 1852 GODEFRIDI
1727 1792 2148 1851 HENSCHENII
2189 1790 2425 1849 NOTAE.

226 2003 264 2058 ἲ
288 1929 573 2055 inn
604 1934 861 2004 praedicto
884 1933 1074 1990 abbate
1104 1932 1318 2005 Ugano.
1350 1931 1627 1989 Urbanum
1656 1940 1816 1989 vocat

266 2021 300 2058 ο
426 2020 437 2053 ι
484 2020 529 2056 s.

266 2020 529 2058 ortnnms.

287 2070 399 2143 (7d)
430 2070 739 2131 Paruerant
762 2084 1051 2147 temptata.
1070 2074 1374 2146 Ceroptata,
1408 2074 1557 2132 faces
1584 2090 1649 2131 ex
1669 2089 1811 2149 cera

1926 1930 2254 2073 ωῗξὲῖῗιῗρ
2276 2000 2472 2055 anima:
2484 1996 2600 2073 ejus
2618 1996 2971 2073 absolutione.
2998 1996 3082 2051 An
3099 1994 3315 2052 abbatis
3345 1992 3543 2067 Ugani,

1924 2068 2101 2145 quem
2116 2070 2181 2126 Β.
2219 2070 2417 2127 Petrus
2444 2068 2805 2140 culpaverat?

224 2274 3538 2309 ———-———_—————-——h———-—————-—-——-—i‘-

1029 2468 1456 2583 BEATI
1545 2470 1978 2583 PETRI
2072 2464 2693 2581 DAMIANI

1568 2702 1820 2785 VITA
1884 2702 2161 2781 ΜΛΔ.

834 2877 966 2935 PER
1004 2876 1323 2936 JOANNEM
1365 2877 1725 2937 ANTONIUM
1758 2877 2147 2937 FLMIINIUM
2188 2876 2957 2936 FOROCORNELIENSEM.

1212 3034 1317 3094 Ea:
1362 3052 1473 3095 ms.
1508 3034 1908 3115 autographa
1946 3033 2121 3114 apud
2154 3034 2559 3098 Faventinus.

466 3110 473 3157 l

282 3380 476 3453 Magna
508 3380 667 3437 soleo
699 3378 975 3451 voluptate
1005 3376 1165 3461 allici,
1195 3377 1295 3432 viri
1347 3377 1659 3445 Faventini,
1692 3394 1826 3449 quo-
1855 3365 1900 3425 (ἶ
1934 3380 2199 3436 infantem
2226 3381 2686 3452 persequicospit.
2712 3380 2848 3436 Nam
2866 3394 2989 3436 cum
3011 3388 3137 3451 post
3159 3381 3361 3437 multos
3381 3379 3547 3448 ﬁlios,

217 3474 314 3529 tics
334 3483 533 3543 repeto
581 3488 751 3544 quam
780 3481 934 3544 grata
985 3482 1041 3528 et
1079 3488 1243 3543 quam
1265 3470 1506 3541 jucunda
1546 3472 1700 3528 vobis
1728 3473 1829 3528 ob-

218 3568 383 3638 tingat
405 3582 613 3637 opera,
646 3580 812 3636 quam
842 3565 896 3620 in
940 3564 1333 3628 describendis,
1366 3564 1458 3633 qui
1487 3579 1517 3619 a
1552 3564 1704 3619 vobis
1738 3578 1826 3620 re-

216 3659 567 3730 ligiosissime
620 3658 894 3721 coluntur,
923 3664 1188 3728 praastare
1235 3656 1398 3725 coepi,
1429 3665 1576 3711 tanta
1605 3657 1825 3727 quidem

212 3750 373 3804 animi
406 3750 730 3815 alacritate,
757 3757 962 3819 quanta
1010 3764 1116 3803 non
1146 3747 1309 3804 facile
1354 3751 1602 3819 praestari
1635 3767 1664 3804 a
1692 3767 1831 3822 quo-

211 3858 368 3911 quam
396 3844 581 3899 vestri
615 3842 991 3897 amantissimo
1020 3849 1207 3911 queat»
1232 3841 1347 3898 Hoc
1375 3850 1555 3899 autem
1586 3844 1829 3899 animad-

210 3936 339 3992 verti
371 3938 426 3991 in
465 3936 756 4006 descripta
792 3950 963 4005 nuper
1016 3950 1047 3989 a
1100 3948 1189 3990 me
1241 3932 1300 3988 Β.
1340 3933 1584 3992 Terentii
1611 3936 1841 3994 confes-7

208 4029 365 4093 noris,
402 4030 499 4098 qui
564 4028 705 4083 mihi
752 4028 959 4099 primus
990 4025 1207 4089 oblatus
1255 4036 1363 4091 est,
1409 4041 1477 4083 ac
1519 4028 1582 4083 Β.
1639 4027 1829 4084 Sabini

207 4118 442 4189 episcopi
476 4160 493 4181 .
575 4127 639 4174 et
693 4118 949 4191 martyris
995 4118 1130 4173 vita.
1188 4117 1369 4186 Quare
1416 4135 1561 4175 eum-
1593 4136 1622 4175 τι
1674 4120 1829 4178 vobis

206 4210 461 4278 duorum,
494 4210 597 4281 qui
654 4210 830 4266 adhuc
875 4212 1180 4275 restabant,
1214 4221 1529 4268 sanctorum
1592 4214 1828 4269 similem

206 4320 233 4354 ει
260 4318 346 4358 me
384 4320 630 4373 operam
661 4304 967 4374 exspectari
1001 4305 1270 4373 audirem,
1299 4307 1489 4376 putavi
1524 4324 1611 4363 me
1632 4309 1831 4365 debere

204 4394 389 4448 eodem
437 4394 639 4449 stu-dio
691 4395 1080 4464 exspectationi
1132 4406 1371 4462 vestrae,
1430 4411 1495 4453 ac
1555 4398 1827 4454 desiderio

205 4485 565 4553 respondere.
588 4483 762 4555 Igitur
774 4485 915 4539 beati
931 4485 1073 4541 Petri
1092 4486 1357 4552 Damiani,
1380 4496 1434 4542 et
1450 4485 1506 4543 S.
1526 4487 1827 4555 Emiliani,

204 4592 336 4646 quos
378 4578 713 4648 episcopale
759 4574 1033 4650 fastigium
1080 4594 1205 4635 cum
1258 4582 1553 4636 sanctitate
1589 4581 1830 4638 illustres

203 4669 348 4739 fecit,
380 4673 639 4735 duobus,
703 4688 842 4743 quos
874 4674 1006 4739 dixi,
1056 4673 1329 4745 prioribus
1362 4675 1532 4745 adjeci
1563 4695 1575 4730 :
1608 4687 1666 4730 ut
1709 4692 1830 4747 spe-

1933 3474 2079 3528 lmnc
2095 3486 2315 3543 quoque
2335 3475 2662 3545 peperisset,
2677 3473 3008 3529 exclamavit
3025 3488 3149 3528 cum
3173 3472 3551 3544 indignatione

1931 3579 2000 3618 ex
2033 3563 2333 3635 majoribus
2361 3572 2489 3619 natu
2535 3564 2660 3619 filiis
2701 3579 2845 3619 unus
2874 3580 2889 3616 :
2926 3562 2990 3617 Et
3016 3561 3405 3632 quomodotot
3434 3563 3549 3620 ba:-

1935 3656 2093 3712 redes
2122 3656 2304 3729 capiet
2356 3671 2465 3711 una
2513 3656 2633 3711 haec
2664 3654 2897 3711 domus?
2952 3654 3078 3711 inde
3128 3653 3298 3725 etrapit
3330 3653 3547 3710 infenso

1933 3750 2116 3805 animo
2150 3764 2377 3819 puerum
2429 3756 2605 3803 mater
2643 3747 2815 3815 alere,
2847 3757 2908 3803 ut
2958 3763 3105 3819 mgre
3136 3746 3434 3803 admodum
3465 3746 3551 3801 lae

1932 3840 2007 3894 illi
2058 3839 2343 3912 pneberet.
2404 3840 2479 3895 Ita
2525 3840 2746 3911 quidem
2798 3840 2942 3895 fame
3007 3849 3064 3896 et
3110 3839 3296 3910 algore
3336 3840 3551 3910 peribat

1934 3932 2193 4002 paulatim
2224 3931 2433 3999 infans;
2464 3928 2559 3988 sed
2584 3934 2934 4003 omnipotens
2962 3932 3123 3997 Deus,
3154 3931 3246 4002 qui
3272 3930 3422 3985 illum
3480 3933 3548 3985 ad

1932 4032 2318 4080 ornamentum
2347 4023 2606 4080 Ecclesiae
2653 4040 2770 4080 sua:
2800 4024 2950 4079 nasci
2998 4022 3266 4089 voluerat,
3322 4037 3431 4079 non
3463 4034 3548 4078 est

1934 4135 2127 4189 passus
2150 4118 2357 4174 diutius
2386 4117 2467 4174 sic
2489 4119 2637 4173 omni
2669 4133 2773 4189 ope
2806 4117 3051 4174 destitui.
3097 4116 3371 4173 Excitavit
3396 4116 3545 4171 enim

1935 4212 2185 4279 spiritum
2213 4205 2432 4267 femina:
2465 4210 2772 4281 cujusdam,
2804 4227 2928 4282 quae
2950 4212 3019 4267 ad
3050 4226 3170 4267 eam
3204 4210 3459 4277 accessit,
3492 4219 3551 4266 et

1936 4302 2082 4357 illius
2114 4302 2380 4357 satvitiatn
2409 4302 2612 4357 acriter
2647 4303 2947 4367 accusavit,
2978 4302 3171 4358 dicens
3202 4321 3214 4356 :
3243 4300 3441 4358 Lemna
3493 4310 3550 4357 et

1936 4395 2090 4467 tigris
2134 4411 2263 4451 suos
2316 4411 2439 4451 cum
2489 4396 2799 4451 admirabili
2833 4412 2965 4453 cura
3002 4404 3059 4452 et
3111 4412 3299 4451 amore
3338 4392 3548 4453 catulos

1934 4490 2253 4554 enutriunt,
2280 4499 2333 4543 et
2378 4499 2432 4544 tu
2462 4491 2743 4561 proprimn
2789 4490 2961 4546 filium
3006 4491 3074 4545 ad
3125 4491 3419 4562 imaginem
3451 4490 3545 4548 Dei

1935 4589 2307 4651 procreatum,
2345 4582 2618 4638 hebetatis
2654 4591 2921 4638 materna:
2969 4583 3189 4654 pietatis
3218 4584 3547 4645 visceribus.

1938 4682 2046 4726 tam
2074 4672 2372 4729 crudeliter
2400 4676 2648 4730 tractas?
2678 4674 2871 4732 Nescis
2932 4676 3050 4731 ﬁeri
3103 4692 3269 4747 posse
3300 4686 3360 4731 ut
3415 4694 3553 4746 puer

202 4770 405 4816 clatum
451 4761 609 4831 jam,
642 4764 695 4817 ni
744 4763 917 4828 fallor,
951 4779 1190 4819 amorem
1221 4781 1350 4836 erga
1395 4781 1490 4821 vos
1522 4782 1719 4828 meum,
1778 4779 1833 4822 et
1865 4762 1910 4819 D
1941 4763 2041 4819 iste
2074 4765 2339 4820 illustrem
2364 4767 2659 4837 aliquando
2710 4770 2855 4824 inter
2879 4786 3010 4827 suos
3055 4771 3235 4827 locum
3277 4771 3549 4827 obtineat.

202 4853 573 4921 voluntatem,
607 4856 767 4912 vobis
793 4857 995 4921 Oli-Illa,
1016 4873 1135 4927 qua:
1156 4860 1402 4929 praestari
1428 4875 1456 4913 a
1486 4876 1571 4915 me
1594 4862 1822 4930 possint,

203 4948 578 5014 gratiﬁcandi,
633 4948 1097 5006 manifestioribus
1138 4952 1382 5021 quotidie
1422 4952 1636 5009 indiciis
1663 4969 1827 5025 expc-

203 5039 435 5097 riamini.
478 5043 711 5098 Valete.

267 5134 425 5191 Initia
456 5138 597 5191 vita:
631 5136 735 5189 viri
781 5136 1092 5203 clarissimi,
1123 5150 1288 5207 atque
1317 5141 1645 5195 sanctissimi
1680 5142 1822 5197 l‘ctri

204 5225 446 5285 Damiani
500 5242 775 5299 magnam
821 5230 1111 5300 unicuique
1159 5232 1575 5288 admirationem
1632 5233 1829 5288 ali‘erre

204 5330 425 5385 possunt
453 5338 470 5373 :
496 5335 578 5390 qu
600 5338 636 5372 I'
656 5319 795 5375 adeo
816 5319 1033 5391 quidem
1062 5321 1281 5375 humilia
1300 5321 1473 5389 fuere,
1494 5322 1830 5386 acdillicilia.

206 5412 498 5467 utnonnisi
526 5410 777 5466 divinitn
833 5411 1031 5467 factum
1058 5414 1498 5486 iutelligant,qui
1519 5432 1580 5471 ea
1609 5428 1833 5482 norunt,

207 5510 261 5552 ut
289 5501 343 5556 in
375 5504 554 5557 talem
605 5517 681 5556 ac
732 5514 944 5557 tantum
979 5505 1177 5571 virum,
1208 5508 1301 5577 qui
1331 5517 1384 5561 et
1415 5508 1749 5580 eloquentia,
1779 5520 1836 5565 et

210 5596 501 5649 sanctitate
563 5595 703 5647 vita:
746 5593 839 5651 Dei
888 5594 1186 5652 Ecclesiam
1237 5598 1557 5663 illustraret,
1602 5602 1834 5658 evadere

209 5688 461 5755 potuerit.
498 5685 608 5740 Vix
644 5706 658 5732 ο
682 5684 795 5739 nim
830 5686 976 5743 illum
1008 5688 1166 5744 enixa
1200 5689 1252 5744 in
1284 5690 1460 5747 lucem
1489 5701 1610 5748 erat
1636 5705 1829 5760 mater,

216 5781 425 5847 quando
485 5792 820 5837 numerosa:
873 5780 1038 5850 prolis
1096 5791 1349 5853 perttesa,
1379 5787 1653 5842 novercali
1710 5787 1835 5844 odio

1936 4855 2079 4911 Mota
2100 4868 2185 4913 est
2207 4860 2499 4913 occasione
2531 4861 2624 4914 tali
2670 4870 2868 4929 mater,
2905 4879 2970 4916 ac
3008 4864 3271 4929 erubuit;
3321 4874 3376 4919 et
3425 4874 3550 4920 tan-

1934 4966 2097 5020 quam
2125 4966 2192 5005 ex
2225 4951 2335 5005 alto
2382 4953 2619 5008 excitata
2655 4942 3233 5026 som‘no,'resipiscerc
3259 4966 3315 5011 et
3341 4967 3548 5014 mater.

1938 5059 2060 5096 nam
2087 5043 2350 5099 exhibere
2393 5044 2731 5117 diligentiam
2766 5048 2962 5104 inlanti
2991 5051 3177 5118 coepit.
3216 5051 3289 5106 At
3317 5050 3427 5117 ille,
3457 5069 3550 5123 qui

1938 5142 2049 5187 tam
2093 5133 2232 5189 male
2261 5136 2421 5204 paulo
2458 5147 2585 5193 ante
2612 5150 2892 5210 acceptus,
2916 5142 3259 5212 obriguerat,
3286 5152 3340 5197 et
3367 5145 3553 5213 potius

1941 5228 2093 5296 pueri
2148 5230 2338 5283 tunlira
2396 5246 2558 5299 quam
2606 5247 2743 5302 puer
2774 5234 2947 5288 videri
3014 5244 3249 5304 poterat,
3281 5237 3429 5291 vires
3488 5254 3553 5293 ac

1944 5318 2173 5374 formam
2210 5320 2360 5375 brevi
2393 5324 2628 5391 recepit;
2660 5324 2755 5378 sed
2811 5324 3132 5381 inchoatum
3168 5328 3223 5382 in
3255 5327 3551 5385 lactentem

1938 5414 2147 5479 (niiinn,
2192 5412 2244 5466 in
2303 5413 2594 5483 pueritiam
2646 5430 2861 5486 quoque
2917 5416 3060 5472 illius
3112 5420 3416 5476 excitatum
3446 5433 3550 5477 est.

1942 5505 2096 5570 Nam,
2132 5504 2406 5561 defunctis
2452 5508 2795 5577 parentibus,
2847 5524 2987 5563 unus
3041 5526 3107 5565 ex
3157 5513 3421 5568 fratribus
3459 5515 3553 5584 qui

1942 5610 2071 5654 natu
2100 5607 2217 5655 erat
2266 5601 2559 5668 maximus,
2597 5618 2721 5657 eum
2754 5617 2923 5657 uxore
2955 5619 3052 5657 sua
3088 5606 3243 5661 miris
3270 5606 3554 5675 exagitare

1944 5691 2091 5746 illum
2144 5692 2319 5746 modis
2359 5694 2597 5765 aggressi
2646 5703 2817 5751 sunt:
2850 5704 2906 5752 et
2956 5696 3105 5752 velut
3168 5700 3221 5752 in
3273 5697 3551 5766 abjectum

1946 5784 2303 5856 mancipium,
2337 5787 2733 5843 exsecrabilem
2771 5796 3167 5859 contemptum,
3198 5799 3251 5844 et
3281 5792 3597 5847 avritiam.
