4084 6406
623 333 720 384 H7

1511 322 1566 378 8.
1595 319 1871 378 PETRUS
1913 320 2271 378 DAMLtNUS
2300 323 2358 379 S.
2388 321 2452 377 ll.
2494 321 2553 377 Ε.
2580 322 3015 379 (ΖΑΠΟΙΝΑῌΞ.

3764 321 3870 379 H8

610 453 884 497 exercere.
919 436 1085 491 Cibos
1115 444 1272 491 taceo
1302 434 1489 490 suibus
1536 433 2003 489 eonvenientiores
2031 447 2191 502 quam
2224 444 2269 500 Α
2302 434 2487 497 voluit,
2521 450 2587 487 an
2615 435 2739 489 vita:
2767 434 2907 488 illius
2937 434 3311 502 asperitatem,
3337 450 3454 504 qua:
3479 446 3678 505 quanta
3726 448 3872 493 esset

610 530 844 594 homini;
872 527 1048 581 nullus
1076 525 1286 594 corpOri
1304 524 1502 589 cultus;
1526 524 1749 578 vestitus
1776 533 1894 577 erat
1915 523 2187 586 sordidus;

608 622 737 678 nudi
764 622 946 690 pedes.
966 618 1169 673 Omitto
1190 625 1385 671 cetera
1403 630 1521 685 quae
1538 616 1627 670 via
1649 616 1701 668 in
1720 627 1963 669 extrema
1984 614 2161 683 inopia
2175 655 2188 675 .

608 716 661 769 in
698 711 942 767 mendico
988 707 1201 762 toleres.
1248 706 1518 761 Prmtereo
1563 705 1808 769 verbera,
1859 720 2086 775 pugnos,
2134 717 2191 759 et

605 805 805 866 calces,
832 801 1025 870 quibus
1051 800 1365 867 frequenter
1398 795 1623 853 allectus
1648 807 1733 851 est
1763 815 1776 847 τ
1807 806 1861 851 et
1890 796 1992 849 alia
2022 797 2187 850 multa

607 895 693 945 vix
720 892 865 945 dictu
888 897 944 943 et
982 890 1188 951 auditu,
1221 888 1422 946 nedum
1446 889 1562 942 visu
1591 886 1910 941 tolerabilia.
1944 888 2035 940 Sic
2058 899 2178 941 aeta

599 993 681 1038 cst
711 981 786 1036 illi
809 982 1168 1051 pueritia;ubi
1195 992 1322 1035 vero
1345 980 1761 1035 adolescentiam
1788 980 1989 1049 attigit,
2018 978 2185 1032 nihilo

598 1072 794 1126 melior
824 1071 898 1124 illi
920 1071 1158 1125 conditio
1181 1070 1430 1125 accessit.
1454 1068 1590 1123 Hinc
1616 1068 1796 1123 facere
1822 1068 2184 1134 conjecturam

599 1163 747 1225 licet,
778 1162 919 1232 quod
944 1162 1009 1215 ad
1036 1176 1226 1229 porcos
1244 1163 1440 1215 missus
1460 1170 1542 1215 est
1568 1158 1893 1230 pascendos,
1913 1159 2000 1211 ubi
2022 1173 2184 1227 quam

597 1254 734 1308 dura
763 1254 945 1308 omnia
973 1252 1042 1307 sit
1084 1267 1294 1322 passus,
1324 1253 1523 1322 cogitet
1555 1252 1646 1321 qui
1699 1267 1761 1305 ea
1789 1266 1907 1319 qua)
1954 1265 2184 1319 praeces-

598 1361 721 1399 sere
782 1343 1024 1403 noverit;
1082 1343 1177 1396 sed
1240 1343 1419 1397 divina
1478 1342 1824 1397 Providentia
1896 1341 1975 1395 sic
2026 1355 2180 1394 suum

596 1447 855 1488 exercere
881 1432 1161 1496 athletam,
1197 1442 1253 1487 et
1274 1432 1506 1501 espcriri
1533 1432 1722 1498 voluit,
1766 1441 1824 1486 ut
1852 1430 1919 1486 ad
1961 1433 2179 1485 uberio-

595 1540 709 1579 rem
746 1526 973 1595 gratiam
996 1527 1176 1582 omnia
1203 1528 1314 1582 brec
1346 1527 1417 1580 illi
1446 1525 1815 1581 accumularet
1851 1544 1865 1580 :
1894 1535 1947 1580 et
1973 1542 2036 1580 ea
2064 1535 2176 1580 tam

598 1618 840 1687 ignobili,
866 1626 1028 1687 atque
1070 1619 1204 1671 adeo
1229 1618 1497 1687 despecto.
1534 1619 1633 1671 toti
1663 1619 1879 1672 demum
1924 1616 2177 1673 Ecclesia}

600 1722 710 1761 suae
737 1706 1031 1776 gloriosum
1084 1707 1349 1760 redderet.
1376 1704 1579 1771 Quibus
1601 1715 1782 1761 autem
1815 1706 1982 1761 initiis
2014 1708 2083 1760 ad
2122 1704 2173 1760 id

2295 528 2561 589 audierat,
2588 528 2831 594 perterrc
2856 535 3056 594 posset.
3091 525 3391 592 Quamdatn
3450 527 3612 597 igitur
3664 528 3871 596 ingresc

2293 634 2385 673 Sus
2420 618 2667 673 cellulam
2694 660 2709 683 ,
2748 620 3103 688 quadraginta
3133 633 3197 672 se
3228 619 3418 672 diebus
3449 618 3499 671 iu
3532 634 3593 672 ea
3625 621 3871 673 exercuit

2290 723 2487 777 corpus
2543 723 2730 767 suum,
2757 709 3031 771 omnibus,
3063 723 3198 776 ques
3224 717 3526 778 acceperat,
3552 708 3722 761 modis
3756 723 3870 761 ma-

2291 811 2483 851 cerans
2507 807 2563 848 et
2609 795 2873 865 afﬂigens.
2906 797 3071 865 Igitur
3116 795 3283 850 multo
3309 797 3477 864 magis
3516 797 3568 849 in
3599 798 3871 850 sententia

2288 886 2657 951 conﬁrmatus,
2689 898 2896 955 tempus
2931 886 3261 949 observavit,
3292 903 3399 957 quo
3426 898 3602 955 posset
3624 904 3867 943 commo-

2288 978 2506 1032 dissime
2530 978 2767 1032 salutare
2816 978 3097 1031 consilium
3154 979 3420 1050 exsequi:
3466 988 3588 1035 tune
3636 981 3701 1033 de
3754 980 3868 1034 suis

2286 1066 2443 1124 bonis
2467 1069 2772 1121 necessaria
2806 1070 3048 1135 quaedam
3081 1068 3183 1121 sibi
3215 1084 3515 1133 assumens,
3548 1070 3730 1124 insciis
3750 1086 3870 1123 om-

2288 1158 2446 1211 nibus
2476 1160 2609 1217 suis.
2635 1160 2703 1210 ad
2746 1168 2983 1227 optatam
3011 1174 3251 1211 eremum
3288 1159 3425 1211 clam
3456 1159 3555 1212 iter
3580 1159 3807 1227 arripuit
3847 1177 3865 1211 :

2287 1248 2377 1300 ubi
2413 1261 2603 1316 magna
2642 1263 2765 1301 cum
2794 1247 2974 1300 latitia
3011 1258 3065 1301 et
3105 1248 3374 1301 hilaritate
3404 1258 3671 1317 receptus,
3700 1249 3864 1304 tradi-

2287 1346 2373 1392 tus
2399 1349 2480 1393 est
2536 1341 2625 1394 nni
2667 1356 2734 1394 ex
2783 1340 3087 1394 senioribus
3147 1340 3212 1393 de
3264 1355 3413 1395 more
3464 1343 3869 1396 instituendus:

2283 1445 2444 1499 quem
2474 1446 2594 1483 cum
2613 1430 2679 1482 ad
2698 1429 2944 1484 cellulam
2981 1429 3337 1498 perduxisset,
3358 1444 3573 1485 exutum
3603 1430 3866 1495 vestibus,

2280 1537 2415 1591 quas
2444 1537 2624 1575 secum
2680 1522 2959 1585 attulerat,
2989 1522 3041 1575 in
3082 1523 3259 1577 cilicio
3308 1524 3459 1578 illum
3501 1524 3569 1578 ad
3611 1524 3861 1577 abbatem

2281 1614 2514 1677 reduxit,
2549 1614 2642 1683 qui
2669 1617 2929 1669 continuo
2950 1613 3114 1681 jussit
3164 1630 3287 1669 eum
3320 1614 3529 1670 cut-ulla
3559 1615 3724 1671 indui.
3754 1615 3861 1668 La-

2280 1705 2411 1758 bare
2448 1704 2590 1758 inter
2621 1705 2732 1759 haec
2763 1705 2879 1772 ejus
2912 1707 3129 1759 animus
3153 1706 3333 1775 carpit.
3365 1721 3496 1773 pene
3539 1705 3659 1759 lacti
3692 1705 3872 1773 ι)ωηὶ-

597 1799 922 1866 perrenerit,
952 1813 1129 1865 opera:
1181 1799 1411 1868 pretium
1442 1806 1526 1850 est
1567 1812 1749 1852 nosse.
1783 1798 1930 1853 Unus
1976 1814 2041 1851 ea
2069 1797 2177 1852 fra-
2212 1784 2253 1840 Β
2286 1806 2423 1855 tens.
2449 1806 2701 1864 tanquam
2732 1796 2955 1848 nimitnn
2987 1796 3053 1848 ad
3080 1798 3178 1849 ista
3209 1795 3538 1855 festinasset,
3567 1808 3686 1846 cum
3712 1795 3871 1859 prius

594 1887 783 1949 tribus,
838 1890 1038 1955 pietate
1092 1902 1194 1957 qua
1226 1888 1409 1942 debuit
1459 1886 1682 1940 fratrem
1713 1887 2047 1956 complexus,
2074 1896 2179 1941 tra-

595 1986 748 2031 ctare
780 1978 926 2030 illum
954 1978 1261 2031 humaniter
1287 1976 1474 2046 erupit,
1500 1993 1563 2029 ac
1590 1977 1874 2047 diligenter
1898 1992 2090 2032 curare
2120 1985 2177 2030 ut

600 2068 795 2122 litteris
826 2069 1150 2131 erudiretur,
1183 2068 1232 2119 in
1258 2068 1455 2135 quibus
1484 2068 1631 2120 brevi
1688 2075 1897 2120 tantum
1926 2067 2173 2135 profecit,

606 2169 663 2212 ut
687 2160 801 2212 suis
834 2159 995 2212 etiam
1024 2158 1333 2211 doctoribus
1363 2157 1697 2211 admirabilis
1726 2157 1896 2211 fieret.
1936 2158 2178 2225 Cumque

590 2247 909 2302 liberalibus
941 2248 1147 2302 artibus
1170 2249 1411 2318 apprime
1441 2257 1585 2303 esset
1631 2249 1949 2314 instructus,
1982 2258 2039 2300 nt
2062 2247 2174 2315 jam

596 2340 814 2396 erudire
843 2342 978 2394 alios
1006 2352 1207 2409 posset,
1233 2338 1503 2394 conﬂuere
1526 2340 1592 2393 ad
1622 2353 1745 2393 eum
1780 2340 2015 2406 undique
2040 2338 2177 2391 ntul-

592 2435 760 2489 titudo
784 2432 1107 2487 discentium
1130 2431 1311 2501 coepit,
1334 2439 1389 2483 et
1412 2430 1651 2499 quotidie
1679 2430 1871 2499 magis,
1895 2436 2177 2483 crescente

592 2524 732 2578 fama
762 2533 815 2577 et
842 2521 1021 2592 populi
1055 2520 1259 2585 favore,
1288 2519 1479 2588 opibus
1526 2519 1689 2573 etiam
1720 2518 1921 2588 augeri.
1952 2518 2171 2580 Verum,

592 2630 660 2669 ne
693 2613 920 2668 terrenis
951 2611 1218 2665 illecebris
1260 2610 1607 2670 retineretur,
1648 2608 1829 2667 divina
1860 2609 2002 2663 cavit
2044 2606 2176 2664 Pro-

593 2706 854 2768 videntia,
886 2704 970 2758 cui
998 2710 1231 2757 mentem
1259 2699 1486 2753 immisit
1536 2707 1753 2753 terrena
1786 2714 2010 2767 prorsus
2040 2714 2174 2753 con-

589 2794 885 2852 temdendi.
915 2803 968 2847 et
1000 2793 1200 2846 mirum
1245 2789 1427 2859 injecit
1464 2789 1767 2846 catlestium
1820 2790 2172 2845 desiderium.

591 2884 781 2937 Studia
815 2884 979 2951 igitur
1004 2882 1235 2934 humana
1277 2878 1533 2950 paulatim
1579 2879 1855 2943 deserens,
1890 2889 1945 2934 et
1976 2880 2177 2934 divinis

589 2973 901 3043 iuvigilans,
941 2974 1039 3026 sub
1092 2970 1342 3025 mollibus
1399 2984 1463 3024 ac
1507 2968 1751 3023 delicatis
1792 2970 2032 3025 vestibus
2082 2985 2173 3040 ge-

586 3074 731 3120 stire
760 3066 999 3119 cilicium
1040 3064 1223 3133 erepit,
1251 3061 1495 3132 jejuniis,
1515 3062 1853 3118 orationibus
1889 3077 1951 3118 ac
1979 3064 2175 3135 vigiliis

2282 1889 2555 1942 debuisset
2583 1888 2817 1956 experiri
2847 1887 2975 1956 quid
3031 1887 3083 1940 in
3138 1886 3465 1940 monasterio
3515 1894 3720 1954 posset;
3768 1884 3861 1937 sed

2281 1995 2404 2033 mox
2431 1980 2775 2048 resipiscens,
2802 1988 3055 2037 accusata
3082 1978 3228 2033 velut
3270 1977 3478 2048 ignavia
3504 1977 3732 2043 quadam
3757 1990 3859 2028 sua

2280 2080 2333 2125 et
2367 2071 2539 2125 sancti
2570 2070 2840 2125 oblivione
2864 2070 3149 2139 prepositi,
3188 2084 3293 2139 quo
3325 2068 3583 2137 impulsus
3615 2075 3856 2129 venerat,

2280 2170 2340 2213 ut
2372 2161 2423 2213 in
2454 2158 2543 2213 tali
2588 2159 2929 2221 austeritate,
2963 2174 3159 2227 corpus
3185 2158 3479 2213 edomitqu
3532 2156 3740 2223 spiritui
3798 2170 3869 2209 ac

2280 2252 2427 2305 suavi
2452 2249 2583 2318 jugo
2612 2250 2813 2304 Christi
2837 2248 3161 2316 subjaceret,
3197 2259 3449 2319 tanquant
3480 2246 3630 2301 fortis
3657 2245 3856 2299 athleta

2279 2341 2609 2411 Spiritalibus
2641 2341 2808 2395 armis
2835 2344 3113 2394 accinctus
3138 2354 3327 2408 pugna:
3363 2354 3421 2391 se
3453 2336 3729 2389 ultroneus
3761 2335 3859 2388 ob.

2281 2432 2402 2487 tulit
2436 2450 2448 2485 :
2492 2432 2544 2485 in
2573 2446 2678 2501 qua
2733 2440 2969 2499 quantus
2999 2430 3286 2489 exstiterit,
3317 2443 3378 2481 ea
3415 2444 3534 2496 qua:
3561 2435 3863 2494 sequuntur

2277 2523 2583 2579 ostendent.
2617 2520 2709 2577 Sic
2730 2522 2873 2576 enim
2906 2521 3162 2573 continuo
3184 2533 3378 2587 corpus
3403 2516 3566 2585 coepit
3598 2515 3865 2584 allligere,

2276 2613 2639 2675 orationibus,
2687 2610 2929 2682 jejuuiis,
2982 2609 3177 2680 vigiliis
3224 2618 3278 2663 et
3328 2608 3552 2661 aliarum
3599 2607 3867 2659 varii-tate

2278 2703 2699 2759 macerationum
2737 2711 2988 2764 atterere,
3038 2700 3199 2754 nullis
3227 2697 3609 2753 exercitiorum
3662 2709 3853 2748 mona-

2278 2792 2430 2846 sterii
2457 2788 2730 2844 laboribus
2760 2804 3011 2858 parcere,
3040 2798 3097 2843 ut
3124 2789 3215 2841 diu
3245 2787 3295 2841 in
3321 2785 3643 2841 monasterio
3666 2783 3869 2839 versati

2277 2893 2331 2935 et
2362 2882 2586 2935 exerciti
2614 2879 2961 2944 mirarentur,
2986 2893 3048 2933 ac
3075 2893 3133 2934 se
3162 2878 3305 2948 ipsos
3334 2876 3476 2931 velut
3507 2876 3728 2946 ignavos
3756 2889 3851 2928 ae-

2279 2991 2404 3028 cusa
2414 2982 2557 3027 rent.

2349 3062 2502 3117 Libet
2560 3062 2661 3116 hoc
2692 3061 2811 3117 loco
2854 3060 2977 3115 vitzr
3030 3058 3316 3114 formulam
3366 3056 3674 3113 monasterii
3720 3055 3865 3111 illius

590 3172 775 3210 curam
807 3155 1105 3215 intendere,
1137 3163 1189 3207 et
1218 3152 1449 3208 assiduis
1478 3153 1935 3208 macerationibus
1976 3168 2174 3224 cogere
2200 3135 2243 3196 Ε
2276 3155 3254 3223 sanctissimidescribere,utquanta
3270 3167 3325 3206 se
3347 3150 3652 3207 austeritati
3671 3150 3865 3206 beatus

590 3259 806 3297 carnem
838 3243 1047 3311 spiritui
1089 3256 1298 3311 parere.
1326 3241 1567 3312 Cumque
1592 3240 1848 3311 juvenilis
1904 3242 2173 3297 interdum

2278 3250 2359 3302 vir
2389 3248 2707 3317 subjecerit,
2735 3257 2988 3302 constare
3013 3246 3203 3316 possit.
3233 3244 3361 3298 Erat
3403 3253 3528 3298 ante
3552 3243 3730 3297 omnia
3761 3242 3868 3296 hu-

587 3336 737 3389 calor
772 3337 1093 3403 insurgeret,
1122 3346 1177 3389 et
1223 3336 1439 3390 acribus
1488 3336 1664 3390 artatis
1714 3335 1894 3405 ejusce
1940 3337 2176 3391 stimulis
2267 3338 2502 3406 jusmodi
2530 3335 3092 3391 institutum:Utbini
3118 3350 3213 3405 per
3234 3334 3442 3405 singula
3463 3341 3863 3389 comtnorantes

589 3434 866 3496 ageretur,
906 3425 1230 3493 intempesta
1279 3433 1436 3479 nocte
1464 3424 1634 3479 iratus
1662 3425 1787 3487 sibi,
1815 3440 1845 3478 e
1885 3424 2027 3482 lecto
2051 3409 2175 3480 sur-

588 3514 769 3585 gebat.
805 3528 867 3566 ac
898 3515 1057 3567 domo
1099 3513 1500 3583 egrediebatur,
1539 3522 1595 3568 et
1642 3529 1699 3568 se
1746 3514 1988 3569 ﬂuviatili
2021 3532 2173 3584 aqua:

596 3601 978 3674 immergebat,
1013 3604 1183 3657 donec
1225 3603 1408 3672 algore
1441 3602 1608 3657 nimio
1637 3604 1880 3658 membra
1911 3605 2171 3674 rigerent,

594 3710 651 3751 et
689 3697 761 3750 ita
796 3710 1016 3764 prorsus
1043 3710 1165 3750 cum
1214 3695 1379 3749 noxio
1418 3693 1600 3750 calore
1628 3694 1816 3749 molles
1844 3695 1918 3749 illi
1968 3696 2174 3763 calores

596 3794 1001 3842 eraneseerent.
1038 3784 1344 3855 Egenortun
1382 3787 1615 3855 inopiam
1667 3784 2026 3858 cleemosynis
2051 3788 2179 3841 sub-

591 3877 822 3939 Ievabat,
865 3876 1111 3930 convivia
1144 3875 1364 3943 parabat
1396 3883 1449 3929 et
1475 3877 1588 3930 suis
1618 3877 1730 3944 ipse
1772 3878 2022 3931 manibus
2068 3877 2176 3932 illis

586 3975 845 4037 tmquam
873 3963 1088 4021 Christo
1114 3965 1468 4020 ministrabat.
1503 3966 1609 4021 Sed
1628 3965 1787 4021 altior
1812 3962 1884 4019 illi
1905 3965 2016 4034 jam
2041 3982 2170 4019 cura

598 4056 892 4121 insederat,
921 4064 977 4109 et
1015 4055 1288 4125 cogitatio,
1316 4056 1380 4107 ad
1413 4055 1700 4109 iucundam
1727 4055 2011 4119 rationem,
2042 4070 2173 4124 quo-

597 4148 758 4205 modo
784 4146 1005 4201 liberius
1040 4158 1093 4201 et
1146 4148 1425 4203 attentius.
1457 4147 1650 4201 amotis
1695 4146 2045 4201 sarcularibus
2074 4148 2174 4200 int.

593 4237 939 4307 pcdimentis.
973 4235 1080 4289 Deo
1107 4234 1357 4289 famulari
1410 4243 1607 4303 posset.
1648 4234 1787 4289 Deus
1815 4245 1993 4290 autem
2036 4236 2169 4304 ipse,

592 4331 684 4398 qui
736 4336 970 4383 mentem
1029 4328 1099 4379 illi
1162 4327 1325 4382 taletn
1390 4327 1710 4389 immiserat,
1770 4326 1912 4381 viam
1959 4341 2173 4397 queque

593 4422 775 4473 statim
824 4418 1164 4479 monstravit.
1197 4434 1317 4487 qua.
1340 4434 1439 4473 suo
1469 4418 1601 4473 satis
1636 4418 1903 4472 desiderio
1944 4416 2165 4472 faceret.

590 4513 648 4566 In
677 4511 811 4565 duos
840 4512 983 4565 enim
1013 4513 1304 4566 monachos
1330 4528 1393 4565 ex
1448 4512 1529 4573 iis,
1554 4512 1644 4580 qui
1698 4526 1937 4566 eremum
1977 4510 2067 4565 Fo:
2094 4512 2163 4566 tis

591 4599 839 4654 Avellani
866 4600 939 4667 (id
960 4602 1114 4660 enim
1147 4599 1263 4654 loco
1313 4616 1505 4654 nomen
1534 4602 1672 4667 erat)
1708 4601 1919 4665 incidit,
1945 4601 2160 4669 quibus,

591 4691 724 4759 quid
747 4690 929 4743 animo
959 4690 1162 4757 agitare
1208 4701 1258 4743 et
1291 4698 1508 4759 cuperet
1540 4689 1766 4759 aperuit.
1792 4688 1926 4755 Quia
1952 4704 2076 4743 vero
2097 4691 2164 4745 ad

594 4794 781 4832 eorum
827 4778 1074 4832 abbatem
1104 4777 1217 4844 jam
1252 4779 1426 4832 sancti
1486 4778 1584 4831 viri
1634 4776 1776 4829 fama
1828 4786 2165 4843 pervenerat,

595 4868 841 4920 l.etanter
865 4868 915 4920 id
944 4868 1016 4921 illi
1037 4880 1316 4937 excepere,
1343 4877 1395 4919 et
1416 4881 1513 4923 suo
1533 4880 1784 4922 sermone
1812 4854 1980 4918 multo
2002 4866 2173 4935 magis

599 4958 929 5012 desiderium
954 4958 1093 5012 illius
1121 4959 1433 5013 accendere.
1463 4958 1872 5015 Discedentibus
1902 4967 2081 5012 autem
2108 4958 2172 5011 il-

594 5049 683 5110 lis.
702 5048 1016 5119 pretiosum,
1034 5050 1173 5118 quod
1198 5066 1295 5103 suo
1311 5050 1488 5105 abbati
1501 5049 1776 5115 oll‘errcnt,
1794 5050 1997 5104 donare
2010 5065 2171 5105 cona-

596 5149 680 5191 tus
695 5146 779 5192 est
793 5154 887 5191 vas
904 5139 1173 5206 quoddam
1190 5140 1672 5209 argenteum,quod
1686 5148 1740 5193 ut
1753 5156 1831 5193 act
1852 5142 2058 5211 iperent
2073 5140 2170 5203 illi,

596 5226 761 5281 nullis
806 5230 1053 5295 precibus
1079 5229 1268 5283 adduci
1300 5238 1540 5299 potuere.
1567 5230 1875 5285 Admiratus
1909 5231 1996 5287 ille
2045 5240 2167 5285 tan-

600 5326 714 5370 tum
764 5332 949 5371 eorum
980 5333 1157 5374 rerum
1202 5330 1539 5376 terrenarum
1578 5331 1964 5391 contemptum,
1999 5323 2169 5377 multo

596 5410 769 5479 magis
832 5421 1201 5479 paupertatem
1230 5411 1427 5466 Christi
1478 5412 1728 5480 amplecti
1790 5415 2060 5477 decrevit;
2106 5429 2169 5468 ac

600 5515 819 5568 prorsus
842 5500 1125 5555 mundanis
1151 5503 1331 5568 rebus,
1350 5510 1402 5557 et
1422 5503 1670 5557 omnibus
1696 5519 1880 5557 earum
1906 5503 2171 5560 illecebris

596 5592 908 5645 renuntiare
932 5606 947 5643 :
974 5592 1065 5647 sed
1086 5593 1395 5663 priusquam
1416 5611 1473 5650 se
1493 5595 1559 5650 ad
1584 5596 1904 5649 antedictaai
1929 5610 2168 5649 cremum

598 5682 889 5752 conferret,
921 5696 976 5742 et
1004 5690 1358 5743 monasticam
1392 5690 1459 5745 ibi
1492 5692 1653 5744 vitam
1712 5692 1890 5755 iniret,
1937 5691 2170 5762 experiri

2199 4481 2246 4539 D

2274 3428 2545 3492 cubicula,
2573 3426 2661 3483 die
2703 3437 2972 3497 noctuque
3004 3428 3230 3498 spiritali
3275 3425 3591 3490 certamine,
3624 3424 3768 3478 velut
3802 3426 3858 3480 iu

2276 3520 2391 3574 acie
2419 3518 2765 3582 dimicantes,
2789 3533 3063 3587 nunquam
3087 3517 3307 3599 brachia
3341 3516 3698 3579 remitterent;
3715 3514 3861 3585 psal-

2278 3612 2471 3665 modia:
2523 3612 2860 3665 incessanter
2890 3652 2906 3672 ,
2950 3609 3185 3663 orationi
3234 3624 3298 3663 ac
3345 3607 3604 3669 lectioni,
3648 3620 3861 3661 necnon

2278 3703 2468 3758 inedia:
2509 3718 2571 3757 ac
2614 3702 2938 3757 obedientire
2986 3702 3153 3755 armis
3207 3700 3456 3764 accincti,
3497 3700 3576 3753 ira
3605 3699 3859 3753 instructi

2276 3795 2538 3848 adversus
2567 3807 2738 3847 aereas
2764 3799 3061 3861 potestates
3094 3777 3449 3845 dimicabant.
3493 3788 3686 3844 Inedia
3713 3803 3865 3854 vero,

2274 3899 2435 3953 quam
2460 3882 2843 3937 abstinentiam
2873 3891 3087 3945 vocant,
3113 3882 3306 3936 modus
3328 3880 3415 3935 hic
3435 3889 3552 3934 erat
3581 3893 3597 3932 :
3621 3877 3871 3945 Quatuor

2276 3976 2327 4028 in
2357 3972 2595 4041 qualibet
2618 3971 2951 4025 hebdomada
2984 3972 3175 4025 diebus
3220 3984 3359 4040 pane
3389 3969 3749 4023 vescebantur
3801 3976 3865 4023 et

2273 4080 2443 4133 aqua;
2479 4063 2638 4119 tertia
2693 4061 2832 4117 feria
2886 4070 2942 4116 et
2997 4062 3185 4133 quinta
3218 4059 3516 4132 pauxillum
3570 4059 3864 4131 leguminis

2274 4154 2548 4207 addebant
2579 4171 2592 4206 :
2624 4152 2785 4222 idque
2817 4151 2869 4206 in
2920 4167 3015 4207 sua
3042 4151 3268 4221 quilibet
3297 4150 3489 4206 cellula
3528 4150 3862 4219 coquebant.

2274 4244 2476 4305 Diebus
2496 4253 2704 4309 autem,
2733 4244 2932 4312 quibus
2959 4243 3238 4299 decretum
3268 4252 3388 4299 erat
3406 4241 3695 4310 jejunium,
3726 4240 3862 4296 nulli

2274 4331 2340 4386 ad
2387 4332 2601 4387 libitum
2644 4331 2837 4388 licebat
2866 4347 3059 4402 panem
3102 4347 3345 4397 sumere,
3388 4333 3483 4387 sed
3529 4328 3867 4386 solummodo

2273 4432 2536 4492 quantum
2571 4423 2787 4477 decreta
2832 4422 3051 4476 Patrum
3078 4423 3368 4489 jubebant;
3410 4420 3540 4476 nulli
3573 4421 3695 4474 vino
3732 4434 3862 4488 per-

2274 4511 2609 4575 mittebatur,
2644 4520 3003 4580 prreterquam
3060 4511 3111 4566 in
3172 4511 3445 4566 sacriﬁcio
3483 4518 3575 4563 aut
3612 4507 3663 4561 in
3696 4506 3854 4577 aegri-

2272 4603 2454 4657 tudine
2489 4605 2600 4666 uti;
2638 4603 2796 4656 nttdis
2825 4603 3071 4672 pedibus,
3110 4614 3220 4657 tam
3251 4603 3426 4657 hieme
3455 4618 3617 4673 quam
3647 4608 3858 4653 testate.

2272 4695 2624 4755 incedebant;
2648 4694 2943 4765 caligarum
2967 4696 3146 4751 nullus
3165 4704 3283 4750 erat
3308 4712 3455 4750 usus.
3480 4693 3703 4749 Cmteris
3726 4707 3860 4747 vero

2273 4786 2649 4855 spirituatibus
2697 4788 2995 4852 exercitiis,
3028 4788 3361 4852 verberibus,
3393 4786 3860 4858 genullexionibus

2278 4886 2333 4931 et
2355 4878 2576 4946 prolixis
2602 4878 2851 4933 ulnarum
2883 4881 2934 4933 in
2963 4881 3143 4934 crucis
3174 4881 3389 4935 modum
3420 4878 3852 4940 extensionibus,

2278 4975 2437 5034 prout
2463 4967 2658 5036 cuique
2680 4966 2862 5022 lervor
2911 4978 3025 5022 erat
3072 4970 3369 5038 virtusque,
3397 4967 3681 5023 vacabant.
3712 4964 3862 5037 Vigi~

2277 5056 2468 5111 liarunt
2500 5072 2629 5112 vero
2658 5072 2863 5112 morem
2898 5059 3044 5113 hunc
3073 5058 3364 5112 servabant
3399 5077 3411 5113 :
3444 5058 3514 5113 Ut
3537 5058 3690 5127 signo
3721 5068 3858 5110 tem-

2279 5150 2537 5218 pestivius
2569 5150 2717 5215 dato,
2749 5160 2870 5219 post
2913 5151 3156 5219 quaedam
3187 5152 3314 5214 alia,
3348 5161 3541 5213 totum,
3571 5160 3859 5215 antequam

2278 5240 2631 5301 illucesceret,
2660 5241 2973 5311 psalterium
3007 5251 3405 5311 pcreurrcrent.
3437 5241 3505 5295 At
3531 5246 3751 5295 santtus
3776 5238 3862 5291 vir

2275 5328 2502 5396 Petrus,
2550 5350 2655 5387 non
2717 5342 3033 5402 exspectato
3080 5332 3351 5387 communi
3398 5331 3590 5402 signo,
3636 5337 3860 5383 cteterus

2275 5421 2443 5477 multo
2472 5434 2596 5477 ante
2624 5424 2980 5492 pneveniens,
3002 5424 3263 5493 quidquid
3296 5422 3467 5477 noctis
3495 5428 3614 5491 post
3639 5419 3862 5473 ordina—

2273 5512 2351 5566 ria
2381 5523 2664 5582 supererat
2698 5515 3017 5567 escubando
3049 5514 3400 5583 transigebat,
3439 5521 3495 5565 et
3543 5510 3647 5564 alia
3691 5506 3856 5561 tnulta

2273 5603 2507 5670 injnssus
2536 5603 2738 5659 obibat.
2766 5605 2900 5657 Cum
2927 5613 3107 5657 autem
3143 5612 3339 5674 praeter
3362 5602 3578 5657 modum
3605 5598 3858 5667 frequen-

2276 5700 2413 5747 taret
2452 5693 2733 5758 excubias,
2765 5694 3126 5763 perniciosum
3183 5693 3375 5764 capitis
3411 5689 3683 5748 contraxit
3712 5702 3830 5746 mor
