4084 6350
284 334 381 386 HD

1073 322 1612 384 PROLEGOMENA.
1662 352 1722 359 —-
1762 320 1818 373 S.
1868 316 2071 373 PETRI
2116 316 2398 372 DAMIANI
2441 312 2601 371 \‘lTA
2641 313 2702 368 ll.

3485 309 3590 364 150

280 445 425 506 bimi,
460 445 603 497 adeo
634 442 884 511 quidem,
916 451 975 494 ιιι
1007 441 1092 494 vix
1140 420 1361 493 brevem
1412 452 1608 506 capere
1639 450 1887 490 somnum
1916 436 1960 495 Α
1996 433 2076 485 vir
2104 432 2360 501 gustavit,
2389 445 2686 485 conversus
2716 430 2781 482 ad
2816 426 3140 498 discipulum
3174 444 3185 478 :
3224 424 3364 489 Non,
3388 426 3589 496 inquit,

279 541 457 603 luisset
488 549 504 585 :
534 548 717 603 quare
775 538 896 600 post
942 530 1181 583 adhibita
1236 528 1617 589 medicamina,
1671 523 1894 579 sanitati

280 623 588 682 restitutus,
624 621 815 674 mitior
847 619 900 673 in
934 635 994 675 se
1022 635 1085 673 ac
1124 618 1516 687 temperantior
1544 630 1666 670 esse
1703 614 1891 682 coepit.

283 712 426 763 llaro
464 710 641 779 igitur
670 720 798 777 post
842 708 1228 777 psalmodiam,
1283 707 1528 760 cellulam
1582 705 1890 772 eg:edieus,

279 801 499 856 l.c:ion.‘
536 799 858 853 vehementi
899 798 1081 852 studio
1130 796 1404 850 vacabat:
1444 796 1496 847 in
1545 809 1649 863 qua
1685 802 1893 846 tantum

278 892 425 943 brevi
456 888 720 959 profecit,
755 900 813 941 ut
840 889 897 943 in
928 889 1109 941 divina
1163 886 1444 958 Scriptura
1494 894 1705 938 tantum
1727 882 1899 935 clare-

278 988 477 1041 sceret,
510 986 789 1047 quantum
826 978 879 1029 in
914 974 1162 1028 humanis
1194 974 1391 1027 litteris
1426 985 1553 1027 ante
1599 971 1894 1025 claruerat.

280 1075 397 1138 Quo
432 1070 649 1123 factum
686 1077 797 1132 est,
825 1077 883 1121 ut
932 1067 1175 1136 magistri
1210 1066 1289 1119 sui
1314 1065 1492 1134 jussu,
1535 1065 1677 1133 apud
1708 1078 1896 1115 mona-

279 1162 428 1220 chos,
459 1160 557 1229 qui
600 1174 718 1212 una
750 1158 1254 1217 eomnnxa'iautur,
1283 1154 1669 1208 declamatorio
1715 1165 1891 1211 more,

281 1249 477 1302 crebro
507 1249 680 1301 verba
733 1247 955 1300 faceret.
988 1244 1145 1311 cujus
1193 1244 1272 1297 rei
1300 1252 1580 1298 crescente
1608 1243 1767 1303 fama,
1804 1256 1897 1293 ve-

281 1339 537 1394 nerabilis
568 1338 751 1393 abbas
781 1337 1180 1406 l’omposianus
1220 1337 1289 1389 ad
1319 1334 1435 1403 ejus
1462 1337 1716 1390 abbatem
1762 1348 1897 1385 nun-

282 1431 382 1481 tios
418 1428 596 1493 misit,
634 1428 734 1496 qui
775 1442 902 1482 eum
960 1433 1234 1493 rogarent,
1266 1434 1323 1477 ut
1360 1425 1564 1479 sineret
1591 1438 1715 1476 eum
1747 1421 1812 1475 ad
1839 1436 1897 1474 se

280 1517 491 1582 venire,
523 1526 582 1572 et
635 1517 852 1586 aliquot
899 1530 1085 1570 secum
1112 1515 1228 1569 dies
1262 1514 1609 1568 commorari.
1646 1512 1898 1564 l’ermistt

280 1612 367 1665 ille
396 1611 747 1674 humaniter,
770 1616 828 1660 ut
851 1607 1095 1661 cbaritas
1119 1605 1393 1675 poscebat,
1414 1602 1566 1671 cujus
1588 1601 1895 1671 prtcseutia,

284 1712 338 1755 et
376 1699 656 1763 moribus,
684 1713 751 1752 ac
776 1698 903 1751 vitae
941 1697 1253 1758 sanctitate,
1295 1694 1490 1748 deinde
1526 1692 1690 1745 divini
1724 1690 1895 1750 verbi,

279 1792 418 1860 quod
465 1806 535 1843 ex
597 1787 752 1842 illius
793 1801 893 1840 ore
936 1784 1112 1841 mellis
1154 1787 1328 1839 instar
1368 1783 1648 1845 manabat,
1697 1778 1891 1849 pabulo
1927 1772 1967 1828 Β

281 1884 414 1934 adeo
442 1880 671 1948 quidem
698 1878 907 1941 allecti,
930 1886 1094 1944 atque
1120 1872 1346 1927 demulsi
1372 1881 1496 1927 sunt
1519 1870 1766 1925 monachi
1792 1868 1890 1929 illi,

282 1986 514 2039 quorum
548 1971 755 2039 ingens
808 1968 881 2021 ibi
932 1974 1055 2020 erat
1104 1979 1387 2024 numerus,
1422 1970 1605 2032 ntrote
1652 1968 1891 2021 centum,

280 2077 336 2113 ιιι
360 2074 501 2128 :rgre
531 2067 663 2128 post
692 2055 977 2111 biennium
1007 2056 1074 2108 ad
1105 2069 1261 2108 suum
1295 2054 1472 2107 redire
1502 2050 1894 2105 tuonasterium

282 2155 432 2207 illum
484 2152 635 2222 passi
686 2149 943 2213 fuerint;
1005 2149 1099 2202 sed
1162 2146 1315 2215 jussu
1376 2144 1620 2215 magistri
1674 2144 1755 2197 sui
1811 2156 1895 2194 re-

284 2251 530 2302 vocatus,
565 2255 697 2294 cum
755 2238 1082 2293 obedientia:
1126 2235 1455 2291 inviolabilis
1506 2234 1581 2289 illi
1636 2248 1786 2297 cura,
1844 2239 1899 2284 et

279 2336 454 2391 cultas
482 2344 659 2400 esset,
684 2333 863 2388 teneri
905 2332 1048 2385 ultra
1073 2345 1179 2384 non
1217 2331 1411 2401 potuit.
1446 2328 1553 2383 Sed
1584 2326 1745 2397 paulo
1774 2333 1897 2395 post

281 2429 369 2479 ad-
403 2426 462 2478 S.
514 2424 796 2479 \‘incentii
834 2421 1222 2477 monasterium
1276 2422 1355 2475 ire
1388 2420 1573 2489 jussus
1613 2425 1715 2482 est,
1753 2416 1895 2485 quod

280 2515 499 2582 quidem
531 2512 764 2567 celebre
816 2510 1208 2565 monasterium
1258 2500 1460 2577 quahto
1504 2506 1895 2561 monachorum

281 2607 431 2675 copia
476 2603 835 2672 frequentius
865 2610 987 2655 erat
1032 2611 1084 2655 et
1121 2600 1315 2669 Opibus
1347 2599 1575 2664 illustre,
1606 2606 1752 2651 tanto
1783 2612 1899 2650 mo-

283 2698 504 2750 nastica:
532 2692 886 2748 austeritatis
915 2706 981 2745 ac
1006 2690 1303 2761 disciplima
1332 2698 1451 2744 erat
1482 2688 1854 2744 admirabilius
1881 2705 1892 2738 :

286 2788 372 2841 ubi
418 2800 646 2855 quoque
700 2798 814 2838 non
860 2781 1044 2852 segnis
1075 2782 1127 2835 in
1158 2780 1313 2834 vinea
1354 2779 1565 2833 Domini
1598 2780 1773 2833 cultor
1801 2777 1897 2830 ali-

282 2878 519 2947 quattdiu
556 2882 947 2931 commoratus
982 2882 1084 2927 est.
1120 2871 1249 2941 Ejus
1278 2881 1461 2925 autem
1492 2871 1774 2941 magister,
1804 2872 1894 2939 qui

287 2979 437 3022 tanto
486 2965 754 3035 discipuli
794 2964 877 3018 sui
919 2962 1187 3034 profectu,
1241 2979 1451 3018 necnon
1499 2962 1806 3032 prudentia,
1843 2972 1896 3017 et

284 3058 597 3111 admirabili
624 3057 762 3109 vita:
792 3054 938 3109 illius
987 3054 1298 3123 integritate
1346 3054 1647 3118 tutabatur,
1678 3056 1895 3107 manda-

284 3150 355 3200 vit
381 3149 481 3210 illi,
515 3158 578 3201 nt
622 3144 805 3201 eremi
850 3144 1288 3214 procurationem
1322 3152 1441 3213 post
1484 3158 1542 3198 se
1573 3144 1891 3213 susciperet.

284 3237 577 3292 llecusavit
628 3236 728 3290 ille
782 3243 1045 3302 quantum
1092 3234 1288 3303 potuit,
1326 3250 1388 3288 ac
1440 3235 1736 3289 reluctatus
1763 3243 1892 3289 est:

284 3330 371 3382 sed
396 3337 631 3398 urgente
662 3325 1003 3390 obedientia,
1032 3325 1234 3378 diutius
1264 3327 1529 3381 obsistere
1566 3340 1670 3379 non
1702 3325 1892 3379 valuit.

284 3418 518 3484 Accepta
568 3417 747 3484 igitur
792 3413 891 3467 loci
938 3412 1428 3473 administratione.
1457 3416 1621 3482 coepit
1667 3415 1898 3467 circnm-

283 3510 491 3577 spicere
522 3524 589 3561 ae
642 3506 942 3575 diligenter
971 3504 1304 3574 perquirere,
1339 3505 1427 3557 ubi
1469 3506 1573 3559 alia
1605 3506 1896 3560 monacho-

284 3613 400 3653 l'utn
426 3598 661 3667 collegia
686 3604 1069 3666 congregaret,
1096 3604 1153 3647 ιιι
1186 3595 1559 3649 ministrorum
1590 3595 1679 3649 Dei
1708 3611 1896 3649 nume-

289 3704 402 3743 rum
432 3698 691 3758 augeret.
722 3686 844 3753 Quo
874 3688 1093 3755 quidem
1120 3687 1322 3750 studio,
1360 3703 1423 3741 ac
1452 3688 1696 3757 diligenti
1729 3689 1892 3741 vesti-

286 3780 499 3848 gatioue
529 3780 705 3833 multa
736 3777 972 3831 diversis
1006 3777 1058 3831 in
1091 3777 1222 3831 locis
1246 3779 1531 3832 eremitiea
1562 3780 1895 3833 monasteria

288 3871 582 3935 exstruxit,
615 3871 673 3924 in
706 3868 970 3930 Camerti,
1002 3869 1053 3921 in
1088 3869 1374 3932 Perusino,
1404 3869 1492 3923 ubi
1536 3870 1784 3924 cellulam
1814 3871 1894 3924 in-

286 3963 450 4021 venit.
479 3977 652 4031 quam
710 3959 1050 4012 inhabitasse
1104 3958 1166 4011 ll.
1216 3958 1576 4013 Bomnaldum
1630 3959 1894 4014 ferebant.

288 4050 415 4103 Item
446 4052 500 4105 in
528 4046 876 4105 Aritninensi
912 4063 1062 4116 agro.
1092 4062 1299 4101 necnon
1328 4049 1378 4101 in
1409 4048 1731 4112 Faventino,
1764 4051 1895 4103 duo—

288 4145 384 4197 bus
413 4142 613 4196 vicinis
652 4141 802 4193 inter
828 4154 887 4192 se
934 4137 1098 4200 loeis;
1148 4139 1315 4206 priori
1345 4154 1538 4194 nomen
1573 4140 1673 4193 fuit
1698 4139 1898 4193 Gaum-

289 4234 456 4294 tiinai,
487 4229 790 4300 posteriori
843 4244 974 4283 vero
1023 4229 1273 4283 Acerete.
1306 4229 1565 4295 Quamvis
1593 4240 1771 4284 autem
1816 4232 1899 4285 bis

292 4323 658 4389 procurandis
684 4330 858 4389 atque
889 4319 1143 4389 gerendis
1196 4321 1433 4374 maxime
1464 4321 1702 4375 intentus
1732 4332 1896 4384 esset,

290 4430 439 4467 suum
467 4423 679 4475 tamen,
708 4413 763 4466 in
791 4411 938 4479 quod
966 4411 1201 4479 primum
1230 4426 1350 4465 sese
1379 4412 1685 4477 addiderat,
1717 4430 1896 4469 mona-

290 4505 511 4559 sterium
544 4504 751 4559 crebro
782 4502 1017 4566 viscbat,
1049 4513 1104 4557 et
1160 4501 1488 4573 praecipuam
1522 4504 1662 4559 illius
1707 4522 1897 4559 curam

290 4595 528 4662 gerebat.
558 4593 811 4648 Caeteros
862 4606 1079 4661 quoque
1136 4590 1323 4647 adibat
1375 4595 1692 4658 monachos,
1716 4604 1771 4649 et
1802 4612 1895 4649 sua

292 4685 409 4739 illos
464 4685 764 4755 praesentia
819 4682 1117 4751 plurimum
1165 4682 1568 4748 consulabatur,
1600 4694 1654 4737 et
1682 4686 1749 4739 ad
1788 4700 1899 4739 ser-

290 4776 541 4831 viendum
560 4778 679 4831 Deo
692 4773 942 4844 quotidie
966 4773 1137 4843 magis
1156 4775 1481 4828 accendebat
1503 4792 1516 4839 ;
1542 4777 1656 4829 etsi
1681 4776 1896 4844 quando

292 4868 367 4923 ire
404 4884 511 4924 non
553 4865 1084 4937 poterat,epistolas
1109 4874 1201 4919 aut
1234 4868 1452 4920 nuntios
1489 4868 1755 4922 mittebat.
1791 4868 1894 4922 Sed

289 4972 391 5014 non
417 4974 645 5015 suorum
676 4956 1081 5020 tantummodo,
1111 4955 1204 5009 sed
1259 4965 1313 5009 et
1349 4956 1650 5010 alienorum
1680 4974 1895 5027 quoque

293 5052 782 5110 inmiasteriorum,
817 5057 1075 5117 tanquam
1108 5047 1413 5102 communis
1447 5048 1690 5101 omnium
1720 5058 1891 5119 pater,

292 5157 471 5196 curam
503 5141 762 5211 gerebat,
781 5138 1006 5193 studens
1032 5137 1253 5192 assidue
1273 5138 1686 5208 quibuseunque
1714 5147 1897 5208 posset

296 5232 486 5296 modis,
519 5232 616 5287 Dei
646 5232 919 5287 honorem
956 5243 1175 5299 augere.

362 5324 472 5379 Non
521 5325 700 5379 debeo
763 5319 983 5375 silentio
1031 5319 1309 5390 praeterire
1368 5320 1567 5374 mirum
1634 5319 1894 5374 testamlm

297 5417 597 5472 sanctitatis
635 5415 788 5469 illius
816 5412 1149 5481 evetttplnm,
1198 5411 1339 5481 quol
1382 5413 1434 5466 in
1492 5413 1745 5467 coenobio
1796 5412 1895 5467 Fa-

297 5506 529 5565 ventino.
562 5506 615 5558 in
644 5501 878 5557 lococui
910 5501 1158 5564 Acerete,
1185 5512 1240 5553 ιιι
1265 5499 1522 5565 diximus,
1549 5500 1651 5554 fuit
1675 5516 1889 5564 nomen,

301 5598 536 5668 mutigit.
569 5596 797 5651 Miserat
827 5606 892 5647 ex
917 5591 1194 5661 discipulis
1220 5607 1411 5655 unum.
1442 5594 1531 5663 qui
1560 5610 1755 5664 aquam
1790 5594 1889 5648 sibi

304 5700 362 5739 οι
388 5688 564 5745 vicino
596 5689 749 5743 lente
800 5683 1073 5749 hauriret;
1127 5684 1303 5739 attulit
1338 5684 1470 5741 ille:
1524 5686 1613 5740 ubi
1665 5696 1891 5739 sanctus

1994 522 2156 591 jussi,
2187 531 2245 575 ut
2276 522 2420 575 mihi
2448 523 2633 574 vinum
2663 518 2905 573 aﬂ'erres.
2959 520 3029 572 At
3064 517 3153 571 ille
3184 535 3196 569 :
3239 517 3447 585 Aquam
3489 533 3588 585 ego

1998 628 2066 666 cx
2126 612 2274 665 fonte
2324 610 2482 665 hausi
2524 621 2580 665 et
2609 608 2781 663 attuli.
2837 608 3079 677 Negabat
3105 609 3190 660 vir
3235 615 3488 669 sanctus;
3545 616 3598 659 at

1997 708 2296 777 discipulus
2348 717 2664 763 constanter
2708 705 3037 760 afﬁrmabat.
3099 704 3165 759 Ut
3221 719 3351 772 ergo
3398 719 3586 755 verum

1998 799 2324 867 exploraret,
2364 799 2528 852 alium
2563 799 2629 850 ad
2654 796 2853 850 fontem
2879 796 3045 860 misit,
3073 804 3128 849 et
3151 796 3495 855 observavit,
3532 810 3598 845 uo

1999 903 2056 941 se
2107 887 2211 942 alio
2265 888 2538 953 ﬂecteret;
2598 888 2813 951 attulit,
2845 889 3083 958 gustavit
3137 887 3251 956 ipse
3289 905 3299 938 ;
3336 894 3390 939 et
3444 884 3598 953 quasi

2000 993 2109 1032 non
2142 978 2371 1039 credens
2395 978 2519 1043 sibi,
2549 978 2616 1033 iis
2650 979 2740 1046 qui
2792 978 3037 1037 aderant,
3066 976 3389 1045 gustandam
3417 975 3596 1037 dedit;

1998 1083 2187 1123 omnes
2243 1067 2579 1122 aﬂ'irmarunt
2633 1070 2812 1121 vinum
2868 1083 2990 1122 esse
3034 1068 3333 1134 optimum,
3367 1076 3418 1119 et
3475 1082 3598 1117 eum

2001 1159 2203 1229 ingenti
2231 1159 2415 1213 ltetitia
2444 1168 2719 1227 stupuere.
2752 1160 2819 1211 At
2844 1160 2955 1226 ipse
2984 1159 3034 1210 in
3069 1173 3163 1212 sua
3194 1166 3457 1226 prcestans
3492 1158 3590 1210 hu-

2000 1248 2249 1313 utilitate,
2276 1248 2515 1301 divinant
2561 1263 2687 1317 erga
2738 1263 2795 1300 se
2837 1247 3216 1301 liberalitatem
3270 1247 3597 1317 intelligens.

2000 1339 2274 1393 silentium
2312 1339 2587 1401 omnibus,
2619 1339 2710 1408 qui
2764 1355 2875 1393 rem
2926 1350 3211 1404 noverant,
3253 1340 3466 1403 indixit,
3520 1357 3587 1395 ne

2001 1428 2145 1497 quis,
2181 1443 2238 1481 se
2264 1429 2404 1490 vivo,
2440 1428 2694 1495 cuiquam
2729 1428 2779 1481 id
2813 1430 3092 1495 panderet.

2078 1518 2183 1573 Sed
2218 1534 2394 1587 neque
2420 1520 2616 1572 minori
2651 1519 3009 1572 admiratione
3052 1518 3276 1588 dignum
3317 1528 3422 1584 est,
3455 1519 3599 1587 qttod

2001 1611 2266 1679 sequitur.
2322 1609 2563 1663 Habebat
2596 1610 2653 1661 Β.
2703 1609 2894 1663 Petrus
2946 1609 3264 1677 amphoram
3316 1611 3420 1662 vini
3454 1609 3595 1677 apud

2006 1700 2376 1770 presbyterum
2434 1699 2672 1752 vicinum
2728 1714 2741 1750 :
2797 1699 2947 1750 venit
3007 1698 3163 1753 turba
3219 1699 3488 1762 militum,
3543 1707 3600 1751 et

1998 1788 2315 1858 presbytero
2340 1792 2527 1856 petere
2551 1789 2733 1840 vinum
2768 1786 3033 1840 instanter
3061 1787 3245 1856 (ζωιιὶιῖ
3304 1788 3603 1856 Ilespoudit

1996 1881 2087 1935 ille
2133 1896 2192 1934 se
2220 1881 2355 1934 nihil
2388 1880 2518 1944 vini,
2570 1880 2673 1933 nisi
2726 1879 2869 1947 quod
2904 1879 3063 1931 modo
3092 1880 3327 1931 diximus
3377 1880 3599 1939 habete,

1999 1986 2174 2039 neque
2200 1986 2257 2024 se.
2282 1974 2483 2024 audere
2505 1969 2801 2037 quidquam
2840 1985 2904 2021 ex
2934 1984 2998 2021 eo
3030 1968 3280 2031 haurire;
3308 1979 3381 2021 'at
3432 1969 3604 2021 multo

2002 2065 2173 2133 magis
2205 2064 2275 2115 illi
2302 2060 2599 2129 elllagitare
2625 2076 2747 2114 eum
2792 2059 2923 2113 nihil
2976 2059 3325 2127 proﬁcerent,
3372 2060 3437 2112 ad
3469 2059 3601 2113 hau-

2002 2154 2245 2206 riendum
2276 2153 2375 2220 ipsi
2428 2150 2734 2205 festinant:
2792 2160 2848 2203 at
2898 2150 3023 2203 dum
3077 2150 3128 2202 id
3182 2160 3414 2211 tentant,
3468 2150 3602 2202 nihil

1999 2243 2216 2296 attinere
2264 2242 2477 2305 vident,
2510 2241 2780 2294 mirantur
2824 2257 2834 2292 :
2893 2248 2947 2293 et
2985 2241 3049 2292 de
3088 2239 3271 2293 multis
3325 2242 3600 2309 amphora.-

1999 2332 2157 2393 locis,
2192 2348 2259 2386 an
2288 2330 2468 2385 elIluat
2512 2330 2891 2399 experiuntur.
2918 2327 3021 2382 Sed
3060 2330 3283 2393 frustra,
3317 2330 3440 2399 quia
3467 2332 3602 2385 nihil

1998 2421 2183 2484 ellluit,
2216 2430 2468 2491 exempto
2526 2421 2742 2475 deruunt
2784 2419 2928 2473 vasis
2980 2420 3254 2487 operculo,
3314 2419 3602 2490 explorant

2000 2526 2066 2566 att
2098 2512 2225 2566 insit
2257 2513 2466 2575 vinum,
2517 2512 2824 2576 inveniunt,
2857 2511 2950 2565 sed
2989 2512 3133 2577 quod
3172 2528 3275 2565 non
3314 2510 3444 2566 ﬂuat
3493 2522 3609 2565 stit-

1999 2612 2167 2670 pent:
2205 2616 2373 2669 quare
2421 2609 2570 2654 tanta
2613 2602 2811 2669 sa-pius
2864 2600 3132 2653 incaSsnm
3185 2614 3370 2669 Opera,
3404 2602 3606 2655 disces-

1997 2706 2137 2745 sere.
2178 2692 2331 2746 \‘euit
2383 2692 2722 2761 postmodum
2767 2692 3088 2760 peregrinus
3142 2692 3385 2760 quidam,
3433 2702 3485 2746 et
3538 2697 3605 2745 ab

1997 2784 2187 2837 eodem
2218 2783 2535 2852 presbytero
2561 2780 2779 2850 petebat
2808 2791 2991 2850 potum
3022 2798 3034 2845 ;
3070 2783 3355 2836 recusabat
3385 2783 3493 2844 ille,
3524 2800 3603 2835 re-

1998 2884 2187 2942 petens
2217 2888 2335 2941 qua:
2390 2873 2656 2928 militibus
2706 2874 2937 2935 dixerat,
2983 2884 3037 2927 et
3084 2876 3212 2944 quid
3266 2876 3371 2928 illis
3402 2876 3603 2944 emugi-

2001 2964 2242 3019 tantibus
2266 2964 2559 3018 acciderat.
2587 2962 2693 3019 Sed
2732 2978 2837 3017 non
2876 2964 3079 3018 idcirco
3127 2982 3318 3033 rogare
3366 2966 3587 3020 desiste-

1999 3054 2108 3117 bat,
2130 3069 2363 3120 arguens
2380 3053 2608 3108 militum
2634 3053 3117 3123 importunitatem.
3138 3070 3201 3108 ac
3224 3056 3574 3125 petulantiam
3590 3100 3602 3117 .

1999 3158 2057 3198 se
2100 3145 2376 3198 humiliter
2407 3146 2459 3197 in
2496 3146 2618 3207 .siti,
2650 3162 2752 3215 qua
2804 3152 3001 3215 printer
3033 3146 3249 3199 modum
3300 3156 3601 3216 urgeretur,

2002 3250 2244 3303 poscere.
2273 3236 2346 3287 Ne
2380 3237 2593 3303 longum
2642 3235 2863 3298 faciam;
2896 3235 3068 3287 victus
3127 3236 3411 3305 presbyter
3460 3236 3604 3290 illius

2001 3330 2251 3392 precibus
2282 3338 2591 3392 quanquam
2631 3325 2817 3377 timide
2841 3325 3155 3389 admodum,
3188 3334 3399 3380 tentare
3438 3342 3604 3381 ausus

2000 3422 2081 3464 est
2122 3428 2189 3465 an
2219 3414 2439 3467 haurire
2468 3422 2681 3482 posset;
2731 3414 2823 3467 sed
2863 3429 3081 3467 manum
3137 3415 3396 3469 tentantis
3436 3418 3609 3469 conti-

2004 3518 2111 3556 nuo
2153 3512 2404 3558 secutum
2433 3513 2516 3555 est
2545 3503 2751 3555 vinum.
2814 3503 2953 3557 Bibit
3001 3504 3340 3573 peregrinus,
3389 3512 3443 3557 ct
3496 3501 3610 3558 Deo

2002 3610 2067 3647 ae
2094 3595 2438 3663 presbytero.
2466 3593 2851 3649 admirationis
2883 3594 3093 3661 plenus,
3126 3596 3333 3665 gratias
3363 3596 3493 3665 θεῖε.

2075 3684 2171 3737 Die
2197 3683 2302 3737 alio
2348 3693 2695 3745 c'Jcnaturns,
2730 3683 2949 3735 unicum
3008 3683 3242 3737 habebat
3301 3698 3519 3753 panem,
3554 3694 3610 3737 et

2000 3774 2283 3828 convivam
2340 3789 2504 3827 unum
2540 3791 2554 3825 :
2590 3790 2687 3825 nee
2725 3775 2901 3837 aliud,
2941 3774 3041 3827 nisi
3074 3775 3246 3837 olera,
3295 3778 3603 3829 OilSOIllllllt‘

2001 3864 2167 3933 Igitur
2214 3864 2455 3917 oleribus
2510 3866 2620 3931 ipse
2671 3864 2816 3916 vesci
2865 3865 3063 3926 voluit;
3116 3882 3315 3935 patient
3366 3868 3608 3921 rutniva:

2001 3956 2214 4020 obtulit,
2249 3957 2495 4010 hortatus
2552 3965 2609 4008 ut
2654 3971 2943 4024 pauperem
2999 3974 3212 4010 uenam
3251 3974 3407 4027 asque
3437 3958 3606 4013 ferret

2002 4048 2204 4111 animo,
2240 4049 2536 4102 crastinam
2587 4048 2869 4103 habiturus
2916 4049 3219 4119 opiparam.
3279 4049 3387 4105 Nec
3437 4050 3606 4105 falsus

2003 4137 2104 4191 fuit
2134 4148 2302 4191 vates.
2336 4136 2469 4191 Nam
2523 4137 2609 4190 dic
2649 4138 2738 4206 qui
2796 4147 3013 4193 secutus
3043 4150 3145 4204 est,
3176 4150 3325 4195 tanta
3356 4143 3605 4197 ciborum

2002 4231 2164 4285 allata
2213 4240 2297 4287 est
2348 4231 2524 4300 copia,
2583 4240 2641 4285 ut
2694 4231 2746 4284 ιιι
2802 4230 2920 4287 dies
2970 4232 3219 4289 sullicere
3266 4234 3467 4289 multos
3506 4250 3601 4304 pe‘

2006 4322 2225 4376 tuerint.

2079 4414 2173 4467 \‘ir
2202 4415 2422 4483 quidam
2448 4415 2643 4470 nobilis
2672 4430 2734 4469 ac
2761 4416 2911 4470 dives
2943 4416 3095 4472 festis
3116 4416 3450 4471 solemnibus
3491 4419 3600 4469 vim

2006 4519 2259 4573 magnam
2317 4506 2547 4573 piscium
2605 4507 2823 4561 mittere
2874 4508 3102 4563 solebat.
3155 4510 3358 4563 Aderat
3409 4509 3605 4563 natalis

2004 4594 2203 4649 Christi
2262 4595 2654 4651 celeberrimus
2700 4598 2837 4659 dies,
2874 4613 2974 4653 nec
3008 4598 3253 4654 invenire
3305 4603 3600 4670 quidquam

2003 4684 2229 4750 pisciqu
2263 4694 2545 4749 noluerat;
2581 4686 2884 4756 angebatur
2914 4689 3115 4748 animo,
3177 4706 3276 4744 nee
3312 4690 3602 4761 quiescere

2003 4783 2247 4841 poterat;
2280 4785 2436 4829 nocte
2468 4790 2695 4845 magnus
2725 4776 2799 4829 illi
2838 4778 3003 4846 piscis
3043 4778 3240 4831 allatus
3292 4789 3416 4833 est:
3462 4778 3606 4838 illius

2000 4866 2143 4920 enim
2165 4867 2435 4921 desiderio
2466 4869 2604 4922 Deus
2631 4867 2803 4921 alluit.
2860 4868 3058 4923 Statim
3098 4870 3264 4940 igitur
3313 4890 3529 4927 seri-um
3570 4888 3600 4923 ιι

2000 4959 2113 5011 suis
2142 4975 2304 5013 unum
2336 4960 2399 5012 ad
2431 4969 2678 5013 sanctum
2714 4960 2886 5012 virum
2939 4976 3064 5015 eum
3116 4961 3444 5030 piscejussit
3501 4966 3601 5020 ire.

2002 5050 2331 5104 Nocturnum
2355 5060 2474 5105 erat
2506 5063 2735 5120 tempus,
2762 5060 2817 5103 et
2843 5052 3161 5107 hebetatam
3195 5056 3431 5111 nubibus
3470 5058 3600 5111 stel-

2002 5142 2174 5191 larum
2200 5143 2374 5193 lumen
2425 5140 2567 5193 viam
2607 5139 2775 5193 multo
2802 5140 3161 5197 ditlieiliorem
3191 5144 3489 5212 etlieiebat;
3525 5158 3600 5208 et,

2002 5235 2144 5300 quod
2176 5232 2295 5287 aliis
2346 5232 2706 5287 incommodis
2756 5233 3084 5299 accedebat,
3118 5236 3427 5304 superanda
3483 5250 3603 5293 erat

2002 5323 2218 5394 pt‘tL'alltt
2253 5340 2451 5393 rupes;
2484 5323 2638 5393 cujus
2687 5340 2810 5378 cum
2854 5326 2967 5394 jam
3011 5328 3437 5384 transcendisset
3470 5346 3566 5397 par

2002 5425 2130 5477 tetu,
2156 5432 2251 5486 per
2280 5417 2543 5472 lubricum
2580 5415 2833 5485 gradiens
2882 5416 3003 5482 iter,
3037 5432 3099 5471 ac
3147 5420 3328 5487 potius
3382 5437 3599 5490 repent,

1999 5508 2051 5559 in
2097 5508 2416 5576 profundam
2448 5505 2647 5560 decidit
2680 5504 2895 5567 vallem,
2920 5516 2980 5559 ut
3012 5510 3359 5562 membratim
3412 5510 3594 5564 divelli

1996 5598 2278 5661 debuerit;
2309 5606 2551 5650 attamen
2576 5592 2744 5648 sancti
2792 5593 2893 5647 \iri
2922 5597 3131 5650 meritis
3168 5596 3369 5653 factum
3400 5610 3499 5659 est,
3536 5612 3594 5650 ut

1997 5685 2063 5740 ad
2092 5703 2212 5741 eum
2249 5701 2370 5741 cum
2401 5686 2547 5757 pisce
2578 5680 2864 5736 incolumis
2889 5686 3141 5739 evaserit.
