4084 6400
620 276 722 350 ist

1445 296 1503 352 3.
1552 294 1822 354 PETRUS
1846 295 2211 357 DAMIANUS
2248 298 2312 356 S.
2347 298 2414 355 Β.
2444 292 2507 355 Ε.
2535 299 2973 359 ΩΑΒῘΠΝΑΗΒ.

3746 293 3873 369 {si

691 407 868 466 Unum
898 421 966 462 ex
996 406 1271 476 discipulis
1301 408 1413 463 suis
1459 409 1521 463 Β.
1551 408 1744 466 Petrus
1790 409 1859 465 ad
1901 409 2189 482 quemhm
2221 412 2267 472 Α
2296 428 2506 485 gregem
2564 431 2753 471 curam
2794 417 3090 480 intendere.
3134 418 3341 475 crebris
3390 420 3877 483 adhortationiwa

623 502 871 557 abbatem
900 496 1147 563 miserat;
1179 496 1450 566 proiectus
1474 509 1559 554 est
1586 500 1696 567 ille,
1747 500 1843 556 sed
1879 515 1985 556 non
2039 501 2191 556 inve-

622 593 741 659 nit;
781 587 1065 659 requisivit
1104 586 1411 657 diligenter,
1446 604 1516 644 an
1574 590 1819 646 invenire
1846 598 2050 662 posset,
2083 604 2191 645 non

620 680 829 753 potuit;
858 677 1043 746 etiam
1063 678 1437 748 praescriptum
1466 680 1573 736 sibi
1603 689 1821 751 tempus
1855 681 1922 737 ad
1958 681 2191 736 reditum

622 770 979 832 eiabebatur;
1022 770 1420 838 correptionem
1465 779 1745 837 metuens,
1800 769 2032 839 arripuit
2088 771 2195 827 iter

624 862 957 930 intempesta
986 858 1161 913 noctis
1195 858 1443 926 silentio;
1487 875 1719 930 cumque
1741 859 2015 929 paululum
2062 874 2189 931 pro—

621 950 897 1012 cessisset,
924 962 1109 1005 comes
1154 955 1212 1005 et
1237 948 1349 1005 dux
1395 949 1608 1006 itineris
1653 964 1777 1006 eum
1832 949 2094 1014 deseruit,
2137 960 2193 1006 et

624 1041 860 1095 tenebrae
885 1039 1061 1095 noctis
1080 1046 1237 1094 erant
1269 1038 1449 1096 densa
1479 1058 1494 1094 :
1528 1048 1586 1097 et
1614 1040 1719 1097 iter
1747 1041 2059 1114 ignorabat;
2102 1042 2194 1096 tri-

621 1129 793 1186 stiset
819 1144 1038 1200 anceps,
1080 1130 1207 1200 quid
1239 1139 1424 1201 ageret
1466 1131 1782 1202 ignorabat;
1828 1144 1930 1188 nec
1965 1146 2193 1204 progre-

620 1218 697 1281 di,
722 1233 831 1274 nee
851 1218 1212 1284 retrocedere,
1237 1218 1287 1275 si
1315 1218 1499 1285 vellet,
1538 1219 1683 1275 viam
1726 1230 1968 1276 noverat.
2027 1219 2195 1291 igitur

623 1321 815 1376 rogare
838 1307 1004 1362 Deum
1034 1307 1221 1377 erepit,
1254 1321 1321 1361 ne
1370 1309 1472 1364 sibi
1503 1310 1756 1375 deesset;
1804 1324 2037 1381 cumque
2072 1323 2195 1380 pro-

622 1397 869 1466 grediens
911 1397 1169 1467 paulatim
1218 1397 1287 1453 ad
1318 1398 1522 1454 bivium
1551 1400 1922 1471 pervenisset,
1956 1400 2197 1469 ambige-

623 1486 735 1548 bat,
760 1502 993 1557 quonam
1025 1486 1126 1542 iter
1156 1501 1312 1542 suum
1343 1488 1639 1560 dirigeret:
1670 1489 1946 1561 ingressus
1979 1489 2194 1545 demum

623 1593 689 1633 es
721 1578 931 1635 duabus
958 1580 1060 1636 viis
1088 1580 1336 1647 alteram,
1362 1596 1487 1637 cum
1509 1584 1780 1654 paululum
1820 1584 2201 1655 processisset,

621 1668 785 1738 erepit
804 1670 1105 1739 iumentum
1134 1670 1272 1726 nolle
1297 1673 1574 1742 progredi,
1603 1688 1705 1730 nec
1725 1675 1959 1731 stimulis
1989 1674 2107 1747 οοεί
2138 1683 2199 1730 ut

2294 512 2348 557 et
2372 502 2827 559 declamationum
2856 503 3157 575 frequentia
3189 508 3243 562 in
3274 509 3395 564 vian
3448 512 3680 585 dirigens
3711 513 3868 571 salu-

2298 593 2382 657 tis,
2420 603 2477 649 et
2506 594 2557 649 in
2586 610 2649 651 ea
2674 596 2953 651 continere
2984 611 3001 651 :
3030 607 3084 651 et
3132 598 3271 653 mino
3316 602 3536 673 cupiens
3584 605 3878 664 desiderio

2292 698 2478 739 omnes
2503 683 2614 741 Deo
2638 685 2975 753 lucrifacere,
3017 688 3231 744 nullum
3250 690 3483 749 habebat
3505 708 3863 762 personarum

2293 774 2614 845 discrimen,
2647 786 2705 833 et
2739 779 2951 835 cunctis
2978 780 3244 837 amabilis.
3277 781 3383 839 Sed
3430 785 3665 842 vicissim
3719 792 3871 844 mira

2294 863 2349 919 in
2368 879 2495 921 eum
2520 865 2703 937 populi
2730 867 3054 932 reverentia,
3084 869 3257 925 mirus
3278 884 3459 940 amor,
3476 882 3533 929 et
3567 874 3882 932 observan-

2294 956 2390 1010 tia.
2424 954 2966 1013 Audiebaturautem
3001 965 3149 1012 tanta
3178 972 3309 1013 cum
3329 962 3623 1018 attentione
3666 978 3733 1022 se
3770 978 3878 1020 vo-

2293 1044 2522 1117 luptate,
2550 1059 2762 1104 necnon
2790 1047 3151 1105 admiratione
3170 1089 3185 1114 ,
3216 1060 3274 1104 ut
3308 1066 3447 1106 unus
3486 1052 3651 1107 videri
3681 1063 3880 1124 posset

2295 1134 2432 1193 emio
2460 1137 2725 1194 demissus
2751 1138 3050 1207 apostolus.
3076 1138 3228 1207 Quod
3249 1142 3435 1196 mirari
3461 1142 3681 1198 minime
3704 1158 3878 1213 opor-

2298 1233 2394 1279 tet.
2446 1222 2621 1281 Tanta
2667 1234 2787 1281 erat
2834 1227 2980 1283 enim
3031 1228 3134 1283 viri
3188 1238 3428 1299 spectata
3465 1231 3714 1287 omnibus
3743 1230 3879 1288 vita

2297 1317 2582 1383 sanctitas,
2608 1324 2663 1376 et
2684 1332 2896 1373 morum
2914 1318 3215 1390 integritas,
3237 1329 3291 1375 et
3321 1319 3373 1375 in
3400 1320 3557 1377 dictis
3602 1321 3888 1392 factisque

2297 1406 2549 1463 omnibus
2570 1409 2831 1479 gravitas,
2855 1417 2915 1463 ut
2943 1408 3238 1464 maximum
3263 1411 3473 1481 pondus
3501 1409 3700 1468 inesset
3752 1424 3875 1464 var-

2297 1498 2408 1564 bis,
2447 1510 2501 1552 et
2522 1499 2675 1554 omni
2715 1498 2875 1554 melle
2924 1499 3135 1555 dulcior
3178 1514 3247 1555 ex
3293 1500 3436 1556 illius
3484 1515 3578 1556 ore
3624 1506 3880 1556 manaret

2299 1590 2498 1645 oratio.
2528 1589 2642 1645 iioc
2670 1590 2835 1645 etiam
2866 1589 3149 1653 luculenti,
3197 1591 3293 1660 qui
3324 1600 3569 1656 exstant,
3590 1603 3881 1645 sermones

2304 1689 2593 1736 testantur.
2669 1680 2852 1749 Quare
2908 1680 3309 1745 saluberrima,
3362 1696 3427 1737 ac
3471 1680 3888 1737 laeuudissima

624 1762 1061 1831 progrederetur,
1102 1769 1349 1831 poterat;
1397 1764 1487 1818 tali
1520 1766 1697 1820 victus
1744 1766 2069 1836 pertinacia,
2119 1764 2195 1820 illi

2306 1770 2449 1826 illius
2477 1770 2905 1826 declamationes
2930 1785 3205 1839 nunquam
3231 1770 3367 1825 adeo
3402 1770 3573 1841 longa:
3594 1770 3895 1841 continge-

623 1852 861 1907 habenas
893 1854 1098 1908 remisit
1123 1894 1138 1908 .
1164 1862 1220 1907 et
1245 1868 1351 1923 quo
1374 1853 1529 1909 vellet
1551 1853 1651 1921 ire,
1665 1856 1928 1925 permisit.
1954 1854 2196 1925 Cumque

614 1940 727 2009 jam
760 1942 1108 2007 iilucesceret,
1144 1957 1205 1996 ac
1224 1943 1684 2012 circumspiceret,
1709 1944 1844 2000 vidit
1876 1959 1937 1999 se
1976 1945 2042 2001 ad
2080 1944 2195 2000 ioca

626 2042 934 2101 pervectum
978 2042 1125 2097 nota,
1168 2042 1224 2088 et
1270 2033 1496 2089 mirifice
1526 2034 1741 2091 laetatus
1788 2043 1903 2102 est;
1950 2044 2006 2093 et
2053 2037 2192 2102 Deo,

621 2137 757 2191 quas
789 2123 989 2188 decuit,
1024 2125 1225 2195 gratias
1243 2125 1355 2195 egit
1379 2143 1394 2179 :
1435 2140 1537 2181 nec
1555 2128 1840 2193 dubitavit,
1866 2144 1927 2187 se
1948 2129 2196 2202 magistri

624 2213 711 2266 sui
740 2214 968 2280 meritis,
1001 2230 1107 2283 quo
1134 2216 1382 2284 cupiebat
1408 2231 1527 2272 esse
1547 2225 1884 2286 pervectum.

696 2306 869 2361 Alium
917 2308 1109 2363 deinde
1153 2308 1399 2363 nuntium
1444 2309 1511 2364 ad
1557 2312 1845 2379 quemdam
1882 2311 2194 2382 episcopum

628 2400 892 2455 mittebat.
920 2400 971 2455 is
990 2402 1056 2454 ad
1080 2401 1252 2455 rivum
1276 2401 1617 2471 pervenit,in
1641 2417 1747 2472 quo
1773 2402 1955 2457 brevis
1976 2403 2194 2473 quidem

625 2498 742 2544 erat
766 2506 939 2560 aqua;
974 2492 1067 2546 sed
1097 2492 1240 2546 circa
1271 2491 1584 2547 ulteriorem
1616 2494 1788 2561 ripam
1809 2493 1977 2546 altum
2024 2493 2201 2548 inerat

624 2594 860 2644 caenum,
887 2590 943 2634 et
969 2580 1104 2635 adeo
1132 2588 1319 2644 tenax,
1349 2590 1405 2634 ἰι
1430 2581 1575 2636 nullo
1604 2590 1798 2637 conatu
1844 2581 1967 2637 inde
2015 2591 2201 2652 posset

625 2684 795 2739 equus
822 2670 983 2740 pedes
1012 2670 1258 2726 educere.
1286 2669 1419 2726 Cum
1451 2671 1594 2726 nulla
1618 2672 1877 2729 evadendi
1912 2673 2015 2726 alia
2060 2672 2198 2725 ratio

626 2769 1042 2823 mnstraretur,
1075 2770 1325 2829 precatus
1358 2772 1441 2815 cst
1466 2761 1659 2827 Deum,
1711 2771 1769 2816 ut
1800 2762 2007 2817 meritis
2056 2761 2195 2830 ejus,

626 2865 659 2901 a
706 2863 813 2919 quo
855 2850 1191 2915 mittebatur,
1244 2850 1347 2906 sibi
1401 2851 1601 2907 auxilio
1652 2861 1815 2917 esset,
1853 2862 1913 2908 ut
1957 2864 2196 2922 emptum

632 2938 737 2994 iter
776 2939 1031 3009 prosequi
1082 2949 1284 3010 posset.
1336 2938 1435 2994 Vix
1471 2942 1628 2997 linem
1672 2943 1926 3012 precibus
1973 2940 2195 3007 iecerat,

630 3031 844 3098 quando
869 3046 1041 3099 equus
1067 3030 1205 3085 saltu
1235 3030 1288 3085 in
1314 3032 1517 3086 siccum
1540 3033 1779 3088 exsiluit.

2297 1858 2447 1923 bant,
2505 1860 2636 1929 quin
2695 1858 3111 1915 advenientibus
3151 1859 3485 1915 brevissima:
3529 1860 3872 1921 viderentur,

2297 1958 2352 2004 et
2397 1948 2536 2004 nihil
2572 1948 2783 2004 avidius
2816 1958 2872 2003 et
2910 1949 3170 2003 attentius
3215 1948 3388 2003 audiri
3433 1957 3635 2018 posset.
3684 1946 3880 2003 Nullus

2298 2041 2450 2096 illum
2471 2037 2774 2097 deiassabat
2800 2040 2971 2095 labor.
3012 2038 3307 2095 "abiturus
3343 2040 3409 2094 ad
3441 2040 3694 2111 popuitnn
3745 2052 3872 2093 ser-

2299 2146 2555 2197 moncm,
2609 2137 2824 2185 noctem
2877 2144 3016 2200 pene
3071 2128 3301 2185 ducebat
3352 2129 3655 2184 insomnem
3697 2144 3714 2183 :
3766 2140 3872 2181 nec

2297 2220 2399 2274 sibi
2451 2220 2731 2290 parcebat,
2782 2234 2905 2273 cum
2967 2234 3338 2289 saepenumero
3391 2218 3538 2274 febre
3567 2216 3861 2272 laboraret.

2298 2312 2406 2367 imo
2441 2312 2710 2367 robustior
2733 2320 2863 2367 tunc
2890 2310 3194 2375 videbatur,
3223 2320 3387 2381 atque
3423 2307 3724 2366 facundior.

2370 2407 2525 2462 Diem
2554 2406 2848 2461 Dominicce
2873 2405 3142 2475 passionis
3167 2403 3533 2460 venerabilem
3586 2401 3886 2457 admodum

2306 2511 2371 2551 ac
2395 2496 2602 2566 jejunio
2619 2494 2903 2551 colendum
2928 2495 2980 2549 in
3011 2504 3124 2549 tota
3152 2493 3429 2565 provincia
3458 2491 3707 2549 reddidit.
3734 2488 3880 2545 Nec-

2300 2605 2406 2644 non
2451 2589 2728 2645 horarium
2779 2586 2840 2642 B.
2892 2584 3127 2656 Virginis
3185 2582 3445 2650 ochium,
3479 2590 3538 2638 et
3582 2580 3889 2637 canonicos-

2298 2681 2461 2744 ritus,
2508 2694 2743 2749 quorum
2792 2676 3091 2732 desuetudo
3138 2675 3393 2744 paulatim
3435 2673 3757 2745 irrepserat,
3802 2667 3879 2723 ad

2299 2771 2585 2841 pristinam
2611 2767 3016 2823 observantiam
3044 2764 3309 2822 restituit.
3329 2765 3410 2819 Ad
3438 2761 3722 2819 tollendam
3744 2774 3883 2815 vero

2301 2860 2667 2916 Simoniacam
2700 2857 2898 2923 labem,
2941 2865 2997 2911 et
3034 2856 3425 2911 Nicoiaitarum
3462 2853 3737 2920 haeresim,
3754 2864 3878 2921 qum

2302 2968 2408 3006 non
2455 2950 2558 3005 alia
2594 2950 2734 3013 ioca.
2764 2949 2859 3005 sed
2898 2956 2955 3003 et
2999 2949 3169 3019 ipsam
3210 2946 3508 3002 Romanam
3559 2944 3744 2999 urbem
3799 2940 3887 2995 sie

2302 3038 2588 3102 infecerat,
2647 3046 2706 3091 ut
2733 3037 2819 3090 vis
2849 3035 2941 3105 qui
2986 3035 3412 3105 reprehenderet
3452 3032 3593 3087 ullus
3621 3038 3879 3093 exstaret,

699 3120 896 3173 Verum
921 3135 1042 3173 emn
1070 3120 1178 3189 jam
1210 3120 1345 3174 tanti
1387 3120 1489 3174 viri
1512 3120 1681 3187 fama,
1734 3132 1788 3176 et
1834 3122 2197 3194 prodigiorum
2226 3123 2273 3183 C
2304 3130 2593 3199 plurimum
2626 3126 2893 3182 laboravit
2919 3135 3082 3195 atque
3124 3124 3371 3195 profecit.
3404 3122 3485 3179 οι)
3512 3136 3604 3178 eas
3631 3128 3808 3191 pestes
3844 3134 3875 3173 ι

630 3210 944 3287 magnitudo
967 3208 1378 3275 diﬂ'underetur,
1406 3219 1458 3265 et
1488 3213 1796 3268 sanctitatis
1842 3215 1986 3269 illius
2015 3215 2203 3284 opinio

630 3300 867 3369 quotidie
898 3300 1069 3372 magis
1090 3310 1381 3365 cresceret,
1406 3300 1711 3371 Stephanus
1749 3320 1921 3359 nonus
1957 3306 2202 3375 pontifex

635 3394 907 3449 maximus
938 3395 1003 3447 ad
1033 3409 1091 3449 se
1120 3394 1267 3448 illum
1292 3396 1527 3462 vocavit,
1562 3406 1843 3468 ratusque,
1870 3398 2014 3468 quod
2060 3409 2201 3465 erat,

634 3484 794 3536 talem
832 3484 1006 3537 virum
1038 3484 1090 3537 in
1121 3484 1357 3540 Ecclesia
1391 3485 1482 3540 Dei
1527 3486 1680 3542 valde
1729 3490 2121 3554 necessarium,
2151 3500 2208 3545 et

634 3585 883 3641 magnum
912 3566 1091 3626 iumen
1120 3573 1381 3634 iuturtnn.
1414 3575 1533 3631 aliis
1565 3575 1747 3632 multis
1773 3579 2038 3649 episcopis
2065 3580 2205 3635 idem

632 3655 1008 3729 sentientibus,
1039 3672 1093 3717 et
1120 3664 1491 3729 hortantibus,
1531 3682 1655 3720 eum
1700 3667 2010 3739 episcopum
2056 3670 2205 3733 fecit,

637 3752 989 3807 reluctantem
1033 3769 1097 3808 ac
1130 3770 1352 3823 prorsus
1402 3767 1734 3811 renuentem.
1781 3757 2010 3816 Videbat
2062 3762 2204 3816 enim

636 3858 695 3895 se
716 3844 972 3900 solitariae
1002 3845 1231 3913 quietis,
1267 3846 1317 3899 in
1363 3862 1467 3916 qua
1522 3848 1683 3902 modo
1727 3847 1922 3905 divinae
1968 3860 2206 3906 conteru-

635 3932 885 4002 plationi,
917 3936 1075 3989 modo
1125 3948 1291 3990 sacrm
1344 3937 1555 3991 lcctioni
1586 3947 1639 3993 et
1668 3938 1787 3994 aliis
1837 3941 2209 4011 spirituaiibus

638 4023 1133 4094 exercitiisjugiter
1159 4025 1379 4081 vacabat
1401 4067 1417 4091 ,
1448 4028 1711 4084 suavitate
1742 4030 1969 4099 privari,
2010 4039 2065 4086 et
2108 4031 2208 4087 ite-

643 4124 763 4167 rum
793 4114 857 4168 ad
884 4114 1093 4169 civilem
1126 4116 1409 4183 strepitum
1441 4118 1641 4171 vocari.
1672 4117 1777 4173 Sed
1808 4134 1927 4174 cum
1957 4134 2056 4175 nec
2098 4136 2207 4175 ca:-

637 4213 879 4257 tcrorum
897 4205 1183 4273 praesulem
1208 4207 1630 4267 adhortationes.
1660 4223 1758 4262 nec
1778 4211 2209 4264 excommunica-

642 4294 802 4349 tionis
838 4296 999 4351 mina:
1028 4298 1317 4367 quidquam
1340 4299 1683 4366 proﬁcerent,
1706 4300 1921 4357 demum
1947 4300 2207 4370 pontifex,

642 4390 732 4458 qui
763 4389 907 4445 nullo
952 4400 1109 4461 pacto
1138 4392 1415 4446 inventum
1473 4393 1785 4448 thesaurum
1831 4395 2207 4450 dimittendum

2308 3216 2558 3288 pontiﬁce
2608 3217 2844 3271 maximo
2880 3215 3045 3270 etiam
3096 3214 3459 3271 Mediolanum
3514 3212 3742 3277 missus,
3787 3207 3885 3264 ubi

2304 3309 2384 3363 sic
2406 3306 2622 3376 quidem
2652 3305 3012 3370 iuoleveraut,
3036 3312 3097 3359 ut
3128 3318 3233 3359 non
3281 3302 3400 3357 sine
3443 3300 3643 3374 ingenti
3673 3298 3877 3359 laboro.

2308 3412 2369 3451 ac
2395 3411 2587 3465 magno
2630 3396 2754 3449 vita:
2798 3393 3113 3449 discrimine
3166 3391 3353 3447 tollere
3407 3391 3527 3446 illas
3572 3386 3884 3445 tentaverit.

2306 3490 2457 3545 Adeo
2482 3489 2626 3543 enim
2658 3489 2710 3543 in
2734 3488 3041 3557 pontificem
3085 3486 3385 3541 Romanum
3419 3483 3567 3546 elati,
3611 3489 3665 3536 et
3692 3487 3884 3535 contu.~

2310 3596 2487 3635 tnaces
2528 3580 2654 3634 facti
2686 3587 2843 3633 erant
2874 3576 3335 3633 Mediolanenses.
3386 3582 3444 3628 ut
3468 3581 3655 3629 exorta
3686 3565 3889 3639 ingenti

2309 3669 2709 3725 concertatione
2741 3668 2918 3739 populi
2962 3675 3020 3723 et
3048 3666 3176 3721 cieri
3209 3664 3583 3727 ciatnantium,
3625 3660 3882 3727 indignis-

2308 3761 2498 3813 simam
2545 3766 2601 3812 et
2635 3755 3212 3812 minitnetoierandam
3256 3767 3368 3807 rem
3408 3751 3610 3815 ali‘crri,
3659 3750 3886 3805 Ambro-

2310 3852 2517 3904 siauatn
2573 3847 2868 3903 Ecolesiam
2921 3860 3018 3901 nec
3074 3844 3241 3899 fuisse
3300 3852 3501 3907 antea,
3548 3856 3647 3897 nec
3694 3840 3885 3896 debere

2310 3941 2564 4010 deinceps
2592 3937 2847 3993 Ecclesiae
2872 3936 3129 3992 Romante
3154 3932 3452 4003 subiectam
3476 3948 3597 3990 esse
3628 3950 3644 3989 :
3670 3939 3891 3987 sanctus

2309 4040 2486 4087 autem
2515 4031 2618 4097 vir,
2646 4030 2872 4085 collecto
2923 4029 2975 4083 in
3004 4027 3293 4084 ecclesiam
3344 4025 3562 4098 populo,
3590 4031 3645 4079 et
3692 4023 3891 4078 indicto

2310 4123 2549 4189 silentio,
2584 4120 3005 4177 evidentissitnis
3059 4118 3379 4183 rationibus,
3431 4125 3487 4173 et
3535 4129 3704 4171 sacrae
3746 4112 3890 4169 Scri-

2312 4224 2485 4284 ptura:
2536 4211 3048 4274 testiﬁcationibus,
3100 4217 3156 4265 et
3211 4206 3645 4270 auctoritatibus,
3700 4203 3888 4272 quibus

2315 4306 2429 4376 ejus
2455 4304 2700 4360 facundia
2746 4302 2854 4356 vim
2892 4302 3069 4356 adhuc
3101 4299 3361 4368 majorem
3387 4298 3649 4359 addebat,
3674 4294 3888 4364 planum

2314 4394 2565 4449 omnibus
2610 4391 2757 4456 fecit,
2808 4391 3111 4446 iiomanam
3162 4388 3458 4444 Ecclesium
3509 4384 3746 4441 omnium
3790 4381 3888 4436 Ec-

640 4482 881 4550 putabat,
911 4482 1230 4539 obedientia:
1260 4484 1483 4553 imperio
1516 4486 1568 4539 in
1612 4500 1765 4539 suam
1814 4486 1960 4541 illum
1993 4496 2191 4542 senten
2237 4465 2290 4524 Ῐ)
2316 4485 2605 4541 ciesiarum
2642 4483 2943 4557 principem
2992 4489 3047 4535 et
3099 4488 3261 4549 caput
3292 4492 3436 4542 esse,
3476 4487 3533 4532 et
3575 4472 3883 4546 pontiﬁcem

645 4573 771 4626 tiam
798 4574 965 4627 traxit
996 4591 1009 4627 :
1036 4582 1090 4627 et
1119 4585 1334 4644 arrepta
1361 4574 1504 4630 illius
1534 4592 1695 4631 manu
1716 4617 1731 4639 ,
1756 4578 1978 4643 annulo,
2009 4588 2065 4633 et
2104 4579 2208 4632 vir-

643 4679 735 4732 ga,
762 4679 881 4733 quae
916 4665 1192 4737 dignitatis
1224 4676 1405 4721 essent
1427 4666 1749 4737 episc0paiis
1782 4669 1942 4723 veluti
1963 4669 2210 4740 pignora,

642 4755 935 4827 insignivit,
963 4764 1015 4811 et
1032 4756 1266 4813 Ostiensi
1290 4757 1541 4813 Ecclesia:
1562 4756 1823 4828 pra-iecit.
1857 4758 1934 4813 ita
1970 4760 2207 4831 quidem,

644 4857 704 4901 ut
735 4848 844 4917 ipse
866 4858 1053 4919 postea
1082 4848 1266 4905 dicere
1293 4851 1532 4915 solebat,
1565 4852 1915 4923 adimpletum
1956 4862 2039 4910 est
2068 4854 2211 4923 quod

645 4946 773 4994 ante
822 4939 1109 4994 triennium
1154 4940 1207 4995 in
1249 4941 1457 4997 somnis
1495 4941 1728 4998 viderat.
1778 4942 2014 5001 Putabat
2067 4946 2213 5000 enim

642 5027 1001 5084 clarissimam
1030 5028 1131 5083 sibi
1155 5044 1408 5099 sponsam
1439 5030 1624 5097 locari,
1659 5046 1817 5102 quam
1852 5049 1949 5090 nec
1976 5035 2217 5090 dimitte-

643 5139 701 5177 re
726 5122 825 5178 sibi
854 5118 1184 5192 copuintam,
1212 5139 1313 5179 nec
1337 5122 1568 5179 libenter
1592 5135 1771 5195 posset
1796 5129 2060 5197 aspicere.
2098 5128 2215 5183 ,Ηυ-

641 5212 841 5266 tniiiter
862 5211 1024 5282 igitur
1051 5213 1201 5283 gravi
1228 5213 1484 5277 nimium,
1515 5221 1574 5269 ut
1621 5215 1865 5285 putabat,
1904 5216 2032 5289 jugo
2076 5219 2212 5274 colla

642 5300 909 5369 subjecit:
962 5310 1017 5357 et
1043 5318 1351 5373 quanquam
1390 5304 1656 5375 jacturatn
1688 5322 1748 5362 se
1775 5318 2044 5365 consuete
2084 5325 2213 5368 con-

643 5391 1008 5459 templationis
1038 5408 1286 5464 magnam
1332 5393 1512 5450 facere
1549 5395 1938 5460 arbitrabatur,
1974 5408 2211 5454 attamen

644 5482 1042 5548 prtetcritorum
1077 5483 1352 5553 dispendia
1407 5485 1573 5545 lucris
1610 5502 1797 5545 eorum
1821 5530 1837 5555 ,
1868 5504 1988 5559 qua:
2030 5500 2214 5547 secuta

647 5581 822 5636 erant,
848 5574 1254 5643 compensabat.

717 5660 894 5732 Cmpit
927 5676 1057 5734 ergo
1079 5678 1286 5721 summa
1320 5666 1594 5739 vigilantia
1638 5668 1695 5725 iu
1720 5671 2070 5728 commissum
2118 5672 2217 5729 sibi

2318 4576 2617 4630 Romanum
2644 4574 2769 4643 jure
2816 4573 3029 4636 divino.
3054 4571 3267 4627 cunctis
3293 4582 3544 4640 praeesse.
3569 4566 3739 4633 Quam
3764 4576 3889 4617 sane

2316 4666 2727 4739 praerogativam
2791 4665 2965 4734 ipsius
3012 4661 3316 4718 Salvatoris
3361 4674 3457 4714 ore
3500 4658 3723 4726 adeptus
3767 4662 3885 4718 est,

2317 4777 2439 4817 cum
2460 4742 2598 4816 dixit
2631 4777 2645 4815 :
2680 4758 2757 4813 Tt:
2792 4776 2846 4814 es
2882 4755 3092 4819 Petrus,
3115 4764 3161 4809 et
3190 4768 3345 4824 super
3372 4753 3511 4806 hanc
3532 4760 3731 4821 petram
3769 4744 3892 4799 acdi-

2317 4856 2485 4925 ﬁcubo
2508 4853 2799 4909 Ecclesium
2831 4866 3036 4914 meam;
3060 4860 3104 4902 et
3132 4847 3223 4903 (ibi
3254 4845 3393 4900 dabo
3420 4843 3588 4898 claves
3616 4837 3757 4910 regni
3794 4850 3888 4889 cm-

2320 4946 2492 4999 iurttm
2513 4961 2532 5000 :
2566 4955 2615 5000 et
2643 4943 2989 5015 quodcunque
3010 4939 3225 4994 solveris
3254 4950 3409 5005 super
3434 4944 3651 4995 terram,
3670 4927 3764 4982 erit
3802 4942 3884 4980 so-

2322 5036 2489 5090 lutum
2514 5046 2560 5090 et
2599 5036 2653 5090 in
2684 5034 2845 5099 cmlis,
2876 5042 2923 5087 et
2965 5031 3309 5101 quodcunque
3340 5023 3582 5096 ligaveris
3608 5034 3762 5090 super
3792 5027 3893 5071 ter-

2320 5141 2453 5188 ram,
2479 5125 2575 5179 erit
2597 5125 2814 5193 ligatum
2836 5132 2882 5177 et
2906 5122 2963 5175 in
2983 5118 3123 5174 caelis
3158 5116 3373 5188 (Matth.
3404 5112 3540 5183 tm).

2348 5230 2359 5241 '
2390 5219 2521 5287 Quae
2547 5228 2746 5276 autem,
2805 5216 3002 5286 inquit,
3051 5212 3332 5283 provincia
3384 5223 3481 5277 per
3512 5202 3691 5260 omnia
3724 5209 3889 5255 terra-

2319 5327 2440 5366 rum
2478 5326 2643 5380 regna
2694 5309 2800 5364 dici
2851 5315 3015 5377 queat
3044 5305 3111 5360 ab
3164 5304 3270 5359 hac
3307 5303 3512 5358 ditioue
3545 5313 3608 5352 ac
3634 5296 3885 5366 potestate

2314 5414 2595 5467 extranea,
2654 5403 2811 5470 cujus
2843 5400 3070 5455 arintrio
3106 5398 3281 5467 ipsum
3318 5408 3534 5466 quoque
3560 5388 3751 5444 coelum
3779 5397 3891 5453 ape—

2316 5496 2457 5549 ritur
2496 5502 2551 5549 et
2586 5493 2858 5548 clauditur
2899 5490 2922 5545 τ
2976 5490 3212 5545 Cteteras
3238 5486 3457 5557 quidem
3486 5484 3774 5543 Ecclesias.
3804 5493 3882 5533 ctu

2318 5584 2625 5653 jnscunque
2679 5577 2960 5652 dignitatis
3001 5578 3336 5638 exstiterint,
3388 5575 3478 5631 ille
3500 5574 3603 5646 'qui
3646 5571 3887 5634 instituit,

2326 5674 2484 5728 homo
2530 5672 2745 5745 quidem
2790 5686 2957 5740 purus
3010 5669 3147 5728 fuit:
3192 5668 3489 5723 Romanam
3540 5680 3668 5719 vero
3718 5660 3888 5718 Ecclus
