4040 6378
209 320 305 378 135

987 317 1723 378 PROLEGOMENA.—S.
1766 319 1977 377 PETRI
2035 323 2326 380 DAMIANI
2366 321 2521 382 “TA
2571 326 2634 383 ﬂ.

3419 329 3523 387 158

207 434 338 490 siam
380 428 529 488 solus
564 429 653 489 ille
680 430 948 500 fundavit,
994 445 1049 488 ct
1074 450 1239 506 super
1270 445 1483 505 petram
1519 434 1799 490 nascentis
1829 442 1878 498 Α
1978 435 2098 494 Non
2129 418 2291 496 facile
2312 440 2498 497 verbis
2527 443 2790 513 cmtseqiti
2819 443 3092 514 quispiam
3118 451 3324 516 posset,
3351 459 3526 514 quan-

207 525 324 581 lldei
350 527 641 592 exstruxit,
669 526 762 598 qui
809 526 969 584 beato
997 527 1276 600 clavigero
1305 529 1512 584 terreni
1560 527 1808 586 simulet

206 617 437 674 celestis
481 619 635 690 regni
660 620 783 684 jura
814 621 1112 676 commisit.
1155 621 1304 677 lllius
1351 637 1486 695 ergo
1511 622 1806 695 privilegio

1913 541 1986 600 to,
2013 540 2070 587 et
2098 532 2322 605 quantis
2351 533 2461 590 Deo
2496 535 2668 606 gratis
2699 536 2961 605 operibus
3007 536 3093 590 vir
3116 546 3345 592 sanctus
3373 534 3530 591 eﬂ'ul-

1910 624 2066 688 serit,
2099 633 2195 680 aut
2246 640 2550 696 pauperum
2585 626 2824 683 lavando
2867 627 3057 698 pedes,
3089 636 3185 681 aut
3231 627 3410 683 nudos
3432 642 3529 684 ve-

209 710 478 766 nomanns
507 709 757 782 pontifex
789 709 1057 783 fungitur,
1087 712 1237 770 illius
1266 713 1602 770 auctoritate
1643 712 1807 770 fulcio
1908 717 2145 785 stiendo,
2177 729 2275 775 aut
2327 719 2605 776 visitando
2639 730 2898 793 aegrotos,
2947 728 3005 777 et
3053 718 3290 776 afﬂictos
3335 736 3536 778 conso-

206 810 310 854 tur.
356 799 537 868 Quare
584 801 843 874 quisquis
890 801 980 860 ille
1034 811 1144 868 est,
1198 805 1293 874 qui
1344 805 1510 859 audet
1538 804 1805 876 principis

204 892 462 950 Ecclesia}
478 891 570 960 jus
625 891 980 961 labefactare,
1019 896 1164 952 haud
1192 897 1417 953 dubium
1467 906 1552 954 est
1601 898 1804 970 injuste

208 984 358 1039 illum
387 991 574 1056 Agere,
631 999 696 1038 ac
725 986 827 1041 sibi
883 987 1026 1042 male
1055 987 1366 1044 consulere.
1407 985 1545 1043 Nam
1574 988 1667 1060 qui
1699 986 1804 1043 Ro-

200 1089 372 1133 mana
398 1076 566 1146 ipsius
589 1073 933 1150 privilegium
959 1081 1029 1135 ab
1050 1079 1170 1152 ipso
1196 1079 1800 1138 summoEcclesiarum

201 1165 440 1221 omnium
467 1168 648 1237 capite
678 1183 1028 1236 concessum,
1077 1170 1382 1244 infringere
1412 1182 1650 1229 conatur
1681 1188 1698 1239 ;
1752 1173 1801 1230 is

198 1259 553 1332 proculdubio
589 1261 642 1316 in
668 1262 922 1319 bteresim
953 1263 1200 1332 labitur;
1251 1267 1415 1322 ﬁdem
1458 1267 1661 1338 quippe
1683 1266 1804 1322 vic-

201 1352 291 1404 lat.
324 1349 430 1417 Qui
472 1366 604 1423 ergo
658 1352 920 1409 adversus
962 1353 1112 1410 illam
1166 1354 1425 1428 insurgit,
1461 1373 1584 1429 qua:
1623 1367 1802 1413 mater

196 1453 274 1498 est
312 1443 465 1506 ﬁdei,
497 1445 661 1499 etiam
719 1446 770 1500 in
825 1446 976 1500 illum
1018 1455 1317 1503 contumax
1347 1451 1799 1520 deprehenditur,

196 1540 283 1609 qui
331 1555 454 1594 eam
479 1541 695 1596 cunctis
739 1540 1000 1599 Ecelesiis
1043 1559 1280 1615 przeesse
1310 1561 1376 1601 ac
1405 1545 1678 1616 imperare
1703 1562 1800 1602 vo-

194 1629 307 1687 liit.
337 1630 538 1686 Eflicax
567 1631 665 1688 fuit
689 1634 822 1689 tanti
866 1636 964 1690 viri
996 1636 1193 1703 oratio,
1222 1646 1280 1693 et
1321 1638 1377 1692 in
1408 1639 1574 1694 corda
1627 1639 1799 1695 homi-

194 1737 315 1776 num
365 1723 677 1791 pcuetravit
722 1742 736 1778 :
788 1733 844 1780 ct
888 1725 1081 1795 majori
1136 1744 1198 1784 se
1244 1729 1527 1798 potestati,
1581 1729 1796 1786 sublata

1908 811 2096 869 laudo.
2124 813 2472 884 Frequentes
2495 822 2658 869 erant
2684 813 2753 869 ad
2775 812 2898 885 ejus
2927 813 3118 869 limina
3148 815 3307 886 egeni
3338 831 3354 882 ;
3386 829 3535 885 quo-

1907 919 2030 958 rum
2081 902 2218 960 alios
2266 903 2554 962 reﬁciebat
2617 905 2744 963 cibo
2773 947 2790 974 ,
2848 905 2988 964 alios
3039 906 3335 963 distributa
3389 908 3535 982 stipe

1904 993 2220 1053 dimittebat
2245 994 2425 1062 hetos,
2447 994 2642 1052 mullus
2669 1012 2900 1054 munere
2935 1012 3145 1054 vacuus
3169 996 3240 1054 ab
3265 997 3412 1054 illius
3445 999 3536 1071 ja-

1905 1100 2011 1141 nua
2043 1085 2356 1142 recedebat.
2405 1085 2680 1144 Constans
2724 1087 2800 1144 illi
2831 1104 2952 1146 mos
2978 1099 3120 1158 erat,
3155 1099 3217 1147 ut
3239 1091 3527 1148 duodecim

1904 1196 2205 1254 pauperum
2249 1183 2420 1254 pedes
2447 1184 2682 1244 lavaret.
2718 1185 2776 1241 Si
2818 1185 2916 1259 qui
2958 1195 3142 1253 erant,
3167 1184 3263 1255 qui
3311 1185 3366 1239 in
3405 1199 3530 1256 gra-

1902 1273 2047 1329 batis
2063 1273 2342 1344 jacerent,
2380 1276 2775 1348 particularem
2808 1293 3001 1334 eorum
3034 1293 3226 1335 curam
3257 1277 3482 1350 gerebat
3509 1294 3522 1330 :

1902 1379 2070 1420 unum
2100 1365 2249 1422 enim
2297 1366 2612 1438 quempiam
2646 1367 2716 1422 iis
2737 1367 3055 1439 deputabat,
3089 1368 3183 1439 qui
3211 1368 3431 1422 adesset
3464 1381 3530 1422 ac

1903 1459 2216 1516 necessaria
2248 1459 2718 1516 subministraret.
2769 1461 2847 1517 lta
2896 1463 3040 1518 bona
3087 1459 3370 1526 Ecclesia,
3404 1473 3528 1529 qua:

1902 1550 2047 1607 bona
2077 1560 2208 1608 sunt
2232 1566 2564 1624 pauperum,
2596 1553 2649 1608 in
2679 1569 2814 1610 usus
2836 1554 2959 1626 pios
2991 1553 3370 1624 dispensabat,
3403 1565 3526 1622 pro-

1899 1643 2040 1714 priis
2063 1657 2300 1715 parcens
2329 1643 2664 1715 sumptibus,
2691 1653 2747 1700 et
2777 1660 2970 1701 sacros
2997 1641 3527 1700 commonefaciebat

1900 1737 2212 1803 ministros,
2249 1736 2480 1793 dicens:
2518 1736 2754 1804 Scitote,
2784 1736 2990 1794 fratres
3036 1734 3379 1800 cbarissimi,
3405 1748 3526 1789 om-

193 1814 564 1881 coutentione,
619 1817 946 1874 submisere.
1003 1818 1110 1875 Sed
1164 1835 1288 1875 cum
1345 1821 1578 1894 diligens
1632 1821 1792 1877 fleret
1827 1807 1871 1867 Β
1904 1829 1994 1884 nia
2040 1828 2144 1885 ista
2178 1828 2436 1885 Ecclesia:
2464 1827 2608 1883 bona
2654 1844 2817 1885 sacra
2867 1844 3015 1897 esse,
3049 1844 3115 1885 ac
3164 1836 3520 1899 peccatorum

193 1921 473 1962 sacrorum
526 1908 903 1964 ministrorum
962 1911 1288 1981 inquisitio,
1345 1913 1439 1968 vix
1502 1915 1796 1986 quisquam

194 2006 436 2067 repertus
465 2009 555 2054 est
581 2001 671 2068 qui
707 2001 772 2054 ad
805 2016 997 2058 saeros
1035 2004 1260 2062 ordines
1292 2005 1412 2062 sine
1461 2009 1642 2078 pretio
1673 2025 1800 2080 pro-

194 2096 367 2142 motus
386 2097 558 2144 esset.
591 2089 799 2162 Magnis
829 2091 900 2146 ob
931 2094 1034 2148 hoc
1061 2104 1285 2151 sanctus
1315 2097 1402 2151 vir
1439 2097 1592 2153 euris
1631 2113 1800 2170 ange-

190 2177 383 2232 batur:
437 2179 660 2236 videbat
700 2183 842 2238 enim
871 2194 981 2238 tam
1015 2185 1179 2240 latam
1213 2187 1493 2244 dioecesim
1520 2205 1642 2245 cum
1684 2201 1797 2246 tam

192 2268 373 2328 nobili.
415 2279 474 2324 et
502 2270 682 2340 ampla
715 2272 870 2339 urbe,
903 2285 1090 2345 totque
1112 2276 1374 2334 ecclesias
1402 2279 1707 2348 profanari,
1737 2289 1797 2335 ut

191 2357 264 2410 sic
290 2357 512 2427 quidem
553 2361 870 2432 religionem
920 2366 1091 2421 everti
1142 2365 1514 2426 Christianam
1551 2380 1792 2442 putaret.

192 2447 290 2504 Sed
337 2459 460 2505 erat
521 2451 678 2507 valde
725 2453 1022 2525 litigiosum
1080 2458 1364 2531 indulgere
1406 2462 1622 2532 paucis.
1666 2478 1792 2519 cum

191 2538 295 2595 fere
336 2544 587 2599 omnium
635 2556 781 2602 esset
827 2549 983 2619 culpa
1015 2552 1362 2618 communis;
1421 2569 1525 2610 nec
1573 2570 1793 2626 mquam

190 2630 473 2686 videbatur
501 2634 776 2690 diversam
809 2637 861 2691 in
895 2652 991 2694 eos
1011 2639 1257 2710 proferre
1285 2644 1638 2711 sententiam,
1665 2661 1790 2701 cura

189 2732 322 2778 esset
353 2740 462 2779 una
519 2727 765 2782 omnium
805 2743 988 2785 causa.
1027 2730 1085 2786 ln
1144 2740 1298 2793 tanta
1349 2735 1516 2806 igitur
1561 2737 1794 2794 difﬁcul-

191 2820 295 2866 tate
323 2815 561 2887 positus,
599 2818 725 2888 quia
752 2834 858 2875 non
889 2831 1106 2892 poterat
1151 2824 1272 2881 sine
1302 2825 1508 2896 ingenti
1546 2829 1794 2898 periculo

197 2905 328 2960 illius
380 2907 524 2963 mala
577 2909 855 2980 Ecclesia),
911 2913 1062 2968 salva
1114 2930 1388 2973 canonum
1437 2920 1790 2986 auctoritate,

192 3000 458 3072 corrigere
488 3041 506 3066 ,
559 3003 768 3058 studuit
829 3005 1024 3060 saltem
1074 3024 1345 3078 perversa:
1402 3013 1790 3068 consuetudini

1900 1923 2078 1993 pretia
2119 1939 2134 1989 ;
2185 1935 2360 1994 quare
2407 1937 2758 1992 summopere
2789 1923 3098 1980 cavendum
3135 1930 3243 1987 est,
3279 1935 3348 1976 ne
3392 1919 3525 1988 quid

1903 2017 2128 2083 horum,
2175 2024 2272 2072 aut
2313 2016 2560 2071 avarilize
2609 2016 2897 2083 instinctu,
2939 2013 3136 2088 qua‘vis
3179 2014 3526 2086 negligentia:

1901 2108 2140 2175 incuria,
2198 2107 2409 2164 Christi
2469 2109 2806 2178 pauperibus
2863 2109 3261 2174 subtrahatur,
3322 2107 3527 2177 quibus

1899 2201 2132 2256 debetur
2181 2199 2450 2270 quidquid
2500 2199 2659 2256 nobis
2692 2200 2995 2257 .residuum
3041 2209 3147 2256 est.
3178 2197 3313 2255 Cum
3355 2198 3525 2270 igitur

1900 2291 2060 2348 nobis
2098 2301 2416 2362 suppetant,
2444 2291 2645 2362 quibus
2669 2291 2851 2363 juvari
2879 2291 3039 2364 egeni
3091 2299 3147 2347 et
3183 2289 3355 2347 foveri
3388 2305 3516 2361 pos-

1897 2384 2034 2450 sint,
2085 2383 2380 2455 diligenter
2424 2385 2724 2455 exquirite,
2769 2386 2816 2440 si
2854 2385 2947 2456 qui
2989 2385 3121 2452 sint,
3177 2384 3270 2455 qui
3321 2383 3522 2441 vicinis

1898 2477 2031 2532 locis
2061 2485 2349 2548 aegrotent,
2379 2478 2543 2548 quive
2585 2475 2757 2542 fame,
2792 2487 2885 2532 aut
2935 2477 3042 2533 alia
3089 2477 3284 2548 quavis
3337 2476 3521 2547 inopia

1897 2570 2172 2636 laborent,
2206 2572 2408 2642 quibus
2461 2571 2506 2627 si
2556 2571 2871 2627 necessaria
2927 2569 3340 2636 ministrabitis,
3404 2572 3524 2627 the-

1895 2677 2092 2718 sauros
2114 2662 2274 2718 vobis
2313 2662 2369 2718 in
2399 2660 2540 2718 corio
2592 2663 2880 2734 parabilis.
2926 2661 3150 2720 Sanctis
3207 2660 3520 2733 huiusmodi

1897 2755 2125 2811 monitis
2167 2755 2290 2826 pius
2335 2763 2498 2826 pater
2530 2769 2661 2810 suos
2721 2757 2791 2811 ad
2849 2754 3070 2827 pictatis
3126 2769 3292 2826 opera
3330 2752 3524 2825 impel-

1899 2846 2088 2912 lebat,
2139 2855 2197 2902 et
2239 2846 2487 2916 quotidie
2536 2847 2711 2920 magis
2755 2847 3103 2904 adhortando
3159 2847 3518 2904 accendebat.

1897 2938 2108 2995 Memor
2137 2948 2322 2995 autem
2351 2946 2624 2994 anteacta:
2651 2940 2705 2993 in
2729 2954 2919 2995 eremo
2942 2940 3091 3005 vitae,
3125 2939 3271 2995 miro
3301 2953 3524 3010 semper

1897 3030 2188 3086 tenebatur
2246 3029 2637 3086 sollicitudinis
2690 3029 2838 3085 illius
2895 3029 3219 3087 desiderio:
3270 3029 3324 3085 in
3385 3044 3517 3100 qua,

192 3091 338 3144 linem
369 3090 678 3191 imponere,
711 3098 1118 3191 ae‘providere,
1166 3110 1225 3155 ut
1263 3101 1520 3174 deinceps
1545 3105 1786 3176 gratuita
1818 3170 1860 3191 Α
1895 3119 2022 3190 quia
2052 3134 2160 3176 ηοη
2207 3129 2427 3190 potem;
2474 3119 2715 3191 amplam;
2741 3135 2886 3190 esse.
2917 3121 3140 3186 saltem,
3182 3121 3329 3191 quod
3356 3090 3518 3176 άᾷωξ

189 3191 317 3236 esset
343 3183 410 3237 ad
455 3199 648 3240 sacros
677 3187 900 3243 ordines
930 3192 1223 3259 promotio.
1261 3170 1642 3267 Exigit—igitur
1678 3209 1787 3253 tam

1894 3170 2003 3278 thr,
2045 3213 2451 3278 austeritatem,
2481 3213 2908 3284 quibuscunque
2935 3222 3154 3285 poterat
3180 3214 3384 3280 modis,
3434 3227 3520 3271 rc-

190 3273 250 3325 ab
273 3276 690 3349 archiepiscopo
717 3278 1130 3344 Mediolauensi,
1159 3299 1324 3354 quam
1355 3301 1384 3339 a
1429 3287 1664 3350 caeteris,
1693 3290 1786 3358 qui

1894 3273 2278 3374 praisentabat.
2315 3273 2452 3357 Nam
2480 3273 2915 3374 qtrotidiauose,
2935 3273 3148 3376 praeter
3171 3304 3290 3360 dies
3320 3304 3516 3373 festos,

190 3364 358 3468 διῑιιικξ
387 3368 538 3437 η)υά
571 3368 720 3468 illo")
753 3369 1140 3468 _f“"80|'enw_"
1170 3373 1390 3468 Δξξίῖίίῖίοο
1419 3376 1786 3435 ίηνίοίθυίιείη
1883 3364 2097 3468 jejunio
2149 3364 2516 3464 macerabat;
2554 3396 2720 3468 idque
2759 3364 3031 3468 jejunium
3063 3397 3229 3452 nimis
3254 3405 3378 3454 erat
3421 3364 3518 3454 du;

191 3457 530 3523 sponsionem
556 3476 572 3526 ;
602 3471 661 3516 ut
682 3460 938 3533 deinceps
966 3464 1148 3521 omnis
1167 3465 1255 3521 illa
1285 3467 1587 3524 simoniaea
1611 3469 1786 3537 labes,

1894 3504 2014 3542 rum
2064 3503 2130 3542 ac
2159 3488 2396 3559 rigidum
2431 3507 2444 3543 :
2477 3488 2750 3559 siquidem
2779 3504 2976 3560 aspero
3006 3489 3333 3546 vescebatur
3353 3493 3516 3561 pa‘ne,

191 3561 384 3650 ξ¹θεη⁰¹¹
444 3549 843 3650 Νξςοίξίιδιύηὶ
896 3554 1124 3650 ¹¹α²Γθ³ίξ
1160 3571 1402 3650 Prw?”
1448 3559 1786 3616 θδοῗθτθιυτ·
1890 3587 1943 3632 et
1971 3549 2256 3632 externam
2286 3577 2510 3632 bibebat
2532 3549 2753 3648 aquam,
2781 3549 3036 3649 quamvis
3062 3580 3216 3635 senio
3234 3579 3348 3650 jam
3379 3593 3514 3634 con-

167 3635 259 3690 -lta
281 3640 654 3697 reconciliatis
701 3653 866 3713 atque
885 3646 1204 3716 compositis
1227 3647 1450 3715 animis,
1480 3650 1783 3717 decretura,

191 3744 241 3787 ut
265 3750 384 3790 mox
432 3737 694 3794 omnibus
749 3741 952 3810 passim
1001 3743 1388 3800 restitueretur
1437 3747 1785 3804 ministrandi

190 3821 409 3879 cilicium
437 3843 452 3892 ;
481 3828 582 3882 sed
617 3828 683 3883 iis
726 3829 1015 3897 duntaxat,
1047 3834 1140 3904 qui
1197 3835 1419 3900 litteris,
1468 3846 1525 3892 et
1569 3854 1784 3894 morum

192 3916 472 3984 gravitate,
517 3934 584 3973 ac
640 3921 932 3978 honestate
965 3924 1114 3996 digni
1166 3927 1517 3995 viderentur;
1569 3932 1787 3987 caateris

193 4016 357 4063 autem
387 4009 688 4078 sulllccret,
715 4015 858 4083 quod
886 4014 1145 4072 Ecclesiae
1179 4029 1384 4076 sanctae
1415 4035 1514 4091 per
1541 4022 1782 4079 divinam

191 4101 404 4166 gratiam
451 4114 640 4160 essent
681 4107 894 4174 inserti,
943 4123 974 4163 a
1025 4123 1132 4179 qua
1166 4109 1386 4167 fuerant
1428 4112 1632 4170 divina:
1657 4131 1782 4171 sen-

194 4197 358 4250 tentia:
393 4195 538 4253 falce
573 4201 808 4268 pmcisi.
843 4201 921 4256 llli
971 4204 1139 4260 etiam
1192 4205 1316 4277 ipsi,
1369 4208 1574 4279 quibus
1619 4211 1784 4266 mini-

193 4288 378 4341 strandi
431 4287 670 4346 facultas
717 4293 966 4348 restituta
1014 4305 1120 4360 est,
1164 4313 1272 4353 non
1314 4314 1381 4354 ex
1432 4301 1572 4357 male
1622 4313 1781 4374 parta

193 4379 741 4451 reteripromo'tione,
793 4386 889 4441 sed
936 4402 1002 4443 ex
1052 4390 1210 4445 beata
1244 4393 1509 4463 principis
1556 4405 1778 4464 aposto-

193 4471 348 4531 lorum
377 4479 732 4545 auctoritate,
762 4497 867 4551 qua
905 4482 958 4537 in
992 4484 1052 4538 Β.
1103 4475 1478 4556 Apollinarem
1528 4505 1661 4544 usus
1688 4505 1766 4544 reo

194 4576 338 4633 petite
361 4578 467 4635 est,
494 4571 721 4628 dicens:
763 4574 967 4646 Accipe
993 4575 1259 4656 Spiritum
1310 4589 1583 4647 sanetum,
1616 4583 1779 4638 simul

193 4669 238 4714 ct
264 4664 635 4732 pomilicatum
663 4684 679 4733 ;
712 4669 779 4724 ad
812 4671 1181 4728 ministerium
1213 4670 1612 4746 recepti'i'uere.
1652 4678 1779 4735 Haec

195 4750 410 4810 breviter
439 4758 741 4828 attigimus,
770 4771 829 4816 ut
857 4778 924 4818 ex
959 4764 1025 4819 iis
1055 4776 1251 4822 cartera
1276 4769 1421 4825 illius
1443 4781 1619 4842 gesta,
1643 4789 1778 4844 qua-

195 4845 250 4902 lia
274 4853 608 4922 exstiterint,
643 4860 1020 4933 unusquisque
1048 4861 1228 4919 facere
1251 4863 1624 4934 conjecturam
1648 4884 1777 4939 pos-

194 4941 286 5004 sit;
327 4961 452 5000 nam
494 4951 748 5020 persequi
787 4954 994 5017 omnia,
1019 4955 1294 5011 nemiuem
1322 4973 1486 5027 posse
1517 4959 1776 5025 arbitror,

195 5031 272 5099 qui
298 5035 513 5104 quidem
540 5037 596 5093 in
625 5049 814 5095 sancta
845 5042 1090 5100 Ecclesia
1135 5061 1417 5117 nunquam
1452 5048 1773 5119 desistebat,

195 5127 433 5198 quidquid
489 5149 764 5201 pravum,
809 5137 1071 5208 quidquid
1129 5141 1372 5197 insolens
1426 5129 1774 5218 emergeret,

197 5232 394 5285 [uorsus
417 5224 630 5291 tollere,
674 5244 739 5282 ac
761 5231 1099 5302 exstirpare;
1131 5233 1395 5306 quidquid
1418 5248 1602 5295 autem
1627 5240 1776 5310 pium

198 5324 248 5364 τε
277 5316 582 5388 religiosum
637 5322 1128 5393 animadvertebat,
1175 5329 1243 5384 ad
1285 5329 1492 5388 Christi
1541 5333 1774 5404 gloriam

200 5401 478 5466 instituere.
533 5411 591 5467 lu
643 5415 838 5483 quibus
893 5420 1112 5488 quidem
1167 5425 1422 5481 omnibus
1448 5401 1667 5484 divinus
1700 5427 1775 5484 illi

201 5493 348 5561 favor.
381 5513 434 5556 et
464 5507 779 5564 exuberans
807 5511 994 5567 aderat
1019 5515 1191 5585 gratia
1219 5533 1234 5583 ;
1277 5533 1402 5574 cum
1452 5520 1623 5590 ipsius
1648 5538 1776 5579 cen-

200 5597 306 5640 sura
352 5594 476 5662 quid
532 5597 982 5668 admittendum,
1046 5605 1248 5674 quidve
1313 5610 1583 5679 agendum
1620 5650 1635 5676 ,
1682 5621 1776 5667 aut

201 5693 292 5735 non
341 5690 610 5756 agendqu
662 5691 842 5758 foret,
893 5699 1171 5755 canonicis
1223 5703 1597 5761 sanctionibus
1647 5721 1773 5761 cou-

201 5777 360 5827 ﬂaret.

1892 3668 2093 3726 fectus.
2140 3669 2368 3740 Insuper
2400 3666 2597 3726 ferreis
2648 3684 2817 3741 super
2854 3669 3001 3725 nudo
3040 3670 3276 3740 catenis,
3328 3669 3520 3725 multis

1890 3761 2230 3816 maceratum
2274 3759 2454 3834 modis.
2481 3760 2897 3832 constringebat
2919 3776 3140 3830 corpus,
3173 3771 3228 3815 et
3253 3759 3516 3831 frequen-

1893 3867 1977 3911 ter
2007 3856 2170 3910 modo
2197 3855 2504 3926 palmarum
2549 3855 2895 3922 verberibus,
2941 3857 3104 3910 modo
3141 3855 3276 3910 loris
3309 3853 3512 3926 adlige-

1893 3949 2107 4004 batzet
2143 3964 2266 4003 cum
2312 3956 2391 4003 tot
2417 3948 2574 4003 duris
2621 3947 2872 4005 confecta
2921 3949 3102 4004 modis
3146 3947 3342 4003 sz-nilia
3394 3947 3513 4003 fati-

1890 4050 2045 4112 garet
2075 4040 2342 4106 membra,
2375 4055 2482 4095 non
2506 4040 2746 4096 cubabat
2771 4040 2826 4096 in
2862 4041 3086 4112 plumis,
3112 4050 3208 4094 aut
3235 4048 3514 4096 stramen-

1893 4135 1986 4198 tis,
2045 4133 2141 4189 sed
2204 4149 2371 4205 super
2423 4135 2570 4190 nuda
2610 4144 2766 4191 crate
2813 4150 3094 4202 somnum,
3134 4135 3228 4207 qui
3274 4143 3396 4191 erat
3438 4135 3514 4190 illi

1891 4225 2274 4294 parcissimus,
2305 4226 2582 4296 capiebat.
2616 4227 2760 4296 Quid
2792 4228 2938 4284 illius
2965 4228 3256 4300 psallendi,
3291 4227 3511 4291 orandi,

1891 4318 2123 4389 legendi,
2177 4333 2242 4374 ac
2271 4318 2513 4376 dictandi
2545 4321 2872 4376 admirabile
2923 4321 3166 4377 studium
3219 4321 3457 4377 referam
3490 4322 3516 4375 ?

1888 4408 2000 4463 Nec
2026 4409 2158 4464 illud
2209 4413 2679 4479 prmtereundum,
2733 4413 2879 4484 quod
2907 4428 2974 4469 ex
3006 4413 3198 4469 eadem
3253 4414 3418 4484 pelvi,
3458 4414 3512 4469 in

1888 4518 1994 4572 qua
2046 4517 2349 4573 pauperum
2382 4503 2550 4573 pedes
2580 4503 2819 4572 lavabat,
2854 4506 3038 4562 cibum
3075 4506 3191 4576 ipse
3233 4506 3508 4562 sumebat.

1890 4593 2117 4660 Quoties
2139 4594 2524 4664 superioribus
2559 4599 2899 4667 temporibus
2946 4598 3015 4654 ad
3068 4598 3340 4670 synodum
3389 4614 3509 4653 mo-

1891 4689 2216 4754 nachorum,
2249 4691 2394 4760 quod
2424 4691 2703 4762 appellant
2741 4684 3034 4750 cmnobitm
3064 4694 3383 4766 capitulum,
3416 4710 3510 4749 ac—

1889 4781 2137 4845 cedebat,
2169 4797 2229 4838 se
2257 4783 2388 4839 sedc
2433 4799 2528 4839 sua
2560 4784 2774 4841 solebat
2805 4802 3059 4859 surgere,
3087 4796 3141 4843 et
3179 4786 3233 4841 in
3271 4786 3511 4841 medium

1889 4874 2162 4945 progredi,
2193 4874 2376 4945 ibique
2411 4893 2508 4931 sua
2537 4877 2822 4933 humiliter
2853 4879 3086 4934 crimina
3135 4879 3412 4944 confiteri,
3456 4887 3512 4933 et

1891 4965 2119 5020 multam
2169 4981 2268 5038 pro
2312 4967 2378 5022 iis
2429 4983 2679 5039 poscere,
2717 4979 2771 5025 et
2823 4972 3037 5027 sanctis
3083 4969 3514 5027 allocutionibus

1884 5061 1999 5115 suis
2049 5061 2213 5118 modo
2263 5061 2452 5128 hunc,
2489 5063 2651 5118 modo
2712 5063 2888 5131 illum,
2927 5067 3094 5120 modo
3137 5064 3512 5120 communiter

1883 5168 2077 5209 omnes
2107 5151 2402 5216 instruere.
2433 5155 2514 5209 Ad
2541 5155 2796 5224 juniores
2825 5170 3012 5214 autem
3056 5173 3363 5214 conversus
3393 5158 3508 5212 aie-

1884 5245 1982 5301 bat
2010 5266 2022 5300 :
2054 5248 2234 5315 Scire,
2265 5248 2606 5304 dilectissimi
2641 5249 2758 5316 lilii,
2789 5251 3025 5315 debetis,
3057 5265 3508 5322 unumquemque

1883 5348 2153 5406 vestrum,
2208 5349 2318 5395 tam
2372 5350 2617 5407 strenue,
2671 5351 2894 5414 tamque
2942 5344 3205 5400 ardenter
3246 5352 3510 5414 oportere

1883 5429 2046 5499 hujus
2087 5432 2297 5488 militite
2340 5435 2611 5504 tyrociuia
2667 5435 2954 5500 inchoare,
3003 5445 3059 5491 et
3109 5443 3286 5500 tanto,
3321 5434 3505 5507 quoad

1884 5539 2168 5594 corporczr
2195 5536 2495 5596 suppetunt
2523 5527 2692 5592 vires,
2725 5527 2912 5583 labore
2940 5544 3000 5583 se
3051 5543 3339 5592 exercere,
3391 5543 3505 5598 quo

1882 5624 1992 5670 tota
2034 5619 2208 5675 series
2255 5629 2525 5674 secutura:
2570 5621 2694 5675 vita:
2739 5624 2808 5678 ad
2857 5621 3079 5678 fortiter
3107 5619 3378 5692 agendum
3406 5637 3505 5674 va-

1881 5707 1992 5762 leat
2025 5710 2334 5765 informari.
2389 5709 2772 5768 Provectiores
2803 5729 2932 5768 vero
2961 5714 3030 5768 ad
3059 5711 3375 5767 conﬂictum
3415 5713 3499 5766 vi-

1883 5802 2102 5866 tiorum,
2143 5797 2207 5857 a'l
2237 5803 2637 5875 cogitationum
2671 5806 3085 5872 discretionem,
3122 5805 3503 5872 ccmpuuctio—
