  <div class='ocr_page' id='page_1' title='image "/cluster/home/n/w/nwhite01/storage/ocr_20150623/144-145/uc1.31175001639262/085.png"; bbox 0 0 4040 6382; ppageno 0'>
   <div class='ocr_carea' id='block_1_1' title="bbox 610 317 714 371">
    <p class='ocr_par' dir='ltr' id='par_1_1' title="bbox 610 317 714 371">
     <span class='ocr_line' id='line_1_1' title="bbox 610 317 714 371; baseline 0.01 -1"><span class='ocrx_word' id='word_1_1' title='bbox 610 317 714 371; x_wconf 72' lang='grc'><strong>153</strong></span> 
     </span>
    </p>
   </div>
   <div class='ocr_carea' id='block_1_2' title="bbox 1491 308 3035 395">
    <p class='ocr_par' dir='ltr' id='par_1_2' title="bbox 1491 308 3035 395">
     <span class='ocr_line' id='line_1_2' title="bbox 1491 308 3035 395; baseline -0.003 -28"><span class='ocrx_word' id='word_1_2' title='bbox 1491 312 1543 367; x_wconf 81' lang='grc'><strong>5.</strong></span> <span class='ocrx_word' id='word_1_3' title='bbox 1588 309 1860 365; x_wconf 79' lang='lat' dir='ltr'><strong>PETRUS</strong></span> <span class='ocrx_word' id='word_1_4' title='bbox 1908 308 2257 395; x_wconf 42' lang='lat' dir='ltr'><strong>DAMIaNUS</strong></span> <span class='ocrx_word' id='word_1_5' title='bbox 2290 311 2348 364; x_wconf 90' lang='lat' dir='ltr'><strong>S.</strong></span> <span class='ocrx_word' id='word_1_6' title='bbox 2392 310 2453 362; x_wconf 83' lang='lat' dir='ltr'><strong>ll.</strong></span> <span class='ocrx_word' id='word_1_7' title='bbox 2502 309 2560 363; x_wconf 84' lang='grc' dir='ltr'><strong>Ε.</strong></span> <span class='ocrx_word' id='word_1_8' title='bbox 2602 308 3035 365; x_wconf 69' lang='lat' dir='ltr'><strong>CARDINALIS.</strong></span> 
     </span>
    </p>
   </div>
   <div class='ocr_carea' id='block_1_3' title="bbox 3760 313 3863 369">
    <p class='ocr_par' dir='ltr' id='par_1_3' title="bbox 3760 313 3863 369">
     <span class='ocr_line' id='line_1_3' title="bbox 3760 313 3863 369; baseline 0 0"><span class='ocrx_word' id='word_1_9' title='bbox 3760 313 3863 369; x_wconf 67' lang='lat'><strong>£56</strong></span> 
     </span>
    </p>
   </div>
   <div class='ocr_carea' id='block_1_4' title="bbox 607 420 3863 496">
    <p class='ocr_par' dir='ltr' id='par_1_4' title="bbox 607 420 3863 496">
     <span class='ocr_line' id='line_1_4' title="bbox 607 420 3863 496; baseline -0 -14"><span class='ocrx_word' id='word_1_10' title='bbox 607 430 713 491; x_wconf 88' lang='lat' dir='ltr'><strong>uis,</strong></span> <span class='ocrx_word' id='word_1_11' title='bbox 738 436 790 482; x_wconf 85' lang='lat' dir='ltr'><strong>et</strong></span> <span class='ocrx_word' id='word_1_12' title='bbox 814 422 1304 496; x_wconf 83' lang='lat' dir='ltr'><strong>contemplationis,</strong></span> <span class='ocrx_word' id='word_1_13' title='bbox 1322 437 1420 477; x_wconf 89' lang='lat' dir='ltr'><strong>nec</strong></span> <span class='ocrx_word' id='word_1_14' title='bbox 1442 437 1551 476; x_wconf 87' lang='lat' dir='ltr'><strong>non</strong></span> <span class='ocrx_word' id='word_1_15' title='bbox 1574 423 1639 475; x_wconf 86' lang='lat' dir='ltr'><strong>ad</strong></span> <span class='ocrx_word' id='word_1_16' title='bbox 1664 422 1957 491; x_wconf 88' lang='lat' dir='ltr'><strong>puritatem</strong></span> <span class='ocrx_word' id='word_1_17' title='bbox 1984 422 2181 475; x_wconf 84' lang='lat' dir='ltr'><strong>mentis</strong></span> <span class='ocrx_word' id='word_1_18' title='bbox 2210 427 2255 484; x_wconf 78' lang='grc' dir='ltr'><strong>Α</strong></span> <span class='ocrx_word' id='word_1_19' title='bbox 2286 420 2491 476; x_wconf 91' lang='lat' dir='ltr'><strong>melliti.</strong></span> <span class='ocrx_word' id='word_1_20' title='bbox 2520 420 2665 475; x_wconf 86' lang='lat' dir='ltr'><strong>inter</strong></span> <span class='ocrx_word' id='word_1_21' title='bbox 2686 421 2880 477; x_wconf 76' lang='lat' dir='ltr'><strong>fratres</strong></span> <span class='ocrx_word' id='word_1_22' title='bbox 2924 436 3101 477; x_wconf 88' lang='lat' dir='ltr'><strong>autem</strong></span> <span class='ocrx_word' id='word_1_23' title='bbox 3150 425 3385 493; x_wconf 88' lang='lat' dir='ltr'><strong>undique</strong></span> <span class='ocrx_word' id='word_1_24' title='bbox 3437 426 3863 491; x_wconf 78' lang='lat' dir='ltr'><strong>discumbentes,</strong></span> 
     </span>
    </p>
   </div>
   <div class='ocr_carea' id='block_1_5' title="bbox 610 510 2179 582">
    <p class='ocr_par' dir='ltr' id='par_1_5' title="bbox 610 510 2179 582">
     <span class='ocr_line' id='line_1_5' title="bbox 610 510 2179 582; baseline -0.005 -9"><span class='ocrx_word' id='word_1_25' title='bbox 610 520 737 573; x_wconf 91' lang='lat' dir='ltr'><strong>totis</strong></span> <span class='ocrx_word' id='word_1_26' title='bbox 780 518 985 571; x_wconf 89' lang='lat' dir='ltr'><strong>viribus</strong></span> <span class='ocrx_word' id='word_1_27' title='bbox 1036 513 1485 580; x_wconf 77' lang='lat' dir='ltr'><strong>conservandam,</strong></span> <span class='ocrx_word' id='word_1_28' title='bbox 1533 513 1683 582; x_wconf 85' lang='lat' dir='ltr'><strong>gravi</strong></span> <span class='ocrx_word' id='word_1_29' title='bbox 1703 522 1759 567; x_wconf 87' lang='lat' dir='ltr'><strong>et</strong></span> <span class='ocrx_word' id='word_1_30' title='bbox 1806 510 2039 566; x_wconf 88' lang='lat' dir='ltr'><strong>facundo</strong></span> <span class='ocrx_word' id='word_1_31' title='bbox 2068 529 2179 567; x_wconf 87' lang='lat' dir='ltr'><strong>ser—</strong></span> 
     </span>
    </p>
   </div>
   <div class='ocr_carea' id='block_1_6' title="bbox 610 603 2177 674">
    <p class='ocr_par' dir='ltr' id='par_1_6' title="bbox 610 603 2177 674">
     <span class='ocr_line' id='line_1_6' title="bbox 610 603 2177 674; baseline -0.006 -10"><span class='ocrx_word' id='word_1_32' title='bbox 610 626 765 665; x_wconf 84' lang='lat' dir='ltr'><strong>mone</strong></span> <span class='ocrx_word' id='word_1_33' title='bbox 786 607 1172 670; x_wconf 84' lang='lat' dir='ltr'><strong>iuflammabat,</strong></span> <span class='ocrx_word' id='word_1_34' title='bbox 1201 604 1541 674; x_wconf 75' lang='lat' dir='ltr'><strong>addebatque</strong></span> <span class='ocrx_word' id='word_1_35' title='bbox 1582 604 1777 659; x_wconf 81' lang='lat' dir='ltr'><strong>debere</strong></span> <span class='ocrx_word' id='word_1_36' title='bbox 1802 603 2098 671; x_wconf 84' lang='lat' dir='ltr'><strong>quemlibet</strong></span> <span class='ocrx_word' id='word_1_37' title='bbox 2127 604 2177 656; x_wconf 93' lang='lat' dir='ltr'><strong>in</strong></span> 
     </span>
    </p>
   </div>
   <div class='ocr_carea' id='block_1_7' title="bbox 610 694 2181 770">
    <p class='ocr_par' dir='ltr' id='par_1_7' title="bbox 610 694 2181 770">
     <span class='ocr_line' id='line_1_7' title="bbox 610 694 2181 770; baseline -0.005 -15"><span class='ocrx_word' id='word_1_38' title='bbox 610 699 833 770; x_wconf 87' lang='lat' dir='ltr'><strong>spiritali</strong></span> <span class='ocrx_word' id='word_1_39' title='bbox 859 698 1155 758; x_wconf 77' lang='lat' dir='ltr'><strong>certamine</strong></span> <span class='ocrx_word' id='word_1_40' title='bbox 1180 711 1306 751; x_wconf 86' lang='lat' dir='ltr'><strong>suas</strong></span> <span class='ocrx_word' id='word_1_41' title='bbox 1331 695 1477 751; x_wconf 88' lang='lat' dir='ltr'><strong>vires</strong></span> <span class='ocrx_word' id='word_1_42' title='bbox 1502 708 1793 764; x_wconf 73' lang='lat' dir='ltr'><strong>agnoscere</strong></span> <span class='ocrx_word' id='word_1_43' title='bbox 1817 710 1829 747; x_wconf 91' lang='lat'><strong>:</strong></span> <span class='ocrx_word' id='word_1_44' title='bbox 1862 694 2181 762; x_wconf 67' lang='lat' dir='ltr'><strong>ignominio-</strong></span> 
     </span>
    </p>
   </div>
   <div class='ocr_carea' id='block_1_8' title="bbox 609 784 2184 857">
    <p class='ocr_par' dir='ltr' id='par_1_8' title="bbox 609 784 2184 857">
     <span class='ocr_line' id='line_1_8' title="bbox 609 784 2184 857; baseline -0.003 -14"><span class='ocrx_word' id='word_1_45' title='bbox 609 805 723 843; x_wconf 80' lang='lat' dir='ltr'><strong>sum</strong></span> <span class='ocrx_word' id='word_1_46' title='bbox 752 789 949 857; x_wconf 79' lang='lat' dir='ltr'><strong>quippe</strong></span> <span class='ocrx_word' id='word_1_47' title='bbox 991 788 1256 841; x_wconf 81' lang='lat' dir='ltr'><strong>monacho</strong></span> <span class='ocrx_word' id='word_1_48' title='bbox 1301 801 1419 841; x_wconf 86' lang='lat' dir='ltr'><strong>esse</strong></span> <span class='ocrx_word' id='word_1_49' title='bbox 1472 784 1725 855; x_wconf 81' lang='lat' dir='ltr'><strong>spiritalis</strong></span> <span class='ocrx_word' id='word_1_50' title='bbox 1755 784 1955 838; x_wconf 78' lang='lat' dir='ltr'><strong>militite</strong></span> <span class='ocrx_word' id='word_1_51' title='bbox 1981 784 2184 852; x_wconf 75' lang='lat' dir='ltr'><strong>profes~</strong></span> 
     </span>
    </p>
   </div>
   <div class='ocr_carea' id='block_1_9' title="bbox 608 874 2183 948">
    <p class='ocr_par' dir='ltr' id='par_1_9' title="bbox 608 874 2183 948">
     <span class='ocr_line' id='line_1_9' title="bbox 608 874 2183 948; baseline -0.003 -16"><span class='ocrx_word' id='word_1_52' title='bbox 608 881 812 932; x_wconf 79' lang='lat' dir='ltr'><strong>sionem</strong></span> <span class='ocrx_word' id='word_1_53' title='bbox 842 878 1059 942; x_wconf 88' lang='lat' dir='ltr'><strong>habere,</strong></span> <span class='ocrx_word' id='word_1_54' title='bbox 1084 886 1135 931; x_wconf 92' lang='lat' dir='ltr'><strong>et</strong></span> <span class='ocrx_word' id='word_1_55' title='bbox 1158 892 1256 948; x_wconf 88' lang='lat' dir='ltr'><strong>per</strong></span> <span class='ocrx_word' id='word_1_56' title='bbox 1282 876 1550 944; x_wconf 60' lang='lat' dir='ltr'><strong>ignaviam</strong></span> <span class='ocrx_word' id='word_1_57' title='bbox 1588 874 1898 944; x_wconf 65' lang='lat' dir='ltr'><strong>experiendi</strong></span> <span class='ocrx_word' id='word_1_58' title='bbox 1935 876 2061 942; x_wconf 72' lang='lat' dir='ltr'><strong>quid</strong></span> <span class='ocrx_word' id='word_1_59' title='bbox 2086 892 2183 928; x_wconf 84' lang='lat' dir='ltr'><strong>va-</strong></span> 
     </span>
    </p>
   </div>
   <div class='ocr_carea' id='block_1_10' title="bbox 570 966 2185 1037">
    <p class='ocr_par' dir='ltr' id='par_1_10' title="bbox 570 966 2185 1037">
     <span class='ocr_line' id='line_1_10' title="bbox 570 966 2185 1037; baseline -0.001 -15"><span class='ocrx_word' id='word_1_60' title='bbox 570 986 571 991; x_wconf 75' lang='lat'>‘</span> <span class='ocrx_word' id='word_1_61' title='bbox 609 971 737 1033; x_wconf 89' lang='lat' dir='ltr'><strong>leat,</strong></span> <span class='ocrx_word' id='word_1_62' title='bbox 780 970 1046 1037; x_wconf 84' lang='lat' dir='ltr'><strong>ignorare.</strong></span> <span class='ocrx_word' id='word_1_63' title='bbox 1092 968 1251 1023; x_wconf 84' lang='lat' dir='ltr'><strong>Certe</strong></span> <span class='ocrx_word' id='word_1_64' title='bbox 1294 968 1407 1037; x_wconf 86' lang='lat' dir='ltr'><strong>ipse</strong></span> <span class='ocrx_word' id='word_1_65' title='bbox 1448 968 1505 1025; x_wconf 85' lang='lat' dir='ltr'><strong>in</strong></span> <span class='ocrx_word' id='word_1_66' title='bbox 1545 967 1753 1036; x_wconf 84' lang='lat' dir='ltr'><strong>magnis</strong></span> <span class='ocrx_word' id='word_1_67' title='bbox 1798 966 2185 1021; x_wconf 78' lang='lat' dir='ltr'><strong>certaminibus</strong></span> 
     </span>
    </p>
   </div>
   <div class='ocr_carea' id='block_1_11' title="bbox 605 1054 2182 1126">
    <p class='ocr_par' dir='ltr' id='par_1_11' title="bbox 605 1054 2182 1126">
     <span class='ocr_line' id='line_1_11' title="bbox 605 1054 2182 1126; baseline -0.001 -17"><span class='ocrx_word' id='word_1_68' title='bbox 605 1057 836 1126; x_wconf 80' lang='lat' dir='ltr'><strong>experiri</strong></span> <span class='ocrx_word' id='word_1_69' title='bbox 863 1072 923 1111; x_wconf 89' lang='lat' dir='ltr'><strong>se</strong></span> <span class='ocrx_word' id='word_1_70' title='bbox 945 1056 1128 1109; x_wconf 89' lang='lat' dir='ltr'><strong>voluit.</strong></span> <span class='ocrx_word' id='word_1_71' title='bbox 1158 1055 1292 1110; x_wconf 80' lang='lat' dir='ltr'><strong>Nam</strong></span> <span class='ocrx_word' id='word_1_72' title='bbox 1318 1054 1611 1111; x_wconf 81' lang='lat' dir='ltr'><strong>fidelissimi</strong></span> <span class='ocrx_word' id='word_1_73' title='bbox 1638 1064 1804 1109; x_wconf 86' lang='lat' dir='ltr'><strong>testes</strong></span> <span class='ocrx_word' id='word_1_74' title='bbox 1839 1057 2182 1118; x_wconf 83' lang='lat' dir='ltr'><strong>asserebant,</strong></span> 
     </span>
    </p>
   </div>
   <div class='ocr_carea' id='block_1_12' title="bbox 610 1144 2181 1215">
    <p class='ocr_par' dir='ltr' id='par_1_12' title="bbox 610 1144 2181 1215">
     <span class='ocr_line' id='line_1_12' title="bbox 610 1144 2181 1215; baseline 0 -16"><span class='ocrx_word' id='word_1_75' title='bbox 610 1145 756 1199; x_wconf 73' lang='lat' dir='ltr'><strong>iitum</strong></span> <span class='ocrx_word' id='word_1_76' title='bbox 790 1160 883 1213; x_wconf 80' lang='lat' dir='ltr'><strong>per</strong></span> <span class='ocrx_word' id='word_1_77' title='bbox 926 1154 1061 1198; x_wconf 89' lang='lat' dir='ltr'><strong>totos</strong></span> <span class='ocrx_word' id='word_1_78' title='bbox 1092 1144 1445 1215; x_wconf 71' lang='lat' dir='ltr'><strong>quadraginta</strong></span> <span class='ocrx_word' id='word_1_79' title='bbox 1491 1146 1606 1199; x_wconf 81' lang='lat' dir='ltr'><strong>dies</strong></span> <span class='ocrx_word' id='word_1_80' title='bbox 1650 1144 1797 1199; x_wconf 91' lang='lat' dir='ltr'><strong>nullo</strong></span> <span class='ocrx_word' id='word_1_81' title='bbox 1839 1155 1993 1199; x_wconf 90' lang='lat' dir='ltr'><strong>cocto</strong></span> <span class='ocrx_word' id='word_1_82' title='bbox 2039 1146 2181 1207; x_wconf 85' lang='lat' dir='ltr'><strong>cibo,</strong></span> 
     </span>
    </p>
   </div>
   <div class='ocr_carea' id='block_1_13' title="bbox 609 1234 2179 1303">
    <p class='ocr_par' dir='ltr' id='par_1_13' title="bbox 609 1234 2179 1303">
     <span class='ocr_line' id='line_1_13' title="bbox 609 1234 2179 1303; baseline 0.001 -16"><span class='ocrx_word' id='word_1_83' title='bbox 609 1236 702 1287; x_wconf 80' lang='lat' dir='ltr'><strong>sed</strong></span> <span class='ocrx_word' id='word_1_84' title='bbox 752 1235 1119 1289; x_wconf 88' lang='lat' dir='ltr'><strong>tantunnuodo</strong></span> <span class='ocrx_word' id='word_1_85' title='bbox 1170 1234 1362 1303; x_wconf 88' lang='lat' dir='ltr'><strong>pomis,</strong></span> <span class='ocrx_word' id='word_1_86' title='bbox 1412 1248 1467 1290; x_wconf 82' lang='lat' dir='ltr'><strong>et</strong></span> <span class='ocrx_word' id='word_1_87' title='bbox 1510 1236 1693 1291; x_wconf 86' lang='lat' dir='ltr'><strong>crudis</strong></span> <span class='ocrx_word' id='word_1_88' title='bbox 1737 1234 1976 1289; x_wconf 83' lang='lat' dir='ltr'><strong>oleribus</strong></span> <span class='ocrx_word' id='word_1_89' title='bbox 2017 1235 2179 1297; x_wconf 83' lang='lat' dir='ltr'><strong>vesci,</strong></span> 
     </span>
    </p>
   </div>
   <div class='ocr_carea' id='block_1_14' title="bbox 610 1324 2182 1398">
    <p class='ocr_par' dir='ltr' id='par_1_14' title="bbox 610 1324 2182 1398">
     <span class='ocr_line' id='line_1_14' title="bbox 610 1324 2182 1398; baseline 0.004 -20"><span class='ocrx_word' id='word_1_90' title='bbox 610 1326 810 1393; x_wconf 86' lang='lat' dir='ltr'><strong>absque</strong></span> <span class='ocrx_word' id='word_1_91' title='bbox 839 1324 945 1379; x_wconf 92' lang='lat' dir='ltr'><strong>ullo</strong></span> <span class='ocrx_word' id='word_1_92' title='bbox 982 1336 1128 1394; x_wconf 89' lang='lat' dir='ltr'><strong>potu,</strong></span> <span class='ocrx_word' id='word_1_93' title='bbox 1157 1327 1409 1380; x_wconf 88' lang='lat' dir='ltr'><strong>solitum:</strong></span> <span class='ocrx_word' id='word_1_94' title='bbox 1456 1328 1707 1397; x_wconf 88' lang='lat' dir='ltr'><strong>quodque</strong></span> <span class='ocrx_word' id='word_1_95' title='bbox 1747 1330 1918 1398; x_wconf 88' lang='lat' dir='ltr'><strong>magis</strong></span> <span class='ocrx_word' id='word_1_96' title='bbox 1962 1330 2182 1396; x_wconf 83' lang='lat' dir='ltr'><strong>mirere,</strong></span> 
     </span>
    </p>
   </div>
   <div class='ocr_carea' id='block_1_15' title="bbox 609 1417 2184 1490">
    <p class='ocr_par' dir='ltr' id='par_1_15' title="bbox 609 1417 2184 1490">
     <span class='ocr_line' id='line_1_15' title="bbox 609 1417 2184 1490; baseline 0.004 -22"><span class='ocrx_word' id='word_1_97' title='bbox 609 1417 828 1470; x_wconf 76' lang='lat' dir='ltr'><strong>totidem</strong></span> <span class='ocrx_word' id='word_1_98' title='bbox 855 1417 1042 1471; x_wconf 90' lang='lat' dir='ltr'><strong>diebus</strong></span> <span class='ocrx_word' id='word_1_99' title='bbox 1084 1417 1229 1471; x_wconf 89' lang='lat' dir='ltr'><strong>nullo</strong></span> <span class='ocrx_word' id='word_1_100' title='bbox 1273 1433 1494 1488; x_wconf 85' lang='lat' dir='ltr'><strong>prorsus</strong></span> <span class='ocrx_word' id='word_1_101' title='bbox 1530 1433 1684 1473; x_wconf 88' lang='lat' dir='ltr'><strong>usum</strong></span> <span class='ocrx_word' id='word_1_102' title='bbox 1716 1418 1858 1483; x_wconf 90' lang='lat' dir='ltr'><strong>cibo,</strong></span> <span class='ocrx_word' id='word_1_103' title='bbox 1907 1436 2067 1490; x_wconf 86' lang='lat' dir='ltr'><strong>parca</strong></span> <span class='ocrx_word' id='word_1_104' title='bbox 2095 1437 2184 1475; x_wconf 84' lang='lat' dir='ltr'><strong>so-</strong></span> 
     </span>
    </p>
   </div>
   <div class='ocr_carea' id='block_1_16' title="bbox 614 1505 2184 1577">
    <p class='ocr_par' dir='ltr' id='par_1_16' title="bbox 614 1505 2184 1577">
     <span class='ocr_line' id='line_1_16' title="bbox 614 1505 2184 1577; baseline 0.003 -17"><span class='ocrx_word' id='word_1_105' title='bbox 614 1506 885 1560; x_wconf 90' lang='lat' dir='ltr'><strong>lummodo</strong></span> <span class='ocrx_word' id='word_1_106' title='bbox 921 1505 1211 1577; x_wconf 79' lang='lat' dir='ltr'><strong>leguminis</strong></span> <span class='ocrx_word' id='word_1_107' title='bbox 1264 1509 1528 1563; x_wconf 90' lang='lat' dir='ltr'><strong>infusione</strong></span> <span class='ocrx_word' id='word_1_108' title='bbox 1570 1518 1903 1564; x_wconf 88' lang='lat' dir='ltr'><strong>contentum.</strong></span> <span class='ocrx_word' id='word_1_109' title='bbox 1949 1510 2102 1577; x_wconf 83' lang='lat' dir='ltr'><strong>Quod</strong></span> <span class='ocrx_word' id='word_1_110' title='bbox 2139 1511 2184 1567; x_wconf 88' lang='lat' dir='ltr'><strong>si</strong></span> 
     </span>
    </p>
   </div>
   <div class='ocr_carea' id='block_1_17' title="bbox 606 1598 2181 1671">
    <p class='ocr_par' dir='ltr' id='par_1_17' title="bbox 606 1598 2181 1671">
     <span class='ocr_line' id='line_1_17' title="bbox 606 1598 2181 1671; baseline 0.002 -20"><span class='ocrx_word' id='word_1_111' title='bbox 606 1598 821 1667; x_wconf 85' lang='lat' dir='ltr'><strong>quando</strong></span> <span class='ocrx_word' id='word_1_112' title='bbox 846 1599 895 1652; x_wconf 90' lang='lat' dir='ltr'><strong>in</strong></span> <span class='ocrx_word' id='word_1_113' title='bbox 920 1599 1239 1654; x_wconf 87' lang='lat' dir='ltr'><strong>austeritate</strong></span> <span class='ocrx_word' id='word_1_114' title='bbox 1284 1601 1428 1661; x_wconf 57' lang='lat' dir='ltr'><strong>vita‘.</strong></span> <span class='ocrx_word' id='word_1_115' title='bbox 1477 1616 1638 1669; x_wconf 89' lang='lat' dir='ltr'><strong>quam</strong></span> <span class='ocrx_word' id='word_1_116' title='bbox 1676 1601 1879 1671; x_wconf 90' lang='lat' dir='ltr'><strong>jngiter</strong></span> <span class='ocrx_word' id='word_1_117' title='bbox 1912 1604 2181 1665; x_wconf 84' lang='lat' dir='ltr'><strong>servabat,</strong></span> 
     </span>
    </p>
   </div>
   <div class='ocr_carea' id='block_1_18' title="bbox 608 1688 2183 1763">
    <p class='ocr_par' dir='ltr' id='par_1_18' title="bbox 608 1688 2183 1763">
     <span class='ocr_line' id='line_1_18' title="bbox 608 1688 2183 1763; baseline 0.004 -23"><span class='ocrx_word' id='word_1_118' title='bbox 608 1688 813 1742; x_wconf 74' lang='lat' dir='ltr'><strong>eribus</strong></span> <span class='ocrx_word' id='word_1_119' title='bbox 842 1704 899 1742; x_wconf 89' lang='lat' dir='ltr'><strong>se</strong></span> <span class='ocrx_word' id='word_1_120' title='bbox 924 1689 1075 1742; x_wconf 87' lang='lat' dir='ltr'><strong>defici</strong></span> <span class='ocrx_word' id='word_1_121' title='bbox 1104 1689 1392 1750; x_wconf 88' lang='lat' dir='ltr'><strong>sentiebat.</strong></span> <span class='ocrx_word' id='word_1_122' title='bbox 1422 1706 1527 1743; x_wconf 90' lang='lat' dir='ltr'><strong>non</strong></span> <span class='ocrx_word' id='word_1_123' title='bbox 1580 1691 1812 1745; x_wconf 88' lang='lat' dir='ltr'><strong>dandum</strong></span> <span class='ocrx_word' id='word_1_124' title='bbox 1860 1694 1990 1747; x_wconf 91' lang='lat' dir='ltr'><strong>vitio</strong></span> <span class='ocrx_word' id='word_1_125' title='bbox 2029 1704 2183 1763; x_wconf 86' lang='lat' dir='ltr'><strong>puta-</strong></span> 
     </span>
    </p>
   </div>
   <div class='ocr_carea' id='block_1_19' title="bbox 2282 511 3860 585">
    <p class='ocr_par' dir='ltr' id='par_1_19' title="bbox 2282 511 3860 585">
     <span class='ocr_line' id='line_1_19' title="bbox 2282 511 3860 585; baseline 0.003 -18"><span class='ocrx_word' id='word_1_126' title='bbox 2282 521 2398 567; x_wconf 85' lang='lat' dir='ltr'><strong>crat</strong></span> <span class='ocrx_word' id='word_1_127' title='bbox 2441 511 2525 565; x_wconf 90' lang='lat' dir='ltr'><strong>vir</strong></span> <span class='ocrx_word' id='word_1_128' title='bbox 2574 511 2890 581; x_wconf 68' lang='lat' dir='ltr'><strong>pmclarus,</strong></span> <span class='ocrx_word' id='word_1_129' title='bbox 2935 522 2989 567; x_wconf 90' lang='lat' dir='ltr'><strong>et</strong></span> <span class='ocrx_word' id='word_1_130' title='bbox 3029 513 3223 583; x_wconf 84' lang='lat' dir='ltr'><strong>insigni</strong></span> <span class='ocrx_word' id='word_1_131' title='bbox 3265 515 3459 569; x_wconf 87' lang='lat' dir='ltr'><strong>decore</strong></span> <span class='ocrx_word' id='word_1_132' title='bbox 3502 518 3860 585; x_wconf 79' lang='lat' dir='ltr'><strong>conspicuus;</strong></span> 
     </span>
    </p>
   </div>
   <div class='ocr_carea' id='block_1_20' title="bbox 2282 601 3862 673">
    <p class='ocr_par' dir='ltr' id='par_1_20' title="bbox 2282 601 3862 673">
     <span class='ocr_line' id='line_1_20' title="bbox 2282 601 3862 673; baseline 0.005 -19"><span class='ocrx_word' id='word_1_133' title='bbox 2282 603 2370 671; x_wconf 84' lang='lat' dir='ltr'><strong>qui</strong></span> <span class='ocrx_word' id='word_1_134' title='bbox 2398 601 2687 670; x_wconf 85' lang='lat' dir='ltr'><strong>requisitus</strong></span> <span class='ocrx_word' id='word_1_135' title='bbox 2725 603 2863 656; x_wconf 90' lang='lat' dir='ltr'><strong>unde</strong></span> <span class='ocrx_word' id='word_1_136' title='bbox 2889 602 3023 656; x_wconf 82' lang='lat' dir='ltr'><strong>tales</strong></span> <span class='ocrx_word' id='word_1_137' title='bbox 3046 604 3396 659; x_wconf 79' lang='lat' dir='ltr'><strong>advenissent</strong></span> <span class='ocrx_word' id='word_1_138' title='bbox 3418 619 3606 673; x_wconf 87' lang='lat' dir='ltr'><strong>panes,</strong></span> <span class='ocrx_word' id='word_1_139' title='bbox 3631 622 3862 673; x_wconf 88' lang='lat' dir='ltr'><strong>quorum</strong></span> 
     </span>
    </p>
   </div>
   <div class='ocr_carea' id='block_1_21' title="bbox 2283 694 3862 765">
    <p class='ocr_par' dir='ltr' id='par_1_21' title="bbox 2283 694 3862 765">
     <span class='ocr_line' id='line_1_21' title="bbox 2283 694 3862 765; baseline 0.002 -17"><span class='ocrx_word' id='word_1_140' title='bbox 2283 695 2485 748; x_wconf 83' lang='lat' dir='ltr'><strong>scilicet</strong></span> <span class='ocrx_word' id='word_1_141' title='bbox 2510 694 2712 748; x_wconf 85' lang='lat' dir='ltr'><strong>similes</strong></span> <span class='ocrx_word' id='word_1_142' title='bbox 2734 704 2957 749; x_wconf 85' lang='lat' dir='ltr'><strong>eatenus</strong></span> <span class='ocrx_word' id='word_1_143' title='bbox 2984 710 3086 749; x_wconf 85' lang='lat' dir='ltr'><strong>non</strong></span> <span class='ocrx_word' id='word_1_144' title='bbox 3112 696 3375 751; x_wconf 83' lang='lat' dir='ltr'><strong>vidissent</strong></span> <span class='ocrx_word' id='word_1_145' title='bbox 3398 714 3413 750; x_wconf 87' lang='lat'><strong>:</strong></span> <span class='ocrx_word' id='word_1_146' title='bbox 3438 697 3499 749; x_wconf 89' lang='lat' dir='ltr'><strong>Hi</strong></span> <span class='ocrx_word' id='word_1_147' title='bbox 3524 707 3644 751; x_wconf 88' lang='lat' dir='ltr'><strong>sunt</strong></span> <span class='ocrx_word' id='word_1_148' title='bbox 3671 713 3862 765; x_wconf 83' lang='lat' dir='ltr'><strong>panes,</strong></span> 
     </span>
    </p>
   </div>
   <div class='ocr_carea' id='block_1_22' title="bbox 2285 785 3859 856">
    <p class='ocr_par' dir='ltr' id='par_1_22' title="bbox 2285 785 3859 856">
     <span class='ocr_line' id='line_1_22' title="bbox 2285 785 3859 856; baseline 0.002 -18"><span class='ocrx_word' id='word_1_149' title='bbox 2285 786 2473 854; x_wconf 84' lang='lat' dir='ltr'><strong>iuqui.,</strong></span> <span class='ocrx_word' id='word_1_150' title='bbox 2515 786 2709 853; x_wconf 79' lang='lat' dir='ltr'><strong>quibus</strong></span> <span class='ocrx_word' id='word_1_151' title='bbox 2742 785 2841 839; x_wconf 84' lang='lat' dir='ltr'><strong>filii</strong></span> <span class='ocrx_word' id='word_1_152' title='bbox 2864 785 3241 841; x_wconf 85' lang='lat' dir='ltr'><strong>lsraelmanna</strong></span> <span class='ocrx_word' id='word_1_153' title='bbox 3269 788 3631 856; x_wconf 80' lang='lat' dir='ltr'><strong>percipientes</strong></span> <span class='ocrx_word' id='word_1_154' title='bbox 3650 803 3680 841; x_wconf 91' lang='lat' dir='ltr'>e</span> <span class='ocrx_word' id='word_1_155' title='bbox 3702 788 3859 851; x_wconf 80' lang='lat' dir='ltr'><strong>ctelo,</strong></span> 
     </span>
    </p>
   </div>
   <div class='ocr_carea' id='block_1_23' title="bbox 2248 879 3866 953">
    <p class='ocr_par' dir='ltr' id='par_1_23' title="bbox 2248 879 3866 953">
     <span class='ocr_line' id='line_1_23' title="bbox 2248 879 3866 953; baseline 0.004 -22"><span class='ocrx_word' id='word_1_156' title='bbox 2248 880 2396 953; x_wconf 45' lang='lat' dir='ltr'><strong>.aliti</strong></span> <span class='ocrx_word' id='word_1_157' title='bbox 2437 888 2562 934; x_wconf 86' lang='lat' dir='ltr'><strong>sunt</strong></span> <span class='ocrx_word' id='word_1_158' title='bbox 2606 880 2659 933; x_wconf 89' lang='lat' dir='ltr'><strong>in</strong></span> <span class='ocrx_word' id='word_1_159' title='bbox 2706 879 2921 935; x_wconf 84' lang='lat' dir='ltr'><strong>deserto</strong></span> <span class='ocrx_word' id='word_1_160' title='bbox 2965 880 3162 950; x_wconf 73' lang='lat' dir='ltr'><strong>(Exod.</strong></span> <span class='ocrx_word' id='word_1_161' title='bbox 3192 881 3325 951; x_wconf 71' lang='lat' dir='ltr'><strong>xix).</strong></span> <span class='ocrx_word' id='word_1_162' title='bbox 3376 882 3473 936; x_wconf 85' lang='lat' dir='ltr'><strong>llic</strong></span> <span class='ocrx_word' id='word_1_163' title='bbox 3522 899 3739 953; x_wconf 89' lang='lat' dir='ltr'><strong>quoque</strong></span> <span class='ocrx_word' id='word_1_164' title='bbox 3782 886 3866 937; x_wconf 89' lang='lat' dir='ltr'><strong>vir</strong></span> 
     </span>
    </p>
   </div>
   <div class='ocr_carea' id='block_1_24' title="bbox 2286 969 3865 1039">
    <p class='ocr_par' dir='ltr' id='par_1_24' title="bbox 2286 969 3865 1039">
     <span class='ocr_line' id='line_1_24' title="bbox 2286 969 3865 1039; baseline 0.003 -16"><span class='ocrx_word' id='word_1_165' title='bbox 2286 969 2407 1024; x_wconf 87' lang='lat' dir='ltr'><strong>tulit</strong></span> <span class='ocrx_word' id='word_1_166' title='bbox 2430 985 2673 1025; x_wconf 89' lang='lat' dir='ltr'><strong>mensam</strong></span> <span class='ocrx_word' id='word_1_167' title='bbox 2698 969 2933 1034; x_wconf 85' lang='lat' dir='ltr'><strong>abbatis,</strong></span> <span class='ocrx_word' id='word_1_168' title='bbox 2960 987 3081 1039; x_wconf 72' lang='lat' dir='ltr'><strong>qua:</strong></span> <span class='ocrx_word' id='word_1_169' title='bbox 3107 972 3444 1026; x_wconf 82' lang='lat' dir='ltr'><strong>occidentem</strong></span> <span class='ocrx_word' id='word_1_170' title='bbox 3478 973 3667 1028; x_wconf 70' lang='lat' dir='ltr'><strong>versus</strong></span> <span class='ocrx_word' id='word_1_171' title='bbox 3689 976 3865 1029; x_wconf 88' lang='lat' dir='ltr'><strong>fuerat</strong></span> 
     </span>
    </p>
   </div>
   <div class='ocr_carea' id='block_1_25' title="bbox 2284 1057 3867 1133">
    <p class='ocr_par' dir='ltr' id='par_1_25' title="bbox 2284 1057 3867 1133">
     <span class='ocr_line' id='line_1_25' title="bbox 2284 1057 3867 1133; baseline 0.003 -20"><span class='ocrx_word' id='word_1_172' title='bbox 2284 1057 2595 1123; x_wconf 70' lang='lat' dir='ltr'><strong>constituta,</strong></span> <span class='ocrx_word' id='word_1_173' title='bbox 2641 1069 2694 1114; x_wconf 89' lang='lat' dir='ltr'><strong>et</strong></span> <span class='ocrx_word' id='word_1_174' title='bbox 2737 1060 2803 1114; x_wconf 87' lang='lat' dir='ltr'><strong>ad</strong></span> <span class='ocrx_word' id='word_1_175' title='bbox 2835 1060 3156 1114; x_wconf 87' lang='lat' dir='ltr'><strong>orientalem</strong></span> <span class='ocrx_word' id='word_1_176' title='bbox 3207 1062 3386 1131; x_wconf 80' lang='lat' dir='ltr'><strong>posuit</strong></span> <span class='ocrx_word' id='word_1_177' title='bbox 3436 1062 3709 1117; x_wconf 89' lang='lat' dir='ltr'><strong>refectorii</strong></span> <span class='ocrx_word' id='word_1_178' title='bbox 3754 1066 3867 1133; x_wconf 84' lang='lat' dir='ltr'><strong>pla-</strong></span> 
     </span>
    </p>
   </div>
   <div class='ocr_carea' id='block_1_26' title="bbox 2284 1150 3862 1222">
    <p class='ocr_par' dir='ltr' id='par_1_26' title="bbox 2284 1150 3862 1222">
     <span class='ocr_line' id='line_1_26' title="bbox 2284 1150 3862 1222; baseline 0.004 -19"><span class='ocrx_word' id='word_1_179' title='bbox 2284 1166 2443 1221; x_wconf 88' lang='lat' dir='ltr'><strong>gam:</strong></span> <span class='ocrx_word' id='word_1_180' title='bbox 2486 1151 2576 1205; x_wconf 89' lang='lat' dir='ltr'><strong>ubi</strong></span> <span class='ocrx_word' id='word_1_181' title='bbox 2598 1150 2845 1205; x_wconf 90' lang='lat' dir='ltr'><strong>videlicet</strong></span> <span class='ocrx_word' id='word_1_182' title='bbox 2872 1152 3049 1222; x_wconf 81' lang='lat' dir='ltr'><strong>imago</strong></span> <span class='ocrx_word' id='word_1_183' title='bbox 3076 1152 3323 1207; x_wconf 76' lang='lat' dir='ltr'><strong>crucifixi</strong></span> <span class='ocrx_word' id='word_1_184' title='bbox 3353 1154 3562 1207; x_wconf 87' lang='lat' dir='ltr'><strong>Domini</strong></span> <span class='ocrx_word' id='word_1_185' title='bbox 3608 1154 3790 1209; x_wconf 90' lang='lat' dir='ltr'><strong>fuerat</strong></span> <span class='ocrx_word' id='word_1_186' title='bbox 3813 1158 3862 1210; x_wconf 91' lang='lat' dir='ltr'><strong>iu</strong></span> 
     </span>
    </p>
   </div>
   <div class='ocr_carea' id='block_1_27' title="bbox 2284 1240 3865 1317">
    <p class='ocr_par' dir='ltr' id='par_1_27' title="bbox 2284 1240 3865 1317">
     <span class='ocr_line' id='line_1_27' title="bbox 2284 1240 3865 1317; baseline 0.006 -26"><span class='ocrx_word' id='word_1_187' title='bbox 2284 1240 2491 1307; x_wconf 82' lang='lat' dir='ltr'><strong>pariete</strong></span> <span class='ocrx_word' id='word_1_188' title='bbox 2531 1255 2627 1309; x_wconf 89' lang='lat' dir='ltr'><strong>per</strong></span> <span class='ocrx_word' id='word_1_189' title='bbox 2652 1240 2919 1309; x_wconf 84' lang='lat' dir='ltr'><strong>picturam</strong></span> <span class='ocrx_word' id='word_1_190' title='bbox 2950 1257 3227 1312; x_wconf 84' lang='lat' dir='ltr'><strong>expressa.</strong></span> <span class='ocrx_word' id='word_1_191' title='bbox 3262 1242 3539 1312; x_wconf 83' lang='lat' dir='ltr'><strong>Perpende</strong></span> <span class='ocrx_word' id='word_1_192' title='bbox 3580 1260 3715 1315; x_wconf 83' lang='lat' dir='ltr'><strong>ergo</strong></span> <span class='ocrx_word' id='word_1_193' title='bbox 3754 1263 3865 1317; x_wconf 82' lang='lat' dir='ltr'><strong>my-</strong></span> 
     </span>
    </p>
   </div>
   <div class='ocr_carea' id='block_1_28' title="bbox 2285 1332 3867 1404">
    <p class='ocr_par' dir='ltr' id='par_1_28' title="bbox 2285 1332 3867 1404">
     <span class='ocr_line' id='line_1_28' title="bbox 2285 1332 3867 1404; baseline 0.003 -17"><span class='ocrx_word' id='word_1_194' title='bbox 2285 1332 2533 1396; x_wconf 84' lang='lat' dir='ltr'><strong>sterium,</strong></span> <span class='ocrx_word' id='word_1_195' title='bbox 2558 1342 2612 1387; x_wconf 91' lang='lat' dir='ltr'><strong>et</strong></span> <span class='ocrx_word' id='word_1_196' title='bbox 2656 1334 2896 1404; x_wconf 80' lang='lat' dir='ltr'><strong>mysticae</strong></span> <span class='ocrx_word' id='word_1_197' title='bbox 2921 1333 3272 1388; x_wconf 88' lang='lat' dir='ltr'><strong>revelationis</strong></span> <span class='ocrx_word' id='word_1_198' title='bbox 3299 1335 3533 1404; x_wconf 86' lang='lat' dir='ltr'><strong>iutcllige</strong></span> <span class='ocrx_word' id='word_1_199' title='bbox 3559 1352 3867 1393; x_wconf 57' lang='lat' dir='ltr'><strong>sacramen-</strong></span> 
     </span>
    </p>
   </div>
   <div class='ocr_carea' id='block_1_29' title="bbox 2286 1420 3867 1491">
    <p class='ocr_par' dir='ltr' id='par_1_29' title="bbox 2286 1420 3867 1491">
     <span class='ocr_line' id='line_1_29' title="bbox 2286 1420 3867 1491; baseline 0.005 -18"><span class='ocrx_word' id='word_1_200' title='bbox 2286 1428 2416 1475; x_wconf 88' lang='lat' dir='ltr'><strong>tum.</strong></span> <span class='ocrx_word' id='word_1_201' title='bbox 2446 1420 2588 1487; x_wconf 82' lang='lat' dir='ltr'><strong>Quid</strong></span> <span class='ocrx_word' id='word_1_202' title='bbox 2615 1430 2697 1475; x_wconf 90' lang='lat' dir='ltr'><strong>est</strong></span> <span class='ocrx_word' id='word_1_203' title='bbox 2721 1422 2890 1486; x_wconf 86' lang='lat' dir='ltr'><strong>enim,</strong></span> <span class='ocrx_word' id='word_1_204' title='bbox 2932 1423 3073 1491; x_wconf 91' lang='lat' dir='ltr'><strong>quod</strong></span> <span class='ocrx_word' id='word_1_205' title='bbox 3100 1423 3284 1477; x_wconf 89' lang='lat' dir='ltr'><strong>laudes</strong></span> <span class='ocrx_word' id='word_1_206' title='bbox 3330 1425 3508 1479; x_wconf 82' lang='lat' dir='ltr'><strong>crucis</strong></span> <span class='ocrx_word' id='word_1_207' title='bbox 3550 1425 3753 1480; x_wconf 84' lang='lat' dir='ltr'><strong>chorus</strong></span> <span class='ocrx_word' id='word_1_208' title='bbox 3778 1427 3867 1481; x_wconf 89' lang='lat' dir='ltr'><strong>ille</strong></span> 
     </span>
    </p>
   </div>
   <div class='ocr_carea' id='block_1_30' title="bbox 2282 1510 3866 1583">
    <p class='ocr_par' dir='ltr' id='par_1_30' title="bbox 2282 1510 3866 1583">
     <span class='ocr_line' id='line_1_30' title="bbox 2282 1510 3866 1583; baseline 0.002 -19"><span class='ocrx_word' id='word_1_209' title='bbox 2282 1510 2627 1581; x_wconf 81' lang='lat' dir='ltr'><strong>psallentium</strong></span> <span class='ocrx_word' id='word_1_210' title='bbox 2660 1512 2888 1568; x_wconf 81' lang='lat' dir='ltr'><strong>melodis</strong></span> <span class='ocrx_word' id='word_1_211' title='bbox 2934 1513 3156 1567; x_wconf 76' lang='lat' dir='ltr'><strong>vocibus</strong></span> <span class='ocrx_word' id='word_1_212' title='bbox 3181 1514 3563 1583; x_wconf 85' lang='lat' dir='ltr'><strong>concrepabat,</strong></span> <span class='ocrx_word' id='word_1_213' title='bbox 3607 1516 3710 1567; x_wconf 88' lang='lat' dir='ltr'><strong>nisi</strong></span> <span class='ocrx_word' id='word_1_214' title='bbox 3739 1516 3866 1583; x_wconf 86' lang='lat' dir='ltr'><strong>quia</strong></span> 
     </span>
    </p>
   </div>
   <div class='ocr_carea' id='block_1_31' title="bbox 2284 1599 3869 1667">
    <p class='ocr_par' dir='ltr' id='par_1_31' title="bbox 2284 1599 3869 1667">
     <span class='ocr_line' id='line_1_31' title="bbox 2284 1599 3869 1667; baseline 0.006 -14"><span class='ocrx_word' id='word_1_215' title='bbox 2284 1599 2521 1654; x_wconf 91' lang='lat' dir='ltr'><strong>futurum</strong></span> <span class='ocrx_word' id='word_1_216' title='bbox 2549 1612 2688 1667; x_wconf 88' lang='lat' dir='ltr'><strong>erat,</strong></span> <span class='ocrx_word' id='word_1_217' title='bbox 2726 1612 2785 1657; x_wconf 89' lang='lat' dir='ltr'><strong>ut</strong></span> <span class='ocrx_word' id='word_1_218' title='bbox 2830 1603 2956 1657; x_wconf 85' lang='lat' dir='ltr'><strong>dum</strong></span> <span class='ocrx_word' id='word_1_219' title='bbox 3006 1605 3055 1657; x_wconf 92' lang='lat' dir='ltr'><strong>in</strong></span> <span class='ocrx_word' id='word_1_220' title='bbox 3103 1601 3363 1659; x_wconf 82' lang='lat' dir='ltr'><strong>lionorem</strong></span> <span class='ocrx_word' id='word_1_221' title='bbox 3403 1606 3579 1659; x_wconf 84' lang='lat' dir='ltr'><strong>crucis</strong></span> <span class='ocrx_word' id='word_1_222' title='bbox 3623 1606 3869 1662; x_wconf 85' lang='lat' dir='ltr'><strong>solemne</strong></span> 
     </span>
    </p>
   </div>
   <div class='ocr_carea' id='block_1_32' title="bbox 2278 1693 3866 1763">
    <p class='ocr_par' dir='ltr' id='par_1_32' title="bbox 2278 1693 3866 1763">
     <span class='ocr_line' id='line_1_32' title="bbox 2278 1693 3866 1763; baseline 0.006 -18"><span class='ocrx_word' id='word_1_223' title='bbox 2278 1693 2539 1761; x_wconf 87' lang='lat' dir='ltr'><strong>jejunium</strong></span> <span class='ocrx_word' id='word_1_224' title='bbox 2567 1694 2930 1759; x_wconf 90' lang='lat' dir='ltr'><strong>instituerent,</strong></span> <span class='ocrx_word' id='word_1_225' title='bbox 2977 1697 3131 1763; x_wconf 82' lang='lat' dir='ltr'><strong>quasi</strong></span> <span class='ocrx_word' id='word_1_226' title='bbox 3174 1696 3357 1753; x_wconf 86' lang='lat' dir='ltr'><strong>dulces</strong></span> <span class='ocrx_word' id='word_1_227' title='bbox 3401 1698 3449 1751; x_wconf 91' lang='lat' dir='ltr'><strong>ei</strong></span> <span class='ocrx_word' id='word_1_228' title='bbox 3501 1698 3720 1751; x_wconf 87' lang='lat' dir='ltr'><strong>laudum</strong></span> <span class='ocrx_word' id='word_1_229' title='bbox 3752 1716 3866 1754; x_wconf 83' lang='lat' dir='ltr'><strong>mo-</strong></span> 
     </span>
    </p>
   </div>
   <div class='ocr_carea' id='block_1_33' title="bbox 613 1764 3869 1857">
    <p class='ocr_par' dir='ltr' id='par_1_33' title="bbox 613 1764 3869 1857">
     <span class='ocr_line' id='line_1_33' title="bbox 613 1764 3869 1857; baseline 0.004 -27"><span class='ocrx_word' id='word_1_230' title='bbox 613 1780 723 1839; x_wconf 75' lang='lat' dir='ltr'><strong>luit,</strong></span> <span class='ocrx_word' id='word_1_231' title='bbox 748 1794 812 1831; x_wconf 84' lang='lat' dir='ltr'><strong>ex</strong></span> <span class='ocrx_word' id='word_1_232' title='bbox 854 1788 1002 1832; x_wconf 90' lang='lat' dir='ltr'><strong>tanto</strong></span> <span class='ocrx_word' id='word_1_233' title='bbox 1041 1780 1218 1849; x_wconf 78' lang='lat' dir='ltr'><strong>rigore</strong></span> <span class='ocrx_word' id='word_1_234' title='bbox 1257 1780 1457 1849; x_wconf 85' lang='lat' dir='ltr'><strong>aliquid</strong></span> <span class='ocrx_word' id='word_1_235' title='bbox 1487 1784 1784 1843; x_wconf 84' lang='lat' dir='ltr'><strong>remittere.</strong></span> <span class='ocrx_word' id='word_1_236' title='bbox 1819 1800 1925 1853; x_wconf 85' lang='lat' dir='ltr'><strong>quo</strong></span> <span class='ocrx_word' id='word_1_237' title='bbox 1952 1788 2179 1840; x_wconf 83' lang='lat' dir='ltr'><strong>validior</strong></span> <span class='ocrx_word' id='word_1_238' title='bbox 2209 1764 2256 1822; x_wconf 76' lang='grc' dir='ltr'><strong>Β</strong></span> <span class='ocrx_word' id='word_1_239' title='bbox 2282 1782 2436 1838; x_wconf 91' lang='lat' dir='ltr'><strong>dulos</strong></span> <span class='ocrx_word' id='word_1_240' title='bbox 2463 1786 2863 1853; x_wconf 88' lang='lat' dir='ltr'><strong>personarent?</strong></span> <span class='ocrx_word' id='word_1_241' title='bbox 2892 1784 3157 1855; x_wconf 74' lang='lat' dir='ltr'><strong>liymnuni</strong></span> <span class='ocrx_word' id='word_1_242' title='bbox 3187 1788 3383 1857; x_wconf 87' lang='lat' dir='ltr'><strong>quippe</strong></span> <span class='ocrx_word' id='word_1_243' title='bbox 3408 1788 3461 1840; x_wconf 92' lang='lat' dir='ltr'><strong>in</strong></span> <span class='ocrx_word' id='word_1_244' title='bbox 3492 1788 3665 1842; x_wconf 84' lang='lat' dir='ltr'><strong>beatae</strong></span> <span class='ocrx_word' id='word_1_245' title='bbox 3686 1789 3869 1843; x_wconf 89' lang='lat' dir='ltr'><strong>crucis</strong></span> 
     </span>
    </p>
   </div>
   <div class='ocr_carea' id='block_1_34' title="bbox 607 1869 2180 1937">
    <p class='ocr_par' dir='ltr' id='par_1_34' title="bbox 607 1869 2180 1937">
     <span class='ocr_line' id='line_1_34' title="bbox 607 1869 2180 1937; baseline 0.007 -17"><span class='ocrx_word' id='word_1_246' title='bbox 607 1877 785 1935; x_wconf 79' lang='lat' dir='ltr'><strong>posset</strong></span> <span class='ocrx_word' id='word_1_247' title='bbox 832 1869 896 1920; x_wconf 91' lang='lat' dir='ltr'><strong>ad</strong></span> <span class='ocrx_word' id='word_1_248' title='bbox 947 1869 1231 1937; x_wconf 87' lang='lat' dir='ltr'><strong>pristinum</strong></span> <span class='ocrx_word' id='word_1_249' title='bbox 1277 1880 1548 1926; x_wconf 88' lang='lat' dir='ltr'><strong>certamen</strong></span> <span class='ocrx_word' id='word_1_250' title='bbox 1598 1876 1791 1927; x_wconf 83' lang='lat' dir='ltr'><strong>reverti</strong></span> <span class='ocrx_word' id='word_1_251' title='bbox 1830 1892 1843 1927; x_wconf 90' lang='lat'><strong>:</strong></span> <span class='ocrx_word' id='word_1_252' title='bbox 1897 1886 1953 1929; x_wconf 90' lang='lat' dir='ltr'><strong>et</strong></span> <span class='ocrx_word' id='word_1_253' title='bbox 1997 1877 2180 1931; x_wconf 76' lang='lat' dir='ltr'><strong>virtuti</strong></span> 
     </span>
    </p>
   </div>
   <div class='ocr_carea' id='block_1_35' title="bbox 608 1956 2181 2027">
    <p class='ocr_par' dir='ltr' id='par_1_35' title="bbox 608 1956 2181 2027">
     <span class='ocr_line' id='line_1_35' title="bbox 608 1956 2181 2027; baseline 0.007 -18"><span class='ocrx_word' id='word_1_254' title='bbox 608 1956 981 2009; x_wconf 77' lang='lat' dir='ltr'><strong>ascribeudum</strong></span> <span class='ocrx_word' id='word_1_255' title='bbox 1010 1957 1192 2010; x_wconf 81' lang='lat' dir='ltr'><strong>aiebat</strong></span> <span class='ocrx_word' id='word_1_256' title='bbox 1217 1958 1259 2012; x_wconf 92' lang='lat' dir='ltr'><strong>si</strong></span> <span class='ocrx_word' id='word_1_257' title='bbox 1283 1960 1405 2027; x_wconf 84' lang='lat' dir='ltr'><strong>quis</strong></span> <span class='ocrx_word' id='word_1_258' title='bbox 1445 1960 1584 2015; x_wconf 85' lang='lat' dir='ltr'><strong>fessa</strong></span> <span class='ocrx_word' id='word_1_259' title='bbox 1619 1962 1787 2016; x_wconf 87' lang='lat' dir='ltr'><strong>nimio</strong></span> <span class='ocrx_word' id='word_1_260' title='bbox 1830 1963 2015 2019; x_wconf 89' lang='lat' dir='ltr'><strong>labore</strong></span> <span class='ocrx_word' id='word_1_261' title='bbox 2060 1966 2181 2019; x_wconf 88' lang='lat' dir='ltr'><strong>bra-</strong></span> 
     </span>
    </p>
   </div>
   <div class='ocr_carea' id='block_1_36' title="bbox 615 2042 2183 2118">
    <p class='ocr_par' dir='ltr' id='par_1_36' title="bbox 615 2042 2183 2118">
     <span class='ocr_line' id='line_1_36' title="bbox 615 2042 2183 2118; baseline 0.009 -24"><span class='ocrx_word' id='word_1_262' title='bbox 615 2044 737 2096; x_wconf 79' lang='lat' dir='ltr'><strong>rhia</strong></span> <span class='ocrx_word' id='word_1_263' title='bbox 784 2042 985 2097; x_wconf 89' lang='lat' dir='ltr'><strong>idcirco</strong></span> <span class='ocrx_word' id='word_1_264' title='bbox 1015 2045 1286 2113; x_wconf 87' lang='lat' dir='ltr'><strong>paululuru</strong></span> <span class='ocrx_word' id='word_1_265' title='bbox 1336 2049 1593 2113; x_wconf 82' lang='lat' dir='ltr'><strong>remittat,</strong></span> <span class='ocrx_word' id='word_1_266' title='bbox 1624 2058 1678 2102; x_wconf 94' lang='lat' dir='ltr'><strong>ut</strong></span> <span class='ocrx_word' id='word_1_267' title='bbox 1708 2053 2046 2118; x_wconf 88' lang='lat' dir='ltr'><strong>postmodum</strong></span> <span class='ocrx_word' id='word_1_268' title='bbox 2098 2071 2183 2108; x_wconf 75' lang='grc' dir='ltr'><strong>το⁴</strong></span> 
     </span>
    </p>
   </div>
   <div class='ocr_carea' id='block_1_37' title="bbox 613 2133 2182 2214">
    <p class='ocr_par' dir='ltr' id='par_1_37' title="bbox 613 2133 2182 2214">
     <span class='ocr_line' id='line_1_37' title="bbox 613 2133 2182 2214; baseline 0.008 -28"><span class='ocrx_word' id='word_1_269' title='bbox 613 2133 822 2186; x_wconf 84' lang='lat' dir='ltr'><strong>bustior</strong></span> <span class='ocrx_word' id='word_1_270' title='bbox 864 2134 929 2185; x_wconf 89' lang='lat' dir='ltr'><strong>ad</strong></span> <span class='ocrx_word' id='word_1_271' title='bbox 981 2136 1192 2188; x_wconf 78' lang='lat' dir='ltr'><strong>fortiter</strong></span> <span class='ocrx_word' id='word_1_272' title='bbox 1234 2138 1493 2205; x_wconf 86' lang='lat' dir='ltr'><strong>agendum</strong></span> <span class='ocrx_word' id='word_1_273' title='bbox 1539 2150 1845 2211; x_wconf 80' lang='lat' dir='ltr'><strong>consurgat.</strong></span> <span class='ocrx_word' id='word_1_274' title='bbox 1878 2142 2009 2197; x_wconf 83' lang='lat' dir='ltr'><strong>Erat</strong></span> <span class='ocrx_word' id='word_1_275' title='bbox 2047 2162 2182 2214; x_wconf 75' lang='lat' dir='ltr'><strong>pra:-</strong></span> 
     </span>
    </p>
   </div>
   <div class='ocr_carea' id='block_1_38' title="bbox 620 2223 2182 2292">
    <p class='ocr_par' dir='ltr' id='par_1_38' title="bbox 620 2223 2182 2292">
     <span class='ocr_line' id='line_1_38' title="bbox 620 2223 2182 2292; baseline 0.01 -17"><span class='ocrx_word' id='word_1_276' title='bbox 620 2234 767 2277; x_wconf 80' lang='lat' dir='ltr'><strong>terea</strong></span> <span class='ocrx_word' id='word_1_277' title='bbox 796 2238 911 2277; x_wconf 90' lang='lat' dir='ltr'><strong>mos</strong></span> <span class='ocrx_word' id='word_1_278' title='bbox 947 2223 1040 2286; x_wconf 88' lang='lat' dir='ltr'><strong>illi,</strong></span> <span class='ocrx_word' id='word_1_279' title='bbox 1070 2226 1277 2292; x_wconf 86' lang='lat' dir='ltr'><strong>quoties</strong></span> <span class='ocrx_word' id='word_1_280' title='bbox 1308 2227 1501 2281; x_wconf 91' lang='lat' dir='ltr'><strong>diurno</strong></span> <span class='ocrx_word' id='word_1_281' title='bbox 1533 2245 1595 2285; x_wconf 90' lang='lat' dir='ltr'><strong>ac</strong></span> <span class='ocrx_word' id='word_1_282' title='bbox 1631 2242 1893 2286; x_wconf 90' lang='lat' dir='ltr'><strong>nocturno</strong></span> <span class='ocrx_word' id='word_1_283' title='bbox 1922 2233 2182 2290; x_wconf 84' lang='lat' dir='ltr'><strong>intererat</strong></span> 
     </span>
    </p>
   </div>
   <div class='ocr_carea' id='block_1_39' title="bbox 606 2312 2180 2395">
    <p class='ocr_par' dir='ltr' id='par_1_39' title="bbox 606 2312 2180 2395">
     <span class='ocr_line' id='line_1_39' title="bbox 606 2312 2180 2395; baseline 0.008 -28"><span class='ocrx_word' id='word_1_284' title='bbox 606 2312 799 2377; x_wconf 72' lang='lat' dir='ltr'><strong>ofﬁcio,</strong></span> <span class='ocrx_word' id='word_1_285' title='bbox 820 2321 966 2367; x_wconf 89' lang='lat' dir='ltr'><strong>stare</strong></span> <span class='ocrx_word' id='word_1_286' title='bbox 987 2324 1043 2368; x_wconf 90' lang='lat' dir='ltr'><strong>et</strong></span> <span class='ocrx_word' id='word_1_287' title='bbox 1064 2315 1190 2369; x_wconf 91' lang='lat' dir='ltr'><strong>nulli</strong></span> <span class='ocrx_word' id='word_1_288' title='bbox 1235 2319 1391 2385; x_wconf 86' lang='lat' dir='ltr'><strong>podio</strong></span> <span class='ocrx_word' id='word_1_289' title='bbox 1418 2318 1796 2375; x_wconf 73' lang='lat' dir='ltr'><strong>adbzerere.At</strong></span> <span class='ocrx_word' id='word_1_290' title='bbox 1822 2324 1874 2376; x_wconf 92' lang='lat' dir='ltr'><strong>in</strong></span> <span class='ocrx_word' id='word_1_291' title='bbox 1902 2326 2180 2395; x_wconf 85' lang='lat' dir='ltr'><strong>utriusque</strong></span> 
     </span>
    </p>
   </div>
   <div class='ocr_carea' id='block_1_40' title="bbox 608 2402 2179 2472">
    <p class='ocr_par' dir='ltr' id='par_1_40' title="bbox 608 2402 2179 2472">
     <span class='ocr_line' id='line_1_40' title="bbox 608 2402 2179 2472; baseline 0.01 -18"><span class='ocrx_word' id='word_1_292' title='bbox 608 2402 1040 2472; x_wconf 73' lang='lat' dir='ltr'><strong>Quadragesima:</strong></span> <span class='ocrx_word' id='word_1_293' title='bbox 1090 2405 1243 2458; x_wconf 90' lang='lat' dir='ltr'><strong>initio</strong></span> <span class='ocrx_word' id='word_1_294' title='bbox 1294 2416 1463 2460; x_wconf 91' lang='lat' dir='ltr'><strong>totum</strong></span> <span class='ocrx_word' id='word_1_295' title='bbox 1523 2410 1756 2465; x_wconf 87' lang='lat' dir='ltr'><strong>triduum</strong></span> <span class='ocrx_word' id='word_1_296' title='bbox 1805 2412 2108 2469; x_wconf 88' lang='lat' dir='ltr'><strong>abstinebat</strong></span> <span class='ocrx_word' id='word_1_297' title='bbox 2151 2433 2179 2469; x_wconf 89' lang='lat' dir='ltr'><strong>a</strong></span> 
     </span>
    </p>
   </div>
   <div class='ocr_carea' id='block_1_41' title="bbox 614 2491 2184 2563">
    <p class='ocr_par' dir='ltr' id='par_1_41' title="bbox 614 2491 2184 2563">
     <span class='ocr_line' id='line_1_41' title="bbox 614 2491 2184 2563; baseline 0.01 -19"><span class='ocrx_word' id='word_1_298' title='bbox 614 2491 759 2555; x_wconf 86' lang='lat' dir='ltr'><strong>cibo,</strong></span> <span class='ocrx_word' id='word_1_299' title='bbox 803 2491 868 2544; x_wconf 89' lang='lat' dir='ltr'><strong>ad</strong></span> <span class='ocrx_word' id='word_1_300' title='bbox 897 2493 1038 2561; x_wconf 91' lang='lat' dir='ltr'><strong>quod</strong></span> <span class='ocrx_word' id='word_1_301' title='bbox 1072 2492 1199 2547; x_wconf 92' lang='lat' dir='ltr'><strong>licet</strong></span> <span class='ocrx_word' id='word_1_302' title='bbox 1236 2496 1347 2563; x_wconf 89' lang='lat' dir='ltr'><strong>ipse</strong></span> <span class='ocrx_word' id='word_1_303' title='bbox 1400 2497 1672 2553; x_wconf 81' lang='lat' dir='ltr'><strong>nemiuem</strong></span> <span class='ocrx_word' id='word_1_304' title='bbox 1724 2500 1969 2557; x_wconf 88' lang='lat' dir='ltr'><strong>hortatus</strong></span> <span class='ocrx_word' id='word_1_305' title='bbox 2022 2503 2184 2559; x_wconf 88' lang='lat' dir='ltr'><strong>fuerit</strong></span> 
     </span>
    </p>
   </div>
   <div class='ocr_carea' id='block_1_42' title="bbox 610 2584 2181 2660">
    <p class='ocr_par' dir='ltr' id='par_1_42' title="bbox 610 2584 2181 2660">
     <span class='ocr_line' id='line_1_42' title="bbox 610 2584 2181 2660; baseline 0.013 -30"><span class='ocrx_word' id='word_1_306' title='bbox 610 2593 869 2646; x_wconf 84' lang='lat' dir='ltr'><strong>unquam,</strong></span> <span class='ocrx_word' id='word_1_307' title='bbox 917 2588 1157 2635; x_wconf 90' lang='lat' dir='ltr'><strong>attamen</strong></span> <span class='ocrx_word' id='word_1_308' title='bbox 1182 2584 1399 2651; x_wconf 89' lang='lat' dir='ltr'><strong>quidam</strong></span> <span class='ocrx_word' id='word_1_309' title='bbox 1439 2586 1506 2639; x_wconf 89' lang='lat' dir='ltr'><strong>ad</strong></span> <span class='ocrx_word' id='word_1_310' title='bbox 1548 2588 1837 2656; x_wconf 88' lang='lat' dir='ltr'><strong>spiritalem</strong></span> <span class='ocrx_word' id='word_1_311' title='bbox 1863 2606 2181 2660; x_wconf 73' lang='lat' dir='ltr'><strong>proventum</strong></span> 
     </span>
    </p>
   </div>
   <div class='ocr_carea' id='block_1_43' title="bbox 616 2666 2178 2745">
    <p class='ocr_par' dir='ltr' id='par_1_43' title="bbox 616 2666 2178 2745">
     <span class='ocr_line' id='line_1_43' title="bbox 616 2666 2178 2745; baseline 0.013 -27"><span class='ocrx_word' id='word_1_312' title='bbox 616 2666 921 2722; x_wconf 84' lang='lat' dir='ltr'><strong>uberiorem</strong></span> <span class='ocrx_word' id='word_1_313' title='bbox 989 2670 1305 2725; x_wconf 86' lang='lat' dir='ltr'><strong>imitandum</strong></span> <span class='ocrx_word' id='word_1_314' title='bbox 1374 2684 1648 2741; x_wconf 91' lang='lat' dir='ltr'><strong>putarunt.</strong></span> <span class='ocrx_word' id='word_1_315' title='bbox 1703 2678 1879 2745; x_wconf 85' lang='lat' dir='ltr'><strong>Quare</strong></span> <span class='ocrx_word' id='word_1_316' title='bbox 1925 2686 2178 2738; x_wconf 85' lang='lat' dir='ltr'><strong>nonnulla</strong></span> 
     </span>
    </p>
   </div>
   <div class='ocr_carea' id='block_1_44' title="bbox 612 2755 2180 2830">
    <p class='ocr_par' dir='ltr' id='par_1_44' title="bbox 612 2755 2180 2830">
     <span class='ocr_line' id='line_1_44' title="bbox 612 2755 2180 2830; baseline 0.014 -24"><span class='ocrx_word' id='word_1_317' title='bbox 612 2755 777 2808; x_wconf 86' lang='lat' dir='ltr'><strong>etiam</strong></span> <span class='ocrx_word' id='word_1_318' title='bbox 838 2759 1167 2813; x_wconf 84' lang='lat' dir='ltr'><strong>monasteria</strong></span> <span class='ocrx_word' id='word_1_319' title='bbox 1224 2761 1530 2830; x_wconf 88' lang='lat' dir='ltr'><strong>hujusmodi</strong></span> <span class='ocrx_word' id='word_1_320' title='bbox 1579 2766 1890 2824; x_wconf 72' lang='lat' dir='ltr'><strong>voluntariae</strong></span> <span class='ocrx_word' id='word_1_321' title='bbox 1924 2774 2180 2826; x_wconf 85' lang='lat' dir='ltr'><strong>observa-</strong></span> 
     </span>
    </p>
   </div>
   <div class='ocr_carea' id='block_1_45' title="bbox 611 2844 2178 2929">
    <p class='ocr_par' dir='ltr' id='par_1_45' title="bbox 611 2844 2178 2929">
     <span class='ocr_line' id='line_1_45' title="bbox 611 2844 2178 2929; baseline 0.014 -33"><span class='ocrx_word' id='word_1_322' title='bbox 611 2844 773 2898; x_wconf 90' lang='lat' dir='ltr'><strong>tionis</strong></span> <span class='ocrx_word' id='word_1_323' title='bbox 808 2860 1073 2910; x_wconf 89' lang='lat' dir='ltr'><strong>normam,</strong></span> <span class='ocrx_word' id='word_1_324' title='bbox 1101 2851 1233 2904; x_wconf 88' lang='lat' dir='ltr'><strong>tanti</strong></span> <span class='ocrx_word' id='word_1_325' title='bbox 1260 2851 1361 2905; x_wconf 90' lang='lat' dir='ltr'><strong>viri</strong></span> <span class='ocrx_word' id='word_1_326' title='bbox 1397 2856 1665 2925; x_wconf 83' lang='lat' dir='ltr'><strong>exemplo,</strong></span> <span class='ocrx_word' id='word_1_327' title='bbox 1718 2860 1961 2929; x_wconf 84' lang='lat' dir='ltr'><strong>amplexa</strong></span> <span class='ocrx_word' id='word_1_328' title='bbox 2010 2874 2132 2917; x_wconf 92' lang='lat' dir='ltr'><strong>sunt</strong></span> <span class='ocrx_word' id='word_1_329' title='bbox 2164 2880 2178 2918; x_wconf 91' lang='lat'><strong>:</strong></span> 
     </span>
    </p>
   </div>
   <div class='ocr_carea' id='block_1_46' title="bbox 610 2936 2181 3013">
    <p class='ocr_par' dir='ltr' id='par_1_46' title="bbox 610 2936 2181 3013">
     <span class='ocr_line' id='line_1_46' title="bbox 610 2936 2181 3013; baseline 0.015 -27"><span class='ocrx_word' id='word_1_330' title='bbox 610 2949 708 3003; x_wconf 87' lang='lat' dir='ltr'><strong>per</strong></span> <span class='ocrx_word' id='word_1_331' title='bbox 739 2936 879 3006; x_wconf 87' lang='lat' dir='ltr'><strong>quod</strong></span> <span class='ocrx_word' id='word_1_332' title='bbox 908 2938 1122 3005; x_wconf 89' lang='lat' dir='ltr'><strong>quidem</strong></span> <span class='ocrx_word' id='word_1_333' title='bbox 1155 2941 1421 3013; x_wconf 90' lang='lat' dir='ltr'><strong>integrum</strong></span> <span class='ocrx_word' id='word_1_334' title='bbox 1443 2946 1681 3001; x_wconf 79' lang='lat' dir='ltr'><strong>triduum</strong></span> <span class='ocrx_word' id='word_1_335' title='bbox 1706 2950 1847 3004; x_wconf 90' lang='lat' dir='ltr'><strong>intra</strong></span> <span class='ocrx_word' id='word_1_336' title='bbox 1870 2958 2181 3010; x_wconf 87' lang='lat' dir='ltr'><strong>monasterii</strong></span> 
     </span>
    </p>
   </div>
   <div class='ocr_carea' id='block_1_47' title="bbox 609 3027 2179 3101">
    <p class='ocr_par' dir='ltr' id='par_1_47' title="bbox 609 3027 2179 3101">
     <span class='ocr_line' id='line_1_47' title="bbox 609 3027 2179 3101; baseline 0.015 -23"><span class='ocrx_word' id='word_1_337' title='bbox 609 3035 758 3094; x_wconf 81' lang='lat' dir='ltr'><strong>septa</strong></span> <span class='ocrx_word' id='word_1_338' title='bbox 805 3027 873 3082; x_wconf 86' lang='lat' dir='ltr'><strong>ab</strong></span> <span class='ocrx_word' id='word_1_339' title='bbox 917 3029 1168 3084; x_wconf 84' lang='lat' dir='ltr'><strong>erunibus</strong></span> <span class='ocrx_word' id='word_1_340' title='bbox 1213 3033 1486 3099; x_wconf 86' lang='lat' dir='ltr'><strong>silentium</strong></span> <span class='ocrx_word' id='word_1_341' title='bbox 1521 3041 1959 3098; x_wconf 87' lang='lat' dir='ltr'><strong>constantissime</strong></span> <span class='ocrx_word' id='word_1_342' title='bbox 1996 3060 2179 3101; x_wconf 86' lang='lat' dir='ltr'><strong>serva-</strong></span> 
     </span>
    </p>
   </div>
   <div class='ocr_carea' id='block_1_48' title="bbox 607 3114 823 3167">
    <p class='ocr_par' dir='ltr' id='par_1_48' title="bbox 607 3114 823 3167">
     <span class='ocr_line' id='line_1_48' title="bbox 607 3114 823 3167; baseline 0 0"><span class='ocrx_word' id='word_1_343' title='bbox 607 3114 765 3167; x_wconf 91' lang='lat' dir='ltr'><strong>batur</strong></span> <span class='ocrx_word' id='word_1_344' title='bbox 810 3130 823 3167; x_wconf 89' lang='lat'><strong>:</strong></span> 
     </span>
    </p>
   </div>
   <div class='ocr_carea' id='block_1_49' title="bbox 610 3201 2170 3290">
    <p class='ocr_par' dir='ltr' id='par_1_49' title="bbox 610 3201 2170 3290">
     <span class='ocr_line' id='line_1_49' title="bbox 610 3201 2170 3290; baseline 0.016 -37"><span class='ocrx_word' id='word_1_345' title='bbox 610 3201 889 3266; x_wconf 89' lang='lat' dir='ltr'><strong>incideret,</strong></span> <span class='ocrx_word' id='word_1_346' title='bbox 931 3204 1080 3270; x_wconf 89' lang='lat' dir='ltr'><strong>prius</strong></span> <span class='ocrx_word' id='word_1_347' title='bbox 1129 3208 1230 3262; x_wconf 91' lang='lat' dir='ltr'><strong>sibi</strong></span> <span class='ocrx_word' id='word_1_348' title='bbox 1278 3210 1643 3268; x_wconf 88' lang='lat' dir='ltr'><strong>calceamenta</strong></span> <span class='ocrx_word' id='word_1_349' title='bbox 1694 3217 1967 3281; x_wconf 82' lang='lat' dir='ltr'><strong>induebat,</strong></span> <span class='ocrx_word' id='word_1_350' title='bbox 2012 3238 2170 3290; x_wconf 74' lang='lat' dir='ltr'><strong>quam</strong></span> 
     </span>
    </p>
   </div>
   <div class='ocr_carea' id='block_1_50' title="bbox 613 3292 2174 3381">
    <p class='ocr_par' dir='ltr' id='par_1_50' title="bbox 613 3292 2174 3381">
     <span class='ocr_line' id='line_1_50' title="bbox 613 3292 2174 3381; baseline 0.017 -40"><span class='ocrx_word' id='word_1_351' title='bbox 613 3300 782 3375; x_wconf 89' lang='lat' dir='ltr'><strong>totum</strong></span> <span class='ocrx_word' id='word_1_352' title='bbox 830 3292 1141 3359; x_wconf 86' lang='lat' dir='ltr'><strong>psalterium</strong></span> <span class='ocrx_word' id='word_1_353' title='bbox 1187 3298 1579 3367; x_wconf 84' lang='lat' dir='ltr'><strong>complevisset.</strong></span> <span class='ocrx_word' id='word_1_354' title='bbox 1628 3304 1921 3374; x_wconf 89' lang='lat' dir='ltr'><strong>Scoparum</strong></span> <span class='ocrx_word' id='word_1_355' title='bbox 1962 3325 2174 3381; x_wconf 78' lang='lat' dir='ltr'><strong>quoque</strong></span> 
     </span>
    </p>
   </div>
   <div class='ocr_carea' id='block_1_51' title="bbox 609 3378 2170 3470">
    <p class='ocr_par' dir='ltr' id='par_1_51' title="bbox 609 3378 2170 3470">
     <span class='ocr_line' id='line_1_51' title="bbox 609 3378 2170 3470; baseline 0.015 -39"><span class='ocrx_word' id='word_1_356' title='bbox 609 3392 730 3431; x_wconf 89' lang='lat' dir='ltr'><strong>cum</strong></span> <span class='ocrx_word' id='word_1_357' title='bbox 763 3378 815 3432; x_wconf 93' lang='lat' dir='ltr'><strong>in</strong></span> <span class='ocrx_word' id='word_1_358' title='bbox 862 3378 999 3446; x_wconf 91' lang='lat' dir='ltr'><strong>loco,</strong></span> <span class='ocrx_word' id='word_1_359' title='bbox 1034 3385 1176 3451; x_wconf 88' lang='lat' dir='ltr'><strong>quod</strong></span> <span class='ocrx_word' id='word_1_360' title='bbox 1210 3388 1503 3456; x_wconf 89' lang='lat' dir='ltr'><strong>capitulum</strong></span> <span class='ocrx_word' id='word_1_361' title='bbox 1554 3404 1773 3460; x_wconf 91' lang='lat' dir='ltr'><strong>vocant,</strong></span> <span class='ocrx_word' id='word_1_362' title='bbox 1817 3378 2170 3470; x_wconf 84' lang='lat' dir='ltr'><strong>susciperent,</strong></span> 
     </span>
    </p>
   </div>
   <div class='ocr_carea' id='block_1_52' title="bbox 609 3468 2174 3558">
    <p class='ocr_par' dir='ltr' id='par_1_52' title="bbox 609 3468 2174 3558">
     <span class='ocr_line' id='line_1_52' title="bbox 609 3468 2174 3558; baseline 0.019 -41"><span class='ocrx_word' id='word_1_363' title='bbox 609 3482 771 3558; x_wconf 87' lang='lat' dir='ltr'><strong>quam</strong></span> <span class='ocrx_word' id='word_1_364' title='bbox 803 3468 1083 3526; x_wconf 68' lang='lat' dir='ltr'><strong>emnobitte</strong></span> <span class='ocrx_word' id='word_1_365' title='bbox 1108 3473 1446 3545; x_wconf 90' lang='lat' dir='ltr'><strong>disciplinam</strong></span> <span class='ocrx_word' id='word_1_366' title='bbox 1470 3493 1682 3549; x_wconf 88' lang='lat' dir='ltr'><strong>vocant,</strong></span> <span class='ocrx_word' id='word_1_367' title='bbox 1710 3488 1887 3542; x_wconf 86' lang='lat' dir='ltr'><strong>cuncti</strong></span> <span class='ocrx_word' id='word_1_368' title='bbox 1913 3468 2174 3558; x_wconf 82' lang='lat' dir='ltr'><strong>jejunium</strong></span> 
     </span>
    </p>
   </div>
   <div class='ocr_carea' id='block_1_53' title="bbox 606 3557 2174 3635">
    <p class='ocr_par' dir='ltr' id='par_1_53' title="bbox 606 3557 2174 3635">
     <span class='ocr_line' id='line_1_53' title="bbox 606 3557 2174 3635; baseline 0.018 -27"><span class='ocrx_word' id='word_1_369' title='bbox 606 3557 759 3622; x_wconf 88' lang='lat' dir='ltr'><strong>panis</strong></span> <span class='ocrx_word' id='word_1_370' title='bbox 795 3568 850 3611; x_wconf 91' lang='lat' dir='ltr'><strong>et</strong></span> <span class='ocrx_word' id='word_1_371' title='bbox 885 3573 1036 3627; x_wconf 71' lang='lat' dir='ltr'><strong>aqum</strong></span> <span class='ocrx_word' id='word_1_372' title='bbox 1060 3563 1362 3622; x_wconf 85' lang='lat' dir='ltr'><strong>servabant.</strong></span> <span class='ocrx_word' id='word_1_373' title='bbox 1394 3568 1500 3625; x_wconf 82' lang='lat' dir='ltr'><strong>Sed</strong></span> <span class='ocrx_word' id='word_1_374' title='bbox 1525 3580 1579 3627; x_wconf 92' lang='lat' dir='ltr'><strong>et</strong></span> <span class='ocrx_word' id='word_1_375' title='bbox 1606 3583 1815 3629; x_wconf 78' lang='lat' dir='ltr'><strong>sextam</strong></span> <span class='ocrx_word' id='word_1_376' title='bbox 1844 3557 1989 3633; x_wconf 91' lang='lat' dir='ltr'><strong>omni</strong></span> <span class='ocrx_word' id='word_1_377' title='bbox 2040 3591 2174 3635; x_wconf 90' lang='lat' dir='ltr'><strong>tem-</strong></span> 
     </span>
    </p>
   </div>
   <div class='ocr_carea' id='block_1_54' title="bbox 608 3647 2174 3729">
    <p class='ocr_par' dir='ltr' id='par_1_54' title="bbox 608 3647 2174 3729">
     <span class='ocr_line' id='line_1_54' title="bbox 608 3647 2174 3729; baseline 0.02 -30"><span class='ocrx_word' id='word_1_378' title='bbox 608 3661 737 3714; x_wconf 85' lang='lat' dir='ltr'><strong>pore</strong></span> <span class='ocrx_word' id='word_1_379' title='bbox 787 3647 999 3714; x_wconf 86' lang='lat' dir='ltr'><strong>feriam,</strong></span> <span class='ocrx_word' id='word_1_380' title='bbox 1052 3664 1247 3721; x_wconf 82' lang='lat' dir='ltr'><strong>praeter</strong></span> <span class='ocrx_word' id='word_1_381' title='bbox 1295 3662 1597 3728; x_wconf 84' lang='lat' dir='ltr'><strong>paschales,</strong></span> <span class='ocrx_word' id='word_1_382' title='bbox 1647 3676 1699 3720; x_wconf 90' lang='lat' dir='ltr'><strong>et</strong></span> <span class='ocrx_word' id='word_1_383' title='bbox 1741 3668 1874 3723; x_wconf 87' lang='lat' dir='ltr'><strong>alios</strong></span> <span class='ocrx_word' id='word_1_384' title='bbox 1907 3672 2174 3729; x_wconf 86' lang='lat' dir='ltr'><strong>solemnes</strong></span> 
     </span>
    </p>
   </div>
   <div class='ocr_carea' id='block_1_55' title="bbox 605 3737 2174 3829">
    <p class='ocr_par' dir='ltr' id='par_1_55' title="bbox 605 3737 2174 3829">
     <span class='ocr_line' id='line_1_55' title="bbox 605 3737 2174 3829; baseline 0.019 -39"><span class='ocrx_word' id='word_1_385' title='bbox 605 3737 717 3790; x_wconf 83' lang='lat' dir='ltr'><strong>dies</strong></span> <span class='ocrx_word' id='word_1_386' title='bbox 761 3742 968 3805; x_wconf 86' lang='lat' dir='ltr'><strong>eadem,</strong></span> <span class='ocrx_word' id='word_1_387' title='bbox 1023 3752 1127 3801; x_wconf 82' lang='lat' dir='ltr'><strong>tam</strong></span> <span class='ocrx_word' id='word_1_388' title='bbox 1159 3747 1462 3820; x_wconf 74' lang='lat' dir='ltr'><strong>disciplina,</strong></span> <span class='ocrx_word' id='word_1_389' title='bbox 1492 3770 1652 3823; x_wconf 82' lang='lat' dir='ltr'><strong>quam</strong></span> <span class='ocrx_word' id='word_1_390' title='bbox 1678 3759 1905 3829; x_wconf 75' lang='lat' dir='ltr'><strong>jejunio,</strong></span> <span class='ocrx_word' id='word_1_391' title='bbox 1950 3766 2019 3819; x_wconf 92' lang='lat' dir='ltr'><strong>ob</strong></span> <span class='ocrx_word' id='word_1_392' title='bbox 2050 3779 2174 3819; x_wconf 89' lang='lat' dir='ltr'><strong>san-</strong></span> 
     </span>
    </p>
   </div>
   <div class='ocr_carea' id='block_1_56' title="bbox 604 3830 2173 3914">
    <p class='ocr_par' dir='ltr' id='par_1_56' title="bbox 604 3830 2173 3914">
     <span class='ocr_line' id='line_1_56' title="bbox 604 3830 2173 3914; baseline 0.021 -35"><span class='ocrx_word' id='word_1_393' title='bbox 604 3837 701 3880; x_wconf 70' lang='lat' dir='ltr'><strong>ctzr</strong></span> <span class='ocrx_word' id='word_1_394' title='bbox 730 3830 910 3885; x_wconf 89' lang='lat' dir='ltr'><strong>crucis</strong></span> <span class='ocrx_word' id='word_1_395' title='bbox 951 3838 1330 3903; x_wconf 89' lang='lat' dir='ltr'><strong>reverentiam,</strong></span> <span class='ocrx_word' id='word_1_396' title='bbox 1364 3849 1719 3902; x_wconf 72' lang='lat' dir='ltr'><strong>venerandam</strong></span> <span class='ocrx_word' id='word_1_397' title='bbox 1743 3853 2004 3907; x_wconf 89' lang='lat' dir='ltr'><strong>exhibuit.</strong></span> <span class='ocrx_word' id='word_1_398' title='bbox 2048 3856 2173 3914; x_wconf 62' lang='lat' dir='ltr'><strong>llaec</strong></span> 
     </span>
    </p>
   </div>
   <div class='ocr_carea' id='block_1_57' title="bbox 608 3926 2173 4017">
    <p class='ocr_par' dir='ltr' id='par_1_57' title="bbox 608 3926 2173 4017">
     <span class='ocr_line' id='line_1_57' title="bbox 608 3926 2173 4017; baseline 0.021 -47"><span class='ocrx_word' id='word_1_399' title='bbox 608 3929 787 3973; x_wconf 89' lang='lat' dir='ltr'><strong>autem</strong></span> <span class='ocrx_word' id='word_1_400' title='bbox 812 3930 963 3978; x_wconf 85' lang='lat' dir='ltr'><strong>tanto</strong></span> <span class='ocrx_word' id='word_1_401' title='bbox 995 3926 1211 3993; x_wconf 82' lang='lat' dir='ltr'><strong>quidem</strong></span> <span class='ocrx_word' id='word_1_402' title='bbox 1256 3931 1624 4003; x_wconf 79' lang='lat' dir='ltr'><strong>religiosorum</strong></span> <span class='ocrx_word' id='word_1_403' title='bbox 1653 3938 1932 3997; x_wconf 85' lang='lat' dir='ltr'><strong>hominum</strong></span> <span class='ocrx_word' id='word_1_404' title='bbox 1978 3962 2173 4017; x_wconf 80' lang='lat' dir='ltr'><strong>appro-</strong></span> 
     </span>
    </p>
   </div>
   <div class='ocr_carea' id='block_1_58' title="bbox 606 4009 2171 4095">
    <p class='ocr_par' dir='ltr' id='par_1_58' title="bbox 606 4009 2171 4095">
     <span class='ocr_line' id='line_1_58' title="bbox 606 4009 2171 4095; baseline 0.024 -37"><span class='ocrx_word' id='word_1_405' title='bbox 606 4009 727 4060; x_wconf 84' lang='lat' dir='ltr'><strong>bata</strong></span> <span class='ocrx_word' id='word_1_406' title='bbox 755 4020 882 4062; x_wconf 83' lang='lat' dir='ltr'><strong>sunt</strong></span> <span class='ocrx_word' id='word_1_407' title='bbox 908 4026 1193 4081; x_wconf 87' lang='lat' dir='ltr'><strong>consensu,</strong></span> <span class='ocrx_word' id='word_1_408' title='bbox 1222 4028 1281 4073; x_wconf 88' lang='lat' dir='ltr'><strong>ut</strong></span> <span class='ocrx_word' id='word_1_409' title='bbox 1333 4022 1461 4077; x_wconf 88' lang='lat' dir='ltr'><strong>illud</strong></span> <span class='ocrx_word' id='word_1_410' title='bbox 1514 4026 1677 4082; x_wconf 90' lang='lat' dir='ltr'><strong>etiam</strong></span> <span class='ocrx_word' id='word_1_411' title='bbox 1724 4031 1931 4090; x_wconf 90' lang='lat' dir='ltr'><strong>illustre</strong></span> <span class='ocrx_word' id='word_1_412' title='bbox 1976 4009 2171 4095; x_wconf 56' lang='lat' dir='ltr'><strong>Montis</strong></span> 
     </span>
    </p>
   </div>
   <div class='ocr_carea' id='block_1_59' title="bbox 605 4098 2170 4186">
    <p class='ocr_par' dir='ltr' id='par_1_59' title="bbox 605 4098 2170 4186">
     <span class='ocr_line' id='line_1_59' title="bbox 605 4098 2170 4186; baseline 0.02 -33"><span class='ocrx_word' id='word_1_413' title='bbox 605 4098 786 4153; x_wconf 85' lang='lat' dir='ltr'><strong>Casini</strong></span> <span class='ocrx_word' id='word_1_414' title='bbox 813 4106 1198 4161; x_wconf 87' lang='lat' dir='ltr'><strong>monasterium</strong></span> <span class='ocrx_word' id='word_1_415' title='bbox 1231 4125 1294 4164; x_wconf 89' lang='lat' dir='ltr'><strong>ea</strong></span> <span class='ocrx_word' id='word_1_416' title='bbox 1322 4116 1502 4170; x_wconf 87' lang='lat' dir='ltr'><strong>omnia</strong></span> <span class='ocrx_word' id='word_1_417' title='bbox 1551 4120 1652 4174; x_wconf 92' lang='lat' dir='ltr'><strong>sibi</strong></span> <span class='ocrx_word' id='word_1_418' title='bbox 1679 4128 1939 4180; x_wconf 89' lang='lat' dir='ltr'><strong>servanda</strong></span> <span class='ocrx_word' id='word_1_419' title='bbox 1966 4138 2170 4186; x_wconf 86' lang='lat' dir='ltr'><strong>statue-</strong></span> 
     </span>
    </p>
   </div>
   <div class='ocr_carea' id='block_1_60' title="bbox 608 4189 2169 4279">
    <p class='ocr_par' dir='ltr' id='par_1_60' title="bbox 608 4189 2169 4279">
     <span class='ocr_line' id='line_1_60' title="bbox 608 4189 2169 4279; baseline 0.024 -39"><span class='ocrx_word' id='word_1_420' title='bbox 608 4189 697 4252; x_wconf 78' lang='lat' dir='ltr'><strong>rit;</strong></span> <span class='ocrx_word' id='word_1_421' title='bbox 731 4199 785 4244; x_wconf 92' lang='lat' dir='ltr'><strong>et</strong></span> <span class='ocrx_word' id='word_1_422' title='bbox 834 4190 976 4246; x_wconf 90' lang='lat' dir='ltr'><strong>inter</strong></span> <span class='ocrx_word' id='word_1_423' title='bbox 1005 4209 1100 4249; x_wconf 86' lang='lat' dir='ltr'><strong>sua</strong></span> <span class='ocrx_word' id='word_1_424' title='bbox 1145 4200 1413 4269; x_wconf 71' lang='lat' dir='ltr'><strong>regularis</strong></span> <span class='ocrx_word' id='word_1_425' title='bbox 1461 4221 1726 4279; x_wconf 69' lang='lat' dir='ltr'><strong>prmcepta</strong></span> <span class='ocrx_word' id='word_1_426' title='bbox 1778 4220 2045 4274; x_wconf 88' lang='lat' dir='ltr'><strong>conscribi</strong></span> <span class='ocrx_word' id='word_1_427' title='bbox 2083 4238 2169 4277; x_wconf 88' lang='lat' dir='ltr'><strong>vo-</strong></span> 
     </span>
    </p>
   </div>
   <div class='ocr_carea' id='block_1_61' title="bbox 603 4278 2171 4376">
    <p class='ocr_par' dir='ltr' id='par_1_61' title="bbox 603 4278 2171 4376">
     <span class='ocr_line' id='line_1_61' title="bbox 603 4278 2171 4376; baseline 0.024 -48"><span class='ocrx_word' id='word_1_428' title='bbox 603 4278 779 4376; x_wconf 64' lang='lat' dir='ltr'><strong>luerit.</strong></span> <span class='ocrx_word' id='word_1_429' title='bbox 833 4279 987 4337; x_wconf 85' lang='lat' dir='ltr'><strong>Libet</strong></span> <span class='ocrx_word' id='word_1_430' title='bbox 1015 4285 1117 4341; x_wconf 88' lang='lat' dir='ltr'><strong>hoc</strong></span> <span class='ocrx_word' id='word_1_431' title='bbox 1144 4287 1263 4345; x_wconf 90' lang='lat' dir='ltr'><strong>loco</strong></span> <span class='ocrx_word' id='word_1_432' title='bbox 1297 4293 1559 4351; x_wconf 87' lang='lat' dir='ltr'><strong>visionem</strong></span> <span class='ocrx_word' id='word_1_433' title='bbox 1605 4278 1827 4369; x_wconf 81' lang='lat' dir='ltr'><strong>referre,</strong></span> <span class='ocrx_word' id='word_1_434' title='bbox 1870 4323 1973 4376; x_wconf 90' lang='lat' dir='ltr'><strong>qua</strong></span> <span class='ocrx_word' id='word_1_435' title='bbox 2023 4313 2171 4367; x_wconf 85' lang='lat' dir='ltr'><strong>miri-</strong></span> 
     </span>
    </p>
   </div>
   <div class='ocr_carea' id='block_1_62' title="bbox 604 4368 2167 4459">
    <p class='ocr_par' dir='ltr' id='par_1_62' title="bbox 604 4368 2167 4459">
     <span class='ocr_line' id='line_1_62' title="bbox 604 4368 2167 4459; baseline 0.024 -40"><span class='ocrx_word' id='word_1_436' title='bbox 604 4368 700 4421; x_wconf 80' lang='lat' dir='ltr'><strong>tice</strong></span> <span class='ocrx_word' id='word_1_437' title='bbox 727 4370 780 4423; x_wconf 93' lang='lat' dir='ltr'><strong>iu</strong></span> <span class='ocrx_word' id='word_1_438' title='bbox 823 4372 1199 4434; x_wconf 86' lang='lat' dir='ltr'><strong>observatione</strong></span> <span class='ocrx_word' id='word_1_439' title='bbox 1254 4393 1417 4439; x_wconf 58' lang='lat' dir='ltr'><strong>sextae</strong></span> <span class='ocrx_word' id='word_1_440' title='bbox 1468 4387 1613 4444; x_wconf 70' lang='lat' dir='ltr'><strong>ferite</strong></span> <span class='ocrx_word' id='word_1_441' title='bbox 1654 4408 1771 4448; x_wconf 91' lang='lat' dir='ltr'><strong>mos</strong></span> <span class='ocrx_word' id='word_1_442' title='bbox 1816 4368 2167 4459; x_wconf 75' lang='lat' dir='ltr'><strong>confirmatus</strong></span> 
     </span>
    </p>
   </div>
   <div class='ocr_carea' id='block_1_63' title="bbox 601 4458 2243 4556">
    <p class='ocr_par' dir='ltr' id='par_1_63' title="bbox 601 4458 2243 4556">
     <span class='ocr_line' id='line_1_63' title="bbox 601 4458 2243 4556; baseline 0.026 -46"><span class='ocrx_word' id='word_1_443' title='bbox 601 4470 721 4556; x_wconf 79' lang='lat' dir='ltr'><strong>est;</strong></span> <span class='ocrx_word' id='word_1_444' title='bbox 766 4470 820 4514; x_wconf 91' lang='lat' dir='ltr'><strong>et</strong></span> <span class='ocrx_word' id='word_1_445' title='bbox 848 4464 973 4533; x_wconf 86' lang='lat' dir='ltr'><strong>quia</strong></span> <span class='ocrx_word' id='word_1_446' title='bbox 1008 4466 1155 4523; x_wconf 88' lang='lat' dir='ltr'><strong>illam</strong></span> <span class='ocrx_word' id='word_1_447' title='bbox 1205 4473 1431 4541; x_wconf 90' lang='lat' dir='ltr'><strong>ipsemet</strong></span> <span class='ocrx_word' id='word_1_448' title='bbox 1476 4480 1783 4553; x_wconf 85' lang='lat' dir='ltr'><strong>descripsit,</strong></span> <span class='ocrx_word' id='word_1_449' title='bbox 1829 4488 1945 4556; x_wconf 85' lang='lat' dir='ltr'><strong>ejus</strong></span> <span class='ocrx_word' id='word_1_450' title='bbox 1997 4497 2161 4551; x_wconf 88' lang='lat' dir='ltr'><strong>verba</strong></span> <span class='ocrx_word' id='word_1_451' title='bbox 2196 4458 2243 4516; x_wconf 67' lang='grc' dir='ltr'><strong>Β</strong></span> 
     </span>
    </p>
   </div>
   <div class='ocr_carea' id='block_1_64' title="bbox 599 4551 2160 4651">
    <p class='ocr_par' dir='ltr' id='par_1_64' title="bbox 599 4551 2160 4651">
     <span class='ocr_line' id='line_1_64' title="bbox 599 4551 2160 4651; baseline 0.024 -48"><span class='ocrx_word' id='word_1_452' title='bbox 599 4551 915 4607; x_wconf 82' lang='lat' dir='ltr'><strong>subuectam</strong></span> <span class='ocrx_word' id='word_1_453' title='bbox 956 4573 969 4609; x_wconf 85' lang='lat'><strong>:</strong></span> <span class='ocrx_word' id='word_1_454' title='bbox 1004 4576 1023 4609; x_wconf 76' lang='grc' dir='ltr'><strong>ι</strong></span> <span class='ocrx_word' id='word_1_455' title='bbox 1060 4560 1114 4613; x_wconf 92' lang='lat' dir='ltr'><strong>In</strong></span> <span class='ocrx_word' id='word_1_456' title='bbox 1162 4568 1537 4633; x_wconf 65' lang='lat' dir='ltr'><strong>aegrotandum</strong></span> <span class='ocrx_word' id='word_1_457' title='bbox 1586 4551 1719 4627; x_wconf 88' lang='lat' dir='ltr'><strong>cella</strong></span> <span class='ocrx_word' id='word_1_458' title='bbox 1756 4551 1919 4633; x_wconf 75' lang='lat' dir='ltr'><strong>senex</strong></span> <span class='ocrx_word' id='word_1_459' title='bbox 1943 4585 2160 4651; x_wconf 88' lang='lat' dir='ltr'><strong>quidam</strong></span> 
     </span>
    </p>
   </div>
   <div class='ocr_carea' id='block_1_65' title="bbox 601 4645 2166 4736">
    <p class='ocr_par' dir='ltr' id='par_1_65' title="bbox 601 4645 2166 4736">
     <span class='ocr_line' id='line_1_65' title="bbox 601 4645 2166 4736; baseline 0.026 -46"><span class='ocrx_word' id='word_1_460' title='bbox 780 4653 917 4736; x_wconf 80' lang='lat' dir='ltr'><strong>erat,</strong></span> <span class='ocrx_word' id='word_1_461' title='bbox 954 4645 1065 4702; x_wconf 89' lang='lat' dir='ltr'><strong>Leo</strong></span> <span class='ocrx_word' id='word_1_462' title='bbox 1096 4653 1334 4721; x_wconf 92' lang='lat' dir='ltr'><strong>nomine,</strong></span> <span class='ocrx_word' id='word_1_463' title='bbox 1384 4660 1475 4726; x_wconf 91' lang='lat' dir='ltr'><strong>qui</strong></span> <span class='ocrx_word' id='word_1_464' title='bbox 1496 4658 1741 4731; x_wconf 86' lang='lat' dir='ltr'><strong>jejuniis,</strong></span> <span class='ocrx_word' id='word_1_465' title='bbox 1774 4645 2017 4736; x_wconf 76' lang='lat' dir='ltr'><strong>psalmis,</strong></span> <span class='ocrx_word' id='word_1_466' title='bbox 2047 4690 2166 4729; x_wconf 85' lang='lat' dir='ltr'><strong>ora-</strong></span> 
     </span>
    </p>
   </div>
   <div class='ocr_carea' id='block_1_66' title="bbox 601 4730 2166 4827">
    <p class='ocr_par' dir='ltr' id='par_1_66' title="bbox 601 4730 2166 4827">
     <span class='ocr_line' id='line_1_66' title="bbox 601 4730 2166 4827; baseline 0.027 -48"><span class='ocrx_word' id='word_1_467' title='bbox 601 4730 833 4787; x_wconf 87' lang='lat' dir='ltr'><strong>tionibus</strong></span> <span class='ocrx_word' id='word_1_468' title='bbox 860 4734 1143 4793; x_wconf 84' lang='lat' dir='ltr'><strong>insistebat</strong></span> <span class='ocrx_word' id='word_1_469' title='bbox 1167 4746 1426 4802; x_wconf 86' lang='lat' dir='ltr'><strong>attentius</strong></span> <span class='ocrx_word' id='word_1_470' title='bbox 1451 4767 1463 4802; x_wconf 90' lang='lat'><strong>:</strong></span> <span class='ocrx_word' id='word_1_471' title='bbox 1498 4762 1553 4805; x_wconf 91' lang='lat' dir='ltr'><strong>et</strong></span> <span class='ocrx_word' id='word_1_472' title='bbox 1572 4752 1711 4827; x_wconf 35' lang='lat' dir='ltr'><strong>licet,</strong></span> <span class='ocrx_word' id='word_1_473' title='bbox 1728 4730 2166 4827; x_wconf 36' lang='lat' dir='ltr'><strong>corporeis&#39;essct</strong></span> 
     </span>
    </p>
   </div>
   <div class='ocr_carea' id='block_1_67' title="bbox 600 4823 2168 4921">
    <p class='ocr_par' dir='ltr' id='par_1_67' title="bbox 600 4823 2168 4921">
     <span class='ocr_line' id='line_1_67' title="bbox 600 4823 2168 4921; baseline 0.027 -50"><span class='ocrx_word' id='word_1_474' title='bbox 600 4823 798 4880; x_wconf 82' lang='lat' dir='ltr'><strong>\iribus</strong></span> <span class='ocrx_word' id='word_1_475' title='bbox 836 4829 1043 4897; x_wconf 79' lang='lat' dir='ltr'><strong>etfctus,</strong></span> <span class='ocrx_word' id='word_1_476' title='bbox 1088 4835 1310 4903; x_wconf 82' lang='lat' dir='ltr'><strong>juvenili</strong></span> <span class='ocrx_word' id='word_1_477' title='bbox 1351 4851 1527 4899; x_wconf 82' lang='lat' dir='ltr'><strong>tamen</strong></span> <span class='ocrx_word' id='word_1_478' title='bbox 1586 4823 1775 4904; x_wconf 73' lang='lat' dir='ltr'><strong>fervidi</strong></span> <span class='ocrx_word' id='word_1_479' title='bbox 1805 4823 2027 4921; x_wconf 85' lang='lat' dir='ltr'><strong>spiritus</strong></span> <span class='ocrx_word' id='word_1_480' title='bbox 2050 4870 2168 4914; x_wconf 88' lang='lat' dir='ltr'><strong>erat</strong></span> 
     </span>
    </p>
   </div>
   <div class='ocr_carea' id='block_1_68' title="bbox 600 4916 2162 5015">
    <p class='ocr_par' dir='ltr' id='par_1_68' title="bbox 600 4916 2162 5015">
     <span class='ocr_line' id='line_1_68' title="bbox 600 4916 2162 5015; baseline 0.028 -52"><span class='ocrx_word' id='word_1_481' title='bbox 600 4916 779 4985; x_wconf 73' lang='lat' dir='ltr'><strong>vigore</strong></span> <span class='ocrx_word' id='word_1_482' title='bbox 804 4922 1071 4981; x_wconf 84' lang='lat' dir='ltr'><strong>robustus.</strong></span> <span class='ocrx_word' id='word_1_483' title='bbox 1118 4930 1214 4985; x_wconf 91' lang='lat' dir='ltr'><strong>llic</strong></span> <span class='ocrx_word' id='word_1_484' title='bbox 1260 4938 1503 5002; x_wconf 88' lang='lat' dir='ltr'><strong>proxima</strong></span> <span class='ocrx_word' id='word_1_485' title='bbox 1532 4954 1708 5007; x_wconf 88' lang='lat' dir='ltr'><strong>nocte,</strong></span> <span class='ocrx_word' id='word_1_486' title='bbox 1743 4960 1848 5015; x_wconf 90' lang='lat' dir='ltr'><strong>qua</strong></span> <span class='ocrx_word' id='word_1_487' title='bbox 1876 4952 2162 5006; x_wconf 86' lang='lat' dir='ltr'><strong>statuenda</strong></span> 
     </span>
    </p>
   </div>
   <div class='ocr_carea' id='block_1_69' title="bbox 595 5011 2164 5105">
    <p class='ocr_par' dir='ltr' id='par_1_69' title="bbox 595 5011 2164 5105">
     <span class='ocr_line' id='line_1_69' title="bbox 595 5011 2164 5105; baseline 0.028 -51"><span class='ocrx_word' id='word_1_488' title='bbox 595 5020 713 5061; x_wconf 68' lang='lat' dir='ltr'><strong>erat</strong></span> <span class='ocrx_word' id='word_1_489' title='bbox 752 5011 867 5105; x_wconf 68' lang='lat' dir='ltr'><strong>btet:</strong></span> <span class='ocrx_word' id='word_1_490' title='bbox 893 5031 1121 5074; x_wconf 81' lang='lat' dir='ltr'><strong>censura</strong></span> <span class='ocrx_word' id='word_1_491' title='bbox 1150 5021 1362 5093; x_wconf 89' lang='lat' dir='ltr'><strong>jejuuii,</strong></span> <span class='ocrx_word' id='word_1_492' title='bbox 1407 5030 1540 5084; x_wconf 84' lang='lat' dir='ltr'><strong>vidit</strong></span> <span class='ocrx_word' id='word_1_493' title='bbox 1589 5050 1684 5102; x_wconf 84' lang='lat' dir='ltr'><strong>per</strong></span> <span class='ocrx_word' id='word_1_494' title='bbox 1728 5011 2016 5105; x_wconf 77' lang='lat' dir='ltr'><strong>somnium,</strong></span> <span class='ocrx_word' id='word_1_495' title='bbox 2052 5062 2164 5098; x_wconf 83' lang='lat' dir='ltr'><strong>ma-</strong></span> 
     </span>
    </p>
   </div>
   <div class='ocr_carea' id='block_1_70' title="bbox 598 5100 2161 5203">
    <p class='ocr_par' dir='ltr' id='par_1_70' title="bbox 598 5100 2161 5203">
     <span class='ocr_line' id='line_1_70' title="bbox 598 5100 2161 5203; baseline 0.029 -58"><span class='ocrx_word' id='word_1_496' title='bbox 598 5112 759 5197; x_wconf 81' lang='lat' dir='ltr'><strong>gnum</strong></span> <span class='ocrx_word' id='word_1_497' title='bbox 806 5100 860 5155; x_wconf 89' lang='lat' dir='ltr'><strong>in</strong></span> <span class='ocrx_word' id='word_1_498' title='bbox 910 5106 1151 5164; x_wconf 78' lang='lat' dir='ltr'><strong>Ecclesia</strong></span> <span class='ocrx_word' id='word_1_499' title='bbox 1200 5115 1423 5169; x_wconf 88' lang='lat' dir='ltr'><strong>chorum</strong></span> <span class='ocrx_word' id='word_1_500' title='bbox 1464 5122 1872 5182; x_wconf 89' lang='lat' dir='ltr'><strong>consistentium</strong></span> <span class='ocrx_word' id='word_1_501' title='bbox 1913 5130 2161 5203; x_wconf 88' lang='lat' dir='ltr'><strong>fratrum,</strong></span> 
     </span>
    </p>
   </div>
   <div class='ocr_carea' id='block_1_71' title="bbox 600 5201 2165 5282">
    <p class='ocr_par' dir='ltr' id='par_1_71' title="bbox 600 5201 2165 5282">
     <span class='ocr_line' id='line_1_71' title="bbox 600 5201 2165 5282; baseline 0.031 -48"><span class='ocrx_word' id='word_1_502' title='bbox 600 5201 687 5282; x_wconf 69' lang='lat' dir='ltr'><strong>qui</strong></span> <span class='ocrx_word' id='word_1_503' title='bbox 731 5205 917 5282; x_wconf 62' lang='lat' dir='ltr'><strong>qcntpe</strong></span> <span class='ocrx_word' id='word_1_504' title='bbox 967 5202 1242 5265; x_wconf 61' lang='lat' dir='ltr'><strong>pra-claris</strong></span> <span class='ocrx_word' id='word_1_505' title='bbox 1282 5209 1525 5264; x_wconf 88' lang='lat' dir='ltr'><strong>candidis</strong></span> <span class='ocrx_word' id='word_1_506' title='bbox 1580 5216 1819 5272; x_wconf 82' lang='lat' dir='ltr'><strong>vestibus</strong></span> <span class='ocrx_word' id='word_1_507' title='bbox 1867 5201 2165 5282; x_wconf 87' lang='lat' dir='ltr'><strong>luculenter</strong></span> 
     </span>
    </p>
   </div>
   <div class='ocr_carea' id='block_1_72' title="bbox 601 5272 2160 5373">
    <p class='ocr_par' dir='ltr' id='par_1_72' title="bbox 601 5272 2160 5373">
     <span class='ocr_line' id='line_1_72' title="bbox 601 5272 2160 5373; baseline 0.032 -50"><span class='ocrx_word' id='word_1_508' title='bbox 601 5272 790 5373; x_wconf 78' lang='lat' dir='ltr'><strong>induti,</strong></span> <span class='ocrx_word' id='word_1_509' title='bbox 824 5282 1091 5341; x_wconf 81' lang='lat' dir='ltr'><strong>dulcisona</strong></span> <span class='ocrx_word' id='word_1_510' title='bbox 1115 5293 1246 5347; x_wconf 85' lang='lat' dir='ltr'><strong>satis</strong></span> <span class='ocrx_word' id='word_1_511' title='bbox 1273 5311 1335 5349; x_wconf 88' lang='lat' dir='ltr'><strong>ac</strong></span> <span class='ocrx_word' id='word_1_512' title='bbox 1359 5299 1608 5356; x_wconf 83' lang='lat' dir='ltr'><strong>melliflua</strong></span> <span class='ocrx_word' id='word_1_513' title='bbox 1635 5305 1846 5361; x_wconf 88' lang='lat' dir='ltr'><strong>tuelodii</strong></span> <span class='ocrx_word' id='word_1_514' title='bbox 1871 5326 2160 5373; x_wconf 84' lang='lat' dir='ltr'><strong>concentus</strong></span> 
     </span>
    </p>
   </div>
   <div class='ocr_carea' id='block_1_73' title="bbox 598 5365 2155 5469">
    <p class='ocr_par' dir='ltr' id='par_1_73' title="bbox 598 5365 2155 5469">
     <span class='ocr_line' id='line_1_73' title="bbox 598 5365 2155 5469; baseline 0.031 -57"><span class='ocrx_word' id='word_1_515' title='bbox 598 5365 863 5469; x_wconf 34' lang='lat' dir='ltr'><strong>suavitatﬁe</strong></span> <span class='ocrx_word' id='word_1_516' title='bbox 888 5380 1193 5443; x_wconf 73' lang='lat' dir='ltr'><strong>cantabant,</strong></span> <span class='ocrx_word' id='word_1_517' title='bbox 1224 5384 1350 5440; x_wconf 89' lang='lat' dir='ltr'><strong>illud</strong></span> <span class='ocrx_word' id='word_1_518' title='bbox 1386 5389 1593 5445; x_wconf 87' lang='lat' dir='ltr'><strong>scilicet</strong></span> <span class='ocrx_word' id='word_1_519' title='bbox 1636 5395 1883 5463; x_wconf 80' lang='lat' dir='ltr'><strong>Alleluia,</strong></span> <span class='ocrx_word' id='word_1_520' title='bbox 1910 5365 2155 5469; x_wconf 57' lang='grc' dir='ltr'>ωιλλιὰῖ</span> 
     </span>
    </p>
   </div>
   <div class='ocr_carea' id='block_1_74' title="bbox 600 5457 2159 5551">
    <p class='ocr_par' dir='ltr' id='par_1_74' title="bbox 600 5457 2159 5551">
     <span class='ocr_line' id='line_1_74' title="bbox 600 5457 2159 5551; baseline 0.028 -44"><span class='ocrx_word' id='word_1_521' title='bbox 600 5457 761 5551; x_wconf 80' lang='lat' dir='ltr'><strong>citur,</strong></span> <span class='ocrx_word' id='word_1_522' title='bbox 810 5459 971 5517; x_wconf 73' lang='lat' dir='ltr'><strong>Dulce</strong></span> <span class='ocrx_word' id='word_1_523' title='bbox 1002 5469 1217 5537; x_wconf 73' lang='lat' dir='ltr'><strong>lignum,</strong></span> <span class='ocrx_word' id='word_1_524' title='bbox 1266 5477 1441 5534; x_wconf 71' lang='lat' dir='ltr'><strong>dulces</strong></span> <span class='ocrx_word' id='word_1_525' title='bbox 1495 5483 1687 5549; x_wconf 78' lang='lat' dir='ltr'><strong>claros,</strong></span> <span class='ocrx_word' id='word_1_526' title='bbox 1745 5457 2159 5551; x_wconf 31' lang='lat' dir='ltr'><strong>etc.v\:idebaut</strong></span> 
     </span>
    </p>
   </div>
   <div class='ocr_carea' id='block_1_75' title="bbox 598 5546 2160 5649">
    <p class='ocr_par' dir='ltr' id='par_1_75' title="bbox 598 5546 2160 5649">
     <span class='ocr_line' id='line_1_75' title="bbox 598 5546 2160 5649; baseline 0.029 -52"><span class='ocrx_word' id='word_1_527' title='bbox 598 5546 783 5649; x_wconf 72' lang='lat' dir='ltr'><strong>etiam,</strong></span> <span class='ocrx_word' id='word_1_528' title='bbox 805 5554 945 5619; x_wconf 89' lang='lat' dir='ltr'><strong>quod</strong></span> <span class='ocrx_word' id='word_1_529' title='bbox 969 5572 1064 5625; x_wconf 88' lang='lat' dir='ltr'><strong>per</strong></span> <span class='ocrx_word' id='word_1_530' title='bbox 1082 5578 1267 5620; x_wconf 88' lang='lat' dir='ltr'><strong>omnes</strong></span> <span class='ocrx_word' id='word_1_531' title='bbox 1294 5569 1557 5628; x_wconf 83' lang='lat' dir='ltr'><strong>refectorii</strong></span> <span class='ocrx_word' id='word_1_532' title='bbox 1578 5593 1793 5634; x_wconf 83' lang='lat' dir='ltr'><strong>mensas</strong></span> <span class='ocrx_word' id='word_1_533' title='bbox 1816 5599 1979 5649; x_wconf 81' lang='lat' dir='ltr'><strong>panes</strong></span> <span class='ocrx_word' id='word_1_534' title='bbox 2004 5599 2160 5642; x_wconf 84' lang='lat' dir='ltr'><strong>erant</strong></span> 
     </span>
    </p>
   </div>
   <div class='ocr_carea' id='block_1_76' title="bbox 602 5640 2157 5748">
    <p class='ocr_par' dir='ltr' id='par_1_76' title="bbox 602 5640 2157 5748">
     <span class='ocr_line' id='line_1_76' title="bbox 602 5640 2157 5748; baseline 0.03 -59"><span class='ocrx_word' id='word_1_535' title='bbox 602 5640 845 5705; x_wconf 60' lang='lat' dir='ltr'><strong>atmositi,</strong></span> <span class='ocrx_word' id='word_1_536' title='bbox 875 5657 925 5699; x_wconf 85' lang='lat' dir='ltr'><strong>et</strong></span> <span class='ocrx_word' id='word_1_537' title='bbox 969 5653 1145 5719; x_wconf 76' lang='lat' dir='ltr'><strong>specie</strong></span> <span class='ocrx_word' id='word_1_538' title='bbox 1189 5658 1360 5723; x_wconf 83' lang='lat' dir='ltr'><strong>nitidi,</strong></span> <span class='ocrx_word' id='word_1_539' title='bbox 1392 5676 1441 5716; x_wconf 86' lang='lat' dir='ltr'><strong>et</strong></span> <span class='ocrx_word' id='word_1_540' title='bbox 1475 5674 1707 5723; x_wconf 78' lang='lat' dir='ltr'><strong>nectarei</strong></span> <span class='ocrx_word' id='word_1_541' title='bbox 1752 5686 1937 5742; x_wconf 80' lang='lat' dir='ltr'><strong>gustus</strong></span> <span class='ocrx_word' id='word_1_542' title='bbox 1967 5693 2157 5748; x_wconf 78' lang='lat' dir='ltr'><strong>sapore</strong></span> 
     </span>
    </p>
   </div>
   <div class='ocr_carea' id='block_1_77' title="bbox 871 3096 2249 3189">
    <p class='ocr_par' dir='ltr' id='par_1_77' title="bbox 871 3096 2249 3189">
     <span class='ocr_line' id='line_1_77' title="bbox 871 3096 2249 3189; baseline 0.017 -22"><span class='ocrx_word' id='word_1_543' title='bbox 871 3129 969 3169; x_wconf 92' lang='lat' dir='ltr'><strong>nec</strong></span> <span class='ocrx_word' id='word_1_544' title='bbox 1015 3118 1322 3187; x_wconf 87' lang='lat' dir='ltr'><strong>quisquam,</strong></span> <span class='ocrx_word' id='word_1_545' title='bbox 1368 3124 1471 3177; x_wconf 91' lang='lat' dir='ltr'><strong>nisi</strong></span> <span class='ocrx_word' id='word_1_546' title='bbox 1519 3126 1845 3184; x_wconf 87' lang='lat' dir='ltr'><strong>inevitabilis</strong></span> <span class='ocrx_word' id='word_1_547' title='bbox 1885 3137 2174 3189; x_wconf 83' lang='lat' dir='ltr'><strong>necessitas</strong></span> <span class='ocrx_word' id='word_1_548' title='bbox 2204 3096 2249 3157; x_wconf 75' lang='lat' dir='ltr'><strong>C</strong></span> 
     </span>
    </p>
   </div>
   <div class='ocr_carea' id='block_1_78' title="bbox 2282 1876 3870 1949">
    <p class='ocr_par' dir='ltr' id='par_1_78' title="bbox 2282 1876 3870 1949">
     <span class='ocr_line' id='line_1_78' title="bbox 2282 1876 3870 1949; baseline 0.002 -19"><span class='ocrx_word' id='word_1_549' title='bbox 2282 1876 2544 1930; x_wconf 82' lang='lat' dir='ltr'><strong>honorem</strong></span> <span class='ocrx_word' id='word_1_550' title='bbox 2595 1876 2866 1940; x_wconf 88' lang='lat' dir='ltr'><strong>decantat,</strong></span> <span class='ocrx_word' id='word_1_551' title='bbox 2913 1878 3003 1946; x_wconf 89' lang='lat' dir='ltr'><strong>qui</strong></span> <span class='ocrx_word' id='word_1_552' title='bbox 3040 1892 3103 1931; x_wconf 86' lang='lat' dir='ltr'><strong>ea</strong></span> <span class='ocrx_word' id='word_1_553' title='bbox 3144 1878 3393 1932; x_wconf 90' lang='lat' dir='ltr'><strong>videlicet</strong></span> <span class='ocrx_word' id='word_1_554' title='bbox 3434 1879 3540 1939; x_wconf 81' lang='lat' dir='ltr'><strong>die,</strong></span> <span class='ocrx_word' id='word_1_555' title='bbox 3572 1896 3675 1949; x_wconf 86' lang='lat' dir='ltr'><strong>qua</strong></span> <span class='ocrx_word' id='word_1_556' title='bbox 3708 1879 3870 1935; x_wconf 84' lang='lat' dir='ltr'><strong>Chri-</strong></span> 
     </span>
    </p>
   </div>
   <div class='ocr_carea' id='block_1_79' title="bbox 2284 1966 3871 2035">
    <p class='ocr_par' dir='ltr' id='par_1_79' title="bbox 2284 1966 3871 2035">
     <span class='ocr_line' id='line_1_79' title="bbox 2284 1966 3871 2035; baseline 0.003 -15"><span class='ocrx_word' id='word_1_557' title='bbox 2284 1975 2398 2020; x_wconf 88' lang='lat' dir='ltr'><strong>stus</strong></span> <span class='ocrx_word' id='word_1_558' title='bbox 2428 1966 2481 2019; x_wconf 91' lang='lat' dir='ltr'><strong>in</strong></span> <span class='ocrx_word' id='word_1_559' title='bbox 2516 1980 2678 2021; x_wconf 90' lang='lat' dir='ltr'><strong>cruce</strong></span> <span class='ocrx_word' id='word_1_560' title='bbox 2704 1980 2999 2034; x_wconf 86' lang='lat' dir='ltr'><strong>suspensus</strong></span> <span class='ocrx_word' id='word_1_561' title='bbox 3044 1977 3145 2031; x_wconf 88' lang='lat' dir='ltr'><strong>est,</strong></span> <span class='ocrx_word' id='word_1_562' title='bbox 3193 1967 3453 2035; x_wconf 89' lang='lat' dir='ltr'><strong>jejunium</strong></span> <span class='ocrx_word' id='word_1_563' title='bbox 3507 1970 3765 2023; x_wconf 89' lang='lat' dir='ltr'><strong>celebrat.</strong></span> <span class='ocrx_word' id='word_1_564' title='bbox 3802 1970 3871 2024; x_wconf 78' lang='lat' dir='ltr'><strong>Et</strong></span> 
     </span>
    </p>
   </div>
   <div class='ocr_carea' id='block_1_80' title="bbox 2285 2056 3863 2127">
    <p class='ocr_par' dir='ltr' id='par_1_80' title="bbox 2285 2056 3863 2127">
     <span class='ocr_line' id='line_1_80' title="bbox 2285 2056 3863 2127; baseline 0.004 -21"><span class='ocrx_word' id='word_1_565' title='bbox 2285 2056 2414 2125; x_wconf 89' lang='lat' dir='ltr'><strong>quid</strong></span> <span class='ocrx_word' id='word_1_566' title='bbox 2444 2066 2550 2119; x_wconf 91' lang='lat' dir='ltr'><strong>est,</strong></span> <span class='ocrx_word' id='word_1_567' title='bbox 2598 2056 2740 2125; x_wconf 91' lang='lat' dir='ltr'><strong>quod</strong></span> <span class='ocrx_word' id='word_1_568' title='bbox 2788 2056 2980 2111; x_wconf 89' lang='lat' dir='ltr'><strong>melliti</strong></span> <span class='ocrx_word' id='word_1_569' title='bbox 3016 2057 3337 2112; x_wconf 89' lang='lat' dir='ltr'><strong>videbantur</strong></span> <span class='ocrx_word' id='word_1_570' title='bbox 3366 2075 3531 2127; x_wconf 87' lang='lat' dir='ltr'><strong>panes</strong></span> <span class='ocrx_word' id='word_1_571' title='bbox 3573 2060 3623 2113; x_wconf 91' lang='lat' dir='ltr'><strong>in</strong></span> <span class='ocrx_word' id='word_1_572' title='bbox 3652 2076 3863 2123; x_wconf 88' lang='lat' dir='ltr'><strong>mensa,</strong></span> 
     </span>
    </p>
   </div>
   <div class='ocr_carea' id='block_1_81' title="bbox 2283 2146 3867 2218">
    <p class='ocr_par' dir='ltr' id='par_1_81' title="bbox 2283 2146 3867 2218">
     <span class='ocr_line' id='line_1_81' title="bbox 2283 2146 3867 2218; baseline 0.004 -20"><span class='ocrx_word' id='word_1_573' title='bbox 2283 2146 2383 2200; x_wconf 87' lang='lat' dir='ltr'><strong>nisi</strong></span> <span class='ocrx_word' id='word_1_574' title='bbox 2428 2155 2487 2200; x_wconf 91' lang='lat' dir='ltr'><strong>ut</strong></span> <span class='ocrx_word' id='word_1_575' title='bbox 2538 2146 2714 2199; x_wconf 90' lang='lat' dir='ltr'><strong>dulcia</strong></span> <span class='ocrx_word' id='word_1_576' title='bbox 2762 2147 3018 2201; x_wconf 89' lang='lat' dir='ltr'><strong>nimirum</strong></span> <span class='ocrx_word' id='word_1_577' title='bbox 3062 2148 3284 2218; x_wconf 88' lang='lat' dir='ltr'><strong>spiritus</strong></span> <span class='ocrx_word' id='word_1_578' title='bbox 3328 2150 3581 2203; x_wconf 88' lang='lat' dir='ltr'><strong>alimenta</strong></span> <span class='ocrx_word' id='word_1_579' title='bbox 3615 2150 3867 2204; x_wconf 79' lang='lat' dir='ltr'><strong>comede-</strong></span> 
     </span>
    </p>
   </div>
   <div class='ocr_carea' id='block_1_82' title="bbox 2284 2236 3868 2302">
    <p class='ocr_par' dir='ltr' id='par_1_82' title="bbox 2284 2236 3868 2302">
     <span class='ocr_line' id='line_1_82' title="bbox 2284 2236 3868 2302; baseline 0.003 -16"><span class='ocrx_word' id='word_1_580' title='bbox 2284 2244 2424 2299; x_wconf 87' lang='lat' dir='ltr'><strong>rent,</strong></span> <span class='ocrx_word' id='word_1_581' title='bbox 2456 2236 2580 2288; x_wconf 89' lang='lat' dir='ltr'><strong>dum</strong></span> <span class='ocrx_word' id='word_1_582' title='bbox 2605 2250 2700 2302; x_wconf 90' lang='lat' dir='ltr'><strong>per</strong></span> <span class='ocrx_word' id='word_1_583' title='bbox 2723 2236 3140 2290; x_wconf 87' lang='lat' dir='ltr'><strong>amaritudinem</strong></span> <span class='ocrx_word' id='word_1_584' title='bbox 3186 2238 3365 2291; x_wconf 86' lang='lat' dir='ltr'><strong>crucis</strong></span> <span class='ocrx_word' id='word_1_585' title='bbox 3388 2237 3571 2292; x_wconf 85' lang='lat' dir='ltr'><strong>dulces</strong></span> <span class='ocrx_word' id='word_1_586' title='bbox 3612 2237 3723 2292; x_wconf 91' lang='lat' dir='ltr'><strong>Deo</strong></span> <span class='ocrx_word' id='word_1_587' title='bbox 3749 2238 3868 2291; x_wconf 80' lang='lat' dir='ltr'><strong>lau-</strong></span> 
     </span>
    </p>
   </div>
   <div class='ocr_carea' id='block_1_83' title="bbox 2282 2323 3865 2397">
    <p class='ocr_par' dir='ltr' id='par_1_83' title="bbox 2282 2323 3865 2397">
     <span class='ocr_line' id='line_1_83' title="bbox 2282 2323 3865 2397; baseline 0.001 -20"><span class='ocrx_word' id='word_1_588' title='bbox 2282 2324 2407 2377; x_wconf 88' lang='lat' dir='ltr'><strong>dum</strong></span> <span class='ocrx_word' id='word_1_589' title='bbox 2434 2323 2675 2378; x_wconf 87' lang='lat' dir='ltr'><strong>mclodos</strong></span> <span class='ocrx_word' id='word_1_590' title='bbox 2710 2324 3068 2379; x_wconf 84' lang='lat' dir='ltr'><strong>resonarent?</strong></span> <span class='ocrx_word' id='word_1_591' title='bbox 3104 2324 3276 2379; x_wconf 89' lang='lat' dir='ltr'><strong>Tanto</strong></span> <span class='ocrx_word' id='word_1_592' title='bbox 3300 2325 3497 2395; x_wconf 87' lang='lat' dir='ltr'><strong>quippe</strong></span> <span class='ocrx_word' id='word_1_593' title='bbox 3525 2325 3735 2381; x_wconf 91' lang='lat' dir='ltr'><strong>dulcior</strong></span> <span class='ocrx_word' id='word_1_594' title='bbox 3762 2343 3865 2397; x_wconf 84' lang='lat' dir='ltr'><strong>gu-</strong></span> 
     </span>
    </p>
   </div>
   <div class='ocr_carea' id='block_1_84' title="bbox 2284 2416 3869 2487">
    <p class='ocr_par' dir='ltr' id='par_1_84' title="bbox 2284 2416 3869 2487">
     <span class='ocr_line' id='line_1_84' title="bbox 2284 2416 3869 2487; baseline 0.003 -18"><span class='ocrx_word' id='word_1_595' title='bbox 2284 2427 2399 2469; x_wconf 86' lang='lat' dir='ltr'><strong>stus</strong></span> <span class='ocrx_word' id='word_1_596' title='bbox 2424 2416 2669 2470; x_wconf 75' lang='lat' dir='ltr'><strong>cxoritur</strong></span> <span class='ocrx_word' id='word_1_597' title='bbox 2695 2418 2747 2471; x_wconf 92' lang='lat' dir='ltr'><strong>in</strong></span> <span class='ocrx_word' id='word_1_598' title='bbox 2780 2418 2959 2486; x_wconf 89' lang='lat' dir='ltr'><strong>palato</strong></span> <span class='ocrx_word' id='word_1_599' title='bbox 2992 2419 3196 2481; x_wconf 91' lang='lat' dir='ltr'><strong>cordis,</strong></span> <span class='ocrx_word' id='word_1_600' title='bbox 3224 2428 3428 2487; x_wconf 87' lang='lat' dir='ltr'><strong>quanto</strong></span> <span class='ocrx_word' id='word_1_601' title='bbox 3459 2417 3632 2486; x_wconf 85' lang='lat' dir='ltr'><strong>major</strong></span> <span class='ocrx_word' id='word_1_602' title='bbox 3660 2421 3869 2473; x_wconf 82' lang='lat' dir='ltr'><strong>amari-</strong></span> 
     </span>
    </p>
   </div>
   <div class='ocr_carea' id='block_1_85' title="bbox 2285 2505 3866 2576">
    <p class='ocr_par' dir='ltr' id='par_1_85' title="bbox 2285 2505 3866 2576">
     <span class='ocr_line' id='line_1_85' title="bbox 2285 2505 3866 2576; baseline 0.004 -19"><span class='ocrx_word' id='word_1_603' title='bbox 2285 2505 2411 2559; x_wconf 91' lang='lat' dir='ltr'><strong>tudo</strong></span> <span class='ocrx_word' id='word_1_604' title='bbox 2443 2506 2797 2562; x_wconf 88' lang='lat' dir='ltr'><strong>districtionis</strong></span> <span class='ocrx_word' id='word_1_605' title='bbox 2844 2508 3124 2576; x_wconf 84' lang='lat' dir='ltr'><strong>perturbat</strong></span> <span class='ocrx_word' id='word_1_606' title='bbox 3167 2507 3443 2562; x_wconf 84' lang='lat' dir='ltr'><strong>lasciviam</strong></span> <span class='ocrx_word' id='word_1_607' title='bbox 3473 2510 3672 2564; x_wconf 90' lang='lat' dir='ltr'><strong>carnis.</strong></span> <span class='ocrx_word' id='word_1_608' title='bbox 3722 2511 3866 2575; x_wconf 79' lang='lat' dir='ltr'><strong>Quid</strong></span> 
     </span>
    </p>
   </div>
   <div class='ocr_carea' id='block_1_86' title="bbox 2283 2595 3867 2670">
    <p class='ocr_par' dir='ltr' id='par_1_86' title="bbox 2283 2595 3867 2670">
     <span class='ocr_line' id='line_1_86' title="bbox 2283 2595 3867 2670; baseline 0.003 -18"><span class='ocrx_word' id='word_1_609' title='bbox 2283 2608 2368 2653; x_wconf 87' lang='lat' dir='ltr'><strong>est</strong></span> <span class='ocrx_word' id='word_1_610' title='bbox 2394 2598 2558 2651; x_wconf 90' lang='lat' dir='ltr'><strong>etiam</strong></span> <span class='ocrx_word' id='word_1_611' title='bbox 2582 2595 2793 2652; x_wconf 88' lang='lat' dir='ltr'><strong>abbatis</strong></span> <span class='ocrx_word' id='word_1_612' title='bbox 2843 2614 3083 2652; x_wconf 87' lang='lat' dir='ltr'><strong>mensam</strong></span> <span class='ocrx_word' id='word_1_613' title='bbox 3109 2601 3210 2653; x_wconf 90' lang='lat' dir='ltr'><strong>sub</strong></span> <span class='ocrx_word' id='word_1_614' title='bbox 3238 2600 3442 2653; x_wconf 85' lang='lat' dir='ltr'><strong>Christi</strong></span> <span class='ocrx_word' id='word_1_615' title='bbox 3485 2600 3867 2670; x_wconf 83' lang='lat' dir='ltr'><strong>Redemptoris</strong></span> 
     </span>
    </p>
   </div>
   <div class='ocr_carea' id='block_1_87' title="bbox 2281 2687 3867 2759">
    <p class='ocr_par' dir='ltr' id='par_1_87' title="bbox 2281 2687 3867 2759">
     <span class='ocr_line' id='line_1_87' title="bbox 2281 2687 3867 2759; baseline 0.003 -19"><span class='ocrx_word' id='word_1_616' title='bbox 2281 2687 2505 2755; x_wconf 82' lang='lat' dir='ltr'><strong>pedibus</strong></span> <span class='ocrx_word' id='word_1_617' title='bbox 2530 2704 2753 2757; x_wconf 81' lang='lat' dir='ltr'><strong>ponere,</strong></span> <span class='ocrx_word' id='word_1_618' title='bbox 2781 2689 2883 2743; x_wconf 91' lang='lat' dir='ltr'><strong>nisi</strong></span> <span class='ocrx_word' id='word_1_619' title='bbox 2916 2687 3296 2757; x_wconf 88' lang='lat' dir='ltr'><strong>perjejunium</strong></span> <span class='ocrx_word' id='word_1_620' title='bbox 3326 2701 3493 2743; x_wconf 68' lang='lat' dir='ltr'><strong>sextae</strong></span> <span class='ocrx_word' id='word_1_621' title='bbox 3530 2690 3697 2751; x_wconf 74' lang='lat' dir='ltr'><strong>ferite,</strong></span> <span class='ocrx_word' id='word_1_622' title='bbox 3742 2706 3867 2759; x_wconf 74' lang='lat' dir='ltr'><strong>qute</strong></span> 
     </span>
    </p>
   </div>
   <div class='ocr_carea' id='block_1_88' title="bbox 2281 2779 3865 2840">
    <p class='ocr_par' dir='ltr' id='par_1_88' title="bbox 2281 2779 3865 2840">
     <span class='ocr_line' id='line_1_88' title="bbox 2281 2779 3865 2840; baseline 0.004 -7"><span class='ocrx_word' id='word_1_623' title='bbox 2281 2779 2395 2833; x_wconf 90' lang='lat' dir='ltr'><strong>dies</strong></span> <span class='ocrx_word' id='word_1_624' title='bbox 2435 2780 2614 2834; x_wconf 88' lang='lat' dir='ltr'><strong>crucis</strong></span> <span class='ocrx_word' id='word_1_625' title='bbox 2642 2795 2742 2840; x_wconf 82' lang='lat' dir='ltr'><strong>est,</strong></span> <span class='ocrx_word' id='word_1_626' title='bbox 2778 2788 2946 2835; x_wconf 91' lang='lat' dir='ltr'><strong>totum</strong></span> <span class='ocrx_word' id='word_1_627' title='bbox 2980 2780 3326 2836; x_wconf 82' lang='lat' dir='ltr'><strong>refectorium</strong></span> <span class='ocrx_word' id='word_1_628' title='bbox 3358 2781 3654 2838; x_wconf 57' lang='lat' dir='ltr'><strong>salutifera</strong></span> <span class='ocrx_word' id='word_1_629' title='bbox 3680 2785 3865 2839; x_wconf 88' lang='lat' dir='ltr'><strong>crucis</strong></span> 
     </span>
    </p>
   </div>
   <div class='ocr_carea' id='block_1_89' title="bbox 2284 2871 3865 2941">
    <p class='ocr_par' dir='ltr' id='par_1_89' title="bbox 2284 2871 3865 2941">
     <span class='ocr_line' id='line_1_89' title="bbox 2284 2871 3865 2941; baseline 0.004 -16"><span class='ocrx_word' id='word_1_630' title='bbox 2284 2871 2562 2938; x_wconf 84' lang='lat' dir='ltr'><strong>signaculo</strong></span> <span class='ocrx_word' id='word_1_631' title='bbox 2596 2871 2897 2926; x_wconf 76' lang='lat' dir='ltr'><strong>dedicare?</strong></span> <span class='ocrx_word' id='word_1_632' title='bbox 2927 2873 2989 2925; x_wconf 85' lang='lat' dir='ltr'><strong>Et</strong></span> <span class='ocrx_word' id='word_1_633' title='bbox 3036 2873 3165 2941; x_wconf 90' lang='lat' dir='ltr'><strong>quid</strong></span> <span class='ocrx_word' id='word_1_634' title='bbox 3208 2882 3291 2927; x_wconf 86' lang='lat' dir='ltr'><strong>est</strong></span> <span class='ocrx_word' id='word_1_635' title='bbox 3334 2874 3432 2927; x_wconf 88' lang='lat' dir='ltr'><strong>sub</strong></span> <span class='ocrx_word' id='word_1_636' title='bbox 3461 2874 3707 2928; x_wconf 76' lang='lat' dir='ltr'><strong>crucifixi</strong></span> <span class='ocrx_word' id='word_1_637' title='bbox 3756 2877 3865 2931; x_wconf 80' lang='lat' dir='ltr'><strong>Do-</strong></span> 
     </span>
    </p>
   </div>
   <div class='ocr_carea' id='block_1_90' title="bbox 2284 2962 3863 3035">
    <p class='ocr_par' dir='ltr' id='par_1_90' title="bbox 2284 2962 3863 3035">
     <span class='ocr_line' id='line_1_90' title="bbox 2284 2962 3863 3035; baseline 0.004 -20"><span class='ocrx_word' id='word_1_638' title='bbox 2284 2962 2412 3015; x_wconf 90' lang='lat' dir='ltr'><strong>mini</strong></span> <span class='ocrx_word' id='word_1_639' title='bbox 2450 2962 2673 3031; x_wconf 89' lang='lat' dir='ltr'><strong>pedibus</strong></span> <span class='ocrx_word' id='word_1_640' title='bbox 2723 2964 2975 3027; x_wconf 85' lang='lat' dir='ltr'><strong>residere,</strong></span> <span class='ocrx_word' id='word_1_641' title='bbox 3027 2963 3129 3017; x_wconf 90' lang='lat' dir='ltr'><strong>nisi</strong></span> <span class='ocrx_word' id='word_1_642' title='bbox 3172 2971 3290 3031; x_wconf 90' lang='lat' dir='ltr'><strong>post</strong></span> <span class='ocrx_word' id='word_1_643' title='bbox 3332 2964 3447 3033; x_wconf 91' lang='lat' dir='ltr'><strong>ejus</strong></span> <span class='ocrx_word' id='word_1_644' title='bbox 3478 2966 3701 3035; x_wconf 88' lang='lat' dir='ltr'><strong>vestigia</strong></span> <span class='ocrx_word' id='word_1_645' title='bbox 3745 2976 3863 3022; x_wconf 59' lang='lat' dir='ltr'><strong>ten-</strong></span> 
     </span>
    </p>
   </div>
   <div class='ocr_carea' id='block_1_91' title="bbox 2283 3054 3866 3126">
    <p class='ocr_par' dir='ltr' id='par_1_91' title="bbox 2283 3054 3866 3126">
     <span class='ocr_line' id='line_1_91' title="bbox 2283 3054 3866 3126; baseline 0.005 -19"><span class='ocrx_word' id='word_1_646' title='bbox 2283 3054 2431 3118; x_wconf 91' lang='lat' dir='ltr'><strong>dere,</strong></span> <span class='ocrx_word' id='word_1_647' title='bbox 2458 3065 2510 3108; x_wconf 88' lang='lat' dir='ltr'><strong>et</strong></span> <span class='ocrx_word' id='word_1_648' title='bbox 2539 3072 2634 3125; x_wconf 88' lang='lat' dir='ltr'><strong>per</strong></span> <span class='ocrx_word' id='word_1_649' title='bbox 2662 3072 2806 3120; x_wconf 89' lang='lat' dir='ltr'><strong>eum,</strong></span> <span class='ocrx_word' id='word_1_650' title='bbox 2832 3072 2939 3125; x_wconf 90' lang='lat' dir='ltr'><strong>quo</strong></span> <span class='ocrx_word' id='word_1_651' title='bbox 2975 3072 3074 3111; x_wconf 89' lang='lat' dir='ltr'><strong>nos</strong></span> <span class='ocrx_word' id='word_1_652' title='bbox 3111 3058 3409 3126; x_wconf 70' lang='lat' dir='ltr'><strong>praacessit,</strong></span> <span class='ocrx_word' id='word_1_653' title='bbox 3438 3060 3705 3118; x_wconf 74' lang='lat' dir='ltr'><strong>tramiterr</strong></span> <span class='ocrx_word' id='word_1_654' title='bbox 3740 3077 3866 3116; x_wconf 72' lang='grc' dir='ltr'>«ιιιιο</span> 
     </span>
    </p>
   </div>
   <div class='ocr_carea' id='block_1_92' title="bbox 2279 3146 2567 3201">
    <p class='ocr_par' dir='ltr' id='par_1_92' title="bbox 2279 3146 2567 3201">
     <span class='ocr_line' id='line_1_92' title="bbox 2279 3146 2567 3201; baseline 0.007 -2"><span class='ocrx_word' id='word_1_655' title='bbox 2279 3146 2465 3201; x_wconf 90' lang='lat' dir='ltr'><strong>bulare</strong></span> <span class='ocrx_word' id='word_1_656' title='bbox 2490 3149 2512 3201; x_wconf 73' lang='lat'>2</span> <span class='ocrx_word' id='word_1_657' title='bbox 2545 3167 2567 3200; x_wconf 72' lang='grc' dir='ltr'><strong>ι</strong></span> 
     </span>
    </p>
   </div>
   <div class='ocr_carea' id='block_1_93' title="bbox 2348 3235 3861 3311">
    <p class='ocr_par' dir='ltr' id='par_1_93' title="bbox 2348 3235 3861 3311">
     <span class='ocr_line' id='line_1_93' title="bbox 2348 3235 3861 3311; baseline 0.004 -21"><span class='ocrx_word' id='word_1_658' title='bbox 2348 3235 2471 3291; x_wconf 60' lang='lat' dir='ltr'><strong>ﬂare</strong></span> <span class='ocrx_word' id='word_1_659' title='bbox 2507 3237 2608 3292; x_wconf 91' lang='lat' dir='ltr'><strong>fuit</strong></span> <span class='ocrx_word' id='word_1_660' title='bbox 2642 3238 2751 3292; x_wconf 88' lang='lat' dir='ltr'><strong>vita</strong></span> <span class='ocrx_word' id='word_1_661' title='bbox 2787 3238 2887 3292; x_wconf 91' lang='lat' dir='ltr'><strong>viri</strong></span> <span class='ocrx_word' id='word_1_662' title='bbox 2918 3240 3267 3301; x_wconf 84' lang='lat' dir='ltr'><strong>sanctissimi,</strong></span> <span class='ocrx_word' id='word_1_663' title='bbox 3306 3240 3420 3296; x_wconf 69' lang='lat' dir='ltr'><strong>haec</strong></span> <span class='ocrx_word' id='word_1_664' title='bbox 3457 3249 3610 3311; x_wconf 87' lang='lat' dir='ltr'><strong>gesta</strong></span> <span class='ocrx_word' id='word_1_665' title='bbox 3646 3236 3861 3296; x_wconf 83' lang='lat' dir='ltr'><strong>memo-</strong></span> 
     </span>
    </p>
   </div>
   <div class='ocr_carea' id='block_1_94' title="bbox 2277 3332 3865 3407">
    <p class='ocr_par' dir='ltr' id='par_1_94' title="bbox 2277 3332 3865 3407">
     <span class='ocr_line' id='line_1_94' title="bbox 2277 3332 3865 3407; baseline 0.005 -23"><span class='ocrx_word' id='word_1_666' title='bbox 2277 3337 2419 3394; x_wconf 86' lang='lat' dir='ltr'><strong>ratu,</strong></span> <span class='ocrx_word' id='word_1_667' title='bbox 2445 3340 2499 3385; x_wconf 89' lang='lat' dir='ltr'><strong>et</strong></span> <span class='ocrx_word' id='word_1_668' title='bbox 2527 3332 2673 3385; x_wconf 92' lang='lat' dir='ltr'><strong>omni</strong></span> <span class='ocrx_word' id='word_1_669' title='bbox 2697 3332 3055 3389; x_wconf 89' lang='lat' dir='ltr'><strong>admiratione</strong></span> <span class='ocrx_word' id='word_1_670' title='bbox 3085 3336 3433 3402; x_wconf 80' lang='lat' dir='ltr'><strong>dignissima;</strong></span> <span class='ocrx_word' id='word_1_671' title='bbox 3471 3336 3555 3390; x_wconf 91' lang='lat' dir='ltr'><strong>bis</strong></span> <span class='ocrx_word' id='word_1_672' title='bbox 3600 3337 3865 3407; x_wconf 78' lang='lat' dir='ltr'><strong>gradibus</strong></span> 
     </span>
    </p>
   </div>
   <div class='ocr_carea' id='block_1_95' title="bbox 2276 3420 3860 3491">
    <p class='ocr_par' dir='ltr' id='par_1_95' title="bbox 2276 3420 3860 3491">
     <span class='ocr_line' id='line_1_95' title="bbox 2276 3420 3860 3491; baseline 0.007 -19"><span class='ocrx_word' id='word_1_673' title='bbox 2276 3420 2481 3475; x_wconf 91' lang='lat' dir='ltr'><strong>aditum</strong></span> <span class='ocrx_word' id='word_1_674' title='bbox 2512 3423 2615 3476; x_wconf 86' lang='lat' dir='ltr'><strong>sibi</strong></span> <span class='ocrx_word' id='word_1_675' title='bbox 2647 3422 2713 3476; x_wconf 90' lang='lat' dir='ltr'><strong>ad</strong></span> <span class='ocrx_word' id='word_1_676' title='bbox 2744 3424 3202 3479; x_wconf 85' lang='lat' dir='ltr'><strong>immortalitatem</strong></span> <span class='ocrx_word' id='word_1_677' title='bbox 3235 3428 3491 3491; x_wconf 90' lang='lat' dir='ltr'><strong>nominis,</strong></span> <span class='ocrx_word' id='word_1_678' title='bbox 3522 3438 3577 3483; x_wconf 91' lang='lat' dir='ltr'><strong>et</strong></span> <span class='ocrx_word' id='word_1_679' title='bbox 3603 3429 3671 3483; x_wconf 90' lang='lat' dir='ltr'><strong>ad</strong></span> <span class='ocrx_word' id='word_1_680' title='bbox 3701 3438 3860 3483; x_wconf 72' lang='lat' dir='ltr'><strong>teter-</strong></span> 
     </span>
    </p>
   </div>
   <div class='ocr_carea' id='block_1_96' title="bbox 2278 3512 3864 3587">
    <p class='ocr_par' dir='ltr' id='par_1_96' title="bbox 2278 3512 3864 3587">
     <span class='ocr_line' id='line_1_96' title="bbox 2278 3512 3864 3587; baseline 0.007 -24"><span class='ocrx_word' id='word_1_681' title='bbox 2278 3526 2403 3563; x_wconf 89' lang='lat' dir='ltr'><strong>nam</strong></span> <span class='ocrx_word' id='word_1_682' title='bbox 2451 3512 2771 3567; x_wconf 85' lang='lat' dir='ltr'><strong>felicitatem</strong></span> <span class='ocrx_word' id='word_1_683' title='bbox 2817 3515 3073 3583; x_wconf 85' lang='lat' dir='ltr'><strong>patefecit</strong></span> <span class='ocrx_word' id='word_1_684' title='bbox 3121 3534 3133 3570; x_wconf 92' lang='lat'>:</span> <span class='ocrx_word' id='word_1_685' title='bbox 3196 3518 3349 3587; x_wconf 86' lang='lat' dir='ltr'><strong>cujus</strong></span> <span class='ocrx_word' id='word_1_686' title='bbox 3406 3534 3530 3572; x_wconf 91' lang='lat' dir='ltr'><strong>cum</strong></span> <span class='ocrx_word' id='word_1_687' title='bbox 3584 3529 3864 3575; x_wconf 84' lang='lat' dir='ltr'><strong>maturum</strong></span> 
     </span>
    </p>
   </div>
   <div class='ocr_carea' id='block_1_97' title="bbox 2278 3603 3862 3675">
    <p class='ocr_par' dir='ltr' id='par_1_97' title="bbox 2278 3603 3862 3675">
     <span class='ocr_line' id='line_1_97' title="bbox 2278 3603 3862 3675; baseline 0.008 -22"><span class='ocrx_word' id='word_1_688' title='bbox 2278 3610 2487 3670; x_wconf 86' lang='lat' dir='ltr'><strong>tempus</strong></span> <span class='ocrx_word' id='word_1_689' title='bbox 2530 3603 2872 3669; x_wconf 85' lang='lat' dir='ltr'><strong>advenisset,</strong></span> <span class='ocrx_word' id='word_1_690' title='bbox 2921 3604 3065 3661; x_wconf 87' lang='lat' dir='ltr'><strong>Deus</strong></span> <span class='ocrx_word' id='word_1_691' title='bbox 3112 3607 3455 3675; x_wconf 90' lang='lat' dir='ltr'><strong>omnipotens</strong></span> <span class='ocrx_word' id='word_1_692' title='bbox 3502 3610 3862 3665; x_wconf 85' lang='lat' dir='ltr'><strong>constitutam</strong></span> 
     </span>
    </p>
   </div>
   <div class='ocr_carea' id='block_1_98' title="bbox 2278 3694 3866 3763">
    <p class='ocr_par' dir='ltr' id='par_1_98' title="bbox 2278 3694 3866 3763">
     <span class='ocr_line' id='line_1_98' title="bbox 2278 3694 3866 3763; baseline 0.006 -20"><span class='ocrx_word' id='word_1_693' title='bbox 2278 3706 2438 3744; x_wconf 89' lang='lat' dir='ltr'><strong>servo</strong></span> <span class='ocrx_word' id='word_1_694' title='bbox 2469 3694 2774 3747; x_wconf 89' lang='lat' dir='ltr'><strong>mercedem</strong></span> <span class='ocrx_word' id='word_1_695' title='bbox 2805 3694 3195 3763; x_wconf 88' lang='lat' dir='ltr'><strong>persoluturus,</strong></span> <span class='ocrx_word' id='word_1_696' title='bbox 3226 3695 3356 3751; x_wconf 88' lang='lat' dir='ltr'><strong>fecit</strong></span> <span class='ocrx_word' id='word_1_697' title='bbox 3383 3709 3441 3750; x_wconf 88' lang='lat' dir='ltr'><strong>ut</strong></span> <span class='ocrx_word' id='word_1_698' title='bbox 3470 3698 3707 3755; x_wconf 84' lang='lat' dir='ltr'><strong>vicarius</strong></span> <span class='ocrx_word' id='word_1_699' title='bbox 3731 3716 3866 3755; x_wconf 75' lang='lat' dir='ltr'><strong>situs</strong></span> 
     </span>
    </p>
   </div>
   <div class='ocr_carea' id='block_1_99' title="bbox 2275 3781 3864 3854">
    <p class='ocr_par' dir='ltr' id='par_1_99' title="bbox 2275 3781 3864 3854">
     <span class='ocr_line' id='line_1_99' title="bbox 2275 3781 3864 3854; baseline 0.008 -21"><span class='ocrx_word' id='word_1_700' title='bbox 2275 3781 2576 3837; x_wconf 77' lang='lat' dir='ltr'><strong>Alexander</strong></span> <span class='ocrx_word' id='word_1_701' title='bbox 2599 3784 2835 3852; x_wconf 77' lang='lat' dir='ltr'><strong>pontifex</strong></span> <span class='ocrx_word' id='word_1_702' title='bbox 2854 3787 3118 3841; x_wconf 90' lang='lat' dir='ltr'><strong>maximus</strong></span> <span class='ocrx_word' id='word_1_703' title='bbox 3132 3787 3346 3854; x_wconf 91' lang='lat' dir='ltr'><strong>juberet</strong></span> <span class='ocrx_word' id='word_1_704' title='bbox 3370 3788 3445 3843; x_wconf 91' lang='lat' dir='ltr'><strong>illi</strong></span> <span class='ocrx_word' id='word_1_705' title='bbox 3471 3788 3864 3846; x_wconf 83' lang='lat' dir='ltr'><strong>utRavennam</strong></span> 
     </span>
    </p>
   </div>
   <div class='ocr_carea' id='block_1_100' title="bbox 2273 3872 3862 3941">
    <p class='ocr_par' dir='ltr' id='par_1_100' title="bbox 2273 3872 3862 3941">
     <span class='ocr_line' id='line_1_100' title="bbox 2273 3872 3862 3941; baseline 0.007 -17"><span class='ocrx_word' id='word_1_706' title='bbox 2273 3872 2729 3941; x_wconf 73' lang='lat' dir='ltr'><strong>proficisceretur.</strong></span> <span class='ocrx_word' id='word_1_707' title='bbox 2763 3872 3005 3931; x_wconf 78' lang='lat' dir='ltr'><strong>Mittendi</strong></span> <span class='ocrx_word' id='word_1_708' title='bbox 3035 3893 3164 3931; x_wconf 88' lang='lat' dir='ltr'><strong>vero</strong></span> <span class='ocrx_word' id='word_1_709' title='bbox 3192 3893 3355 3933; x_wconf 86' lang='lat' dir='ltr'><strong>causa</strong></span> <span class='ocrx_word' id='word_1_710' title='bbox 3386 3880 3502 3934; x_wconf 65' lang='lat' dir='ltr'><strong>haec</strong></span> <span class='ocrx_word' id='word_1_711' title='bbox 3531 3880 3635 3935; x_wconf 87' lang='lat' dir='ltr'><strong>fuit</strong></span> <span class='ocrx_word' id='word_1_712' title='bbox 3665 3900 3677 3935; x_wconf 92' lang='lat'><strong>:</strong></span> <span class='ocrx_word' id='word_1_713' title='bbox 3710 3884 3862 3937; x_wconf 87' lang='lat' dir='ltr'><strong>diem</strong></span> 
     </span>
    </p>
   </div>
   <div class='ocr_carea' id='block_1_101' title="bbox 2274 3965 3862 4039">
    <p class='ocr_par' dir='ltr' id='par_1_101' title="bbox 2274 3965 3862 4039">
     <span class='ocr_line' id='line_1_101' title="bbox 2274 3965 3862 4039; baseline 0.006 -23"><span class='ocrx_word' id='word_1_714' title='bbox 2274 3980 2428 4017; x_wconf 87' lang='lat' dir='ltr'><strong>suum</strong></span> <span class='ocrx_word' id='word_1_715' title='bbox 2458 3965 2641 4034; x_wconf 86' lang='lat' dir='ltr'><strong>ejusce</strong></span> <span class='ocrx_word' id='word_1_716' title='bbox 2672 3965 2823 4019; x_wconf 89' lang='lat' dir='ltr'><strong>urbis</strong></span> <span class='ocrx_word' id='word_1_717' title='bbox 2858 3966 3299 4038; x_wconf 89' lang='lat' dir='ltr'><strong>archiepiscopus</strong></span> <span class='ocrx_word' id='word_1_718' title='bbox 3337 3970 3571 4033; x_wconf 89' lang='lat' dir='ltr'><strong>obierat,</strong></span> <span class='ocrx_word' id='word_1_719' title='bbox 3604 3971 3699 4039; x_wconf 91' lang='lat' dir='ltr'><strong>qui</strong></span> <span class='ocrx_word' id='word_1_720' title='bbox 3730 3973 3862 4025; x_wconf 89' lang='lat' dir='ltr'><strong>dum</strong></span> 
     </span>
    </p>
   </div>
   <div class='ocr_carea' id='block_1_102' title="bbox 2272 4053 3861 4128">
    <p class='ocr_par' dir='ltr' id='par_1_102' title="bbox 2272 4053 3861 4128">
     <span class='ocr_line' id='line_1_102' title="bbox 2272 4053 3861 4128; baseline 0.007 -23"><span class='ocrx_word' id='word_1_721' title='bbox 2272 4053 2515 4116; x_wconf 84' lang='lat' dir='ltr'><strong>viveret,</strong></span> <span class='ocrx_word' id='word_1_722' title='bbox 2589 4054 2847 4109; x_wconf 86' lang='lat' dir='ltr'><strong>adversus</strong></span> <span class='ocrx_word' id='word_1_723' title='bbox 2910 4055 3215 4112; x_wconf 86' lang='lat' dir='ltr'><strong>Romanum</strong></span> <span class='ocrx_word' id='word_1_724' title='bbox 3276 4058 3589 4128; x_wconf 78' lang='lat' dir='ltr'><strong>pontificem</strong></span> <span class='ocrx_word' id='word_1_725' title='bbox 3651 4078 3861 4116; x_wconf 88' lang='lat' dir='ltr'><strong>cornua</strong></span> 
     </span>
    </p>
   </div>
   <div class='ocr_carea' id='block_1_103' title="bbox 2272 4146 3862 4219">
    <p class='ocr_par' dir='ltr' id='par_1_103' title="bbox 2272 4146 3862 4219">
     <span class='ocr_line' id='line_1_103' title="bbox 2272 4146 3862 4219; baseline 0.007 -22"><span class='ocrx_word' id='word_1_726' title='bbox 2272 4153 2561 4212; x_wconf 83' lang='lat' dir='ltr'><strong>erexerat;</strong></span> <span class='ocrx_word' id='word_1_727' title='bbox 2620 4146 2743 4201; x_wconf 88' lang='lat' dir='ltr'><strong>ideo</strong></span> <span class='ocrx_word' id='word_1_728' title='bbox 2797 4146 3056 4203; x_wconf 78' lang='lat' dir='ltr'><strong>Romana:</strong></span> <span class='ocrx_word' id='word_1_729' title='bbox 3106 4150 3298 4219; x_wconf 83' lang='lat' dir='ltr'><strong>synodi</strong></span> <span class='ocrx_word' id='word_1_730' title='bbox 3353 4150 3621 4205; x_wconf 87' lang='lat' dir='ltr'><strong>sententia</strong></span> <span class='ocrx_word' id='word_1_731' title='bbox 3681 4153 3862 4208; x_wconf 74' lang='lat' dir='ltr'><strong>fuerat</strong></span> 
     </span>
    </p>
   </div>
   <div class='ocr_carea' id='block_1_104' title="bbox 2272 4232 3860 4311">
    <p class='ocr_par' dir='ltr' id='par_1_104' title="bbox 2272 4232 3860 4311">
     <span class='ocr_line' id='line_1_104' title="bbox 2272 4232 3860 4311; baseline 0.009 -28"><span class='ocrx_word' id='word_1_732' title='bbox 2272 4232 2557 4289; x_wconf 89' lang='lat' dir='ltr'><strong>damnatus</strong></span> <span class='ocrx_word' id='word_1_733' title='bbox 2585 4253 2597 4287; x_wconf 90' lang='lat'><strong>:</strong></span> <span class='ocrx_word' id='word_1_734' title='bbox 2628 4236 2762 4290; x_wconf 91' lang='lat' dir='ltr'><strong>adeo</strong></span> <span class='ocrx_word' id='word_1_735' title='bbox 2790 4246 2968 4293; x_wconf 85' lang='lat' dir='ltr'><strong>tamen</strong></span> <span class='ocrx_word' id='word_1_736' title='bbox 2998 4240 3317 4295; x_wconf 88' lang='lat' dir='ltr'><strong>insolentem</strong></span> <span class='ocrx_word' id='word_1_737' title='bbox 3340 4242 3560 4311; x_wconf 87' lang='lat' dir='ltr'><strong>gerebat</strong></span> <span class='ocrx_word' id='word_1_738' title='bbox 3587 4244 3860 4309; x_wconf 88' lang='lat' dir='ltr'><strong>animum,</strong></span> 
     </span>
    </p>
   </div>
   <div class='ocr_carea' id='block_1_105' title="bbox 2272 4324 3859 4398">
    <p class='ocr_par' dir='ltr' id='par_1_105' title="bbox 2272 4324 3859 4398">
     <span class='ocr_line' id='line_1_105' title="bbox 2272 4324 3859 4398; baseline 0.009 -23"><span class='ocrx_word' id='word_1_739' title='bbox 2272 4333 2332 4375; x_wconf 90' lang='lat' dir='ltr'><strong>ut</strong></span> <span class='ocrx_word' id='word_1_740' title='bbox 2364 4339 2469 4378; x_wconf 93' lang='lat' dir='ltr'><strong>non</strong></span> <span class='ocrx_word' id='word_1_741' title='bbox 2511 4324 2711 4381; x_wconf 90' lang='lat' dir='ltr'><strong>idcirco</strong></span> <span class='ocrx_word' id='word_1_742' title='bbox 2738 4327 3064 4396; x_wconf 87' lang='lat' dir='ltr'><strong>episcopalia</strong></span> <span class='ocrx_word' id='word_1_743' title='bbox 3095 4329 3482 4385; x_wconf 89' lang='lat' dir='ltr'><strong>intermitteret</strong></span> <span class='ocrx_word' id='word_1_744' title='bbox 3510 4334 3721 4398; x_wconf 82' lang='lat' dir='ltr'><strong>munia,</strong></span> <span class='ocrx_word' id='word_1_745' title='bbox 3763 4339 3859 4389; x_wconf 79' lang='lat' dir='ltr'><strong>sed</strong></span> 
     </span>
    </p>
   </div>
   <div class='ocr_carea' id='block_1_106' title="bbox 2271 4416 3859 4491">
    <p class='ocr_par' dir='ltr' id='par_1_106' title="bbox 2271 4416 3859 4491">
     <span class='ocr_line' id='line_1_106' title="bbox 2271 4416 3859 4491; baseline 0.008 -22"><span class='ocrx_word' id='word_1_746' title='bbox 2271 4430 2391 4469; x_wconf 89' lang='lat' dir='ltr'><strong>curn</strong></span> <span class='ocrx_word' id='word_1_747' title='bbox 2431 4417 2662 4484; x_wconf 87' lang='lat' dir='ltr'><strong>quodam</strong></span> <span class='ocrx_word' id='word_1_748' title='bbox 2704 4416 2963 4473; x_wconf 69' lang='lat' dir='ltr'><strong>Romana:</strong></span> <span class='ocrx_word' id='word_1_749' title='bbox 3003 4420 3149 4473; x_wconf 88' lang='lat' dir='ltr'><strong>sedis</strong></span> <span class='ocrx_word' id='word_1_750' title='bbox 3187 4430 3498 4491; x_wconf 89' lang='lat' dir='ltr'><strong>contemptu</strong></span> <span class='ocrx_word' id='word_1_751' title='bbox 3545 4436 3859 4491; x_wconf 78' lang='lat' dir='ltr'><strong>exerceret,</strong></span> 
     </span>
    </p>
   </div>
   <div class='ocr_carea' id='block_1_107' title="bbox 2274 4507 3860 4580">
    <p class='ocr_par' dir='ltr' id='par_1_107' title="bbox 2274 4507 3860 4580">
     <span class='ocr_line' id='line_1_107' title="bbox 2274 4507 3860 4580; baseline 0.006 -20"><span class='ocrx_word' id='word_1_752' title='bbox 2274 4507 2639 4576; x_wconf 80' lang='lat' dir='ltr'><strong>babucratque</strong></span> <span class='ocrx_word' id='word_1_753' title='bbox 2663 4510 3050 4577; x_wconf 85' lang='lat' dir='ltr'><strong>obsequentem</strong></span> <span class='ocrx_word' id='word_1_754' title='bbox 3079 4511 3179 4564; x_wconf 90' lang='lat' dir='ltr'><strong>sibi</strong></span> <span class='ocrx_word' id='word_1_755' title='bbox 3212 4512 3489 4580; x_wconf 90' lang='lat' dir='ltr'><strong>populum.</strong></span> <span class='ocrx_word' id='word_1_756' title='bbox 3520 4512 3648 4567; x_wconf 88' lang='lat' dir='ltr'><strong>Pius</strong></span> <span class='ocrx_word' id='word_1_757' title='bbox 3672 4527 3860 4570; x_wconf 84' lang='lat' dir='ltr'><strong>autem</strong></span> 
     </span>
    </p>
   </div>
   <div class='ocr_carea' id='block_1_108' title="bbox 2272 4599 3861 4671">
    <p class='ocr_par' dir='ltr' id='par_1_108' title="bbox 2272 4599 3861 4671">
     <span class='ocr_line' id='line_1_108' title="bbox 2272 4599 3861 4671; baseline 0.006 -18"><span class='ocrx_word' id='word_1_758' title='bbox 2272 4599 2510 4671; x_wconf 78' lang='lat' dir='ltr'><strong>pontifex</strong></span> <span class='ocrx_word' id='word_1_759' title='bbox 2553 4601 2807 4654; x_wconf 88' lang='lat' dir='ltr'><strong>misertus</strong></span> <span class='ocrx_word' id='word_1_760' title='bbox 2852 4608 3013 4655; x_wconf 58' lang='lat' dir='ltr'><strong>tantae</strong></span> <span class='ocrx_word' id='word_1_761' title='bbox 3056 4602 3357 4656; x_wconf 87' lang='lat' dir='ltr'><strong>animarum</strong></span> <span class='ocrx_word' id='word_1_762' title='bbox 3392 4603 3861 4671; x_wconf 62' lang='lat' dir='ltr'><strong>jacturm,,vimm</strong></span> 
     </span>
    </p>
   </div>
   <div class='ocr_carea' id='block_1_109' title="bbox 2274 4688 3857 4762">
    <p class='ocr_par' dir='ltr' id='par_1_109' title="bbox 2274 4688 3857 4762">
     <span class='ocr_line' id='line_1_109' title="bbox 2274 4688 3857 4762; baseline 0.005 -21"><span class='ocrx_word' id='word_1_763' title='bbox 2274 4689 2696 4753; x_wconf 85' lang='lat' dir='ltr'><strong>sanctissimum,</strong></span> <span class='ocrx_word' id='word_1_764' title='bbox 2742 4688 2895 4756; x_wconf 91' lang='lat' dir='ltr'><strong>cujus</strong></span> <span class='ocrx_word' id='word_1_765' title='bbox 2932 4692 3228 4746; x_wconf 82' lang='lat' dir='ltr'><strong>auctoritas</strong></span> <span class='ocrx_word' id='word_1_766' title='bbox 3262 4702 3309 4746; x_wconf 90' lang='lat' dir='ltr'><strong>et</strong></span> <span class='ocrx_word' id='word_1_767' title='bbox 3357 4691 3496 4745; x_wconf 84' lang='lat' dir='ltr'><strong>fama</strong></span> <span class='ocrx_word' id='word_1_768' title='bbox 3552 4709 3650 4762; x_wconf 86' lang='lat' dir='ltr'><strong>per</strong></span> <span class='ocrx_word' id='word_1_769' title='bbox 3681 4704 3857 4749; x_wconf 88' lang='lat' dir='ltr'><strong>totam</strong></span> 
     </span>
    </p>
   </div>
   <div class='ocr_carea' id='block_1_110' title="bbox 2274 4777 3859 4852">
    <p class='ocr_par' dir='ltr' id='par_1_110' title="bbox 2274 4777 3859 4852">
     <span class='ocr_line' id='line_1_110' title="bbox 2274 4777 3859 4852; baseline 0.007 -22"><span class='ocrx_word' id='word_1_770' title='bbox 2274 4777 2479 4830; x_wconf 86' lang='lat' dir='ltr'><strong>italiam</strong></span> <span class='ocrx_word' id='word_1_771' title='bbox 2528 4779 2880 4833; x_wconf 89' lang='lat' dir='ltr'><strong>celeberrima</strong></span> <span class='ocrx_word' id='word_1_772' title='bbox 2932 4792 3048 4835; x_wconf 86' lang='lat' dir='ltr'><strong>erat</strong></span> <span class='ocrx_word' id='word_1_773' title='bbox 3077 4821 3092 4844; x_wconf 96' lang='lat'><strong>,</strong></span> <span class='ocrx_word' id='word_1_774' title='bbox 3136 4798 3200 4835; x_wconf 91' lang='lat' dir='ltr'><strong>eo</strong></span> <span class='ocrx_word' id='word_1_775' title='bbox 3242 4782 3405 4849; x_wconf 90' lang='lat' dir='ltr'><strong>jussit</strong></span> <span class='ocrx_word' id='word_1_776' title='bbox 3455 4784 3749 4852; x_wconf 80' lang='lat' dir='ltr'><strong>proficisci,</strong></span> <span class='ocrx_word' id='word_1_777' title='bbox 3798 4799 3859 4841; x_wconf 92' lang='lat' dir='ltr'><strong>ut</strong></span> 
     </span>
    </p>
   </div>
   <div class='ocr_carea' id='block_1_111' title="bbox 2275 4870 3862 4943">
    <p class='ocr_par' dir='ltr' id='par_1_111' title="bbox 2275 4870 3862 4943">
     <span class='ocr_line' id='line_1_111' title="bbox 2275 4870 3862 4943; baseline 0.007 -20"><span class='ocrx_word' id='word_1_778' title='bbox 2275 4870 2385 4923; x_wconf 89' lang='lat' dir='ltr'><strong>sedi</strong></span> <span class='ocrx_word' id='word_1_779' title='bbox 2431 4871 2737 4938; x_wconf 67' lang='lat' dir='ltr'><strong>apostolicae</strong></span> <span class='ocrx_word' id='word_1_780' title='bbox 2781 4872 3036 4927; x_wconf 79' lang='lat' dir='ltr'><strong>rebellem</strong></span> <span class='ocrx_word' id='word_1_781' title='bbox 3070 4875 3320 4943; x_wconf 87' lang='lat' dir='ltr'><strong>populum</strong></span> <span class='ocrx_word' id='word_1_782' title='bbox 3364 4877 3862 4940; x_wconf 60' lang='lat' dir='ltr'><strong>reconciliarenet</strong></span> 
     </span>
    </p>
   </div>
   <div class='ocr_carea' id='block_1_112' title="bbox 2268 4958 3856 5023">
    <p class='ocr_par' dir='ltr' id='par_1_112' title="bbox 2268 4958 3856 5023">
     <span class='ocr_line' id='line_1_112' title="bbox 2268 4958 3856 5023; baseline 0.009 -14"><span class='ocrx_word' id='word_1_783' title='bbox 2268 4958 2335 5011; x_wconf 90' lang='lat' dir='ltr'><strong>ab</strong></span> <span class='ocrx_word' id='word_1_784' title='bbox 2363 4960 2938 5014; x_wconf 86' lang='lat' dir='ltr'><strong>excommunicationis</strong></span> <span class='ocrx_word' id='word_1_785' title='bbox 2971 4964 3277 5017; x_wconf 75' lang='lat' dir='ltr'><strong>absolveret</strong></span> <span class='ocrx_word' id='word_1_786' title='bbox 3314 4966 3604 5019; x_wconf 78' lang='lat' dir='ltr'><strong>sententia.</strong></span> <span class='ocrx_word' id='word_1_787' title='bbox 3634 4966 3856 5023; x_wconf 79' lang='lat' dir='ltr'><strong>Nullum</strong></span> 
     </span>
    </p>
   </div>
   <div class='ocr_carea' id='block_1_113' title="bbox 2266 5047 3858 5118">
    <p class='ocr_par' dir='ltr' id='par_1_113' title="bbox 2266 5047 3858 5118">
     <span class='ocr_line' id='line_1_113' title="bbox 2266 5047 3858 5118; baseline 0.009 -17"><span class='ocrx_word' id='word_1_788' title='bbox 2266 5047 2409 5101; x_wconf 79' lang='lat' dir='ltr'><strong>enim</strong></span> <span class='ocrx_word' id='word_1_789' title='bbox 2446 5050 2617 5118; x_wconf 84' lang='lat' dir='ltr'><strong>magis</strong></span> <span class='ocrx_word' id='word_1_790' title='bbox 2653 5050 2923 5113; x_wconf 88' lang='lat' dir='ltr'><strong>idoneutu,</strong></span> <span class='ocrx_word' id='word_1_791' title='bbox 2958 5061 3048 5103; x_wconf 85' lang='lat' dir='ltr'><strong>aut</strong></span> <span class='ocrx_word' id='word_1_792' title='bbox 3086 5052 3445 5109; x_wconf 75' lang='lat' dir='ltr'><strong>eﬂicaciorcm</strong></span> <span class='ocrx_word' id='word_1_793' title='bbox 3487 5055 3578 5108; x_wconf 80' lang='lat' dir='ltr'><strong>illo</strong></span> <span class='ocrx_word' id='word_1_794' title='bbox 3606 5055 3858 5115; x_wconf 65' lang='lat' dir='ltr'><strong>futurum</strong></span> 
     </span>
    </p>
   </div>
   <div class='ocr_carea' id='block_1_114' title="bbox 2265 5138 3861 5211">
    <p class='ocr_par' dir='ltr' id='par_1_114' title="bbox 2265 5138 3861 5211">
     <span class='ocr_line' id='line_1_114' title="bbox 2265 5138 3861 5211; baseline 0.008 -22"><span class='ocrx_word' id='word_1_795' title='bbox 2265 5138 2471 5205; x_wconf 85' lang='lat' dir='ltr'><strong>putavit</strong></span> <span class='ocrx_word' id='word_1_796' title='bbox 2493 5154 2737 5192; x_wconf 86' lang='lat' dir='ltr'><strong>summus</strong></span> <span class='ocrx_word' id='word_1_797' title='bbox 2763 5151 2933 5207; x_wconf 81' lang='lat' dir='ltr'><strong>pater.</strong></span> <span class='ocrx_word' id='word_1_798' title='bbox 2963 5140 3134 5206; x_wconf 86' lang='lat' dir='ltr'><strong>Quam</strong></span> <span class='ocrx_word' id='word_1_799' title='bbox 3159 5143 3481 5211; x_wconf 72' lang='lat' dir='ltr'><strong>legationem</strong></span> <span class='ocrx_word' id='word_1_800' title='bbox 3510 5145 3619 5206; x_wconf 86' lang='lat' dir='ltr'><strong>ille,</strong></span> <span class='ocrx_word' id='word_1_801' title='bbox 3648 5156 3704 5198; x_wconf 89' lang='lat' dir='ltr'><strong>nt</strong></span> <span class='ocrx_word' id='word_1_802' title='bbox 3730 5158 3861 5203; x_wconf 62' lang='lat' dir='ltr'><strong>erat</strong></span> 
     </span>
    </p>
   </div>
   <div class='ocr_carea' id='block_1_115' title="bbox 2267 5226 3856 5295">
    <p class='ocr_par' dir='ltr' id='par_1_115' title="bbox 2267 5226 3856 5295">
     <span class='ocr_line' id='line_1_115' title="bbox 2267 5226 3856 5295; baseline 0.008 -16"><span class='ocrx_word' id='word_1_803' title='bbox 2267 5226 2458 5279; x_wconf 82' lang='lat' dir='ltr'><strong>salutis</strong></span> <span class='ocrx_word' id='word_1_804' title='bbox 2515 5228 2817 5280; x_wconf 86' lang='lat' dir='ltr'><strong>animarum</strong></span> <span class='ocrx_word' id='word_1_805' title='bbox 2876 5229 3287 5283; x_wconf 85' lang='lat' dir='ltr'><strong>ardentissimus</strong></span> <span class='ocrx_word' id='word_1_806' title='bbox 3343 5231 3564 5295; x_wconf 84' lang='lat' dir='ltr'><strong>zelatur,</strong></span> <span class='ocrx_word' id='word_1_807' title='bbox 3630 5238 3856 5292; x_wconf 86' lang='lat' dir='ltr'><strong>tametsi</strong></span> 
     </span>
    </p>
   </div>
   <div class='ocr_carea' id='block_1_116' title="bbox 2260 5315 3856 5392">
    <p class='ocr_par' dir='ltr' id='par_1_116' title="bbox 2260 5315 3856 5392">
     <span class='ocr_line' id='line_1_116' title="bbox 2260 5315 3856 5392; baseline 0.009 -24"><span class='ocrx_word' id='word_1_808' title='bbox 2260 5315 2373 5383; x_wconf 87' lang='lat' dir='ltr'><strong>jam</strong></span> <span class='ocrx_word' id='word_1_809' title='bbox 2396 5319 2546 5371; x_wconf 89' lang='lat' dir='ltr'><strong>senio</strong></span> <span class='ocrx_word' id='word_1_810' title='bbox 2568 5318 2862 5379; x_wconf 80' lang='lat' dir='ltr'><strong>confectus.</strong></span> <span class='ocrx_word' id='word_1_811' title='bbox 2902 5320 3133 5375; x_wconf 77' lang='lat' dir='ltr'><strong>libenter</strong></span> <span class='ocrx_word' id='word_1_812' title='bbox 3160 5325 3419 5391; x_wconf 75' lang='lat' dir='ltr'><strong>suscepit.</strong></span> <span class='ocrx_word' id='word_1_813' title='bbox 3447 5326 3497 5378; x_wconf 86' lang='lat' dir='ltr'><strong>in</strong></span> <span class='ocrx_word' id='word_1_814' title='bbox 3527 5342 3630 5392; x_wconf 86' lang='lat' dir='ltr'><strong>qua</strong></span> <span class='ocrx_word' id='word_1_815' title='bbox 3660 5328 3856 5384; x_wconf 80' lang='lat' dir='ltr'><strong>divina</strong></span> 
     </span>
    </p>
   </div>
   <div class='ocr_carea' id='block_1_117' title="bbox 2270 5408 3857 5485">
    <p class='ocr_par' dir='ltr' id='par_1_117' title="bbox 2270 5408 3857 5485">
     <span class='ocr_line' id='line_1_117' title="bbox 2270 5408 3857 5485; baseline 0.007 -24"><span class='ocrx_word' id='word_1_816' title='bbox 2270 5408 2341 5461; x_wconf 89' lang='lat' dir='ltr'><strong>illi</strong></span> <span class='ocrx_word' id='word_1_817' title='bbox 2374 5410 2545 5477; x_wconf 82' lang='lat' dir='ltr'><strong>gratia</strong></span> <span class='ocrx_word' id='word_1_818' title='bbox 2583 5426 2687 5464; x_wconf 92' lang='lat' dir='ltr'><strong>non</strong></span> <span class='ocrx_word' id='word_1_819' title='bbox 2725 5410 2895 5464; x_wconf 84' lang='lat' dir='ltr'><strong>defuit</strong></span> <span class='ocrx_word' id='word_1_820' title='bbox 2942 5430 2954 5465; x_wconf 91' lang='lat'><strong>:</strong></span> <span class='ocrx_word' id='word_1_821' title='bbox 3001 5414 3269 5485; x_wconf 84' lang='lat' dir='ltr'><strong>siquidem</strong></span> <span class='ocrx_word' id='word_1_822' title='bbox 3308 5416 3589 5469; x_wconf 86' lang='lat' dir='ltr'><strong>civitatem</strong></span> <span class='ocrx_word' id='word_1_823' title='bbox 3638 5418 3857 5473; x_wconf 87' lang='lat' dir='ltr'><strong>invenit</strong></span> 
     </span>
    </p>
   </div>
   <div class='ocr_carea' id='block_1_118' title="bbox 2266 5500 3853 5563">
    <p class='ocr_par' dir='ltr' id='par_1_118' title="bbox 2266 5500 3853 5563">
     <span class='ocr_line' id='line_1_118' title="bbox 2266 5500 3853 5563; baseline 0.008 -12"><span class='ocrx_word' id='word_1_824' title='bbox 2266 5500 2497 5553; x_wconf 84' lang='lat' dir='ltr'><strong>adventu</strong></span> <span class='ocrx_word' id='word_1_825' title='bbox 2526 5516 2623 5555; x_wconf 88' lang='lat' dir='ltr'><strong>suo</strong></span> <span class='ocrx_word' id='word_1_826' title='bbox 2670 5502 2898 5556; x_wconf 86' lang='lat' dir='ltr'><strong>mirifice</strong></span> <span class='ocrx_word' id='word_1_827' title='bbox 2941 5503 3193 5561; x_wconf 79' lang='lat' dir='ltr'><strong>lzetatam.</strong></span> <span class='ocrx_word' id='word_1_828' title='bbox 3240 5517 3295 5559; x_wconf 90' lang='lat' dir='ltr'><strong>ct</strong></span> <span class='ocrx_word' id='word_1_829' title='bbox 3334 5508 3416 5559; x_wconf 84' lang='lat' dir='ltr'><strong>sui</strong></span> <span class='ocrx_word' id='word_1_830' title='bbox 3449 5508 3663 5561; x_wconf 83' lang='lat' dir='ltr'><strong>veniam</strong></span> <span class='ocrx_word' id='word_1_831' title='bbox 3696 5527 3853 5563; x_wconf 79' lang='lat' dir='ltr'><strong>com—</strong></span> 
     </span>
    </p>
   </div>
   <div class='ocr_carea' id='block_1_119' title="bbox 2266 5593 3849 5666">
    <p class='ocr_par' dir='ltr' id='par_1_119' title="bbox 2266 5593 3849 5666">
     <span class='ocr_line' id='line_1_119' title="bbox 2266 5593 3849 5666; baseline 0.004 -21"><span class='ocrx_word' id='word_1_832' title='bbox 2266 5593 2414 5645; x_wconf 84' lang='lat' dir='ltr'><strong>missi</strong></span> <span class='ocrx_word' id='word_1_833' title='bbox 2464 5602 2759 5663; x_wconf 82' lang='lat' dir='ltr'><strong>rogantem.</strong></span> <span class='ocrx_word' id='word_1_834' title='bbox 2811 5593 2925 5659; x_wconf 80' lang='lat' dir='ltr'><strong>Qua</strong></span> <span class='ocrx_word' id='word_1_835' title='bbox 2974 5596 3191 5663; x_wconf 90' lang='lat' dir='ltr'><strong>quidem</strong></span> <span class='ocrx_word' id='word_1_836' title='bbox 3252 5597 3484 5666; x_wconf 81' lang='lat' dir='ltr'><strong>benigne</strong></span> <span class='ocrx_word' id='word_1_837' title='bbox 3542 5614 3803 5653; x_wconf 73' lang='lat' dir='ltr'><strong>concessa</strong></span> <span class='ocrx_word' id='word_1_838' title='bbox 3832 5642 3849 5663; x_wconf 76' lang='lat'><strong>,</strong></span> 
     </span>
    </p>
   </div>
   <div class='ocr_carea' id='block_1_120' title="bbox 2266 5682 3853 5763">
    <p class='ocr_par' dir='ltr' id='par_1_120' title="bbox 2266 5682 3853 5763">
     <span class='ocr_line' id='line_1_120' title="bbox 2266 5682 3853 5763; baseline 0.008 -26"><span class='ocrx_word' id='word_1_839' title='bbox 2266 5694 2443 5739; x_wconf 82' lang='lat' dir='ltr'><strong>tantus</strong></span> <span class='ocrx_word' id='word_1_840' title='bbox 2495 5683 2594 5739; x_wconf 79' lang='lat' dir='ltr'><strong>fuit</strong></span> <span class='ocrx_word' id='word_1_841' title='bbox 2638 5682 2817 5755; x_wconf 86' lang='lat' dir='ltr'><strong>populi</strong></span> <span class='ocrx_word' id='word_1_842' title='bbox 2868 5685 3085 5756; x_wconf 75' lang='lat' dir='ltr'><strong>plausus</strong></span> <span class='ocrx_word' id='word_1_843' title='bbox 3130 5698 3184 5744; x_wconf 82' lang='lat' dir='ltr'><strong>et</strong></span> <span class='ocrx_word' id='word_1_844' title='bbox 3221 5688 3535 5759; x_wconf 77' lang='lat' dir='ltr'><strong>exsultatio,</strong></span> <span class='ocrx_word' id='word_1_845' title='bbox 3577 5701 3853 5763; x_wconf 73' lang='lat' dir='ltr'><strong>quantam</strong></span> 
     </span>
    </p>
   </div>
  </div>
