4040 6386
219 356 300 413 15Ἱ

1037 342 1569 401 ΡΠΟΕΕΕΟΜΕΝΑ
1633 370 1688 380 -
1726 339 1785 397 S.
1824 335 2031 392 PETRI
2082 333 2367 391 DAMIANI
2406 331 2569 389 VITA
2607 329 2694 389 lli.

3388 328 3491 385 158

217 493 308 531 non
332 470 485 527 facile
516 469 781 540 consequi
811 466 990 523 verbis
1027 466 1294 537 quiSpiam
1332 472 1515 533 queat.
1551 462 1779 517 Peracta
1810 468 1855 526 Α
1887 459 2049 515 modo
2095 454 2317 524 pr0pins
2376 450 2715 513 accedebat,
2760 448 2922 504 modo
2966 447 3489 540 repellebaturlnn-

218 564 483 635 legatione,
533 563 761 617 Romam
804 558 1043 624 redibat;
1084 569 1316 625 cumque
1355 554 1671 610 Faventiam
1710 554 1778 607 ad

219 657 382 711 urbem
408 651 509 707 sibi
540 650 904 723 gratissimam
928 648 1280 719 pervenisset,
1312 656 1367 701 ct
1405 647 1471 700 ad
1501 656 1780 701 monaste-

218 750 337 800 rium
363 744 451 798 Dei
491 742 811 806 Genitricis,
847 739 986 811 quod
1029 748 1155 793 tunc
1195 748 1349 794 extra
1402 752 1588 792 muros
1630 737 1781 791 urbis

216 846 339 900 erat,
365 832 697 895 divertisset,
738 832 791 885 in
820 831 1213 901 aegritudinem,
1246 845 1366 898 quae
1407 828 1480 882 illi
1510 828 1635 883 vitae
1677 827 1779 881 fuit

218 926 342 986 linis,
386 922 580 975 incidit
621 940 635 974 :
684 936 790 991 qna
831 919 1073 989 quotidie
1126 918 1298 988 magis
1340 918 1777 985 ingravescente,

214 1013 368 1069 octavi
418 1011 528 1065 diei
580 1020 766 1071 nocte,
818 1024 980 1078 quam
1032 1006 1264 1062 celebris
1308 1006 1586 1060 cathedrrc
1633 1006 1775 1059 beati

213 1102 449 1174 principis
490 1100 858 1171 apostolorum
901 1096 1230 1168 sequebatur
1263 1097 1402 1163 dies,
1441 1097 1779 1166 intempesta:

214 1194 369 1247 noctis
418 1191 677 1257 silentio,
742 1190 1158 1245 circumstantes
1215 1187 1415 1242 lectum
1481 1188 1806 1253 monachos,

211 1284 434 1355 rogavit,
489 1292 552 1337 ut
595 1292 920 1357 nocturnum
968 1289 1171 1335 sanctze
1218 1279 1491 1335 cathedra:
1540 1278 1775 1334 ollieitnn

213 1383 630 1444 exsequerentur
656 1388 671 1427 :
697 1388 804 1442 quo
845 1374 995 1426 linito
1022 1388 1201 1441 parvm
1229 1386 1392 1425 morae
1420 1372 1618 1441 Spatia,
1654 1371 1776 1425 feli-

209 1480 314 1520 cem
348 1466 451 1520 Deo
487 1465 737 1534 spiritum
770 1464 1032 1521 reddidit;
1076 1472 1132 1515 nt
1159 1477 1261 1531 qua
1303 1462 1391 1514 die
1424 1462 1475 1514 in
1516 1458 1774 1529 pastorali

210 1557 447 1611 cathedra
504 1556 567 1609 Β.
628 1555 848 1609 Petrqu
898 1553 1139 1608 Ecclesia
1202 1554 1517 1615 locaverat,
1576 1550 1769 1605 eadem

213 1649 343 1704 Petri
383 1646 708 1718 discipulum
742 1646 794 1700 in
834 1646 1039 1700 caelesti
1077 1645 1204 1699 sede
1235 1644 1460 1698 locaret.
1491 1643 1775 1697 Publicato

210 1739 335 1795 felici
381 1739 554 1804 obitu,
604 1752 821 1807 egressa
851 1746 935 1792 est
973 1737 1039 1791 ad
1072 1736 1381 1791 venerabile
1424 1750 1625 1803 corpus
1658 1734 1774 1788 fere

1886 548 2007 619 gius
2055 565 2069 601 :
2120 546 2213 601 ubi
2271 545 2488 601 felicem
2541 558 2600 597 se
2651 543 2896 613 putabat,
2950 541 3043 610 qui
3093 548 3275 608 posset
3334 538 3480 592 illius

1865 632 2105 719 ,lnanus,
2129 636 2215 691 vel
2250 636 2435 705 pedes,
2476 633 2560 689 vel
2599 633 2919 689 linteamina
2948 629 3207 687 osculari.
3249 628 3317 683 Et
3351 628 3478 699 quia

1883 730 1951 785 de
1972 729 2170 784 vicinis
2204 736 2470 783 venerant
2496 726 2656 787 locis,
2681 740 2805 794 quae
2832 724 2923 778 diu
2952 722 3070 793 ipse
3101 721 3232 775 olim
3266 720 3479 775 inhabi-

1885 834 2119 891 laverat,
2170 822 2427 879 monachi
2473 818 2703 875 adhibiti
2750 824 2880 871 sunt
2908 830 2937 869 a
2963 813 3164 883 populo
3206 813 3484 873 custodes,

1882 929 1953 971 ne
1988 929 2204 970 sacrum
2236 912 2307 966 ab
2346 912 2414 967 iis
2445 910 2681 965 cadaver
2710 907 3054 969 auferretur;
3090 904 3237 973 quod
3269 903 3487 957 demum

1884 1009 1935 1063 in
1959 1006 2211 1076 sepulcro
2235 1016 2547 1058 marmoreo
2578 1002 2852 1062 locarunt,
2882 997 2971 1051 ubi
2998 1012 3167 1065 usque
3191 995 3243 1049 in
3272 994 3491 1049 hodier-

1882 1113 2011 1152 num
2036 1098 2178 1151 diem
2218 1095 2402 1150 inultis
2426 1093 2691 1163 prodigiis
2718 1098 2972 1144 sanctum
2997 1085 3302 1141 antistitem
3331 1100 3489 1139 suum

1883 1190 2025 1243 Deus
2056 1188 2352 1250 illustrem,
2385 1201 2448 1240 ac
2482 1183 2851 1239 venerabilem
2884 1179 3099 1250 populis
3132 1178 3283 1232 facit.
3321 1175 3489 1246 Cujus

1882 1285 2130 1345 spectata
2162 1274 2375 1345 magnis
2405 1272 2749 1328 documentis
2791 1271 2929 1323 mira
2974 1268 3289 1332 sanctitate,
3325 1277 3491 1335 atque

1882 1367 2159 1431 facundia,
2200 1375 2463 1437 quantum
2502 1366 2654 1419 sidus
2701 1364 2755 1417 in
2789 1360 3031 1416 Ecclesia
3062 1358 3155 1413 Dei
3191 1357 3486 1419 exstiterit,

1880 1458 1972 1527 qui
2014 1472 2115 1520 ea,
2168 1469 2290 1524 qua:
2319 1454 2387 1509 de
2441 1454 2534 1508 illo
2588 1450 2973 1521 compendiose
3029 1446 3421 1515 descripsimus
3471 1462 3485 1499 :

1881 1549 2083 1618 quique
2122 1546 2427 1601 luculentus
2463 1560 2529 1598 ac
2580 1541 2977 1597 saluberrimos
3008 1538 3155 1594 illius
3191 1550 3479 1591 sermones

1881 1638 2139 1710 legerint,
2175 1636 2394 1700 testari,
2422 1637 2476 1689 ni
2504 1634 2683 1698 fallor,
2720 1630 2936 1687 abunde
2964 1636 3243 1710 poterunt.
3279 1627 3480 1681 Beatus

1887 1707 2071 1788 autem
2100 1730 2298 1785 Petrus
2344 1729 2493 1783 circa
2530 1742 2735 1781 annum
2782 1724 2989 1779 Christi
3040 1707 3391 1777 millesimum
3423 1726 3481 1773 et

207 1840 305 1886 tota
332 1830 545 1890 civitas,
578 1838 638 1883 ut
669 1828 989 1884 conﬂuentis
1024 1828 1385 1882 multitudinis
1420 1843 1578 1880 sacra
1608 1826 1775 1889 mdes,
1809 1822 1853 1881 Β
1881 1822 2276 1894 octogesimum
2319 1821 2466 1875 diem
2513 1836 2671 1875 suum
2702 1818 2863 1882 obiit,
2896 1830 3128 1888 magnus
3167 1813 3486 1869 Paventium

204 1924 253 1976 iu
277 1938 375 1991 qua
391 1921 629 1990 jacebat,
654 1936 824 1990 capax
859 1935 961 1973 non
991 1929 1135 1973 esset
1161 1935 1181 1974 :
1209 1928 1265 1972 et
1302 1934 1452 1973 more
1483 1917 1772 1980 undarum,

1888 1916 2040 1969 urbis
2070 1921 2348 1985 protector
2378 1922 2432 1968 et
2466 1922 2672 1968 custos.

216 2082 3480 2108 ww

972 2232 1394 2348 BEATI
1480 2228 1906 2343 PETRI
2000 2224 2619 2341 DAMIANI

1525 2469 1781 2547 VITA
1838 2470 2113 2549 ALIA.

196 2657 289 2718 Ex
320 2654 678 2732 Augustino
719 2648 1055 2732 Fartunio,
1087 2646 1393 2732 monacho
1422 2648 1933 2732 congregationis
1972 2644 2494 2732 comaldulensia,
2527 2641 2774 2732 ordinis
2804 2643 2883 2732 S;
2908 2639 2983 2701 P.
3020 2639 3371 2732 Benedicti,
3407 2640 3488 2703 li-

266 2736 370 2796 bro
401 2720 628 2814 quinto
660 2730 1099 2793 Historiarum
1137 2720 1731 2799 Camae'duleniiuin,
1766 2740 1821 2789 et
1845 2727 2060 2807 partis
2093 2724 2502 2807 posterioris,
2541 2742 2577 2782 a
2612 2724 2820 2803 capite
2847 2724 2886 2783 6
2922 2726 3118 2801 usque
3146 2720 3229 2781 ad
3262 2720 3401 2783 1M.

256 3012 443 3068 Petrus
486 3010 789 3066 Damiauus
834 3005 1110 3060 Ravenna:
1161 3012 1315 3059 ortus
1364 3009 1467 3067 est,
1524 3000 1772 3056 honestis
1801 2992 1847 3052 C
1879 3004 1996 3057 duit
2032 3003 2393 3071 vestimentis,
2428 3010 2485 3059 et
2530 3002 2597 3056 ad
2637 3001 2886 3057 scholam
2922 2999 3073 3055 misit
3122 2999 3176 3055 in
3220 3015 3491 3072 gramma-

202 3105 525 3174 parentibus.
564 3102 661 3157 sed
696 3100 878 3171 parvis
916 3096 1107 3168 opibus
1151 3111 1216 3151 ac
1260 3094 1608 3150 tacultatibus
1644 3105 1782 3162 prses

198 3194 339 3259 ditis;
372 3209 536 3262 quem
581 3207 704 3245 cum
747 3200 921 3243 mater
954 3198 1283 3259 postremum
1302 3184 1602 3255 genuisset,
1631 3183 1782 3237 acci—

198 3284 268 3338 dit
290 3285 521 3353 quadam
554 3283 661 3345 die,
697 3291 757 3335 ut
777 3278 1195 3351 grandiusculus
1232 3273 1374 3331 ﬁlius
1404 3290 1513 3345 prze
1540 3289 1776 3346 panper-

198 3383 295 3431 tate
345 3383 729 3444 quareretur,
793 3380 848 3425 et
910 3369 1246 3424 exclamaret
1287 3385 1301 3421 :
1342 3368 1487 3423 Ecce
1530 3367 1643 3437 jam
1700 3374 1779 3419 tot

196 3479 387 3526 sumus,
417 3475 555 3532 quot
582 3465 773 3517 domus
794 3476 893 3516 nos
920 3460 1143 3515 minime
1169 3474 1365 3529 capere
1402 3446 1598 3528 potest.
1641 3450 1777 3525 Qui-

196 3551 281 3606 bus
316 3554 495 3608 verbis
540 3562 717 3607 mater
750 3565 809 3605 se
850 3548 1281 3605 infelicissimam
1308 3564 1597 3613 accusans,
1632 3548 1778 3618 quod

196 3646 401 3699 nimium
443 3644 644 3700 fertilis
674 3651 841 3707 esset,
868 3656 936 3696 ex
959 3657 1021 3695 ea
1054 3642 1184 3697 hora
1213 3641 1295 3697 lac
1323 3640 1591 3696 iufantulo
1614 3640 1778 3695 Petro

194 3751 374 3805 negare
407 3737 585 3805 coepit
622 3748 638 3786 :
674 3733 945 3803 nullisque
986 3725 1103 3801 ejus
1148 3730 1449 3802 ploratibus
1488 3746 1552 3785 ac
1604 3729 1775 3798 ejula-

197 3826 323 3879 tibus
350 3833 651 3886 commota,
696 3822 845 3877 illum
878 3821 1099 3894 frigoris
1128 3822 1311 3892 algore
1332 3836 1395 3875 ac
1420 3820 1564 3875 fame
1598 3822 1777 3891 perire

196 3914 259 3968 nil
286 3924 458 3970 curat.
501 3913 560 3968 Id
598 3912 826 3967 audiens
860 3912 1105 3982 quaedam
1133 3910 1308 3965 vicina
1336 3909 1534 3980 pellex,
1564 3909 1655 3965 illo
1681 3925 1775 3965 ac-

194 4007 366 4068 currit,
390 4015 447 4061 et
485 4006 682 4061 matris
710 4005 1087 4061 crudelitatem
1118 4004 1319 4059 acriter
1358 4018 1612 4075 arguens,
1640 4000 1770 4056 επε-

197 4107 357 4156 ratum
381 4100 630 4154 animum
658 4106 780 4169 post
819 4097 1047 4152 multam
1084 4098 1522 4152 adhortationem
1554 4098 1772 4151 tandem

196 4190 352 4252 leniit,
396 4205 570 4259 seque
612 4188 687 4243 illi
739 4187 946 4243 sociam
993 4186 1162 4242 multa
1198 4184 1437 4257 jnngens
1480 4188 1768 4250 charitate,

194 4279 364 4335 calidis
389 4281 572 4350 aquis,
626 4280 838 4357 pannis,
882 4278 1109 4349 aliisque
1150 4278 1469 4348 opportunis
1516 4278 1772 4333 remediis

1887 3098 2009 3151 ticis
2044 3097 2239 3151 studiis
2262 3097 2620 3152 erudiendum
2649 3113 2662 3149 :
2690 3110 2854 3166 quem
2892 3110 3017 3149 cum
3048 3093 3256 3165 optimo
3285 3095 3485 3165 praedi-

1887 3197 2004 3242 tum
2043 3188 2262 3259 ingenio
2300 3188 2665 3259 cognovisset,
2716 3196 2770 3241 et
2811 3186 2879 3239 ad
2917 3185 3309 3256 amplexaudas
3352 3186 3490 3240 alias

1884 3280 2201 3351 disciplinas
2250 3279 2528 3341 idoneum.
2577 3278 2897 3333 Faventiam
2960 3277 3234 3346 primum,
3292 3276 3490 3332 deinde

1883 3370 2137 3427 Parmam
2166 3371 2338 3437 misit,
2364 3387 2429 3426 ac
2452 3370 2619 3430 fovit.
2652 3380 2707 3425 ut
2746 3368 2921 3425 doctis
2951 3368 3083 3423 viris
3108 3381 3334 3438 operam
3356 3368 3491 3423 dare

1882 3464 2325 3521 commodissime
2356 3450 2571 3535 posset.
2614 3463 2717 3519 Ubi
2749 3477 2873 3517 cum
2914 3461 3066 3516 brevi
3110 3460 3302 3515 Petrus
3352 3460 3492 3515 mul-

1884 3565 1998 3611 tum
2026 3554 2372 3623 profecisset.
2404 3568 2602 3608 nomen
2642 3551 2894 3607 Damiani
2920 3550 2990 3605 ab
3018 3548 3137 3618 ejus
3160 3549 3382 3604 nomine
3410 3550 3491 3605 sic

1880 3648 2184 3718 usurpavit,
2218 3656 2278 3703 ut
2308 3662 2368 3703 se
2396 3646 2619 3703 Petrum
2650 3644 2899 3700 Damiani
2932 3657 3150 3713 semper
3177 3643 3493 3697 subscribeo

1880 3751 1985 3796 ret.
2015 3738 2303 3809 Tantaque
2340 3738 2442 3793 fuit
2489 3739 2543 3793 iu
2573 3734 3047 3807 apprchendendis
3092 3734 3363 3789 bonarum
3396 3748 3489 3785 ar—

1881 3833 2013 3886 tium
2052 3830 2357 3899 disciplinis
2398 3830 2515 3899 ejus
2565 3827 2821 3890 eruditio,
2874 3834 3082 3880 tantmn
3122 3822 3387 3887 nominis,
3426 3837 3491 3878 ac

1877 3922 2037 3977 fama
2077 3920 2305 3976 studiosi
2348 3918 2588 3989 juvenis,
2631 3934 2696 3971 ac
2738 3918 2927 3973 diserti
2973 3916 3076 3971 sibi
3116 3914 3486 3983 comparavit;

1879 4022 1939 4068 ut
1987 4013 2279 4067 rhetorica:
2314 4022 2369 4066 et
2399 4009 2724 4081 eloquentia!
2765 4008 3039 4064 volumina
3082 4008 3135 4061 iu
3170 4022 3364 4078 magna
3394 4021 3492 4059 au-

1876 4097 2113 4160 ditorum
2164 4103 2472 4173 frequentia
2507 4142 2523 4166 ,
2570 4100 2847 4172 explicare
2898 4116 2929 4157 a
2981 4097 3372 4169 condiscipulis
3433 4088 3501 4153 et

1877 4198 2088 4267 magnis
2102 4195 2234 4251 viris
2260 4195 2334 4251 sit
2359 4203 2606 4250 coactus.

1948 4288 2085 4343 Cum
2118 4301 2247 4342 vero
2291 4296 2566 4362 cresceret
2594 4285 2647 4340 in
2695 4284 2811 4339 dies
2861 4283 3140 4338 favoribus
3178 4282 3486 4352 gratiaque.

196 4371 457 4437 adhibitis,
500 4372 832 4427 seminecem
879 4370 1162 4433 infantem,
1208 4372 1299 4440 qui
1332 4371 1421 4424 vix
1452 4369 1768 4440 palpitabat,
1797 4380 1853 4441 Β
1879 4380 2085 4436 ἀῆνίιίίς
2125 4394 2344 4449 quoque
2380 4387 2436 4434 ει
2492 4377 2840 4441 auctoritate,
2890 4384 3116 4447 repente
3156 4376 3342 4433 divino
3379 4376 3491 4446 gpj-

194 4462 372 4518 nedum
397 4464 549 4519 vocis
571 4478 765 4518 sonum
779 4464 1072 4525 emitteret,
1090 4464 1377 4519 revocandi
1400 4464 1469 4518 ad
1494 4466 1656 4517 vitam
1673 4479 1770 4517 ex-
1816 4524 1821 4533 ί

195 4556 313 4610 stitit
334 4558 571 4611 auctrix.
598 4554 801 4610 Exinde
822 4570 956 4625 puer
980 4555 1280 4609 ablactatus
1304 4555 1773 4626 utroqneorbatnr

195 4657 422 4714 parente,
470 4662 729 4719 curaeque
757 4648 1079 4702 commissus
1118 4646 1302 4702 fratris
1331 4647 1551 4718 majoris
1592 4657 1721 4702 natu
1753 4660 1770 4700 :

194 4738 272 4804 qui
312 4740 399 4795 ubi
440 4755 671 4796 uxorem
702 4739 874 4803 duxit.
913 4739 1132 4795 Petrum
1182 4738 1511 4810 superﬂuum
1547 4740 1771 4795 fratrem

196 4832 292 4885 acri
321 4833 586 4888 servitute
625 4847 870 4902 premere
907 4847 972 4888 ac
1006 4833 1325 4887 verberibus
1378 4832 1592 4887 allicere
1635 4848 1773 4886 nun—

195 4936 340 4990 quam
376 4924 565 4987 desiit,
601 4924 773 4979 donec
815 4923 963 4978 illum
1001 4938 1290 4994 porcormu
1332 4939 1551 4995 quoque
1591 4932 1775 4979 custo-

195 5012 301 5066 dem
330 5011 481 5068 fecit.
524 5012 583 5067 In
613 5027 680 5068 eo
715 5012 804 5067 vili
851 5012 1169 5085 magisterio
1188 5013 1396 5083 positus
1434 5013 1651 5075 Petrus,
1689 5026 1773 5066 re-

197 5110 331 5164 perto
373 5102 616 5171 quadam
665 5102 753 5157 die
786 5117 1007 5156 nummo
1052 5114 1335 5172 argenteo,
1382 5117 1565 5158 secum
1588 5111 1771 5171 gratu-

198 5187 443 5248 labundus
474 5194 751 5264 cogitabat
781 5193 909 5262 quid
944 5208 1009 5247 ex
1043 5208 1107 5249 eo
1130 5203 1370 5259 emeret;
1402 5195 1616 5249 tandem
1641 5208 1771 5250 vero

200 5281 436 5347 piissimae
470 5287 673 5341 meritis
715 5286 855 5340 intra
895 5300 955 5341 sc
983 5286 1160 5341 dixit:
1192 5287 1422 5355 Expedit
1458 5288 1562 5343 hoc
1588 5303 1772 5343 sacer-

200 5372 296 5425 doti
323 5375 557 5440 tradere,
598 5375 690 5445 qui
725 5390 836 5429 rem
881 5391 1091 5431 sacram
1121 5392 1221 5447 pro
1250 5377 1428 5431 anima
1461 5378 1632 5446 patris
1664 5379 1771 5433 mei

200 5458 365 5515 faciat.
409 5464 541 5519 Erat
585 5466 637 5519 ei
669 5464 807 5520 alius
848 5464 1017 5519 fraer
1062 5467 1351 5522 Damianus
1398 5467 1640 5529 nomine,
1677 5469 1768 5538 qui

200 5554 385 5624 aliquot
411 5573 590 5613 annos
611 5574 643 5612 a
678 5558 853 5627 patria
890 5557 1154 5613 abfuerat.
1184 5558 1233 5613 Is
1276 5560 1511 5623 rediens,
1538 5568 1593 5613 et
1622 5560 1767 5617 Petri

200 5646 369 5705 intris
416 5651 715 5707 miseratus
767 5666 1055 5715 (erumnas,
1108 5654 1282 5722 patrio
1332 5661 1508 5710 tactus
1558 5672 1765 5722 amore,

198 5737 373 5791 exemit
411 5756 537 5798 mox
573 5740 723 5795 illum
755 5740 822 5798 de
861 5741 1153 5799 miserabili
1183 5744 1467 5811 servitute,
1499 5747 1651 5803 novis
1687 5745 1795 5801 in-.

1876 4472 1983 4526 ritu
2038 4468 2270 4533 afﬂatus,
2321 4469 2562 4538 seipsum
2617 4468 2888 4538 increpat,
2941 4468 3176 4523 dicens:
3230 4467 3488 4536 Nunquid

1873 4577 1973 4633 ego
2028 4562 2115 4616 his
2150 4560 2373 4616 caducis
2420 4568 2477 4614 et
2525 4559 2831 4614 interituris
2887 4567 3149 4629 perpetuo
3215 4558 3488 4612 inhaerere

1873 4651 2082 4708 debeo?
2114 4649 2197 4705 An
2251 4648 2358 4706 non'
2401 4650 2584 4721 potius
2635 4649 2721 4704 his
2769 4647 3006 4717 rejectis,
3053 4649 3301 4705 caelestia
3355 4665 3490 4705 con-

1873 4752 2077 4808 secter,
2109 4743 2235 4797 dum
2274 4751 2408 4797 :ctas
2438 4742 2603 4812 viget,
2636 4741 2765 4795 dum
2797 4755 3057 4811 prospera
3104 4741 3382 4797 mulcent?
3411 4740 3487 4795 Ex

1873 4849 1981 4904 quo
2008 4834 2096 4889 die
2148 4834 2399 4904 quamvis
2428 4833 2723 4888 exterioris
2753 4833 2931 4888 cultus
2966 4833 3149 4903 specie
3180 4842 3367 4902 tegere
3406 4832 3489 4888 ni-

1874 4934 2099 4989 teretur,
2131 4925 2274 4994 quod
2312 4924 2895 4995 animO'conccperat,
2935 4925 3270 4994 pedetentim
3300 4935 3487 4982 tamen

1874 5032 1903 5070 a
1939 5014 2233 5070 mundanis
2261 5014 2457 5069 studiis
2481 5014 2548 5068 ad
2578 5028 2789 5069 sacram
2838 5029 3099 5069 revocare
3125 5014 3339 5071 studuit
3365 5016 3489 5086 phi-

1874 5110 2201 5181 losophiam,
2233 5117 2455 5180 totoque
2498 5108 2699 5163 mentis
2730 5107 2924 5163 all'eetu
2976 5108 3300 5165 caelestibus
3341 5109 3487 5179 aspi-

1876 5218 2003 5257 rans
2031 5200 2209 5265 bonis,
2243 5202 2436 5257 subtus
2462 5200 2699 5255 cilicium
2734 5200 2933 5262 induit,
2970 5198 3220 5269 jejuniis,
3252 5201 3484 5270 vigiliis-

1873 5309 1979 5364 que
2002 5300 2055 5349 et
2084 5292 2426 5349 orationibus
2454 5292 2675 5348 sedulus
2720 5292 3007 5347 incumbit.
3039 5290 3174 5346 Dum
3202 5308 3335 5347 vero
3362 5307 3487 5347 car-

1874 5384 1959 5439 nis
1994 5384 2232 5439 stimulis
2266 5399 2365 5454 pro
2395 5382 2702 5453 juventutis
2747 5398 2914 5438 cursu
2958 5397 3017 5438 se
3047 5384 3242 5454 agitari
3281 5384 3485 5439 acriter

1874 5474 2061 5539 sentit,
2090 5474 2172 5529 vel
2203 5475 2396 5529 mediis
2431 5475 2681 5528 noctibus
2713 5475 2909 5544 surgit,
2936 5473 3245 5529 fluvialibus
3280 5490 3339 5529 se
3381 5475 3482 5527 im-

1874 5564 2243 5637 mergitaquis
2275 5582 2288 5617 :
2318 5564 2513 5620 deinde
2542 5580 2845 5635 regressns,
2880 5581 2985 5621 non
3028 5566 3228 5621 lectum
3255 5565 3478 5635 repetit,

1874 5657 1969 5711 sed
1996 5656 2193 5726 templa
2229 5656 2583 5722 circumiens,
2623 5658 2941 5729 psalterium
2985 5668 3111 5715 ante
3152 5659 3476 5714 matutinam

1880 5749 2067 5804 horam
2095 5747 2372 5818 complere
2400 5748 2603 5804 studet.
3328 5742 3331 5745 ’
