4040 6380
627 331 729 387 159

1509 319 1567 375 S,
1609 315 1883 372 PETllUS
1915 283 2265 368 DAMIANUS
2305 307 2362 360 S.
2407 305 2468 358 Β.
2493 304 2560 360 Ε.
2599 299 3032 359 CARDINALIS.

3757 295 3866 349 160

699 441 974 496 alunillcns
1000 440 1121 491 item
1159 449 1280 504 erga
1308 447 1568 503 pauperes
1599 429 1799 486 Christi
1831 428 2027 492 factus,
2067 426 2186 482 illos
2216 426 2262 484 Α
2288 429 2520 490 quatuor
2566 419 2680 474 dies
2735 418 2786 469 in
2825 414 3159 504 hebdomada
3214 414 3264 466 in
3316 429 3453 483 pauc
3488 422 3542 466 et
3581 429 3724 504 aqua
3760 423 3870 504 tra-

628 536 930 601 fr‘eqncnter
968 528 1032 580 ad
1074 515 1352 594 prandium
1393 529 1564 577 vocat.
1612 519 1762 575 Unde
1793 533 1915 574 cum
1954 516 2186 586 quadam

630 618 714 675 die
752 633 868 673 cum
900 613 1064 670 sodali
1105 611 1407 683 pranderet,
1453 623 1554 664 nec
1578 607 1719 662 aliud
1764 606 1986 660 haberet
2024 618 2188 673 quant

630 723 814 780 panem
847 705 1064 758 unicum
1094 715 1159 755 ex
1189 699 1486 778 similagine
1514 697 1695 762 tritici,
1718 695 1970 762 socioque
1998 705 2190 746 secun-

633 797 808 851 darius
851 794 1006 863 panis
1042 790 1360 845 famularum
1416 787 1604 842 fuisset
1649 785 1956 855 appositus;
1994 780 2190 835 Petrus

632 898 750 937 mox
801 896 980 936 secum
1041 879 1182 949 loqpi
1251 877 1414 946 coepit
1458 892 1472 928 :
1520 873 1762 928 Christus
1821 871 1888 925 ad
1943 883 2190 924 mensam

633 987 809 1026 meam
831 969 961 1026 mihi
987 969 1207 1024 inferior
1239 967 1356 1022 est?
1382 965 1448 1019 Et
1483 963 1622 1032 quod
1653 960 1900 1030 iniuriam
1939 957 2086 1014 socio
2112 956 2192 1012 fe-

630 1058 789 1111 cisset
815 1055 1264 1116 animadvertens,
1308 1050 1514 1120 spinam
1542 1048 1706 1118 piscis
1753 1048 1806 1101 in
1835 1053 2047 1115 gutture
2087 1043 2189 1098 sibi

631 1145 904 1199 inluesisse
929 1143 1216 1212 persensit,
1255 1155 1361 1210 qua
1405 1138 1832 1210 strangularetur
1862 1154 1874 1190 :
1903 1134 2047 1205 quod
2071 1148 2190 1203 pro-

629 1243 744 1303 pter
771 1232 1081 1288 dissimilem
1119 1232 1289 1301 ipsum
1320 1244 1507 1300 panem
1534 1229 1681 1285 socio
1713 1227 2060 1298 assignatum,
2087 1224 2190 1278 sibi

629 1322 884 1378 accidisse
913 1323 1177 1393 judicans,
1208 1321 1352 1377 illico
1374 1333 1568 1391 panem
1595 1334 1715 1374 cum
1764 1317 1912 1372 socio
1946 1330 2194 1370 eommu-

636 1412 782 1476 tavit,
835 1412 1112 1481 primoque
1148 1411 1264 1480 ejus
1297 1409 1418 1465 bolo
1451 1424 1509 1464 se
1545 1407 1884 1464 convaluisse
1917 1403 2188 1475 cognovit,

632 1501 1038 1571 lzetissimusqne
1065 1501 1378 1556 miraculum
1406 1501 1614 1558 cunctis
1643 1499 1872 1570 aperuit.

702 1592 790 1646 Sic
811 1606 938 1660 ergo
963 1592 1014 1644 in
1040 1589 1184 1644 bivio
1215 1589 1528 1662 Pythagora:
1556 1591 1783 1658 positus,
1808 1589 2051 1643 dextrum
2080 1585 2192 1641 cal-

630 1679 732 1734 lem
761 1680 1122 1749 arripiendum
1167 1688 1444 1742 statuens;
1481 1680 1607 1736 dum
1645 1679 1711 1734 de
1760 1674 2190 1732 abrenuntiando

2291 511 2532 566 ducere:
2588 507 2743 561 tertia
2800 513 2853 560 et
2892 505 3079 573 quinta
3139 502 3273 558 feria
3336 519 3525 573 parum
3579 502 3870 572 leguminis

2291 598 2481 669 singuli
2505 596 2719 660 addere,
2754 593 3015 666 panisque
3042 607 3147 646 non
3171 603 3430 661 quantum
3453 593 3684 661 quisque
3707 591 3871 645 vellet

2290 689 2381 744 sed
2409 698 2554 742 certa
2583 701 2830 740 mensura
2857 684 3044 739 diebus
3077 682 3265 753 jejunii
3291 684 3521 749 praeberi
3555 699 3568 736 :
3596 683 3781 736 vinum
3815 683 3867 735 in

2292 778 2555 834 sacriﬁcio
2577 777 2752 831 missa:
2781 784 3006 838 tantum,
3040 784 3201 844 atque
3228 775 3620 844 aegrotantibus
3649 782 3866 835 notum,

2292 869 2419 924 nulli
2445 878 2704 937 praeterea
2733 886 2747 922 :
2789 866 3128 936 nudipedalia
3156 866 3209 920 in
3233 866 3379 922 omni
3407 875 3652 938 tempore
3678 876 3866 938 gesta-

2291 975 2374 1024 re,
2421 958 2635 1028 rejectis
2662 957 2869 1028 caligis.
2900 957 2957 1011 ln
3010 971 3117 1026 quo
3153 971 3352 1028 genere
3395 956 3524 1011 vita
3569 956 3767 1012 Petrus
3809 971 3872 1012 se

2291 1053 2681 1109 studiosissime
2705 1065 2984 1112 exercens,
3011 1049 3140 1104 illud
3163 1051 3411 1115 addebat,
3441 1065 3564 1105 nam
3588 1065 3714 1105 cum
3743 1059 3870 1104 ante

2291 1142 2608 1197 matutinam
2633 1140 2881 1211 synaxim
2909 1138 3098 1210 singuli
3146 1139 3212 1193 de
3250 1153 3399 1193 more
3427 1137 3746 1208 psalterium
3776 1152 3862 1191 re.

2291 1232 2542 1295 citarent,
2575 1232 2728 1302 signo
2756 1229 3048 1299 temperius
3074 1238 3416 1299 personante,
3444 1228 3533 1283 ille
3560 1227 3700 1295 signi
3732 1235 3869 1282 tem-

2291 1339 2390 1393 pus
2417 1325 2640 1378 nimium
2672 1321 3040 1393 praeveniens,
3071 1327 3291 1390 propter
3321 1319 3519 1372 nimias
3571 1317 3786 1387 vigilias
3813 1317 3867 1371 in

2290 1429 2411 1468 eum
2437 1413 2625 1468 incidit
2647 1414 2920 1476 morbum;
2949 1419 3006 1463 ut
3029 1409 3346 1465 beneﬁcium
3369 1408 3544 1464 somni
3571 1407 3698 1462 laeso
3721 1421 3868 1462 cere-

2290 1505 2407 1569 bro,
2437 1505 2715 1569 amiserit;
2758 1504 2849 1558 sed
2875 1502 3131 1556 adhibitis
3162 1500 3589 1562 medicamentis,
3620 1499 3712 1554 Dei
3745 1514 3866 1570 gra-

2292 1597 2385 1657 tia,
2414 1594 2706 1651 convaluit.
2755 1593 2998 1661 Cumque
3036 1607 3064 1644 a
3102 1589 3353 1646 docendo
3389 1601 3439 1646 et
3464 1590 3752 1645 scribendo
3777 1591 3865 1644 vix

2294 1684 2454 1738 ullam
2498 1683 2731 1752 quietem
2784 1682 3027 1749 accipere
3083 1688 3298 1749 posset,
3367 1689 3512 1734 tanta
3561 1680 3870 1734 divinarum

632 1770 825 1825 seculo
867 1786 1049 1825 secum
1103 1771 1321 1840 cogitat,
1369 1779 1424 1824 et
1470 1771 1735 1840 quomodo
1786 1776 1938 1823 extra
1985 1767 2192 1836 patrios

2295 1774 2693 1844 Scripturarum
2735 1771 2959 1827 scientia
2991 1770 3168 1824 clarus
3221 1770 3404 1825 haberi
3445 1771 3634 1840 coepit,
3664 1779 3870 1840 quanta

634 1861 761 1917 lines
801 1863 851 1916 id
900 1870 1136 1932 prmstet,
1177 1863 1369 1918 accidit
1411 1869 1471 1916 ut
1499 1862 1602 1916 duo
1649 1861 1842 1914 fratres
1881 1875 1945 1913 ex
1993 1857 2188 1914 solitu-

629 1951 749 2005 dine
775 1950 955 2006 Fontis
979 1951 1213 2005 Avellani
1239 1951 1449 2006 ctelitus
1479 1949 1744 2021 inspirati,
1770 1947 1836 2003 ad
1873 1947 2020 2002 illum
2049 1946 2189 1999 forte

631 2042 888 2107 venerint,
925 2057 1059 2112 quos
1098 2057 1218 2097 cum
1256 2043 1636 2112 interrogasset
1688 2041 1828 2095 inter
1863 2038 2187 2108 loquendum

633 2133 698 2184 de
728 2132 1024 2200 aliquorum
1062 2134 1429 2197 conversione,
1479 2132 1638 2188 simul
1684 2141 1861 2186 utrum
1906 2131 2022 2201 ipse
2053 2143 2189 2198 quo-

634 2233 736 2286 que
771 2219 823 2272 in
870 2220 1246 2274 monasterium
1279 2220 1345 2275 ab
1387 2219 1580 2275 abbate
1607 2220 1958 2289 reciperetur,
1991 2224 2046 2272 et
2085 2215 2188 2285 ipsi

631 2307 845 2363 omnino
886 2317 1220 2378 recepturum
1253 2309 1686 2376 respondissent;
1726 2318 1851 2364 tunc
1876 2307 2046 2364 voluit
2082 2306 2188 2360 illis

629 2395 754 2451 dare
789 2398 1043 2468 scyphum
1097 2407 1428 2468 argenteum,
1480 2416 1637 2469 quem
1689 2400 1755 2454 ad
1797 2398 2048 2454 abbatem
2096 2397 2191 2451 de-

630 2483 847 2542 ferrent.
893 2487 1041 2553 Quod
1083 2504 1202 2544 cum
1249 2491 1320 2544 illi
1361 2491 1536 2546 facere
1580 2491 1995 2555 recusavissent,
2047 2490 2191 2559 quod

631 2589 726 2630 nec
749 2575 911 2631 abbas
942 2579 992 2630 in
1033 2587 1256 2648 argento
1280 2579 1507 2643 biberet,
1557 2595 1658 2635 nec
1681 2582 1971 2635 monachos
2000 2579 2081 2634 l‘as
2107 2588 2194 2632 est

631 2679 816 2720 aurum
856 2667 938 2720 vel
965 2680 1242 2738 argentum
1269 2684 1448 2725 secum
1478 2671 1700 2734 habere,
1737 2672 1826 2740 qui
1860 2675 2192 2740 paupertatis

628 2761 804 2808 votum
835 2755 1057 2826 professi
1094 2768 1244 2825 sunt;
1282 2760 1516 2814 laudavit
1537 2760 1727 2815 Petrus
1749 2776 1937 2814 eorum
1965 2775 2190 2829 respon-

629 2859 763 2908 sum,
801 2853 855 2899 et
877 2857 1186 2915 conceptam
1218 2850 1284 2904 de
1308 2849 1410 2904 loci
1432 2851 1716 2905 sanctitate
1743 2850 2059 2920 Opinionem.
2081 2865 2191 2903 ma-

630 2934 709 3006 gis
734 2951 796 2991 ac
826 2939 991 3007 magis
1029 2941 1318 2996 roboravit.

692 3025 770 3080 Ne
810 3036 983 3082 autem
1037 3045 1148 3083 rem
1181 3039 1383 3086 tantam
1422 3034 1638 3104 aggredi
1669 3034 1786 3088 sine
1837 3032 2187 3086 fundamento

631 3115 893 3170 videretur
949 3128 1005 3171 ut
1044 3120 1357 3188 prudentem
1387 3101 1770 3191 ac‘s'apientem
1805 3122 1974 3175 virum
2006 3122 2182 3186 decet,
2215 3101 2258 3159 (ἶ

623 3204 914 3273 periculum
946 3217 1066 3261 ante
1089 3210 1269 3263 omnia
1292 3209 1471 3264 facere
1504 3210 1688 3271 vulnit,
1721 3218 1901 3262 utrum
1932 3210 2187 3262 monasti-

625 3310 700 3350 cae
732 3297 853 3351 vitae
891 3297 1125 3353 laborem
1150 3310 1295 3357 esset
1326 3303 1552 3364 laturus.
1582 3303 1958 3373 profectusque
1989 3305 2053 3356 ad
2079 3317 2188 3358 caa-

626 3386 838 3441 uobium
865 3389 921 3444 S.
953 3390 1134 3446 Maria:
1159 3394 1226 3448 ad
1258 3393 1405 3449 littus
1436 3396 1602 3467 maris
1645 3396 1888 3460 Adriani,
1921 3405 1980 3450 ut
2022 3396 2190 3451 edicit

625 3475 818 3532 Dantes
841 3477 1089 3549 (Pnrad.,
1111 3493 1253 3536 cant.
1280 3483 1392 3554 ΩΙ),
1420 3485 1664 3539 exercuit
1692 3500 1749 3539 se
1777 3485 1847 3539 ibi
1870 3485 2192 3555 quadragin-

625 3575 674 3618 ta
707 3567 891 3623 dicbus
920 3571 986 3624 ad
1033 3573 1292 3628 eremitici
1345 3576 1539 3644 rigoris
1578 3575 1999 3636 similitudinem,
2044 3578 2194 3629 robo-

624 3665 876 3726 ratusque
905 3659 1146 3726 multum,
1188 3663 1415 3717 subinde
1441 3663 1574 3717 clam
1604 3664 1915 3733 parentibus
1945 3674 1997 3718 et
2028 3667 2191 3728 notis,

622 3747 687 3799 ad
729 3761 967 3802 eremum
999 3751 1312 3805 Avellanam
1364 3754 1757 3823 commigravit.
1789 3753 1863 3806 lbi
1907 3767 2034 3823 ergo
2073 3769 2192 3823 gra-

621 3842 795 3890 tanter
833 3849 1128 3908 susceptus,
1167 3850 1220 3894 et
1277 3830 1577 3897 inonachus
1614 3843 1829 3897 humilis
1864 3852 1918 3896 et
1951 3844 2192 3910 abjectus

623 3926 816 3988 faetns,
843 3931 1177 3999 magistrum,
1208 3933 1440 3986 tironum
1468 3948 1636 3997 more,
1660 3934 1952 3988 discretum
1983 3934 2188 4000 habuit,

583 4051 586 4054 -
618 4019 708 4087 qui
745 4019 857 4087 ejus
893 4021 1077 4075 virtuti
1110 4023 1332 4077 multum
1355 4037 1570 4093 semper
1593 4023 1799 4078 tribuit.

688 4106 876 4164 Jussns
903 4123 1080 4165 autem
1105 4114 1336 4182 quadam
1363 4113 1447 4167 die
1475 4128 1654 4168 secmn
1697 4115 1960 4181 equitare,
1995 4123 2049 4168 et
2081 4115 2188 4185 pul-

621 4197 890 4253 chriorem
949 4211 1154 4257 vestem
1209 4202 1490 4272 accipere,
1547 4205 1752 4273 rogavit
1809 4205 1952 4258 illum
2001 4206 2073 4261 Pe
2102 4225 2192 4262 rus

620 4291 947 4358 suppliciter,
979 4309 1044 4347 ne
1073 4293 1126 4348 id
1152 4295 1489 4365 prreciperet,
1518 4297 1658 4364 quod
1689 4313 1792 4351 non
1819 4299 2058 4363 deceret;
2097 4301 2192 4354 sed

618 4378 848 4449 denique
863 4394 1103 4447 coactus,
1119 4385 1297 4439 oblata
1315 4387 1634 4441 vestimenta
1650 4387 1864 4457 quidem
1883 4391 2078 4456 induit;
2099 4392 2192 4446 sed

621 4481 729 4533 pne
749 4471 948 4537 pudore
964 4473 1231 4526 neminem
1253 4473 1306 4526 in
1323 4482 1434 4528 toto
1451 4475 1642 4529 itinere
1653 4477 1892 4544 aspicere
1908 4494 2070 4533 ausus
2087 4491 2188 4535 est.

627 4554 916 4612 Videbatur
945 4561 1088 4613 enim
1129 4561 1254 4626 sibi,
1291 4564 1430 4630 quod
1459 4564 1527 4617 ab
1557 4564 1804 4620 omnibus
1849 4568 2012 4636 digito
2041 4584 2192 4624 mon-

619 4655 886 4702 straretur
923 4651 1103 4720 sponsi
1137 4653 1372 4718 nomine,
1405 4669 1510 4707 non
1544 4657 1810 4709 monachi.

690 4738 746 4793 In
799 4741 971 4794 reditu
1012 4757 1143 4796 vero
1187 4759 1311 4797 cum
1333 4744 1423 4798 ’ad
1463 4748 1767 4802 coenobium
1816 4748 1874 4803 S.
1927 4751 2188 4808 Vincentii

621 4841 937 4899 perventum
972 4831 1178 4898 fuisset,
1211 4835 1402 4890 idoneo
1430 4837 1735 4908 excogitato
1760 4840 1940 4895 colore
1994 4842 2064 4896 ibi
2105 4859 2189 4898 re-

620 4922 889 4985 morandi,
932 4923 1186 4990 magistro
1234 4926 1523 4981 accedente
1549 4937 1602 4983 et
1641 4931 2004 4998 permittente,
2052 4933 2192 4988 festi-

621 5025 748 5069 nato
804 5030 1151 5084 pannosmra,
1193 5017 1486 5089 vilioraque
1524 5023 1838 5078 vestimenta
1892 5027 2041 5094 petiit
2082 5038 2191 5082 sta-

620 5107 765 5159 mine
820 5106 1147 5161 coucolora:
1190 5123 1359 5178 eaque
1399 5126 1523 5166 mox
1563 5112 1755 5178 induit,
1802 5116 2049 5171 omnibus
2079 5132 2192 5172 mo—

616 5195 807 5254 nachis
831 5196 1135 5267 exemplum
1164 5199 1486 5269 relinquens,
1514 5212 1572 5256 ut
1591 5203 1818 5274 quisque
1839 5207 2008 5278 magis
2031 5210 2193 5265 mori-

623 5289 720 5344 bus
758 5304 919 5356 quam
947 5290 1184 5345 vestibus
1212 5294 1390 5348 ornari
1419 5296 1652 5350 studeat.
1898 5304 1903 5309 ’

693 5380 820 5435 Loci
852 5383 992 5434 sacri
1021 5383 1285 5438 institutio
1311 5393 1437 5441 tunc
1462 5390 1717 5459 temporis
1743 5389 1862 5445 talis
1887 5399 2004 5446 erat
2028 5409 2040 5445 :
2070 5392 2186 5450 Bini

622 5475 820 5530 fratres
857 5475 1048 5530 divisis
1098 5477 1148 5530 in
1197 5477 1402 5534 cellulis
1462 5496 1824 5545 commanere,
1856 5483 2183 5553 psalmodiae,

625 5566 901 5628 orationis,
934 5567 1198 5632 lectionis,
1246 5570 1582 5627 abstinentia:
1636 5561 2064 5644 obedientieque
2099 5593 2185 5631 ur-

631 5656 727 5709 inis
759 5657 1005 5722 accincti,
1051 5658 1304 5714 adversus
1331 5674 1517 5715 aereas
1547 5673 1838 5733 potestates
1875 5664 2132 5721 dimicare
2168 5684 2178 5718 :

2288 1865 2434 1934 prius
2476 1867 2826 1918 humanarum
2852 1862 3146 1931 polluisset.

2359 1953 2735 2007 Ediditautem
2774 1951 2963 2020 primis
2990 1949 3103 2004 fere
3129 1950 3459 2018 temporibus
3505 1952 3669 2004 vitam
3701 1949 3760 2005 S.
3811 1950 3872 2004 P.

2288 2042 2593 2102 Romualdi.
2640 2041 2858 2096 circiter
2882 2057 3078 2095 annum
3102 2040 3311 2094 Domini
3340 2041 3683 2096 millesimum
3739 2059 3877 2110 qna-

2289 2133 2670 2203 dragesimum,
2706 2133 2929 2187 sicutex
2959 2145 3053 2184 ore
3079 2131 3294 2200 proprio
3318 2131 3698 2199 discipulorum
3729 2132 3876 2184 illius

2289 2223 2515 2289 accepit,
2545 2221 2632 2290 qui
2657 2222 2710 2274 in
2741 2234 2925 2275 eremo
2955 2219 3132 2274 vicina
3165 2219 3343 2273 Silrim
3369 2219 3683 2274 habitabant
3712 2238 3724 2272 :
3757 2221 3870 2274 sic-

2290 2321 2347 2366 ut
2381 2312 2540 2366 etiam
2588 2311 2654 2364 de
2694 2319 2954 2378 tempore,
3000 2308 3051 2362 in
3083 2307 3368 2363 Clironicis
3417 2309 3734 2378 majoribus,
3774 2311 3877 2364 Ve-

2291 2403 2450 2457 netiis
2479 2402 2530 2454 in
2580 2401 2739 2454 domo
2784 2399 3058 2453 Francisei
3109 2397 3418 2462 Iustiniani,
3471 2399 3716 2469 legimus.
3753 2399 3873 2466 Qua

2292 2491 2430 2544 fama
2490 2489 2747 2558 impulsus
2789 2488 2950 2542 Wido
3007 2487 3368 2544 Strambiatus
3401 2491 3568 2545 abbas
3632 2493 3873 2547 coanobii

2292 2581 2654 2653 Pomposiani,
2689 2583 2891 2652 legatos
2939 2582 3004 2636 ad
3035 2582 3282 2636 abbatem
3314 2582 3628 2637 Avellanum
3681 2585 3874 2647 mittit,

2295 2675 2580 2744 multisque
2607 2675 2856 2743 precibus
2880 2673 3096 2727 Petrum
3121 2673 3234 2728 dari
3257 2688 3369 2728 suae
3391 2672 3659 2742 juventuti
3687 2674 3878 2730 docto-

2295 2782 2404 2822 rem
2430 2776 2636 2823 exorat.
2665 2766 2764 2822 Ubi
2801 2781 2922 2822 cum
2946 2766 3220 2821 biennium
3248 2767 3537 2837 exegisset,
3558 2766 3728 2821 multo
3758 2784 3876 2820 mo-

2293 2856 2588 2911 nachorum
2626 2855 2888 2925 profectu,
2913 2854 3170 2910 defuncto
3210 2870 3309 2910 suo
3335 2856 3548 2920 abbate,
3581 2865 3666 2911 est
3708 2873 3872 2911 revo-

2293 2953 2441 2999 catus
2480 2947 2545 3000 ad
2595 2960 2745 2999 suam
2781 2945 3030 3000 dilectam
3077 2943 3442 3008 solitudinem,
3482 2945 3663 3016 illique
3703 2946 3892 3002 abbas.

2292 3038 2634 3107 subrogatus.

2357 3126 2526 3196 igitur
2569 3127 2865 3198 insignibus
2917 3128 3204 3196 susceptis,
3260 3137 3316 3182 et
3374 3128 3872 3198 administratione,

2289 3216 2594 3270 cmnohium
2638 3216 2690 3270 in
2720 3231 2934 3271 omnem
2968 3217 3213 3286 inprimis
3252 3220 3562 3274 sanctitatis
3587 3219 3872 3277 meliorem

2291 3305 2516 3362 formam
2560 3308 2845 3362 emendare
2886 3308 3110 3362 studuit.
3145 3307 3251 3363 Sed
3296 3325 3521 3364 numero
3575 3311 3874 3383 discipulo-

2291 3414 2406 3452 rum
2433 3410 2728 3466 crescente,
2754 3407 2974 3454 coactus
3003 3408 3085 3453 est
3123 3399 3224 3452 alia
3259 3400 3373 3456 loca
3427 3400 3656 3457 subinde
3683 3403 3870 3472 inqui-

2291 3503 2428 3548 rere,
2479 3491 2565 3543 ubi
2597 3489 2713 3544 illos
2746 3490 3114 3543 constitueret.
3166 3489 3333 3559 igitur
3374 3505 3689 3560 exsurgens,
3723 3508 3876 3548 com—

2295 3590 2443 3643 perto
2479 3581 2670 3634 idoneo
2715 3580 2959 3648 inprimis
2985 3579 3198 3644 Ioeo,in
3224 3580 3595 3636 Camerinensi
3622 3583 3872 3646 dioecesi,

2287 3669 2437 3738 juxta
2468 3672 2696 3729 vicinam
2729 3686 2878 3725 suam
2935 3687 3119 3741 rupem
3168 3679 3223 3726 et
3274 3672 3583 3727 coenobium
3635 3674 3708 3730 ibi
3740 3691 3873 3730 con-

2293 3763 2509 3828 struxit,
2538 3773 2590 3816 et
2619 3762 3002 3831 diSClpllln.¢im
3026 3763 3206 3832 posuit
3234 3763 3515 3833 collegium
3547 3766 3646 3820 sub
3664 3765 3872 3835 priore;

2293 3851 2483 3905 deinde
2517 3851 2568 3905 in
2615 3851 2931 3905 Perusinum
2979 3852 3284 3920 profectus,
3335 3851 3478 3906 aliud
3522 3854 3588 3907 ad
3624 3867 3871 3909 montem

2294 3943 2541 4013 Regium,
2594 3946 2660 3998 ad
2707 3943 2896 3998 cellam
2927 3960 3085 4013 quam
3122 3945 3178 3998 S.
3213 3945 3272 3998 P.
3325 3944 3657 4002 Romualdus
3709 3947 3873 4002 babi-

2293 4042 2432 4087 tasse
2455 4034 2731 4088 dicebatur
2760 4049 2772 4085 :
2804 4033 2996 4088 deinde
3024 4033 3170 4088 aliud
3222 4035 3273 4088 in
3302 4033 3621 4099 Faventino,
3656 4036 3709 4089 in
3750 4037 3872 4092 loco

2291 4125 2380 4193 qui
2415 4125 2611 4180 dicitur
2659 4124 3002 4190 Ganuinium,
3034 4141 3177 4179 nunc
3209 4126 3433 4181 Gavina.
3485 4127 3688 4182 Deinde
3717 4130 3865 4184 aliud

2291 4213 2365 4266 illi
2381 4214 2615 4267 vicinum
2639 4213 2778 4280 quod
2802 4213 3001 4267 Arcere
3027 4224 3362 4284 nuncupatur
3386 4213 3612 4269 :deinde
3634 4214 3872 4273 Marcia-

2292 4319 2420 4359 num
2448 4305 2499 4358 in
2527 4304 2874 4358 Ariminensi.
2906 4304 3033 4371 Quae
3063 4307 3188 4360 dum
3218 4315 3554 4362 construeret
3577 4306 3718 4374 loca,
3747 4325 3868 4363 mo—

2226 4429 2272 4488 D
2298 4395 2604 4462 nachosque
2628 4394 2825 4463 ubique
2845 4395 2910 4448 ad
2943 4395 3283 4452 sanctitatem
3335 4397 3402 4453 ad
3447 4411 3743 4468 veramque
3771 4399 3867 4455 Dei

2300 4486 2612 4540 servitutem
2643 4485 2811 4554 probe
2837 4487 3110 4543 institutos
3129 4490 3382 4544 ordinare
3410 4491 3680 4553 studeret;
3731 4509 3871 4547 nun-

2298 4592 2456 4645 quam
2491 4585 2667 4630 tamen
2695 4577 2874 4636 dilecti
2923 4579 3154 4633 etenobii
3203 4579 3442 4634 Avellani
3489 4581 3770 4646 familiam,
3815 4595 3872 4638 et

2297 4667 2469 4722 locum
2498 4667 2739 4722 oblivisci
2769 4667 2961 4737 potuit.
3012 4667 3219 4738 Quippe
3270 4669 3388 4724 illos
3431 4685 3574 4739 saepe
3627 4672 3870 4727 revisere

2295 4757 2605 4820 festinabat,
2636 4766 2689 4811 et
2712 4757 2947 4812 caelestis
2974 4760 3239 4813 sermonis
3267 4759 3476 4828 pabulo,
3510 4762 3604 4814 aut
3629 4775 3876 4829 praesen-

2297 4853 2388 4916 tia,
2422 4861 2514 4906 aut
2544 4851 2761 4916 litteris,
2809 4851 3063 4921 singulari
3091 4853 3264 4920 patrio
3287 4859 3341 4905 et
3363 4852 3647 4908 charitatis
3669 4853 3864 4909 alfectn

2292 4942 2584 4997 reficiebat.
2609 4941 2786 5008 Quare
2813 4940 2921 4995 Deo
2944 4941 2995 4994 in
3019 4943 3134 4996 dies
3158 4941 3345 5011 plenus
3365 4942 3562 5008 factus,
3590 4943 3870 4999 miraculis

2291 5049 2502 5102 quoque
2523 5033 2720 5086 clarior
2740 5048 2858 5085 esse
2871 5034 3054 5102 cmpit.

2361 5122 2601 5190 Quadam
2623 5122 2709 5177 die
2746 5123 2869 5177 dum
2902 5123 3038 5190 apud
3070 5121 3397 5176 Ganuininm
3432 5122 3483 5176 in
3521 5123 3656 5177 cella‘
3687 5125 3868 5180 consi—

2293 5222 2481 5278 steret,
2513 5230 2579 5268 ac
2608 5214 2795 5269 sitiens
2823 5229 3017 5281 aquam
3053 5213 3154 5268 sibi
3185 5228 3250 5267 ex
3288 5213 3433 5269 fonte
3458 5214 3639 5269 afferri
3693 5215 3866 5285 impe-

2295 5310 2492 5368 rasset,
2519 5301 2644 5358 fecit
2666 5302 2880 5373 quidem
2912 5301 3447 5373 ministerimperata
3480 5303 3744 5358 festinus:
3773 5307 3868 5374 sed

2294 5395 2551 5465 magistro
2583 5402 2854 5464 gustante,
2888 5395 3032 5463 quod
3083 5395 3266 5449 vinum
3307 5395 3576 5450 attulisset
3622 5410 3873 5466 comper-

2295 5492 2404 5539 tum
2426 5492 2538 5550 est;
2565 5485 2656 5554 qui
2684 5483 2752 5539 ab
2786 5483 2877 5539 illo
2911 5484 3246 5555 increpatus,
3272 5501 3392 5540 cum
3431 5501 3488 5540 se
3508 5501 3706 5555 aquam
3739 5487 3874 5541 hau-

2292 5578 2426 5633 sisse
2440 5574 2752 5644 affirmaret,
2768 5576 3025 5634 remissus
3047 5589 3130 5632 est
3145 5578 3282 5632 alius
3296 5579 3363 5632 ad
3381 5579 3578 5632 fontem
3595 5595 3613 5641 ;
3639 5579 3730 5648 qui
3746 5595 3871 5633 cum

2294 5670 2476 5724 vinum
2525 5667 2708 5725 itidem
2767 5669 3130 5739 importasset,
3189 5670 3330 5738 quod
3383 5685 3570 5724 omnes
3620 5673 3871 5724 monachi
