4040 6376
235 405 316 458 ,σι
1022 377 1568 440 'PROLEGOHENA.
1609 405 1680 417 —
1720 373 1782 429 s.
1825 371 2028 426 PETlll
2073 370 2359 425 umnam
2403 368 2564 425 vrrA
2608 369 2694 424 Ill.

3410 370 3516 426 162

230 519 591 591 gustaverunt,
615 505 831 576 cognito
854 497 1135 558 miraculo,
1166 493 1456 565 imperavit
1483 490 1695 546 cunctis
1721 488 1804 542 vir
1831 490 1880 550 Α
1982 482 2292 591 Novissimo
2323 483 2452 539 item
2507 492 2774 591 tempore1
2813 483 2874 591 Ιἰιι
2901 482 3296 591 ιιιῖῗυτιιιιιιιοιιο
3328 498 3516 537 mona-

230 578 448 665 sauctus,
498 608 560 653 ut
624 610 737 650 rem
789 591 1002 646 silentio
1034 592 1296 658 tegerent,
1347 581 1493 652 quod
1535 591 1708 650 usque
1735 578 1804 632 ad

227 699 332 767 ejus
364 692 565 748 obitum
594 686 796 740 factum
819 689 922 736 est.

288 785 401 842 Alio
414 793 628 852 quoque
640 787 878 846 tempore
893 763 1123 827 habebat
1136 767 1220 821 vir
1233 774 1455 821 sanctus
1465 763 1664 819 dolium
1693 765 1801 819 viui

222 881 421 948 plenum
437 871 578 943 apud
591 867 880 938 quamdam
905 878 1057 919 suam
1073 857 1354 928 capellam.
1369 855 1582 911 Accidit
1599 865 1800 921 autem,

224 945 440 1023 militum
482 961 641 1016 turba
672 958 820 1014 illinc
851 954 1137 1010 transitum
1171 948 1438 1014 faciente,
1472 957 1532 1000 ut
1581 945 1800 1016 quidam

220 1053 472 1112 sacerdoti
495 1050 604 1106 vim
635 1046 936 1108 intulerint,
959 1052 1020 1097 ut
1052 1057 1120 1098 ex
1153 1043 1274 1111 ipso
1296 1037 1440 1094 dolio
1475 1045 1664 1092 potum
1694 1035 1802 1091 illis

224 1147 550 1217 propinaret,
597 1139 842 1212 quicum
886 1142 1155 1190 astrueret
1181 1147 1240 1186 sc
1279 1129 1422 1184 t.olle
1467 1130 1652 1183 vinum
1695 1126 1798 1182 viri

222 1236 352 1292 beati
379 1233 713 1304 contingere,
747 1228 821 1282 illi
862 1226 1060 1281 dolium
1091 1223 1429 1286 invadentes,
1470 1220 1653 1274 onmia
1683 1218 1800 1288 ejus

221 1325 472 1381 foramina
503 1334 782 1393 aperuere,
817 1318 1106 1387 virgasque
1134 1313 1580 1373 intromittentes,
1612 1311 1797 1364 viuum

220 1433 480 1489 nunquam
535 1413 751 1470 haurire
795 1417 1108 1481 potuerunt.
1162 1406 1526 1475 Quamobrem
1558 1405 1795 1475 quodam

219 1511 448 1566 interiori
493 1519 730 1564 tremore
779 1502 1036 1574 perculsi,
1089 1500 1233 1555 illico
1281 1501 1349 1555 de
1395 1497 1513 1553 loco
1554 1511 1792 1553 cessere.

218 1601 371 1656 Paulo
401 1608 526 1671 post
550 1611 700 1661 vero,
744 1599 1064 1648 transeunte
1104 1587 1304 1645 exinde
1332 1587 1639 1659 peregrino,
1700 1585 1792 1654 qui

205 1695 468 1748 instanter
515 1687 703 1742 bibere
753 1682 1080 1756 postulabat,
1131 1689 1355 1751 propter
1399 1693 1642 1734 amorem
1671 1677 1792 1742 Dei,

212 1782 456 1840 sacerdos
487 1778 692 1834 dolium
723 1776 987 1839 revisens,
1014 1772 1200 1828 clausa
1230 1769 1500 1826 foramina
1531 1769 1692 1832 videt,
1737 1778 1794 1824 et

1907 573 2058 628 sterii
2093 572 2151 628 S.
2183 570 2488 637 Benedicti,
2519 570 2780 642 detegens
2813 571 3122 626 Desiderius
3151 571 3342 639 abbas,
3371 575 3514 641 quod

1907 663 2073 734 aliqui
2098 662 2336 733 operarii
2364 662 2684 718 daemoniaci
2718 662 2790 718 ibi
2809 663 3088 725 adessent,
3123 665 3510 735 rogansqueB.

1907 753 2151 821 Petrum,
2178 762 2237 807 tit
2263 753 2384 808 illos
2407 768 2606 808 curare
2637 753 2982 826 dignaretur,
3017 769 3078 809 se
3109 753 3393 824 indignum
3427 771 3514 810 re-

1904 843 2124 912 spondit
2151 842 2368 910 Pctrus,
2401 843 2492 913 qui
2529 844 2582 898 in
2612 858 2848 900 messem
2879 843 2937 898 S.
2984 843 3046 897 P.
3076 844 3352 900 Benedicti
3395 862 3516 900 ma-

1904 949 2009 988 nus
2059 939 2332 1002 mitteret;
2369 945 2744 990 verumtamen
2789 934 2865 990 ibi
2913 935 3120 992 diutius
3155 940 3366 994 moram
3401 946 3516 992 tra-

1905 1027 2062 1095 hens,
2104 1026 2344 1082 obtinuit
2370 1035 2430 1082 ut
2455 1025 2600 1082 Deus
2626 1025 2772 1094 illos,
2806 1035 3036 1098 propter
3079 1027 3256 1097 ipsius
3294 1030 3514 1098 merita,

1904 1116 2240 1172 liberaverit.

1977 1233 2082 1290 Per
2103 1250 2197 1291 eos
2226 1233 2345 1290 dies
2365 1235 2676 1291 sanctitatis
2724 1233 2872 1291 Petri
2894 1234 3038 1290 fama
3066 1235 3275 1306 passim
3299 1234 3518 1308 lateque

1901 1336 2254 1397 personante,
2286 1327 2600 1397 Stephanus
2629 1325 2874 1395 pontifex
2912 1329 3187 1384 maximus
3208 1329 3388 1384 virum
3417 1329 3516 1386 bo-

1903 1433 2031 1471 num
2081 1418 2392 1473 sacerdotio
2424 1418 2648 1488 dignum
2681 1417 2941 1487 judicans
2985 1433 3112 1474 cum
3142 1421 3518 1476 sacratissimo

1900 1521 2322 1579 purpuratorum
2375 1510 2589 1577 ordine,
2635 1509 2786 1565 illum
2839 1511 2907 1566 ad
2934 1511 3299 1582 episcopalem
3324 1513 3517 1568 cathe-

1900 1601 2055 1654 drum
2084 1600 2494 1671 suscipiendum
2537 1601 2830 1656 invitavit:
2884 1603 3030 1672 quod
3081 1618 3207 1658 cum
3241 1617 3513 1671 renueret,

1900 1694 2199 1750 arbitratus
2225 1693 2473 1764 pontifex
2497 1693 2643 1750 illius
2665 1694 2924 1750 virtutem
2952 1695 3213 1752 Ecclesia:
3236 1699 3517 1769 corrigen—

1899 1785 1982 1840 (ιω
2005 1799 2130 1840 esse
2159 1786 2406 1856 apprime
2437 1785 2829 1853 necessariam,
2860 1787 2914 1843 id
2946 1787 3021 1842 illi
3053 1771 3157 1843 sub
3187 1788 3514 1843 anathema-

208 1877 382 1930 vinum
439 1871 643 1935 hausit,
699 1865 1135 1934 miraculumque
1183 1871 1404 1928 notans,
1445 1861 1790 1933 peregrinum

1899 1876 1972 1930 tis
2021 1876 2315 1932 maledicto
2361 1877 2620 1948 imperat,
2651 1875 2994 1950 Romamque
3025 1879 3262 1936 accitum
3295 1888 3352 1936 et
3382 1880 3516 1935 dex-

202 1961 553 2026 esuricntem,
582 1957 693 2013 Deo
718 1955 922 2029 gratias
947 1967 1134 2024 agens,
1168 1950 1380 2006 refecit.

273 2053 390 2108 Alio
438 2060 684 2120 tempore
729 2047 811 2101 vir
840 2045 1034 2102 nobilis
1078 2056 1302 2098 munera
1357 2041 1585 2113 piscium
1630 2042 1697 2095 ad
1724 2039 1790 2096 Β.

211 2146 418 2202 Petrum
458 2145 676 2196 mittere
707 2137 998 2207 aliquando
1035 2135 1249 2200 solitus,
1280 2135 1503 2188 miserat
1539 2133 1608 2188 ad
1638 2132 1791 2187 illum

211 2251 413 2294 servum
464 2248 626 2291 suum
663 2231 719 2286 in
766 2229 946 2301 vigilia
981 2227 1181 2282 natalis
1213 2225 1463 2280 Domini:
1510 2241 1545 2296 q
1588 2224 1603 2278 i
1646 2225 1791 2278 viam

211 2329 474 2400 ingressus
503 2325 739 2382 obscura
769 2332 957 2388 nocte,
978 2330 1038 2383 et
1065 2320 1280 2376 nivibus
1302 2318 1426 2373 altis
1448 2317 1790 2383 cadentibus,

210 2420 348 2489 lipso
415 2417 558 2487 pede
603 2415 658 2469 in
715 2427 978 2483 prmceps,
1027 2411 1082 2465 in
1125 2410 1360 2480 quodam
1406 2418 1653 2465 extremo
1692 2408 1793 2464 vim

210 2511 319 2566 loco
347 2524 476 2564 casu
505 2507 618 2561 ruit
661 2524 674 2560 :
702 2505 815 2576 qni,
851 2519 974 2560 cum
1006 2501 1242 2571 discerpi
1280 2500 1438 2555 facile
1464 2516 1570 2554 no.1
1599 2510 1791 2569 potue-

209 2602 291 2667 rit,
317 2615 403 2655 me
434 2599 530 2654 itis
551 2597 651 2652 viri
681 2596 852 2651 sancti
876 2594 1048 2651 evasit
1070 2593 1377 2658 incolumis,
1408 2602 1793 2663 resumptoque

209 2693 498 2749 cervicibus
525 2705 715 2758 onere,
753 2705 876 2746 cum
934 2689 1001 2742 ad
1053 2687 1203 2742 illum
1236 2687 1594 2757 pervenisset,
1626 2695 1682 2742 et
1742 2687 1790 2741 ei

209 2788 397 2857 gratEas
433 2793 642 2856 ageret,
681 2780 958 2852 respondit
992 2778 1079 2834 ille
1113 2795 1124 2832 :
1155 2777 1296 2843 Noli,
1326 2775 1649 2842 ﬁli‘mi,noli
1689 2777 1794 2832 hoc

210 2875 470 2947 peccaturi
523 2872 730 2930 homini
767 2875 1050 2942 deputare,
1082 2871 1223 2939 quod
1262 2870 1405 2923 Deus
1428 2868 1684 2939 dignatus
1709 2876 1794 2923 est

209 2984 295 3024 sua
323 2969 394 3023 mi
426 2966 678 3024 oratione
706 2963 806 3020 tibi
862 2962 1090 3032 largiri;
1126 2961 1176 3016 ei
1225 2976 1296 3016 ex
1341 2958 1552 3014 collata:
1599 2959 1794 3015 salutis

210 3074 418 3116 munere
441 3057 646 3129 gratias
679 3069 800 3127 age,
836 3053 930 3125 qui
968 3067 1239 3125 nusquam
1277 3051 1378 3108 sibi
1410 3049 1795 3106 famulantibus

208 3154 365 3207 deest.

267 3243 383 3298 Alio
422 3251 669 3312 tempore
697 3238 896 3296 direxit
932 3235 1256 3306 discipulum
1286 3235 1354 3290 ad
1393 3250 1558 3290 unum
1589 3236 1656 3290 de
1687 3234 1785 3288 ab-

208 3336 429 3400 batibus,
457 3333 554 3404 qui
580 3346 701 3387 cum
731 3330 879 3384 illum
906 3329 960 3382 in
992 3327 1326 3383 monasterio
1349 3341 1456 3381 non
1481 3326 1799 3395 reperisset,

199 3436 255 3480 et
277 3434 492 3497 propter
514 3425 635 3495 ejus
647 3436 854 3476 moram
866 3423 933 3476 ad
951 3419 1268 3490 magistrum
1285 3418 1578 3488 remigrare
1592 3416 1796 3482 volens,

206 3521 382 3574 ducem
413 3518 516 3572 via:
543 3514 783 3584 accepit;
827 3513 923 3569 sed
958 3513 1044 3567 ubi
1073 3509 1315 3574 nonnihil
1336 3523 1648 3579 processum
1691 3519 1795 3573 est,

208 3613 303 3666 dux
334 3611 440 3666 via:
465 3625 535 3666 ex
550 3608 724 3664 oculis
759 3614 980 3677 propter
997 3605 1220 3659 nimium
1260 3604 1552 3658 obscurum
1597 3601 1795 3656 cadum

198 3702 448 3768 evanuit;
480 3702 601 3772 ipse
629 3700 759 3755 vero
791 3699 1010 3768 ignarus
1039 3697 1162 3759 vim,
1192 3695 1258 3748 ad
1281 3693 1551 3763 quoddam
1589 3693 1794 3747 bivium

202 3792 538 3861 perveniens,
575 3799 755 3845 utram
808 3796 1020 3844 teneret
1072 3786 1385 3857 ambigens,
1437 3785 1675 3854 denique
1738 3786 1794 3840 iu

207 3899 355 3954 quam
388 3885 565 3954 magis
609 3883 792 3938 tritam
817 3881 1048 3952 judicat,
1090 3879 1395 3948 jumentum
1456 3879 1686 3950 dirigit,
1740 3887 1795 3934 et

205 3989 366 4044 equus
411 3974 648 4029 alteram
691 3982 878 4028 tenere
924 3971 1128 4026 diutius
1169 3983 1383 4039 semper
1429 3969 1600 4024 voluit
1651 3969 1792 4025 resi-

207 4074 372 4121 stens:
413 4065 503 4120 cui
553 4080 677 4120 cum
719 4064 935 4119 tandem
997 4063 1175 4118 victus
1222 4062 1459 4118 laxasset
1514 4063 1787 4128 habenas,

207 4173 318 4212 mox
365 4157 685 4215 albescente
747 4156 888 4212 caelo
934 4155 1154 4210 brutum
1193 4154 1396 4209 animal
1454 4154 1638 4211 divino
1701 4155 1786 4209 in-

205 4253 394 4308 stinctu
449 4252 652 4307 bonam
704 4249 850 4305 viam
897 4249 1134 4304 tenuisse
1184 4247 1482 4318 cognovit:
1531 4256 1588 4302 et
1635 4259 1785 4304 recta

206 4345 265 4398 ad
318 4344 643 4415 magistrum
693 4340 927 4408 delatus,
979 4339 1092 4396 Deo
1138 4347 1194 4394 et
1229 4339 1390 4395 beato
1437 4338 1556 4395 viro
1579 4340 1785 4411 gratias

207 4433 407 4505 agebat.

265 4525 380 4583 Alio
416 4526 586 4582 etiam
619 4534 862 4596 tempore
897 4524 1186 4580 destinavit
1215 4524 1464 4580 nuntium
1487 4525 1554 4580 ad
1585 4540 1776 4596 quem-

207 4620 314 4674 dam
351 4622 690 4692 episcopum,
737 4617 892 4686 cujus
917 4633 1089 4688 equus
1139 4617 1194 4672 in
1263 4618 1493 4673 transitu
1521 4617 1783 4687 ﬂuminis,

205 4727 313 4765 cum
328 4713 378 4767 in
396 4711 530 4769 limo
551 4712 658 4766 alte
674 4712 871 4768 inﬁxus
885 4727 990 4767 non
1016 4712 1169 4767 exire
1188 4725 1334 4780 poss‘
1352 4721 1402 4778 t;
1428 4711 1516 4766 ille
1533 4723 1782 4769 sanctum

205 4802 366 4857 virum
399 4803 702 4869 invocavit,
732 4812 786 4858 et
815 4817 988 4873 equus
1027 4801 1170 4858 illico
1198 4817 1264 4856 ex
1306 4801 1417 4858 luto
1456 4817 1515 4858 sc
1546 4803 1787 4859 extrica-

207 4893 288 4944 vit.
325 4892 660 4950 Perveniens
685 4907 812 4950 vero
840 4893 908 4949 ad
932 4893 1274 4964 episcopum,
1309 4894 1535 4949 absente
1571 4895 1784 4964 episco-

207 4999 278 5054 po.
295 4986 558 5056 patruelis
583 4986 818 5057 cpi-copi
866 4986 1012 5042 hunc
1034 4983 1492 5057 benignequidem
1507 4989 1779 5058 suscepit;

209 5077 290 5129 sed
316 5078 490 5133 solum
542 5078 597 5134 in
627 5077 818 5149 grandi
847 5077 1101 5135 cubiculo
1144 5077 1293 5133 illum
1330 5090 1494 5135 noctu
1538 5079 1778 5152 reliquit.

216 5162 442 5222 timebat
484 5168 719 5224 nuntius
747 5183 779 5223 a
808 5168 1007 5226 timore
1033 5177 1320 5234 nocturno,
1366 5184 1468 5226 nec
1492 5181 1783 5242 propterea

209 5271 438 5314 somnum
475 5274 720 5329 unquam
757 5273 952 5330 capere
978 5258 1166 5314 valuit.
1203 5259 1342 5316 Ecce
1371 5269 1553 5316 autem
1589 5261 1648 5316 Β.
1681 5262 1783 5318 Pe-

211 5355 312 5403 trus
345 5350 411 5405 ad
458 5351 730 5422 hospitem
782 5366 1046 5422 apparens
1073 5349 1142 5407 de
1185 5352 1362 5408 media
1408 5361 1600 5420 nocte,
1654 5369 1782 5411 eum

211 5438 392 5493 acriter
443 5441 697 5512 increpat
727 5459 741 5494 :
775 5441 866 5511 qui
904 5455 1063 5496 mane
1088 5440 1154 5496 ad
1185 5455 1310 5496 eum
1336 5441 1636 5514 ingressus,
1667 5445 1780 5500 sci-

211 5528 491 5584 scitabatur
514 5531 587 5586 ab
634 5530 726 5586 illo
771 5531 1027 5602 quidnam
1058 5531 1396 5601 negligenter
1441 5531 1778 5604 deliquisset,

210 5619 334 5684 quod
362 5619 422 5674 Β.
456 5621 654 5676 Petrus
679 5623 747 5676 ad
771 5635 893 5676 cum
920 5623 1304 5692 increpandum
1327 5632 1485 5678 nocte
1511 5625 1781 5680 venisset?

210 5715 646 5786 occasionemque.
709 5716 958 5770 laudandi
1029 5715 1194 5771 Deum
1243 5716 1512 5772 universa:
1563 5717 1782 5774 familia:

212 5803 434 5866 limi-uit.

1896 1979 2036 2023 tiam
2051 1970 2350 2041 accipiens,
2373 1985 2471 2040 per
2491 1971 2749 2025 annulum
2764 1987 2946 2039 suum,
2968 1981 3020 2028 et
3035 1974 3268 2044 virgam,
3294 1973 3514 2030 Ostien-

1895 2078 2009 2117 sem
2031 2061 2104 2117 illi
2121 2062 2398 2132 copulavit
2412 2063 2735 2133 Ecclesiam,
2755 2066 3010 2136 sacrique
3025 2066 3238 2138 collegii
3263 2067 3517 2123 cardina-

1896 2154 2025 2208 l'tum
2057 2155 2327 2210 decanum
2367 2154 2520 2222 fecit,
2550 2171 2701 2212 anno
2741 2156 3033 2213 millesimo
3063 2159 3518 2230 quinquagesimo

1893 2259 2107 2313 octavo,
2164 2248 2321 2304 initio
2373 2248 2838 2320 Quadragesinue,
2898 2267 3084 2308 mense
3140 2252 3360 2318 Martio,
3390 2255 3516 2306 sali-

1895 2341 2024 2396 bato
2059 2352 2295 2410 quatuor
2324 2351 2651 2412 temporum.
2677 2341 2913 2399 Coactus
2952 2344 3120 2415 igitur
3143 2347 3515 2415 episcOpatuiu

1899 2435 2092 2502 tcnttit,
2115 2436 2401 2506 bonusque
2423 2448 2635 2506 pastor,
2653 2438 2916 2508 quidquid
2934 2447 3297 2509 proventuum
3321 2455 3517 2510 supcr-

1895 2535 2035 2591 erat,
2066 2526 2120 2580 in
2149 2541 2454 2596 pauperum
2487 2526 2691 2582 Christi
2725 2531 3075 2584 commodum
3102 2531 3297 2584 cedere
3343 2529 3517 2599 potis-

1897 2617 2096 2671 simum
2134 2617 2387 2672 studebat
2416 2631 2432 2671 :
2470 2617 2756 2674 duodecim
2779 2619 3025 2690 quotidie
3064 2620 3232 2691 pedes
3268 2620 3511 2685 abluere.

1897 2709 2116 2780 epulum
2152 2718 2418 2780 praeterea
2448 2710 2710 2782 prmbeus
2732 2711 3206 2784 ;pupillorumque
3229 2729 3295 2769 ac
3321 2715 3512 2770 vidua-

1898 2819 2018 2856 rum
2035 2802 2398 2872 patrocinium
2414 2802 2606 2860 sedulo
2618 2819 2883 2860 exercens
2902 2805 3027 2876 :‘qni
3044 2822 3168 2860 cum
3184 2807 3516 2878 pauperibus

1898 2895 2262 2962 ministraret,
2293 2895 2347 2950 in
2374 2894 2665 2966 pelvicula,
2691 2911 2795 2967 qua
2825 2897 2995 2968 pedes
3018 2913 3210 2952 eorum
3238 2897 3514 2963 abluebat,

1898 3003 2040 3057 smpe
2088 3003 2303 3044 summa
2353 2987 2618 3043 aviditate
2663 2989 2954 3044 comedere
2991 2988 3300 3056 consuevit,
3348 2982 3516 3058 super

1898 3089 2108 3136 cratem
2131 3081 2332 3136 nudam
2358 3081 2534 3138 somni
2560 3081 2801 3151 quietem
2828 3080 3073 3152 capiens.

1815 3216 1861 3279 ο
1971 3193 2237 3251 Defuncto
2287 3194 2567 3265 Stephano
2613 3194 2870 3265 pontifice
2916 3194 3228 3262 Florentitc,
3267 3195 3516 3252 interfuit

1905 3286 2099 3344 Petrus
2126 3287 2378 3344 electioni
2403 3286 2684 3343 Benedicti
2717 3287 2914 3343 decimi
2942 3288 3313 3344 successoris:
3349 3304 3510 3360 quem

1904 3395 2030 3434 cum
2083 3379 2265 3435 studio
2311 3389 2369 3433 et
2396 3393 2528 3434 cura
2560 3379 2825 3434 comitum
2857 3377 3316 3445 Tusculanorum,
3347 3396 3512 3451 pecn-

1901 3472 2117 3526 niarum
2170 3472 2484 3544 largitione,
2539 3481 2594 3527 et
2647 3486 2746 3542 per
2800 3472 2909 3526 vim
2957 3472 3154 3543 reliqui
3203 3475 3514 3531 cardinales

1901 3564 2131 3620 adorare
2174 3574 2522 3636 cogerentur,
2559 3565 2881 3620 reclamavit
2917 3563 3137 3622 fortiter
3178 3566 3394 3632 Petrus,
3453 3579 3512 3623 ut

1899 3657 2128 3710 comites
2155 3656 2301 3724 ipsos
2329 3656 2398 3710 ab
2426 3654 2666 3711 infandis
2697 3657 2923 3713 ausibus
2950 3668 3277 3725 renumeret,
3300 3659 3510 3716 effecit-

1898 3760 2006 3814 que
2034 3755 2094 3798 ttt
2139 3744 2395 3800 Nicolaus
2432 3746 2707 3800 secundus
2747 3745 2904 3816 juxta
2947 3749 3298 3816 electionem,
3346 3753 3510 3824 pulo

1898 3845 2037 3906 post,
2073 3835 2354 3908 Stephano
2377 3837 2448 3892 sit
2469 3837 2800 3909 subrogatus
2825 3855 2886 3893 ιιι
2916 3839 3056 3895 Non.
3107 3841 3229 3897 Jan.
3263 3845 3420 3901 1059.

1967 3951 2086 4006 Jam
2141 3966 2272 4008 vero
2307 3952 2520 4018 videns,
2558 3954 2832 4023 quomodo
2883 3957 3043 4012 sedes
3092 3955 3240 4012 Petri
3290 3975 3320 4014 a
3355 3959 3508 4016 laicis

1895 4042 2208 4110 potentibus
2233 4043 2369 4097 viris
2409 4045 2491 4098 sic
2527 4045 2974 4114 opprimeretur:
3008 4063 3073 4102 ex
3122 4047 3230 4102 alio
3273 4065 3400 4105 vero
3431 4051 3506 4104 la-

1897 4143 2035 4197 tere,
2063 4133 2339 4202 quomodo
2365 4133 2570 4187 sacrati
2602 4134 2702 4188 viri
2729 4135 2977 4190 omnium
3001 4137 3286 4192 libidinum
3318 4143 3504 4211 generi

1894 4223 2261 4295 indulgerent,
2318 4232 2376 4279 et
2417 4223 2683 4295 plurimos
2733 4240 2967 4282 uxorum
3015 4228 3135 4283 loco
3185 4232 3505 4289 meretrices

1892 4317 2189 4384 haberent,
2221 4332 2324 4374 nec
2355 4331 2588 4375 cernens
2631 4321 2905 4390 quomodo
2932 4335 3028 4378 eus
3058 4323 3351 4394 quisquam
3382 4342 3506 4381 cor-

1891 4408 2070 4478 rigere
2091 4416 2305 4477 posset;
2341 4416 2471 4464 tunc
2501 4423 2729 4478 perosus
2761 4409 2931 4466 curia:
2955 4427 3155 4478 mores,
3179 4416 3352 4469 satius
3381 4429 3503 4472 esse

1889 4498 2045 4553 duxit
2079 4507 2135 4552 at
2155 4497 2410 4554 dilectam
2441 4499 2790 4556 solitudinem
2817 4501 3018 4570 redire,
3058 4503 3150 4558 ubi
3177 4505 3280 4560 sibi
3312 4506 3505 4564 liceret

1811 4583 1862 4644 D
1890 4590 2064 4646 solita:
2109 4589 2559 4661 contemplationi
2610 4591 2782 4648 libere
2825 4593 3126 4661 deservire,
3185 4604 3352 4666 atque
3396 4599 3504 4654 lla-

1892 4683 2064 4739 cbelis
2092 4683 2363 4738 venustati
2394 4682 2519 4755 Lya:
2542 4683 2933 4740 fecunditatem
2958 4701 3302 4758 comparare,
3332 4698 3499 4761 quani

1893 4774 1948 4829 iu
1979 4773 2296 4829 tumultibus
2317 4776 2500 4830 saeculi
2522 4775 2751 4832 ulterius
2774 4792 3016 4843 manere,
3039 4787 3093 4833 et
3113 4779 3251 4846 galea
3268 4796 3301 4834 ο
3340 4796 3503 4838 sacri

1881 4875 1947 4922 .et
1973 4865 2290 4936 episcopatu
2326 4875 2520 4936 sponte
2551 4882 2610 4922 se
2655 4869 2952 4923 abdicavit.
3000 4868 3100 4924 llic
3145 4881 3296 4941 patet
3326 4887 3494 4942 quam

1892 4967 2080 5029 aperte
2124 4958 2465 5028 decipiantur
2502 4959 2554 5016 lii
2587 4959 2678 5030 qui
2705 4958 2767 5015 Β.
2798 4960 3024 5016 Petrum
3056 4962 3381 5020 Damianum
3431 4980 3500 5022 ex
3563 4967 3567 4972 “

1892 5049 2170 5106 cardinale
2195 5051 2480 5107 eremitam
2532 5051 2737 5106 factum
2780 5067 2904 5108 esse
2933 5053 3343 5120 existimarunt,
3371 5072 3498 5112 cum

1888 5142 2120 5213 ipsemet
2157 5159 2285 5199 cum
2310 5144 2425 5199 suis
2469 5143 2771 5215 discipulis,
2805 5154 2862 5201 et
2918 5145 3145 5214 Dantes,
3201 5156 3260 5202 ut
3298 5164 3492 5220 supra,

1887 5234 2119 5303 (Parad.
2158 5244 2303 5288 cant.
2335 5235 2429 5304 21)
2475 5250 2694 5291 omnem
2727 5235 3123 5292 dubitationem
3149 5239 3498 5309 apertissime

1883 5327 1952 5382 de
1981 5327 2162 5383 medio
2208 5328 2420 5384 tollant.
2474 5327 2584 5384 Sed
2624 5326 2878 5384 Nicolaus
2907 5329 3154 5398 pontifex
3180 5324 3498 5404 ejus'repu-

1884 5419 2180 5475 diationem
2205 5420 2493 5476 admittere
2523 5419 2735 5486 nolens,
2764 5421 2915 5477 illuni
2951 5427 3016 5476 at
3048 5423 3333 5492 dignitatis
3367 5426 3497 5481 insi-

1884 5512 2010 5584 gnia
2034 5513 2418 5568 reassumenda
2462 5513 2591 5568 dum
2633 5523 2874 5585 cogeret,
2917 5529 3015 5570 nec
3044 5515 3191 5570 illtun
3261 5531 3497 5575 exorare

1885 5618 2044 5673 posse
2083 5611 2355 5666 cerneret,
2387 5604 2623 5658 assensit
2673 5605 2891 5659 tandem
2932 5603 3102 5674 ipsius
3132 5621 3496 5675 persevera"-

1886 5695 2502 5762 tim;sedcentenariam
2526 5711 2744 5766 poenam
2773 5695 2845 5748 illi
2881 5699 3198 5765 proposuit;
3231 5699 3495 5758 nium-um

1889 5795 1946 5840 ιιι
1969 5795 2298 5856 pcrccutum
2321 5801 2494 5840 annos
2524 5787 2792 5858 psalmum
2815 5787 3352 5860 quinquagesimum,
3371 5810 3497 5851 γον-
