4040 6384
652 403 754 459 165

1510 391 1569 447 S.
1606 388 1881 444 PETRUS
1920 381 2269 441 DAMIANUS
2300 380 2357 434 S.
2397 377 2463 431 ll.
2488 375 2552 429 Ε.
2588 366 3020 428 CARDINALIS.

3773 358 3880 412 liii

651 516 870 573 beribus
920 508 1213 581 adiunctis.
1265 505 1517 559 recitaret
1564 497 1819 568 quotidie.
1866 494 2019 561 Quod
2073 493 2201 547 fecit
2231 499 2274 553 Α
2302 487 2479 581 legato
2511 480 2887 581 fuerat."'l‘.unc
2904 478 3000 581 'B.‘
3030 475 3320 581 Petrusqin
3371 481 3517 581 tanta
3568 468 3886 581 calamitate

653 609 773 678 pius
811 616 1052 658 sumnms
1098 612 1282 668 pastor
1318 605 1377 649 ut
1420 608 1479 647 re
1530 591 1784 651 maxima,
1824 595 1880 642 et
1917 585 2070 655 quasi
2109 584 2211 638 im-

653 674 891 765 possibili
929 689 1221 760 proposita,
1246 694 1297 740 et
1326 684 1519 738 Petrus
1551 678 1901 750 pertinaciam
1943 674 2212 740 relinque-

654 796 761 849 ret,
799 793 854 838 et
904 780 1190 851 pontiliciaa
1244 773 1511 844 maiestati
1566 772 1801 827 debitam
1852 766 2211 822 reverentiam

652 873 947 929 exhiberet.
988 868 1093 924 Sed
1147 867 1338 922 Petrus
1394 864 1574 917 alacer
1619 857 1990 928 prenitentiam
2040 854 2213 908 susci-

651 965 836 1033 piens,
875 976 994 1014 eam
1046 956 1292 1012 mirabile
1340 952 1515 1013 dictu,
1564 947 1692 1002 anni
1732 945 1905 1014 spatio
1940 941 2210 1005 exhausit,

651 1031 1001 1119 exaravitque
1031 1050 1095 1101 ad
1132 1044 1436 1116 poutiticem
1470 1036 1899 1109 elegantissimas
1935 1031 2211 1101 epistolas,

653 1140 972 1196 humilitatis
1019 1152 1082 1191 ac
1136 1132 1441 1189 sanctitatis
1487 1130 1704 1199 plenas,
1763 1126 1958 1196 quibus
2019 1138 2077 1177 se
2136 1121 2210 1175 illi

650 1228 860 1298 egregie
919 1226 1163 1294 purgare
1208 1218 1444 1279 studuit,
1492 1217 1733 1269 virorum
1791 1219 2098 1266 sanctorum
2160 1208 2211 1261 id

653 1316 896 1385 exemplo
944 1313 1136 1368 fecisse
1183 1321 1632 1365 commemorans.
1673 1303 1818 1356 Inter
1861 1316 1923 1355 ea
1962 1300 2075 1354 hzcc
2120 1298 2213 1375 ha-

654 1406 845 1459 bentur
892 1405 1053 1457 verba
1097 1418 1109 1453 :
1148 1400 1446 1459 Postremo,
1486 1404 1543 1447 ut
1596 1392 1809 1446 omissis
1864 1389 2105 1452 caeteris,
2147 1386 2213 1440 ad

652 1498 1004 1551 domesticum
1076 1504 1417 1547 recurramus
1486 1483 1829 1551 exemplum.
1896 1479 2215 1533 Lambertus

653 1586 966 1641 veneranda:
1018 1582 1310 1643 memoriae,
1347 1577 1437 1646 qui
1478 1584 1601 1629 ante
1639 1587 1736 1626 nos
1765 1570 2047 1623 Florentia:
2081 1566 2217 1635 pra:-

653 1677 735 1733 :ul
773 1674 1021 1729 Ecclesiae
1054 1672 1241 1726 tertius
1281 1669 1411 1730 fuit,
1450 1674 1632 1733 spreto
1679 1661 2011 1729 principatus
2038 1655 2215 1711 ollicio

655 1767 961 1821 monasticae
986 1779 1043 1818 se
1076 1760 1367 1829 disciplina:
1401 1756 1646 1825 subjecit.
1696 1750 1824 1817 Qua:
1857 1749 2042 1809 verba,
2070 1746 2211 1814 quod

652 1861 843 1913 Petrus
880 1857 1165 1909 Damianus
1202 1854 1483 1921 episcopus
1512 1844 1854 1901 Florentinus
1892 1839 2075 1900 fuerit,
2116 1837 2211 1889 ali-

652 1948 845 2019 quibus
875 1946 1154 2001 materiam
1184 1940 1451 2013 cogitandi
1480 1938 1822 2007 prtebueruut
1850 1950 1862 1985 :
1892 1946 1984 1986 seu
2009 1929 2211 1983 Faven-

655 2018 817 2099 tinus,
844 2035 1111 2104 corruptis
1150 2033 1336 2101 primis
1366 2027 1607 2099 syllabis.
1638 2023 1789 2090 Quod
1818 2028 2103 2077 certenon
2142 2018 2214 2069 ita

654 2137 755 2181 est.
820 2126 951 2179 Cum
1017 2123 1157 2176 enim
1208 2120 1526 2174 Lambertus
1583 2112 1841 2167 tenuisset
1902 2106 2214 2162 cathedram

658 2216 905 2271 Ecclesia:
944 2212 1262 2267 Florentime
1308 2222 1448 2261 anno
1492 2204 1627 2259 1026
1667 2203 1732 2255 ad
1781 2200 1934 2262 1057,
1969 2197 2052 2251 cui
2094 2211 2215 2251 suc-

655 2308 819 2365 cessit
845 2306 989 2367 Atto,
1017 2313 1070 2358 et
1100 2303 1148 2355 ei
1177 2299 1466 2362 Gerardus,
1496 2296 1586 2366 qui
1631 2303 1816 2363 postea
1842 2292 1907 2345 ad
1935 2288 2215 2360 pontiﬁca-

659 2408 743 2452 tus
787 2396 993 2464 apicem
1040 2400 1281 2455 evcetus,
1326 2390 1438 2458 ipse
1482 2385 1735 2439 Nicolaus
1766 2380 2044 2436 Secundus
2078 2392 2215 2446 papa

656 2485 888 2546 exstitit;
944 2480 1439 2534 manifestissimum
1489 2483 1574 2529 est
1623 2485 1862 2525 errorem
1914 2469 2109 2522 cadere
2161 2466 2215 2518 in

658 2575 840 2635 verbo,
884 2588 997 2633 nos,
1029 2569 1165 2637 quod
1206 2585 1290 2621 vos
1334 2566 1561 2620 fortasse
1598 2563 1779 2617 dicere
1825 2560 2001 2614 debet.
2040 2557 2218 2610 Voluit

656 2663 850 2730 quippe
899 2659 1092 2711 Petrus
1151 2670 1365 2709 causam
1423 2668 1574 2706 suam
1636 2650 1953 2711 defendere,
2003 2656 2219 2713 sumpto

654 2757 967 2818 argumento
1017 2746 1083 2797 ab
1127 2755 1467 2797 anteeessore
1506 2739 1673 2809 ipsius
1708 2735 2001 2805 pontiﬁcis,
2033 2742 2218 2801 utpote

656 2836 1034 2905 propiuquiorc
1064 2850 1077 2884 :
1109 2848 1206 2885 nec
1231 2839 1463 2892 constat,
1493 2827 1635 2896 quod
1671 2824 1943 2879 Florentia
1984 2822 2215 2889 aliquem

657 2943 720 2981 ea
764 2932 1080 2994 tempestate
1113 2921 1329 2975 Petrum
1380 2918 1631 2973 habuerit
1674 2923 1796 2968 ante
1834 2928 2030 2965 annum
2064 2910 2214 2971 lOtil,

657 3032 761 3085 quo
792 3026 1029 3082 tempore
1065 3013 1176 3081 ipse
1207 3009 1456 3064 Nicolaus
1483 3008 1767 3062 defunctus
1802 3002 1915 3070 jam
1958 3004 2065 3055 vita
2100 3000 2215 3054 fue-

657 3116 769 3167 rat;
800 3105 901 3159 nisi
942 3103 1081 3157 forte
1123 3103 1181 3155 S.
1211 3101 1402 3155 Petrus
1432 3098 1721 3152 Dantianus
1767 3103 1821 3149 et
1853 3092 2213 3147 Florentinam

657 3208 710 3253 et
738 3195 1038 3252 Ostiensem
1066 3192 1377 3247 cathedram
1413 3188 1571 3243 simul
1606 3186 1857 3249 obtinuit,
1890 3182 2029 3254 quod
2059 3182 2217 3237 nullis

660 3288 778 3340 aliis
809 3282 1127 3338 testimoniis
1157 3279 1556 3348 comprobatur.

729 3374 901 3427 Cessit
943 3372 1069 3425 item
1114 3365 1563 3423 administrationi
1602 3363 1825 3417 duorum
1860 3361 2082 3416 aliorum
2114 3374 2222 3415 ea:-

661 3463 938 3517 nobiorum
971 3459 1070 3513 sibi
1097 3458 1615 3517 commendaturum,
1649 3453 1789 3506 sicut
1815 3466 1878 3504 ex
1908 3466 1969 3503 ea
1999 3450 2219 3519 epistola

660 3553 742 3608 bis
769 3550 947 3605 verbis
973 3550 1115 3603 circa
1143 3546 1463 3617 principium
1497 3544 1723 3600 habetur
1752 3560 1763 3596 ε
1793 3541 2130 3610 Quapropter
2155 3542 2223 3596 ob

662 3642 1032 3695 remissionem
1085 3638 1320 3691 omnium
1372 3643 1715 3704 peccatorum
1778 3647 2057 3696 meorum,
2108 3647 2223 3700 qua:

662 3735 907 3802 nequiter
935 3731 1260 3801 perpetravi,
1284 3729 1417 3784 cedo
1442 3729 1563 3797 iure
1594 3726 1933 3796 episcopatus
1958 3740 2055 3793 per
2084 3725 2225 3779 hunc

661 3822 935 3883 annulutn,
968 3820 1171 3888 virgam
1209 3818 1351 3871 enim
1388 3816 1601 3880 tulistis,
1634 3815 1912 3885 desperata
1951 3815 2095 3869 omni
2143 3828 2218 3867 re-

662 3913 871 3981 petendi
909 3910 1147 3980 querela,
1184 3902 1428 3964 renuntio
1462 3924 1474 3960 :
1506 3914 1793 3975 utrumque
1835 3905 1995 3961 etiam
2042 3920 2224 3960 mona-

662 4002 881 4056 sterium
920 4000 1101 4054 reddo.

733 4091 836 4143 Sed
879 4088 1116 4159 pontifex
1149 4088 1437 4142 emendare
1475 4070 1659 4140 volens
1697 4084 1989 4141 Ecclesiam
2021 4086 2219 4141 Medio-

664 4180 955 4239 lanensem,
989 4193 1018 4230 a
1055 4175 1291 4231 Romana
1336 4178 1749 4245 discrepantem,
1794 4191 2000 4230 necnon
2046 4176 2221 4229 Simo-

665 4270 817 4325 uiaca
869 4266 1006 4330 labe,
1049 4275 1103 4320 et
1147 4264 1529 4320 Nieolaitarum
1581 4265 1769 4319 haeresi
1814 4265 2089 4329 infectam,
2129 4265 2226 4319 Pe-

663 4367 805 4411 trum
845 4368 1029 4409 rursus
1069 4368 1134 4406 ex
1175 4368 1356 4407 eremo
1392 4353 1711 4418 abducwm,
1760 4353 2114 4407 Mediolanum
2154 4355 2228 4409 le-

664 4456 843 4515 gatum
877 4445 939 4499 de
971 4444 1135 4497 latere
1166 4444 1338 4509 misit;
1370 4452 1429 4497 ut
1460 4444 1511 4497 in
1546 4454 1745 4499 rectam
1791 4445 2110 4499 sententiam
2151 4444 2222 4498 ibi

665 4550 875 4589 onmem
921 4534 1119 4585 clerum
1151 4548 1268 4585 cum
1299 4532 1491 4602 pupulo
1537 4541 1825 4587 revocaret.
1863 4532 1961 4598 Qui
2006 4533 2223 4587 obedire

666 4633 905 4684 coactus,
946 4620 1069 4673 illuc
1114 4621 1368 4688 perrexit,
1406 4620 1656 4674 Ansclmo
1695 4622 1943 4691 episcopo
1987 4621 2225 4678 Lucense

666 4712 869 4782 collega
916 4720 1207 4779 assmupto.
1249 4711 1322 4765 lbi
1363 4726 1483 4765 cum
1520 4726 1617 4780 pro
1654 4710 1910 4780 dignitate
1960 4724 2224 4781 receptus,

668 4817 886 4856 causam
917 4800 1200 4868 legationis
1234 4801 1604 4870 exposuisset,
1650 4814 1831 4855 rumor
1866 4802 1915 4855 in
1948 4802 2163 4856 civitate
2196 4820 2224 4857 a

669 4891 899 4946 factione
950 4890 1265 4944 clericorum
1319 4891 1581 4945 excitatus
1627 4899 1709 4945 est
1757 4909 1768 4944 :
1814 4891 2223 4945 Ambrosianam

670 4982 961 5039 Ecelesiam
1003 4980 1234 5049 antiquis
1272 4980 1492 5034 Patrum
1539 4982 1800 5035 institutis
1832 4982 2053 5037 liberam
2086 4998 2223 5048 esse,

669 5087 839 5141 neque
882 5070 1183 5138 pontificem
1225 5069 1522 5123 llontauunt
1559 5068 1647 5135 jus
1690 5071 1850 5123 ullum
1891 5071 1942 5124 iu
1984 5087 2045 5125 ea
2082 5074 2227 5125 ordi-

670 5162 842 5215 nanda
875 5161 1095 5223 habere,
1126 5175 1222 5213 nec
1254 5174 1423 5223 mora,
1456 5168 1807 5211 concurrente
1834 5159 2009 5227 populi
2049 5162 2226 5214 multi-

671 5253 854 5305 tudine
895 5252 958 5303 ad
998 5252 1301 5319 praetorium
1345 5250 1601 5318 episcopi,
1635 5264 1777 5301 mors
1814 5265 2001 5317 magno
2030 5250 2223 5318 impetu

672 5344 830 5397 l’ctro
882 5340 1051 5409 legato
1099 5341 1333 5409 undique
1376 5340 1692 5403 intentatur,
1735 5349 2056 5406 repenteqne
2101 5341 2225 5393 urbs

671 5447 1048 5500 eatnpanarum
1098 5431 1342 5498 strepitu,
1386 5437 1438 5483 et
1490 5428 1765 5481 turbarum
1813 5428 2063 5497 clangore
2114 5439 2222 5482 tota

671 5524 989 5593 completur.
1048 5524 1123 5575 At]
1175 5522 1287 5575 haec
1342 5519 1671 5589 ingeminant
1729 5534 1916 5583 voces,
1975 5519 2222 5588 iniuriam

674 5617 912 5671 Widouis
961 5615 1343 5683 archiepiscopi
1392 5612 1764 5666 vindicandam
1809 5628 1946 5674 esse,
1979 5615 2068 5682 qui
2101 5628 2223 5664 eou~

676 5708 889 5760 stitutus
920 5705 1086 5775 pridie
1128 5705 1190 5757 ad
1238 5705 1506 5757 sinistram
1560 5710 1610 5754 et
1652 5718 1753 5757 non
1786 5703 1849 5755 ad
1883 5704 2152 5756 dexteram
2195 5722 2221 5755 ει

2243 3153 2287 3213 C
2306 3190 2309 3193 .

2311 574 2653 634 constitutus,
2685 568 2866 622 divino
2902 565 3073 619 fretus
3108 563 3327 627 auxilio,
3360 558 3611 630 populum
3642 557 3712 611 ad
3746 566 3887 611 tent-

2310 664 2455 733 plum
2498 667 2777 721 convocat,
2809 665 2864 709 et
2908 656 2962 709 in
3000 653 3261 724 pulpitum
3306 650 3693 710 conscendens,
3733 645 3887 701 facto

2310 752 2544 813 silentio,
2578 746 2883 824 huiusmodi
2912 746 2965 800 in
2994 743 3161 800 totius
3184 740 3425 797 civitatis
3453 748 3720 795 conventu
3751 735 3888 791 fecit

2310 850 2472 898 verba
2496 838 2815 896 brevissima
2846 854 2860 891 :

2382 931 2631 1015 Nicolaus
2670 926 2909 998 pontifex
2954 924 3249 983 maximus.
3300 920 3497 976 fratres
3539 918 3886 980 cbarissimi,

2310 1024 2458 1081 misit
2501 1012 2585 1076 me
2614 1020 2679 1073 ad
2709 1034 2825 1081 vos,
2857 1033 2964 1072 non
3001 1026 3061 1070 ut
3103 1015 3354 1071 Ecclesia:
3387 1012 3647 1066 Romana:
3685 1012 3886 1066 honori

2312 1123 2473 1182 atque
2521 1106 2858 1178 amplitudini
2903 1105 3194 1164 servirem,
3238 1103 3331 1158 sed
3372 1111 3431 1155 ut
3467 1109 3662 1154 vestra:
3702 1099 3891 1170 gloria:

2311 1211 2471 1270 atque
2510 1198 2667 1253 saluti
2696 1194 3052 1251 consulerem.
3082 1192 3220 1257 Quid
3267 1191 3410 1244 enim
3443 1189 3647 1243 honore
3676 1188 3891 1242 tenuis-

2312 1292 2433 1345 simi
2479 1284 2711 1344 hominis
2753 1286 2991 1339 Romana
3037 1292 3155 1351 eget
3202 1280 3463 1344 Ecclesia,
3495 1294 3615 1348 quze
3662 1277 3887 1331 laudum

2308 1379 2575 1451 praeconia
2594 1393 2661 1431 ex
2678 1376 2842 1445 ipsius
2867 1389 2959 1429 ore
2984 1383 3065 1428 est
3086 1371 3384 1425 Salvatoris
3410 1368 3643 1437 adepta?
3667 1366 3886 1437 (Matth.

2311 1470 2446 1538 xvi.)
2486 1469 2615 1535 Qua:
2657 1478 2835 1521 autem
2865 1465 3137 1536 provincia
3183 1464 3240 1517 in
3279 1461 3438 1516 terris
3468 1460 3637 1514 libera
3668 1460 3738 1514 ab
3769 1460 3891 1529 eius

2312 1558 2515 1613 ditioue
2567 1555 2855 1626 reperitur,
2907 1553 3061 1623 cuius
3109 1553 3393 1607 arbitrium
3447 1552 3621 1621 ipsum
3671 1565 3889 1619 quoque

2311 1646 2506 1701 caelum
2552 1645 2789 1712 aperitur
2829 1652 2883 1697 et
2921 1642 3227 1697 clauditur?
3261 1641 3327 1695 Et
3365 1640 3606 1709 quidem,
3642 1640 3689 1694 si
3740 1649 3889 1692 recte

2312 1736 2673 1801 attenderitis,
2707 1735 2941 1803 reliquas
2970 1732 3241 1787 Ecclesias
3277 1732 3343 1786 ab
3379 1730 3697 1785 hominibus
3729 1730 3891 1783 insti-

2244 1818 2286 1875 B
2316 1835 2460 1880 tutas
2504 1840 2623 1879 esse
2667 1824 2972 1893 reperietis;
3004 1822 3297 1877 Ecclesium
3338 1836 3469 1875 vero
3506 1820 3814 1874 Romanam
3859 1836 3889 1873 a

2315 1916 2423 1970 Deo
2453 1918 2570 1984 ipso
2603 1929 2722 1968 esse
2762 1912 3036 1967 fundatam
3059 1952 3073 1974 ,
3117 1922 3277 1981 atque
3308 1911 3375 1965 ab
3404 1926 3466 1964 ea
3500 1919 3612 1963 tum
3650 1910 3891 1979 reliquas

2316 2007 2482 2070 alias,
2535 2015 2647 2057 tum
2696 2004 2929 2057 maxime
2976 2000 3426 2055 Mcdiolanenscm
3467 1999 3605 2053 hanc
3651 2008 3891 2053 vestram

2315 2108 2466 2152 ortus
2506 2096 2587 2150 sui
2623 2094 2937 2164 primordia,
2979 2100 3035 2145 et
3073 2092 3368 2159 disciplinae
3399 2091 3706 2144 rudimenta
3738 2105 3891 2143 sum-

2315 2189 2505 2256 psisse.
2538 2186 2677 2253 Quid
2731 2185 2875 2239 enim
2905 2182 3099 2237 Petrus
3127 2191 3181 2235 et
3209 2181 3426 2244 Paulus,
3457 2181 3548 2249 qui
3587 2179 3891 2233 Romanam

2313 2274 2611 2332 Ecclesiam
2650 2286 2746 2325 suo
2783 2270 3044 2337 sanguine
3088 2279 3497 2329 consecrarunt.
3533 2283 3714 2321 nonne
3756 2270 3895 2322 hanc

2317 2378 2526 2434 quoque
2550 2374 2645 2432 per
2669 2361 2961 2429 discipulos
2988 2374 3113 2413 suos
3141 2360 3527 2413 instituerunt?
3555 2358 3689 2412 Nam
3719 2358 3894 2412 Naza-

2320 2457 2431 2508 rius
2460 2469 2488 2507 a
2522 2455 2655 2509 Lino
2683 2452 2829 2505 Petri
2859 2449 3122 2519 discipulo
3165 2465 3320 2504 sacro
3356 2449 3501 2504 fomite
3530 2450 3771 2513 ablutus,
3806 2467 3893 2505 sa-

2319 2561 2467 2599 crum
2521 2543 2573 2596 in
2622 2544 2723 2596 hac
2768 2542 2901 2595 urbe
2942 2526 3263 2610 martyrium
3316 2548 3399 2593 est
3450 2554 3741 2608 perpessus
3791 2559 3804 2593 :
3845 2550 3897 2593 et

2319 2636 2609 2691 Gervasius
2648 2648 2711 2687 ac
2748 2633 3050 2697 Protasius,
3080 2647 3304 2701 quorum
3335 2642 3519 2686 sancta
3552 2633 3603 2685 in
3628 2634 3734 2687 hac
3766 2634 3899 2688 urbe

2318 2740 2543 2795 corpora
2575 2723 2843 2788 coluntur,
2876 2738 2979 2776 non
3010 2722 3171 2775 alium
3202 2738 3362 2790 quam
3393 2721 3619 2774 Paulum
3650 2722 3895 2776 habuere

2322 2818 2661 2885 magistrum.
2701 2816 2863 2868 Divus
2908 2815 3160 2883 denique,
3194 2828 3300 2881 quo
3334 2828 3430 2866 vos
3472 2822 3753 2882 tantopere
3785 2815 3899 2884 glo-

2322 2906 2563 2965 riamini.
2624 2904 2967 2965 Ambrosius,
3021 2918 3143 2957 cum
3206 2901 3592 2957 Nicolaitarunt
3644 2904 3898 2957 hatresitu

2319 2996 2745 3066 persequendam
2783 3009 3038 3049 coercere
3067 3010 3169 3047 non
3202 3003 3401 3062 posset,
3434 3009 3464 3046 a
3514 2993 3758 3047 [tertiana
3800 2994 3902 3049 Ec-

2320 3088 2479 3140 rlesia
2510 3087 2764 3139 auxilium
2797 3085 3128 3154 imploravit,
3161 3095 3319 3153 atque
3352 3094 3461 3138 tres
3494 3085 3593 3137 viri
3631 3085 3698 3139 ad
3736 3084 3901 3154 huius

2320 3178 2520 3231 erroris
2558 3176 2917 3245 expiationem
2958 3191 2985 3227 a
3025 3175 3231 3229 Siriaco
3271 3184 3395 3229 tunc
3435 3174 3687 3243 pontiﬁce
3719 3175 3896 3233 missi.

2321 3282 2557 3337 prmseus
2605 3267 2813 3321 civitati
2865 3266 3121 3319 auxilium
3168 3266 3481 3321 attulerunt.
3528 3266 3898 3332 Quamobrem

2319 3375 2439 3412 cum
2470 3368 2521 3412 et
2550 3358 2708 3427 primi
2743 3356 2929 3411 salutis
2961 3366 3153 3411 vestra:
3180 3369 3451 3419 auctores,
3482 3366 3536 3410 et
3565 3365 3685 3424 post
3714 3357 3904 3411 laben-

2322 3448 2391 3502 tis
2436 3447 2730 3516 discipliuae
2779 3450 3180 3509 emendatores.
3225 3447 3323 3501 sub
3367 3446 3608 3500 Ecclesia
3650 3445 3900 3500 Romana

2322 3538 2636 3608 prodierint,
2670 3539 2797 3607 quid
2829 3547 2912 3590 est
2941 3540 3081 3605 quod
3110 3538 3226 3606 eius
3264 3538 3495 3592 decretis
3522 3538 3903 3605 obtemperare

2324 3630 2697 3698 intempestiva
2756 3642 2895 3681 nunc
2949 3628 3285 3682 contumacia
3345 3628 3640 3680 recusatis?
3695 3626 3906 3692 Quibus

2322 3720 2501 3772 verbis
2532 3734 2653 3770 eum
2685 3726 2991 3786 protervum
3023 3716 3293 3787 populum,
3321 3716 3499 3770 divina
3539 3726 3733 3785 agente
3778 3735 3907 3786 gra-

2326 3807 2423 3869 tia,
2462 3804 2773 3867 inflexisset,
2810 3820 2929 3857 mox
2978 3806 3283 3874 irrumpunt
3322 3805 3373 3857 in
3422 3815 3687 3858 conventu
3722 3822 3901 3868 voces,

2323 3903 2375 3950 et
2404 3910 2498 3965 per
2527 3904 2693 3948 totam
2726 3894 2997 3947 civitatem
3035 3893 3363 3961 ingeminant
3392 3894 3610 3964 ubique,
3644 3893 3905 3947 Mediola-

2322 4000 2544 4039 neusem
2579 3983 2831 4054 populum
2874 3983 3161 4037 obnoxium
3211 3998 3330 4037 esse
3376 3984 3695 4037 obedientim
3746 3995 3906 4052 atque

2322 4078 2571 4147 potestati
2616 4086 2816 4130 sanctm
2870 4076 3014 4129 sedis
3061 4075 3386 4144 apostolicus,
3416 4084 3471 4129 et
3521 4084 3629 4127 tam
3672 4075 3907 4129 clericds

2323 4183 2483 4235 quam
2514 4168 2678 4219 laicos
2710 4168 2773 4217 ad
2800 4167 3175 4233 excipiendum
3210 4166 3460 4219 mandata
3493 4164 3654 4235 legati
3683 4177 3905 4233 aposzo-

2327 4258 2412 4311 lici
2442 4272 2559 4309 esse
2590 4265 2826 4324 paratos.
2854 4255 3017 4323 Igitur
3045 4256 3338 4322 quzestione
3370 4256 3692 4308 clericorum
3720 4270 3905 4308 curam

2326 4348 2501 4413 legato
2529 4349 2794 4411 discussa,
2824 4347 2909 4399 vix
2938 4348 3219 4414 quisquam
3249 4362 3387 4399 unus
3414 4356 3657 4415 repertus
3682 4356 3786 4411 est,
3820 4350 3908 4416 qui

2328 4437 2406 4489 vel
2456 4451 2560 4489 non
2603 4438 2821 4489 ordines
2862 4451 3043 4488 saeros
3072 4434 3312 4498 cntisset,
3348 4444 3440 4486 aut
3482 4434 3732 4490 muliebri
3782 4452 3913 4491 cou-

2328 4525 2594 4579 suetudini
2632 4533 2863 4577 vacaret.
2911 4524 3013 4577 Sed
3057 4524 3266 4591 legatus
3309 4524 3741 4577 misericordiam
3797 4542 3912 4577 am—

2330 4617 2591 4685 plexatus,
2617 4615 2861 4671 omnibus
2892 4631 2948 4667 se
2978 4614 3228 4667 daturum
3255 4615 3463 4667 veniam
3496 4614 3771 4682 pollicitus
3805 4627 3907 4674 est,

2328 4708 2371 4760 si
2412 4721 2469 4760 se
2494 4706 2840 4775 jurejurando
2879 4704 3277 4772 obstringerent
3308 4705 3375 4757 ab
3404 4703 3780 4770 huiuscemodi
3813 4705 3907 4757 lla-

2328 4798 2472 4867 gitiis
2501 4807 2909 4865 temperaturos.
2951 4795 3099 4860 Quod
3138 4810 3259 4847 cum
3299 4796 3503 4863 primus
3534 4796 3911 4863 archiepisw—

2328 4903 2427 4957 pus
2454 4887 2780 4940 solemnibus
2810 4885 3006 4945 verbis.
3032 4884 3226 4944 deinde
3250 4886 3429 4939 clerici
3458 4900 3646 4939 omnes
3672 4885 3910 4954 professi

2326 4978 2581 5039 fuisse.;t,
2633 4977 2866 5039 iniuncta
2916 4974 3113 5043 singuli
3160 4974 3381 5029 salutari
3422 4974 3770 5042 pceniteutia,
3814 4974 3903 5029 Pe-

2329 5078 2443 5121 trus
2470 5069 2674 5137 legatus
2703 5066 3001 5120 Mediolano
3032 5063 3301 5121 discessit.
3336 5062 3621 5127 leet'tttn,
3648 5080 3774 5118 cum
3824 5081 3909 5117 ar-

2326 5158 2699 5222 chiepiscopus
2729 5154 3067 5223 postmodum
3097 5152 3297 5207 aculeis
3349 5154 3651 5217 linguarum
3682 5169 3743 5207 ac
3774 5170 3907 5207 con-

2330 5249 2478 5300 vicLis
2506 5246 2819 5301 clericorum
2859 5244 3129 5306 seductus,
3178 5243 3243 5297 ad
3282 5244 3537 5295 vomitum
3588 5258 3711 5295 cum
3760 5243 3911 5296 clero

2331 5340 2601 5401 rediissct,
2640 5337 2701 5390 Β.
2734 5338 2924 5391 Petrus
2949 5345 3167 5402 potuero
3205 5348 3364 5397 anno,
3399 5334 3463 5386 ad
3493 5334 3780 5400 quosdam.
3814 5334 3907 5402 qui

2334 5435 2384 5486 in
2417 5431 2677 5484 sententia
2718 5427 3099 5496 persistebaut,
3132 5425 3269 5480 hanc
3314 5424 3531 5493 scripsit
3574 5424 3860 5492 epistolam
3893 5439 3905 5475 :

2329 5523 2540 5578 Gratias
2608 5522 2815 5587 agimus
2876 5518 3014 5579 Deo,
3064 5524 3209 5579 etc.,
3260 5525 3320 5568 ut
3387 5516 3615 5569 habetur
3677 5513 3772 5565 lib.
3838 5528 3905 5573 ν,

2327 5615 2483 5682 epist‘.
2522 5613 2609 5665 84.

2408 5706 2551 5753 \uuu
2580 5701 2645 5752 ab
2677 5701 3042 5751 itwarnatiottc
3076 5697 3283 5748 lloiniui
3325 5694 3492 5747 nostri
3534 5692 3659 5745 Jestt
3697 5693 3901 5745 Clitiin
