4040 6376
224 385 312 442 ιϐἲ

1024 367 1562 429 Ριιθιεςοιιιςκλ.
1606 398 1669 407 -
1713 366 1773 420 S.
1817 362 2019 419 PETRI
2066 366 2347 423 DAMIANI
2383 367 2562 423 VITA~
2589 365 2674 423 Ill.

3404 378 3508 433 Ιϐϐ

218 499 367 560 4068,
410 510 537 549 cum
570 498 807 561 gestaret
839 488 1190 557 tergeminam
1232 486 1406 539 sancti
1454 483 1602 537 Petri
1650 481 1788 537 thia-
1822 485 1868 541 Α
1899 494 2041 544 smn,
2070 489 2125 534 et
2154 482 2427 551 quomodo
2455 483 2534 537 sic
2560 498 2686 537 eum
2716 483 3013 548 amisisset,
3048 486 3366 542 recordatus
3400 502 3506 556 es',

222 606 323 643 ram
364 586 676 641 Alexander
720 580 1026 638 Secundus.
1054 577 1325 632 lit-nricus
1352 583 1579 645 quartus
1623 589 1799 629 ezesar

222 679 576 749 Moguntinum
632 672 942 743 episcopum
991 668 1057 722 ad
1111 666 1455 721 indicendum
1506 663 1796 721 concilium

216 773 582 837 episcoporum
613 763 856 834 urgebat,
888 760 1028 830 quod
1075 758 1191 828 ipse
1219 772 1343 812 eum
1374 756 1533 810 Berta
1564 763 1793 825 augusta

216 861 427 931 conjuge
473 855 761 910 divortium
800 851 981 907 facere
1024 848 1199 915 vellet,
1242 848 1660 916 libertatemque
1688 846 1795 901 Ec-

215 949 381 1005 clesia:
425 946 631 1000 acriter
679 943 1051 1014 opprimebat,
1114 940 1398 995 monachis
1455 938 1796 1009 potissimum

216 1037 457 1092 infestus.
488 1033 696 1100 Quibus
734 1030 946 1087 damnis
990 1028 1232 1100 pontifex
1272 1028 1561 1100 providere
1587 1026 1795 1094 volens,

214 1126 271 1181 Β.
302 1125 521 1179 Petrum
556 1124 795 1179 Damiaui
831 1121 1066 1192 legatum
1114 1121 1167 1175 in
1206 1120 1563 1177 Germaniam
1607 1118 1796 1185 mittit,

213 1236 315 1292 quo
357 1218 565 1272 delatus
612 1218 839 1278 Petrus.
891 1215 1126 1271 llenrico
1165 1212 1608 1269 Frankeofordize
1635 1252 1650 1277 ,
1704 1211 1794 1265 ubi

211 1319 504 1365 conventus
558 1310 871 1380 cogebatur,
919 1306 1176 1361 mandata
1228 1305 1500 1375 pontiﬁcis
1552 1304 1652 1359 sub
1704 1302 1790 1357 his

213 1400 470 1467 capitibus
501 1398 748 1467 exposuit
780 1396 1098 1468 intrepidus,
1120 1402 1178 1448 ut
1204 1395 1393 1451 scribit
1423 1393 1698 1464 Sigonius.

280 1488 406 1540 Item
453 1488 762 1556 pessimam.
806 1494 861 1540 et
894 1500 927 1540 a
967 1486 1188 1540 nomine
1217 1484 1552 1548 Christiano,
1596 1481 1793 1537 nedum

212 1580 371 1646 regio,
397 1578 627 1631 alienam
678 1592 819 1641 esse,
852 1592 1014 1645 quam
1065 1576 1155 1630 ille
1203 1576 1518 1641 moliretur;
1555 1575 1700 1645 quod
1746 1575 1791 1629 si

211 1669 451 1721 humanis
486 1684 550 1721 ac
587 1668 786 1721 divinis
811 1668 1017 1737 legibus
1048 1682 1153 1721 non
1185 1675 1505 1731 terreretur,
1540 1674 1596 1719 at
1636 1665 1793 1720 fama:

208 1769 256 1812 et
307 1758 724 1813 existimationis
773 1774 883 1813 suze
936 1759 1200 1813 rationem
1258 1756 1512 1822 haberet,
1556 1769 1627 1810 ne
1680 1764 1790 1809 tam

1897 574 2031 641 quia
2082 574 2332 642 pridiano
2374 590 2603 645 vespere
2650 573 2944 631 lassusrde
2990 578 3107 643 via,
3157 580 3403 635 membra
3458 583 3512 637 in

1903 664 2101 719 lectum
2133 665 2450 737 projicieus,
2473 667 2704 737 jacendo
2732 668 3104 737 compleverat
3137 670 3303 727 horas
3338 688 3512 727 cano-

1902 757 2077 824 nicas,
2112 767 2168 814 et
2214 759 2421 814 crimen
2460 759 2639 815 debita
2683 760 3006 830 pmniten'tia
3048 762 3232 817 delere
3278 765 3509 819 studuit.

1904 848 2191 919 Religiosis
2214 849 2427 905 cunctis
2454 858 2509 905 et
2540 850 2715 906 sacris
2738 850 2966 907 initiatis
2996 852 3305 923 exemplum
3338 854 3509 908 relin-

1900 954 2095 1009 quens,
2128 940 2402 1010 quomodo
2447 940 2693 1011 ciugulus
2738 942 2972 1011 quisque
3014 930 3195 997 verba.
3230 944 3511 1013 propheta:

1898 1044 2118 1099 semper
2146 1031 2217 1086 ob
2250 1030 2439 1086 oculos
2471 1031 2674 1087 habere
2703 1033 2904 1087 debet:
2938 1031 3141 1103 Septies
3183 1035 3239 1088 in
3276 1034 3362 1089 die
3390 1035 3510 1089 lau-

1899 1126 2017 1179 dem
2043 1126 2155 1180 dixi
2186 1126 2281 1179 tibi
2313 1123 2489 1197 (Pscl.
2520 1125 2745 1196 cxvnt);
2781 1135 2837 1181 et
2872 1135 3073 1195 quanta
3107 1128 3417 1183 reverentia
3448 1145 3512 1185 ac

1899 1216 2186 1272 devotione
2229 1219 2302 1274 sit
2352 1220 2725 1289 peragendum
2775 1218 2977 1287 ubique
3029 1219 3276 1273 divinum
3334 1236 3509 1290 opus,

1899 1316 2155 1362 monente
2178 1323 2280 1363 nos
2304 1308 2497 1364 eodem
2526 1309 2791 1378 propheta
2825 1326 2837 1362 :
2869 1306 3093 1363 Psallite
3116 1308 3249 1373 Deo,
3275 1310 3506 1371 mollite.

1894 1397 2106 1467 psallite
2132 1398 2398 1469 sapienter
2427 1396 2603 1469 (Psal.
2635 1398 2819 1470 xLVt);
2849 1410 2903 1453 et
2934 1398 3061 1454 alibi
3092 1416 3105 1453 :
3136 1398 3201 1453 1η
3228 1413 3510 1471 conspectu

1895 1490 2202 1560 angelorum
2227 1490 2455 1559 psallam
2481 1492 2574 1544 tibi
2597 1489 2771 1558 (l’sol.
2798 1498 3065 1560 cxxsvtt).

1968 1582 2246 1638 Reversus
2292 1582 2489 1638 Petrus
2536 1599 2565 1637 a
2612 1583 2884 1655 legatione
2921 1584 3249 1650 Germaniae,
3286 1586 3352 1639 ad
3390 1604 3509 1642 erc-

1897 1687 2045 1725 mutn
2097 1686 2252 1727 suam
2296 1672 2616 1728 Avellanam
2673 1675 2924 1729 concitus
2979 1674 3253 1739 redierat,
3310 1678 3505 1731 existi-

1898 1776 2057 1817 mans
2085 1769 2285 1832 optata:
2312 1762 2482 1832 quieti
2514 1778 2580 1817 ex
2614 1764 2783 1819 animi
2817 1766 3089 1820 sententia
3131 1765 3244 1855 jam
3290 1768 3504 1822 tandem

209 1862 341 1905 telro
390 1866 600 1906 veneno
661 1867 690 1903 a
756 1865 878 1921 rege
936 1859 1237 1920 temperato
1298 1857 1469 1904 totum
1529 1847 1788 1919 populum
1824 1854 1867 1914 Β
1896 1866 2055 1921 posse
2082 1852 2429 1919 incumbere;
2463 1854 2557 1907 sed
2588 1863 2931 1909 revocatusa
2959 1847 3225 1927 Gregorio
3272 1860 3508 1927 septimo

205 1946 565 1999 Christianum
606 1945 851 2000 inliceret
884 1962 896 1998 :
925 1953 980 2000 et
1020 1944 1113 2014 qui
1158 1943 1361 2012 flagitia
1401 1941 1586 1996 ulcisci
1627 1941 1790 1995 debe-

208 2047 300 2101 ret,
334 2038 399 2091 iis
424 2053 485 2092 se
518 2037 767 2107 princeps
791 2035 1177 2105 obstringeret.
1204 2033 1359 2099 Quod
1390 2033 1434 2088 si
1469 2048 1577 2086 non
1608 2030 1790 2085 ﬂecte-

207 2139 346 2183 retur
390 2128 655 2188 consiliis,
705 2142 801 2195 pro
849 2136 1000 2182 certo
1052 2124 1278 2179 haberet
1324 2122 1635 2193 pontiﬁcem
1676 2122 1787 2175 vim

204 2217 623 2271 ecclesiasticam
679 2214 1079 2278 adhibiturum;
1134 2228 1309 2283 neque
1361 2213 1477 2267 suis
1535 2212 1787 2265 manibus

204 2323 318 2360 eum
360 2306 657 2376 aliquando
700 2306 1082 2375 imperatorem
1130 2312 1496 2359 sacraturum.
1531 2302 1611 2356 Ad
1645 2304 1788 2357 hanc

202 2399 495 2453 orationem
523 2396 968 2465 cum‘priucipes,
992 2394 1084 2463 qui
1116 2395 1365 2458 aderant,
1389 2394 1788 2449 exclamasseut

203 2502 344 2554 aequa
400 2485 599 2554 jnhere
650 2483 954 2538 Romanum
1017 2483 1366 2553 pontiﬁcem,
1432 2484 1787 2551 dicerentque

206 2592 315 2630 eum
362 2577 647 2629 turbandas
691 2574 1000 2644 reipublica:
1042 2576 1388 2629 occasionem
1433 2590 1556 2634 cum
1595 2575 1785 2639 armis,

203 2670 515 2735 parentibus
547 2670 745 2738 regina:
782 2683 887 2721 non
931 2667 1173 2736 prtcbcre
1214 2667 1412 2722 debere
1489 2667 1788 2738 imperator

206 2761 352 2815 nullis
397 2762 520 2815 aliis
568 2760 866 2815 rationibus
907 2758 1086 2814 locum
1120 2760 1453 2828 relinquens,
1482 2774 1540 2815 se
1564 2760 1619 2813 in
1653 2775 1786 2830 pon-

206 2852 352 2905 titieis
380 2852 708 2906 auctoritate
735 2858 904 2903 totum
934 2850 1166 2903 remisit.

266 2944 319 2998 ln
350 2960 412 2999 ea
446 2945 720 3014 legatione
755 2940 947 2998 Petrus
992 2943 1045 2996 in
1092 2958 1257 3013 regno
1285 2942 1611 3013 Burgundio:
1649 2958 1781 2997 eon-

205 3039 452 3091 tiatorem
509 3035 731 3096 habuit.
790 3034 931 3088 sicut
989 3034 1102 3102 ipse
1154 3034 1208 3089 in
1269 3032 1549 3087 miraculis
1605 3043 1781 3095 nutat,

205 3127 521 3190 Adraldum,
583 3124 903 3195 prudentem
962 3132 1017 3177 et
1064 3123 1377 3194 religiosum
1427 3126 1633 3186 virum,
1690 3124 1780 3193 qui

204 3217 526 3271 Bremetensi
567 3214 952 3284 praeminebat
992 3215 1341 3278 monasterio,
1380 3214 1469 3282 qui
1512 3214 1564 3267 in
1594 3213 1786 3268 itinere
1816 3208 1860 3269 C

204 3309 297 3358 duo
342 3307 414 3361 illi
464 3306 649 3361 retulit
696 3305 975 3369 miracula,
1011 3319 1131 3374 qua:
1180 3304 1269 3359 hic
1314 3304 1514 3359 addere
1550 3306 1784 3360 otiosum

206 3418 298 3453 non
330 3402 455 3453 erit.

265 3492 507 3548 Clericus
562 3493 781 3563 quidam
836 3492 1059 3547 ﬂuvium
1116 3491 1411 3555 transiens,
1453 3489 1514 3544 Β.
1564 3489 1785 3545 Severi-

208 3602 320 3639 num
370 3586 691 3656 episcopum
741 3586 959 3640 obvium
1012 3583 1243 3637 habuit:
1276 3583 1362 3637 cui
1393 3598 1518 3638 cum
1566 3592 1787 3653 rogatus

205 3680 263 3730 ah
293 3679 380 3733 illo
411 3694 637 3733 manum
675 3679 927 3737 dedisset,
958 3691 1188 3746 eamque
1222 3676 1505 3744 episcopus
1534 3673 1787 3729 lluctilms

205 3771 579 3839 itnprcssisset,
614 3778 795 3824 tantus
831 3769 1089 3824 clericum
1126 3768 1293 3821 ardor
1340 3783 1565 3837 repente
1596 3768 1785 3821 absor-

204 3863 325 3925 lmit,
381 3870 443 3917 ut
504 3861 745 3931 undique
794 3874 987 3915 carnes
1036 3860 1205 3915 totius
1261 3875 1455 3916 manus
1507 3860 1785 3914 dissolutae

204 3954 521 4017 difﬂuerent,
566 3960 623 4007 et
659 3967 782 4007 ossa
825 3952 913 4005 vix
956 3950 1288 4005 haerentibus
1318 3950 1565 4005 articulis
1601 3966 1783 4005 rema-

205 4056 397 4100 ucrcnt.
431 4044 590 4099 Tunc
625 4059 736 4115 pr:e
760 4044 944 4098 dolore
978 4043 1304 4099 cxclamanti
1352 4044 1553 4099 clerico
1583 4062 1594 4097 :
1629 4043 1784 4099 Unde

204 4144 277 4197 tu,
325 4134 481 4203 cujus
532 4150 728 4190 nomen
778 4134 829 4187 in
878 4141 1026 4187 tanta
1081 4134 1464 4188 benedictione
1511 4142 1625 4197 est,
1673 4142 1781 4187 tam

204 4226 459 4291 pestilenti
489 4224 753 4294 voragine
788 4224 1212 4294 constringeris?
1248 4225 1528 4295 respondit
1571 4226 1781 4294 episco-

203 4330 331 4383 pus:
371 4316 485 4371 liae
534 4329 637 4385 ego
686 4314 897 4369 residua
948 4324 1158 4368 tantum
1211 4314 1418 4369 ultione
1467 4316 1674 4385 plector
1728 4316 1781 4369 in

204 4406 538 4477 purgatorio;
581 4406 706 4475 quia
748 4405 800 4461 in
839 4405 957 4459 aula
990 4405 1136 4476 regia
1168 4407 1401 4477 negotiis
1430 4405 1781 4460 smcularibus

204 4516 279 4553 me
317 4501 603 4571 implicare
654 4500 837 4565 volui,
886 4502 1254 4570 canonicaque
1299 4500 1471 4555 ofﬁcia
1520 4517 1626 4555 non
1683 4516 1780 4570 per

206 4591 444 4646 horarum
492 4592 713 4661 spatia,
765 4590 857 4646 sed
906 4601 1225 4646 coacervata
1273 4592 1609 4663 negligenter
1651 4608 1778 4661 per-

206 4684 340 4738 solvi.
376 4685 456 4739 Tu
502 4700 636 4739 vero
676 4684 767 4738 Dei
818 4684 1158 4738 clementiam
1201 4684 1483 4739 humiliter
1526 4684 1778 4754 implora,

208 4782 256 4825 ut
291 4790 504 4827 manmn
554 4783 701 4827 tuam
747 4774 986 4844 pristina:
1031 4772 1251 4828 sanitati
1309 4774 1581 4827 restituat.
1624 4772 1777 4838 Quod

208 4866 284 4920 ubi
314 4866 514 4923 factum
564 4874 671 4931 est,
704 4867 911 4936 rogavit
961 4880 1083 4919 eum
1124 4873 1180 4918 ut
1218 4878 1407 4934 preces
1438 4863 1547 4917 Deo
1588 4862 1777 4916 iniuide-

209 4967 295 5017 ret.
332 4969 384 5013 et
432 4959 705 5013 sacriﬁcia
756 4956 952 5011 offerre
1003 4972 1101 5027 pro
1154 4956 1242 5009 illo
1298 4956 1497 5010 fratres
1550 4953 1772 5017 faceret.

211 5046 669 5119 indigentibusque
707 5048 1004 5102 subsidium
1044 5046 1327 5111 conferre,
1363 5047 1559 5115 mnibus
1594 5048 1776 5117 proxi-

212 5157 284 5193 me
312 5158 365 5196 se
394 5140 725 5213 expiandum
757 5141 870 5196 fore
901 5157 927 5192 a
962 5140 1072 5194 Deo
1095 5140 1325 5209 gratiam
1357 5140 1702 5193 obtinuisset.

272 5230 449 5288 Frater
476 5234 613 5288 item
641 5232 822 5302 proba:
852 5233 1046 5286 mentis
1072 5240 1127 5285 et
1156 5240 1318 5285 recta:
1344 5231 1781 5286 conversationis

217 5323 427 5376 ctenobii
480 5322 859 5377 Cluniacettsis
908 5336 1002 5389 per
1061 5320 1271 5384 locum,
1322 5319 1411 5375 ubi
1468 5320 1567 5389 ipsi
1624 5331 1780 5374 erant

215 5416 647 5480 serntocinantes,
688 5414 792 5467 iter
839 5414 1061 5478 faciens,
1113 5412 1458 5483 peregrinum
1500 5412 1776 5473 crinitum,

217 5504 423 5570 palmam
469 5507 524 5560 in
572 5520 739 5559 manu
790 5503 1048 5558 ferentem
1097 5503 1314 5557 obvium
1360 5502 1647 5566 habuerat,
1687 5503 1780 5571 qui

219 5596 565 5662 pertransiens
610 5592 1326 5662 dicebat:Cottipletorium
1380 5592 1433 5646 in
1493 5591 1634 5646 lecto
1682 5608 1782 5646 nec

221 5686 343 5737 salus
368 5696 481 5749 est,
524 5700 629 5740 nec
668 5682 967 5753 profectus;
1012 5685 1305 5752 statimque
1346 5698 1412 5737 ex
1455 5680 1573 5750 ejus
1614 5682 1786 5736 oculis

222 5778 428 5833 evanuit.
465 5777 620 5833 Unde
662 5776 885 5830 miratus
925 5774 960 5827 lt
977 5786 1092 5828 ater
1131 5776 1484 5845 improvisum
1524 5792 1781 5844 congres-

1813 4544 1858 4603 Ι)

1894 1958 2054 2013 papa,
2083 1944 2176 2013 qui
2204 1958 2351 1999 anno
2380 1944 2520 1998 1075
2550 1946 2867 2001 cathedram
2898 1946 3044 2001 Petri
3074 1948 3341 2013 obtinuit,
3371 1951 3504 2003 mis-

1892 2048 1986 2087 sus
2015 2044 2102 2093 est
2131 2034 2337 2105 legatus
2366 2035 2434 2090 de
2463 2036 2633 2092 latere
2673 2052 2773 2105 per
2816 2045 2983 2091 totam
3024 2038 3261 2103 Italiam,
3283 2049 3345 2093 ut
3373 2056 3502 2109 prn-

1894 2126 2160 2198 mulgaret
2188 2127 2408 2182 decreta
2435 2126 2503 2182 de
2528 2127 2761 2183 dicendo
2783 2126 2972 2183 Ollieio
3003 2129 3062 2183 Β.
3105 2129 3289 2185 Mariae
3322 2131 3500 2202 Virgi-

1892 2220 2011 2283 nis,
2059 2220 2203 2291 quod
2254 2220 2455 2291 ubique
2500 2221 2768 2277 siluerat:
2802 2222 2963 2278 simul
2999 2222 3270 2293 jejunium
3325 2237 3497 2282 sexta

1893 2312 2042 2366 feria:
2098 2314 2151 2367 in
2202 2312 2466 2368 honorem
2520 2325 2725 2370 sancta:
2774 2316 2955 2371 crucis
3004 2318 3301 2383 indiceret,
3356 2321 3502 2389 quod

1889 2402 2263 2457 oblitteratum
2312 2418 2438 2457 esse
2485 2403 2790 2459 videbatur.
2842 2405 2996 2472 Quod
3058 2422 3258 2461 munus
3304 2406 3501 2463 Petrus

1890 2492 2277 2549 ardentissima
2303 2494 2578 2549 charitate
2607 2495 2801 2561 obivit,
2833 2496 3019 2551 multis
3048 2513 3113 2550 ac
3151 2498 3335 2554 multis
3365 2498 3503 2554 dim-

1890 2585 2207 2651 cultatibus,
2238 2584 2353 2642 Deo
2377 2586 2626 2655 juvante,
2658 2590 2951 2659 superatis.

1960 2676 2134 2732 Porro
2180 2678 2248 2733 de
2286 2676 2495 2749 jejunio
2526 2678 2707 2733 crucis
2745 2695 2854 2733 non
2897 2688 2982 2734 est
3017 2680 3238 2736 silentio
3268 2692 3497 2751 przeter-

1888 2766 2161 2830 cumtum,
2200 2782 2322 2836 qua!
2360 2768 2427 2821 ad
2470 2782 2718 2822 eremum
2760 2766 3079 2822 Avellanam
3126 2772 3495 2841 contigerunt.

1888 2857 2212 2927 Egrotabat
2244 2857 2317 2912 ibi
2343 2858 2448 2914 loci
2490 2860 2543 2913 in
2586 2859 2839 2914 cubiculo
2866 2876 3054 2925 senex,
3086 2861 3194 2927 Leo
3239 2864 3494 2928 nomine;

1889 2948 1978 3003 hic
2020 2950 2352 3018 precabatur
2395 2950 2612 3005 assidue
2659 2952 2831 3006 Deum
2871 2965 2973 3021 pro
3007 2951 3069 3005 Β.
3102 2952 3285 3015 Petro.
3317 2966 3371 3009 et
3401 2971 3500 3023 pro

1888 3041 2327 3110 congregatione,
2345 3050 2402 3095 et
2425 3057 2524 3111 pro
2556 3040 2800 3097 Ecclesia
2836 3060 2848 3096 :
2880 3043 3025 3112 quod
3057 3059 3180 3097 cum
3214 3044 3500 3103 ardentius

1887 3132 2051 3186 solito
2093 3131 2322 3194 faceret,
2369 3142 2553 3196 nocte,
2580 3148 2704 3201 qua:
2749 3133 2893 3187 diem
2941 3149 3150 3203 prarces
3183 3134 3242 3199 it,
3281 3140 3498 3205 quando

1893 3221 2174 3275 decretum
2221 3222 2287 3275 de
2324 3222 2533 3291 jejunio
2574 3232 2745 3277 sextae
2784 3222 2935 3277 feria:
2978 3238 3007 3275 a
3052 3223 3211 3277 Petro
3247 3227 3497 3295 promul-

1891 3314 2128 3380 ganduus
2157 3320 2301 3374 erat,
2326 3325 2455 3365 ecce
2482 3312 2617 3365 vidit
2661 3326 2786 3367 mox
2817 3311 2872 3365 in
2906 3312 3113 3367 somnis
3154 3312 3496 3382 frequentem

1891 3402 2283 3457 monachorum
2310 3412 2639 3456 conventum
2672 3401 2725 3455 in
2758 3402 2982 3471 templo,
3012 3402 3103 3471 qui
3146 3402 3286 3459 albis
3322 3404 3497 3459 induti

1890 3494 2172 3559 vestibus,
2226 3494 2571 3549 suavissimis
2618 3494 2844 3547 vocibus
2896 3502 2951 3547 et
3006 3494 3149 3548 dulei
3204 3494 3497 3551 admodum

1890 3591 2179 3648 concentu,
2214 3583 2299 3637 illa
2330 3583 2516 3654 hymni
2546 3583 2729 3638 crucis
2758 3582 2922 3638 verba
2953 3584 3252 3639 cantabant
3279 3600 3293 3638 :
3330 3585 3498 3641 Dulce

1890 3674 2118 3745 lignum,
2144 3675 2334 3729 dulces
2360 3674 2564 3737 clavos,
2598 3674 2775 3729 dulcia
2812 3673 2992 3728 ferens
3023 3676 3287 3744 pondera.
3319 3676 3500 3731 Panes

1891 3765 2019 3819 item
2065 3765 2121 3818 in
2166 3763 2461 3821 refectorio
2500 3780 2621 3819 esse
2662 3765 2944 3835 appositos
2984 3766 3191 3821 mensis
3234 3767 3499 3823 nitidissi-

1890 3872 2029 3923 mos,
2058 3866 2385 3927 exstareque
2417 3857 2562 3911 inter
2591 3858 2889 3913 monachos
2919 3857 3095 3911 virum
3130 3857 3497 3913 venerabilem

1889 3948 2026 4003 albis
2071 3950 2339 4013 indutum,
2377 3949 2469 4018 qui
2514 3948 2766 4004 diceret:
2798 3947 2863 4003 lli
2906 3958 3031 4003 sunt
3071 3964 3263 4018 panes,
3296 3950 3498 4019 quibus

1890 4040 1982 4093 lilii
2020 4039 2184 4094 Israel
2222 4041 2275 4095 in
2316 4040 2531 4094 deserto
2576 4039 2689 4096 aliti
2719 4049 2845 4094 sunt
2879 4039 3077 4110 (Exod.
3118 4041 3252 4110 xw).
3287 4040 3497 4108 Quibus

1885 4130 2114 4199 prolatis
2152 4130 2352 4195 verbis,
2386 4145 2651 4194 mensam,
2712 4146 2832 4200 qua:
2880 4140 3003 4185 erat
3043 4131 3109 4183 ad
3154 4130 3497 4187 occidentem

1885 4222 1954 4274 ad
1981 4220 2249 4275 orientem
2284 4220 2587 4286 transtulit,
2627 4218 2719 4274 ubi
2751 4220 2806 4273 in
2836 4219 3048 4289 pariete
3076 4218 3280 4274 Christi
3317 4222 3497 4276 cruci-

1886 4313 1977 4365 ﬁxi
2011 4314 2188 4383 imago
2217 4311 2391 4383 posita
2421 4321 2562 4366 erat.

1954 4404 2105 4457 Alius
2132 4404 2261 4457 item
2304 4404 2627 4467 monachus,
2667 4402 2860 4458 Petrus
2906 4403 3150 4467 nomine,
3194 4403 3262 4458 ad
3303 4417 3494 4459 emno-

1886 4494 2033 4547 hiutn
2060 4494 2147 4547 die
2163 4492 2313 4549 Jovis
2343 4508 2641 4563 regressus,
2671 4494 2891 4562 ignarus
2921 4493 3281 4549 iustitu'ionis
3308 4510 3493 4559 novre,

1892 4600 1986 4651 per
2013 4584 2251 4652 quietem
2283 4598 2311 4635 a
2344 4581 2405 4636 Β.
2438 4582 2604 4637 Petro
2638 4584 2706 4637 ad
2746 4583 3032 4657 prandium
3064 4584 3329 4637 invitatus
3362 4600 3487 4639 cum

1892 4672 2105 4736 fuisset,
2152 4673 2417 4743 postridie
2456 4673 2731 4744 accipiens
2768 4673 2896 4729 novi
2954 4674 3089 4728 ritu.
3123 4674 3493 4744 disciplinam,

1892 4762 2175 4819 monachis
2238 4762 2501 4833 patefecit
2579 4778 2863 4818 arcanum.
2922 4762 3133 4830 Quibus
3195 4764 3497 4819 visiemhus

1890 4853 2140 4909 monachi
2170 4855 2454 4915 commoti.
2490 4869 2619 4910 mox
2656 4870 2848 4909 omnes
2877 4870 2907 4908 a
2945 4855 3004 4908 Β.
3039 4854 3205 4907 Petro
3233 4854 3496 4925 supplici-

1889 4956 1971 4999 ter
2023 4946 2349 5017 deposcunt,
2403 4945 2552 5001 illum
2612 4948 2667 5000 in
2726 4948 2879 5001 omni
2941 4947 3152 5017 reliquo
3208 4948 3377 5014 victu,
3434 4964 3499 5002 ac

1884 5039 2103 5102 vestitu,
2132 5054 2196 5093 ea
2227 5038 2544 5102 decernere,
2596 5054 2660 5093 ea
2689 5038 2797 5093 illis
2827 5040 3119 5109 imperare,
3155 5054 3277 5109 qua:
3322 5039 3497 5106 magis

1884 5128 2143 5198 expedire
2184 5143 2342 5197 posse
2365 5128 2657 5199 judicarct.
2687 5128 2771 5185 Ει
2801 5145 2911 5198 quo
2944 5130 3030 5184 die
3064 5130 3315 5183 instituto
3337 5129 3493 5197 juxfa

1887 5235 1916 5273 v
1943 5222 2148 5276 sionem
2173 5219 2489 5287 refectorio,
2517 5231 2881 5291 susceptoque
2912 5220 3123 5290 jejunio
3156 5230 3324 5276 sexta:
3352 5222 3498 5277 ierim

1888 5328 1987 5382 pro
2036 5312 2359 5374 inviolabili,
2386 5313 2696 5370 coenobium
2726 5312 3045 5367 Avellanam
3072 5326 3275 5367 nomen
3305 5313 3499 5367 Ct'ucis

1888 5413 1943 5459 et
1997 5404 2213 5457 titulum
2271 5404 2527 5471 obtinuit,
2575 5406 2720 5473 quod
2765 5406 2832 5460 ad
2890 5407 3027 5460 hanc
3077 5407 3222 5461 diem
3258 5407 3493 5468 retinet;

1886 5512 2011 5550 cum
2040 5506 2200 5553 antea
2241 5495 2414 5549 solum
2464 5496 2679 5551 titulum
2713 5498 2885 5552 eremi
2919 5498 3085 5553 fontis
3133 5498 3403 5559 Avellaui,
3438 5510 3496 5553 ut

1886 5604 1951 5643 ex
1986 5588 2107 5640 vita:
2162 5587 2345 5641 verbis
2382 5605 2411 5640 a
2451 5587 2717 5657 discipulo
2774 5592 2993 5661 scripta:
3046 5589 3249 5661 liquet;
3286 5589 3394 5649 vel,
3438 5601 3496 5643 ut

1890 5682 2219 5749 interpretes
2260 5679 2452 5733 Daulis
2483 5682 2691 5749 volunt,
2722 5693 3151 5750 cognomentum
3195 5679 3493 5743 Columbre,

1893 5794 1918 5827 τι
1961 5774 2016 5827 ll.
2053 5774 2356 5845 tiaudulphi
2389 5776 2732 5831 institutione
2763 5778 3093 5833 admisisset.
3124 5776 3275 5831 Tunc
3303 5775 3495 5829 itidctr.
