  <div class='ocr_page' id='page_1' title='image "/cluster/home/n/w/nwhite01/storage/ocr_20150623/144-145/uc1.31175001639262/091.png"; bbox 0 0 4040 6372; ppageno 0'>
   <div class='ocr_carea' id='block_1_1' title="bbox 604 376 705 434">
    <p class='ocr_par' dir='ltr' id='par_1_1' title="bbox 604 376 705 434">
     <span class='ocr_line' id='line_1_1' title="bbox 604 376 705 434; baseline -0.05 0"><span class='ocrx_word' id='word_1_1' title='bbox 604 376 705 434; x_wconf 74' lang='grc'><strong>167</strong></span> 
     </span>
    </p>
   </div>
   <div class='ocr_carea' id='block_1_2' title="bbox 1453 352 2966 419">
    <p class='ocr_par' dir='ltr' id='par_1_2' title="bbox 1453 352 2966 419">
     <span class='ocr_line' id='line_1_2' title="bbox 1453 352 2966 419; baseline -0.008 0"><span class='ocrx_word' id='word_1_2' title='bbox 1453 364 1510 419; x_wconf 90' lang='lat' dir='ltr'><strong>S.</strong></span> <span class='ocrx_word' id='word_1_3' title='bbox 1531 361 1812 419; x_wconf 77' lang='lat' dir='ltr'><strong>PETRUS</strong></span> <span class='ocrx_word' id='word_1_4' title='bbox 1843 359 2200 415; x_wconf 68' lang='lat' dir='ltr'><strong>DAMIANUS</strong></span> <span class='ocrx_word' id='word_1_5' title='bbox 2232 359 2292 413; x_wconf 82' lang='lat' dir='ltr'><strong>S.</strong></span> <span class='ocrx_word' id='word_1_6' title='bbox 2332 356 2400 411; x_wconf 74' lang='grc' dir='ltr'><strong>Β.</strong></span> <span class='ocrx_word' id='word_1_7' title='bbox 2442 357 2502 410; x_wconf 86' lang='grc' dir='ltr'><strong>Ε.</strong></span> <span class='ocrx_word' id='word_1_8' title='bbox 2532 352 2966 412; x_wconf 75' lang='lat' dir='ltr'><strong>CARDINAUS.</strong></span> 
     </span>
    </p>
   </div>
   <div class='ocr_carea' id='block_1_3' title="bbox 3767 348 3874 405">
    <p class='ocr_par' dir='ltr' id='par_1_3' title="bbox 3767 348 3874 405">
     <span class='ocr_line' id='line_1_3' title="bbox 3767 348 3874 405; baseline -0.019 0"><span class='ocrx_word' id='word_1_9' title='bbox 3767 348 3874 405; x_wconf 68' lang='lat'><strong>168</strong></span> 
     </span>
    </p>
   </div>
   <div class='ocr_carea' id='block_1_4' title="bbox 601 461 3877 552">
    <p class='ocr_par' dir='ltr' id='par_1_4' title="bbox 601 461 3877 552">
     <span class='ocr_line' id='line_1_4' title="bbox 601 461 3877 552; baseline -0.01 -4"><span class='ocrx_word' id='word_1_10' title='bbox 601 494 666 547; x_wconf 83' lang='grc' dir='ltr'><strong>Β.</strong></span> <span class='ocrx_word' id='word_1_11' title='bbox 702 491 893 546; x_wconf 80' lang='lat' dir='ltr'><strong>Petrus</strong></span> <span class='ocrx_word' id='word_1_12' title='bbox 923 484 1102 540; x_wconf 73' lang='lat' dir='ltr'><strong>volens</strong></span> <span class='ocrx_word' id='word_1_13' title='bbox 1152 478 1504 552; x_wconf 67' lang='lat' dir='ltr'><strong>praescribere</strong></span> <span class='ocrx_word' id='word_1_14' title='bbox 1542 476 1662 530; x_wconf 90' lang='lat' dir='ltr'><strong>loco</strong></span> <span class='ocrx_word' id='word_1_15' title='bbox 1691 482 1892 528; x_wconf 89' lang='lat' dir='ltr'><strong>certam</strong></span> <span class='ocrx_word' id='word_1_16' title='bbox 1939 472 2064 524; x_wconf 79' lang='lat' dir='ltr'><strong>vita:</strong></span> <span class='ocrx_word' id='word_1_17' title='bbox 2086 471 2177 524; x_wconf 89' lang='lat' dir='ltr'><strong>de-</strong></span> <span class='ocrx_word' id='word_1_18' title='bbox 2209 477 2252 533; x_wconf 74' lang='grc' dir='ltr'>Α</span> <span class='ocrx_word' id='word_1_19' title='bbox 2279 470 2482 532; x_wconf 81' lang='lat' dir='ltr'><strong>omnia,</strong></span> <span class='ocrx_word' id='word_1_20' title='bbox 2515 467 2696 520; x_wconf 79' lang='lat' dir='ltr'><strong>habita</strong></span> <span class='ocrx_word' id='word_1_21' title='bbox 2725 465 3009 529; x_wconf 76' lang='lat' dir='ltr'><strong>concione.</strong></span> <span class='ocrx_word' id='word_1_22' title='bbox 3041 463 3096 517; x_wconf 92' lang='lat' dir='ltr'><strong>in</strong></span> <span class='ocrx_word' id='word_1_23' title='bbox 3121 463 3322 517; x_wconf 88' lang='lat' dir='ltr'><strong>bonum</strong></span> <span class='ocrx_word' id='word_1_24' title='bbox 3360 471 3560 516; x_wconf 86' lang='lat' dir='ltr'><strong>statum</strong></span> <span class='ocrx_word' id='word_1_25' title='bbox 3593 461 3877 531; x_wconf 72' lang='lat' dir='ltr'><strong>pontificis</strong></span> 
     </span>
    </p>
   </div>
   <div class='ocr_carea' id='block_1_5' title="bbox 605 563 2182 658">
    <p class='ocr_par' dir='ltr' id='par_1_5' title="bbox 605 563 2182 658">
     <span class='ocr_line' id='line_1_5' title="bbox 605 563 2182 658; baseline -0.018 -17"><span class='ocrx_word' id='word_1_26' title='bbox 605 585 790 658; x_wconf 73' lang='lat' dir='ltr'><strong>genda:</strong></span> <span class='ocrx_word' id='word_1_27' title='bbox 841 581 1085 641; x_wconf 86' lang='lat' dir='ltr'><strong>formam,</strong></span> <span class='ocrx_word' id='word_1_28' title='bbox 1141 576 1252 629; x_wconf 70' lang='lat' dir='ltr'><strong>lirec</strong></span> <span class='ocrx_word' id='word_1_29' title='bbox 1296 572 1354 626; x_wconf 88' lang='lat' dir='ltr'><strong>in</strong></span> <span class='ocrx_word' id='word_1_30' title='bbox 1381 578 1650 626; x_wconf 85' lang='lat' dir='ltr'><strong>conventu</strong></span> <span class='ocrx_word' id='word_1_31' title='bbox 1692 565 1883 621; x_wconf 88' lang='lat' dir='ltr'><strong>habuit</strong></span> <span class='ocrx_word' id='word_1_32' title='bbox 1913 563 2076 618; x_wconf 82' lang='lat' dir='ltr'><strong>verba</strong></span> <span class='ocrx_word' id='word_1_33' title='bbox 2127 569 2182 615; x_wconf 93' lang='lat' dir='ltr'><strong>et</strong></span> 
     </span>
    </p>
   </div>
   <div class='ocr_carea' id='block_1_6' title="bbox 604 673 1028 731">
    <p class='ocr_par' dir='ltr' id='par_1_6' title="bbox 604 673 1028 731">
     <span class='ocr_line' id='line_1_6' title="bbox 604 673 1028 731; baseline -0.028 1"><span class='ocrx_word' id='word_1_34' title='bbox 604 674 768 731; x_wconf 84' lang='lat' dir='ltr'><strong>edidit</strong></span> <span class='ocrx_word' id='word_1_35' title='bbox 793 673 1028 725; x_wconf 84' lang='lat' dir='ltr'><strong>decreta.</strong></span> 
     </span>
    </p>
   </div>
   <div class='ocr_carea' id='block_1_7' title="bbox 675 739 2182 818">
    <p class='ocr_par' dir='ltr' id='par_1_7' title="bbox 675 739 2182 818">
     <span class='ocr_line' id='line_1_7' title="bbox 675 739 2182 818; baseline -0.018 1"><span class='ocrx_word' id='word_1_36' title='bbox 675 763 807 818; x_wconf 87' lang='lat' dir='ltr'><strong>Cum</strong></span> <span class='ocrx_word' id='word_1_37' title='bbox 843 759 1112 813; x_wconf 82' lang='lat' dir='ltr'><strong>fervorem</strong></span> <span class='ocrx_word' id='word_1_38' title='bbox 1144 760 1352 809; x_wconf 69' lang='lat' dir='ltr'><strong>sanctae</strong></span> <span class='ocrx_word' id='word_1_39' title='bbox 1370 746 1798 806; x_wconf 67' lang='lat' dir='ltr'><strong>conversationis</strong></span> <span class='ocrx_word' id='word_1_40' title='bbox 1829 752 2043 804; x_wconf 84' lang='lat' dir='ltr'><strong>vestrae,</strong></span> <span class='ocrx_word' id='word_1_41' title='bbox 2073 739 2182 794; x_wconf 75' lang='lat' dir='ltr'><strong>ira-</strong></span> 
     </span>
    </p>
   </div>
   <div class='ocr_carea' id='block_1_8' title="bbox 609 835 2181 915">
    <p class='ocr_par' dir='ltr' id='par_1_8' title="bbox 609 835 2181 915">
     <span class='ocr_line' id='line_1_8' title="bbox 609 835 2181 915; baseline -0.016 -7"><span class='ocrx_word' id='word_1_42' title='bbox 609 863 716 908; x_wconf 96' lang='lat' dir='ltr'><strong>tres</strong></span> <span class='ocrx_word' id='word_1_43' title='bbox 751 847 1078 910; x_wconf 84' lang='lat' dir='ltr'><strong>charissimi,</strong></span> <span class='ocrx_word' id='word_1_44' title='bbox 1103 844 1394 915; x_wconf 70' lang='lat' dir='ltr'><strong>diligenter</strong></span> <span class='ocrx_word' id='word_1_45' title='bbox 1431 840 1670 896; x_wconf 85' lang='lat' dir='ltr'><strong>attendo.</strong></span> <span class='ocrx_word' id='word_1_46' title='bbox 1702 835 1769 890; x_wconf 81' lang='lat' dir='ltr'><strong>Et</strong></span> <span class='ocrx_word' id='word_1_47' title='bbox 1801 850 1918 908; x_wconf 72' lang='lat' dir='ltr'><strong>quc</strong></span> <span class='ocrx_word' id='word_1_48' title='bbox 1953 847 2181 903; x_wconf 76' lang='lat' dir='ltr'><strong>sequun-</strong></span> 
     </span>
    </p>
   </div>
   <div class='ocr_carea' id='block_1_9' title="bbox 606 931 1580 1008">
    <p class='ocr_par' dir='ltr' id='par_1_9' title="bbox 606 931 1580 1008">
     <span class='ocr_line' id='line_1_9' title="bbox 606 931 1580 1008; baseline -0.011 -9"><span class='ocrx_word' id='word_1_49' title='bbox 606 956 708 1008; x_wconf 80' lang='lat' dir='ltr'><strong>tur.</strong></span> <span class='ocrx_word' id='word_1_50' title='bbox 745 953 796 996; x_wconf 79' lang='lat' dir='ltr'><strong>ut</strong></span> <span class='ocrx_word' id='word_1_51' title='bbox 831 941 986 994; x_wconf 80' lang='lat' dir='ltr'><strong>habes</strong></span> <span class='ocrx_word' id='word_1_52' title='bbox 1012 949 1136 992; x_wconf 86' lang='lat' dir='ltr'><strong>tom.</strong></span> <span class='ocrx_word' id='word_1_53' title='bbox 1162 935 1252 1000; x_wconf 85' lang='lat' dir='ltr'><strong>lll,</strong></span> <span class='ocrx_word' id='word_1_54' title='bbox 1283 950 1461 1004; x_wconf 78' lang='lat' dir='ltr'><strong>opusc.</strong></span> <span class='ocrx_word' id='word_1_55' title='bbox 1490 931 1580 988; x_wconf 70' lang='grc' dir='ltr'><strong>Ν.</strong></span> 
     </span>
    </p>
   </div>
   <div class='ocr_carea' id='block_1_10' title="bbox 673 1016 2182 1094">
    <p class='ocr_par' dir='ltr' id='par_1_10' title="bbox 673 1016 2182 1094">
     <span class='ocr_line' id='line_1_10' title="bbox 673 1016 2182 1094; baseline -0.014 -4"><span class='ocrx_word' id='word_1_56' title='bbox 673 1036 872 1090; x_wconf 87' lang='lat' dir='ltr'><strong>Beatus</strong></span> <span class='ocrx_word' id='word_1_57' title='bbox 897 1047 1024 1088; x_wconf 90' lang='lat' dir='ltr'><strong>vero</strong></span> <span class='ocrx_word' id='word_1_58' title='bbox 1053 1029 1246 1084; x_wconf 86' lang='lat' dir='ltr'><strong>Petrus</strong></span> <span class='ocrx_word' id='word_1_59' title='bbox 1282 1023 1528 1094; x_wconf 89' lang='lat' dir='ltr'><strong>exemplo</strong></span> <span class='ocrx_word' id='word_1_60' title='bbox 1557 1021 1641 1079; x_wconf 91' lang='lat' dir='ltr'><strong>sui</strong></span> <span class='ocrx_word' id='word_1_61' title='bbox 1682 1021 1750 1076; x_wconf 84' lang='lat' dir='ltr'><strong>ad</strong></span> <span class='ocrx_word' id='word_1_62' title='bbox 1775 1016 2182 1076; x_wconf 73' lang='lat' dir='ltr'><strong>observantiam</strong></span> 
     </span>
    </p>
   </div>
   <div class='ocr_carea' id='block_1_11' title="bbox 603 1108 2186 1192">
    <p class='ocr_par' dir='ltr' id='par_1_11' title="bbox 603 1108 2186 1192">
     <span class='ocr_line' id='line_1_11' title="bbox 603 1108 2186 1192; baseline -0.013 -11"><span class='ocrx_word' id='word_1_63' title='bbox 603 1139 824 1181; x_wconf 87' lang='lat' dir='ltr'><strong>suorum</strong></span> <span class='ocrx_word' id='word_1_64' title='bbox 874 1127 1262 1192; x_wconf 58' lang='lat' dir='ltr'><strong>praceptorum</strong></span> <span class='ocrx_word' id='word_1_65' title='bbox 1320 1113 1612 1185; x_wconf 73' lang='lat' dir='ltr'><strong>discipulos</strong></span> <span class='ocrx_word' id='word_1_66' title='bbox 1656 1123 1956 1183; x_wconf 79' lang='lat' dir='ltr'><strong>provocare</strong></span> <span class='ocrx_word' id='word_1_67' title='bbox 2008 1108 2186 1162; x_wconf 85' lang='lat' dir='ltr'><strong>adhuc</strong></span> 
     </span>
    </p>
   </div>
   <div class='ocr_carea' id='block_1_12' title="bbox 607 1195 2185 1286">
    <p class='ocr_par' dir='ltr' id='par_1_12' title="bbox 607 1195 2185 1286">
     <span class='ocr_line' id='line_1_12' title="bbox 607 1195 2185 1286; baseline -0.013 -16"><span class='ocrx_word' id='word_1_68' title='bbox 607 1215 779 1286; x_wconf 87' lang='lat' dir='ltr'><strong>magis</strong></span> <span class='ocrx_word' id='word_1_69' title='bbox 809 1213 1014 1275; x_wconf 89' lang='lat' dir='ltr'><strong>volens,</strong></span> <span class='ocrx_word' id='word_1_70' title='bbox 1043 1218 1096 1264; x_wconf 90' lang='lat' dir='ltr'><strong>et</strong></span> <span class='ocrx_word' id='word_1_71' title='bbox 1115 1207 1181 1262; x_wconf 92' lang='lat' dir='ltr'><strong>ad</strong></span> <span class='ocrx_word' id='word_1_72' title='bbox 1210 1220 1370 1262; x_wconf 88' lang='lat' dir='ltr'><strong>omne</strong></span> <span class='ocrx_word' id='word_1_73' title='bbox 1384 1205 1580 1262; x_wconf 91' lang='lat' dir='ltr'><strong>durum</strong></span> <span class='ocrx_word' id='word_1_74' title='bbox 1626 1211 1681 1257; x_wconf 91' lang='lat' dir='ltr'><strong>et</strong></span> <span class='ocrx_word' id='word_1_75' title='bbox 1708 1214 1960 1271; x_wconf 88' lang='lat' dir='ltr'><strong>asperum</strong></span> <span class='ocrx_word' id='word_1_76' title='bbox 2004 1195 2185 1267; x_wconf 75' lang='lat' dir='ltr'><strong>perfe—</strong></span> 
     </span>
    </p>
   </div>
   <div class='ocr_carea' id='block_1_13' title="bbox 606 1290 2182 1373">
    <p class='ocr_par' dir='ltr' id='par_1_13' title="bbox 606 1290 2182 1373">
     <span class='ocr_line' id='line_1_13' title="bbox 606 1290 2182 1373; baseline -0.014 -11"><span class='ocrx_word' id='word_1_77' title='bbox 606 1307 854 1368; x_wconf 90' lang='lat' dir='ltr'><strong>rendum,</strong></span> <span class='ocrx_word' id='word_1_78' title='bbox 878 1311 1136 1373; x_wconf 88' lang='lat' dir='ltr'><strong>quantum</strong></span> <span class='ocrx_word' id='word_1_79' title='bbox 1161 1298 1413 1354; x_wconf 83' lang='lat' dir='ltr'><strong>Christus</strong></span> <span class='ocrx_word' id='word_1_80' title='bbox 1443 1296 1673 1368; x_wconf 92' lang='lat' dir='ltr'><strong>gratiam</strong></span> <span class='ocrx_word' id='word_1_81' title='bbox 1700 1300 1962 1365; x_wconf 67' lang='lat' dir='ltr'><strong>praestare</strong></span> <span class='ocrx_word' id='word_1_82' title='bbox 1990 1290 2182 1360; x_wconf 85' lang='lat' dir='ltr'><strong>digna-</strong></span> 
     </span>
    </p>
   </div>
   <div class='ocr_carea' id='block_1_14' title="bbox 609 1385 2182 1460">
    <p class='ocr_par' dir='ltr' id='par_1_14' title="bbox 609 1385 2182 1460">
     <span class='ocr_line' id='line_1_14' title="bbox 609 1385 2182 1460; baseline -0.011 -7"><span class='ocrx_word' id='word_1_83' title='bbox 609 1408 777 1460; x_wconf 89' lang='lat' dir='ltr'><strong>retur,</strong></span> <span class='ocrx_word' id='word_1_84' title='bbox 809 1395 1071 1457; x_wconf 83' lang='lat' dir='ltr'><strong>animare,</strong></span> <span class='ocrx_word' id='word_1_85' title='bbox 1096 1391 1226 1446; x_wconf 84' lang='lat' dir='ltr'><strong>nulli</strong></span> <span class='ocrx_word' id='word_1_86' title='bbox 1252 1389 1422 1445; x_wconf 85' lang='lat' dir='ltr'><strong>labori</strong></span> <span class='ocrx_word' id='word_1_87' title='bbox 1450 1401 1700 1458; x_wconf 79' lang='lat' dir='ltr'><strong>parcens,</strong></span> <span class='ocrx_word' id='word_1_88' title='bbox 1727 1385 1939 1440; x_wconf 87' lang='lat' dir='ltr'><strong>occulte</strong></span> <span class='ocrx_word' id='word_1_89' title='bbox 1967 1395 2182 1452; x_wconf 86' lang='lat' dir='ltr'><strong>quoque</strong></span> 
     </span>
    </p>
   </div>
   <div class='ocr_carea' id='block_1_15' title="bbox 605 1472 2184 1541">
    <p class='ocr_par' dir='ltr' id='par_1_15' title="bbox 605 1472 2184 1541">
     <span class='ocr_line' id='line_1_15' title="bbox 605 1472 2184 1541; baseline -0.011 0"><span class='ocrx_word' id='word_1_90' title='bbox 605 1487 772 1541; x_wconf 86' lang='lat' dir='ltr'><strong>lorica</strong></span> <span class='ocrx_word' id='word_1_91' title='bbox 801 1483 978 1538; x_wconf 86' lang='lat' dir='ltr'><strong>ferrea</strong></span> <span class='ocrx_word' id='word_1_92' title='bbox 1007 1482 1074 1536; x_wconf 90' lang='lat' dir='ltr'><strong>ad</strong></span> <span class='ocrx_word' id='word_1_93' title='bbox 1101 1495 1296 1536; x_wconf 87' lang='lat' dir='ltr'><strong>carnes</strong></span> <span class='ocrx_word' id='word_1_94' title='bbox 1346 1477 1703 1541; x_wconf 78' lang='lat' dir='ltr'><strong>vestiebatur,</strong></span> <span class='ocrx_word' id='word_1_95' title='bbox 1733 1475 1943 1529; x_wconf 92' lang='lat' dir='ltr'><strong>duobus</strong></span> <span class='ocrx_word' id='word_1_96' title='bbox 1990 1472 2184 1528; x_wconf 87' lang='lat' dir='ltr'><strong>ferreis</strong></span> 
     </span>
    </p>
   </div>
   <div class='ocr_carea' id='block_1_16' title="bbox 605 1567 2184 1640">
    <p class='ocr_par' dir='ltr' id='par_1_16' title="bbox 605 1567 2184 1640">
     <span class='ocr_line' id='line_1_16' title="bbox 605 1567 2184 1640; baseline -0.009 -9"><span class='ocrx_word' id='word_1_97' title='bbox 605 1575 822 1631; x_wconf 81' lang='lat' dir='ltr'><strong>circulis</strong></span> <span class='ocrx_word' id='word_1_98' title='bbox 869 1575 1081 1628; x_wconf 80' lang='lat' dir='ltr'><strong>cinctus</strong></span> <span class='ocrx_word' id='word_1_99' title='bbox 1133 1571 1185 1625; x_wconf 91' lang='lat' dir='ltr'><strong>in</strong></span> <span class='ocrx_word' id='word_1_100' title='bbox 1238 1583 1485 1640; x_wconf 86' lang='lat' dir='ltr'><strong>corpore,</strong></span> <span class='ocrx_word' id='word_1_101' title='bbox 1527 1575 1584 1623; x_wconf 82' lang='lat' dir='ltr'><strong>et</strong></span> <span class='ocrx_word' id='word_1_102' title='bbox 1613 1567 1823 1622; x_wconf 87' lang='lat' dir='ltr'><strong>duobus</strong></span> <span class='ocrx_word' id='word_1_103' title='bbox 1858 1580 1956 1635; x_wconf 87' lang='lat' dir='ltr'><strong>per</strong></span> <span class='ocrx_word' id='word_1_104' title='bbox 2006 1578 2184 1618; x_wconf 86' lang='lat' dir='ltr'><strong>armos</strong></span> 
     </span>
    </p>
   </div>
   <div class='ocr_carea' id='block_1_17' title="bbox 605 1653 2185 1730">
    <p class='ocr_par' dir='ltr' id='par_1_17' title="bbox 605 1653 2185 1730">
     <span class='ocr_line' id='line_1_17' title="bbox 605 1653 2185 1730; baseline -0.009 -8"><span class='ocrx_word' id='word_1_105' title='bbox 605 1664 951 1722; x_wconf 83' lang='lat' dir='ltr'><strong>brachiorum</strong></span> <span class='ocrx_word' id='word_1_106' title='bbox 979 1680 992 1717; x_wconf 87' lang='lat'><strong>:</strong></span> <span class='ocrx_word' id='word_1_107' title='bbox 1023 1677 1127 1717; x_wconf 88' lang='lat' dir='ltr'><strong>nec</strong></span> <span class='ocrx_word' id='word_1_108' title='bbox 1164 1660 1275 1716; x_wconf 94' lang='lat' dir='ltr'><strong>ullo</strong></span> <span class='ocrx_word' id='word_1_109' title='bbox 1304 1674 1544 1730; x_wconf 84' lang='lat' dir='ltr'><strong>unquam</strong></span> <span class='ocrx_word' id='word_1_110' title='bbox 1573 1667 1814 1727; x_wconf 83' lang='lat' dir='ltr'><strong>tempore</strong></span> <span class='ocrx_word' id='word_1_111' title='bbox 1842 1671 1872 1710; x_wconf 90' lang='lat' dir='ltr'><strong>a</strong></span> <span class='ocrx_word' id='word_1_112' title='bbox 1897 1653 2185 1723; x_wconf 76' lang='lat' dir='ltr'><strong>colloquiis</strong></span> 
     </span>
    </p>
   </div>
   <div class='ocr_carea' id='block_1_18' title="bbox 605 1745 2185 1815">
    <p class='ocr_par' dir='ltr' id='par_1_18' title="bbox 605 1745 2185 1815">
     <span class='ocr_line' id='line_1_18' title="bbox 605 1745 2185 1815; baseline -0.009 -4"><span class='ocrx_word' id='word_1_113' title='bbox 605 1755 806 1811; x_wconf 85' lang='lat' dir='ltr'><strong>divinis</strong></span> <span class='ocrx_word' id='word_1_114' title='bbox 847 1763 903 1809; x_wconf 89' lang='lat' dir='ltr'><strong>et</strong></span> <span class='ocrx_word' id='word_1_115' title='bbox 944 1752 1280 1808; x_wconf 79' lang='lat' dir='ltr'><strong>orationibus</strong></span> <span class='ocrx_word' id='word_1_116' title='bbox 1321 1749 1587 1806; x_wconf 77' lang='lat' dir='ltr'><strong>cessabat.</strong></span> <span class='ocrx_word' id='word_1_117' title='bbox 1645 1747 1795 1804; x_wconf 85' lang='lat' dir='ltr'><strong>Unde</strong></span> <span class='ocrx_word' id='word_1_118' title='bbox 1834 1745 2185 1815; x_wconf 83' lang='lat' dir='ltr'><strong>prodiderunt</strong></span> 
     </span>
    </p>
   </div>
   <div class='ocr_carea' id='block_1_19' title="bbox 2281 551 3878 625">
    <p class='ocr_par' dir='ltr' id='par_1_19' title="bbox 2281 551 3878 625">
     <span class='ocr_line' id='line_1_19' title="bbox 2281 551 3878 625; baseline -0.004 -13"><span class='ocrx_word' id='word_1_119' title='bbox 2281 559 2604 614; x_wconf 71' lang='lat' dir='ltr'><strong>auctoritate.</strong></span> <span class='ocrx_word' id='word_1_120' title='bbox 2655 555 3009 625; x_wconf 83' lang='lat' dir='ltr'><strong>reposuisset,</strong></span> <span class='ocrx_word' id='word_1_121' title='bbox 3056 554 3252 608; x_wconf 77' lang='lat' dir='ltr'><strong>exinde</strong></span> <span class='ocrx_word' id='word_1_122' title='bbox 3275 552 3528 607; x_wconf 77' lang='lat' dir='ltr'><strong>Ravenna</strong></span> <span class='ocrx_word' id='word_1_123' title='bbox 3570 551 3878 621; x_wconf 76' lang='lat' dir='ltr'><strong>digressus.</strong></span> 
     </span>
    </p>
   </div>
   <div class='ocr_carea' id='block_1_20' title="bbox 2280 643 3878 718">
    <p class='ocr_par' dir='ltr' id='par_1_20' title="bbox 2280 643 3878 718">
     <span class='ocr_line' id='line_1_20' title="bbox 2280 643 3878 718; baseline -0.005 -13"><span class='ocrx_word' id='word_1_124' title='bbox 2280 651 2596 712; x_wconf 85' lang='lat' dir='ltr'><strong>monachos,</strong></span> <span class='ocrx_word' id='word_1_125' title='bbox 2643 662 2780 718; x_wconf 89' lang='lat' dir='ltr'><strong>quos</strong></span> <span class='ocrx_word' id='word_1_126' title='bbox 2815 645 3087 701; x_wconf 75' lang='lat' dir='ltr'><strong>Faventia:</strong></span> <span class='ocrx_word' id='word_1_127' title='bbox 3133 645 3465 710; x_wconf 73' lang='lat' dir='ltr'><strong>instituerat,</strong></span> <span class='ocrx_word' id='word_1_128' title='bbox 3499 643 3727 698; x_wconf 80' lang='lat' dir='ltr'><strong>visitare</strong></span> <span class='ocrx_word' id='word_1_129' title='bbox 3782 657 3878 697; x_wconf 80' lang='lat' dir='ltr'><strong>vo-</strong></span> 
     </span>
    </p>
   </div>
   <div class='ocr_carea' id='block_1_21' title="bbox 2281 737 3881 807">
    <p class='ocr_par' dir='ltr' id='par_1_21' title="bbox 2281 737 3881 807">
     <span class='ocr_line' id='line_1_21' title="bbox 2281 737 3881 807; baseline -0.006 -7"><span class='ocrx_word' id='word_1_130' title='bbox 2281 745 2400 800; x_wconf 75' lang='lat' dir='ltr'><strong>luit.</strong></span> <span class='ocrx_word' id='word_1_131' title='bbox 2427 743 2558 798; x_wconf 84' lang='lat' dir='ltr'><strong>Erat</strong></span> <span class='ocrx_word' id='word_1_132' title='bbox 2589 752 2714 797; x_wconf 90' lang='lat' dir='ltr'><strong>tunc</strong></span> <span class='ocrx_word' id='word_1_133' title='bbox 2739 740 3049 797; x_wconf 76' lang='lat' dir='ltr'><strong>etenobium</strong></span> <span class='ocrx_word' id='word_1_134' title='bbox 3075 748 3228 793; x_wconf 75' lang='lat' dir='ltr'><strong>extra</strong></span> <span class='ocrx_word' id='word_1_135' title='bbox 3272 739 3422 792; x_wconf 91' lang='lat' dir='ltr'><strong>urbis</strong></span> <span class='ocrx_word' id='word_1_136' title='bbox 3451 747 3689 807; x_wconf 81' lang='lat' dir='ltr'><strong>portam,</strong></span> <span class='ocrx_word' id='word_1_137' title='bbox 3728 737 3881 805; x_wconf 89' lang='lat' dir='ltr'><strong>quod</strong></span> 
     </span>
    </p>
   </div>
   <div class='ocr_carea' id='block_1_22' title="bbox 2281 824 3882 900">
    <p class='ocr_par' dir='ltr' id='par_1_22' title="bbox 2281 824 3882 900">
     <span class='ocr_line' id='line_1_22' title="bbox 2281 824 3882 900; baseline -0.006 -12"><span class='ocrx_word' id='word_1_138' title='bbox 2281 848 2425 888; x_wconf 89' lang='lat' dir='ltr'><strong>nunc</strong></span> <span class='ocrx_word' id='word_1_139' title='bbox 2479 832 2619 886; x_wconf 84' lang='lat' dir='ltr'><strong>intra</strong></span> <span class='ocrx_word' id='word_1_140' title='bbox 2668 831 2856 886; x_wconf 86' lang='lat' dir='ltr'><strong>urbem</strong></span> <span class='ocrx_word' id='word_1_141' title='bbox 2907 837 3185 900; x_wconf 88' lang='lat' dir='ltr'><strong>receptum</strong></span> <span class='ocrx_word' id='word_1_142' title='bbox 3245 828 3507 883; x_wconf 88' lang='lat' dir='ltr'><strong>cernitur.</strong></span> <span class='ocrx_word' id='word_1_143' title='bbox 3566 826 3670 882; x_wconf 85' lang='lat' dir='ltr'><strong>Ubi</strong></span> <span class='ocrx_word' id='word_1_144' title='bbox 3724 824 3882 880; x_wconf 85' lang='lat' dir='ltr'><strong>febre</strong></span> 
     </span>
    </p>
   </div>
   <div class='ocr_carea' id='block_1_23' title="bbox 2282 918 3883 993">
    <p class='ocr_par' dir='ltr' id='par_1_23' title="bbox 2282 918 3883 993">
     <span class='ocr_line' id='line_1_23' title="bbox 2282 918 3883 993; baseline -0.005 -13"><span class='ocrx_word' id='word_1_145' title='bbox 2282 932 2587 993; x_wconf 85' lang='lat' dir='ltr'><strong>correptus,</strong></span> <span class='ocrx_word' id='word_1_146' title='bbox 2643 929 2697 977; x_wconf 86' lang='lat' dir='ltr'><strong>et</strong></span> <span class='ocrx_word' id='word_1_147' title='bbox 2737 920 3014 976; x_wconf 88' lang='lat' dir='ltr'><strong>laboribus</strong></span> <span class='ocrx_word' id='word_1_148' title='bbox 3047 928 3423 988; x_wconf 87' lang='lat' dir='ltr'><strong>consumptus,</strong></span> <span class='ocrx_word' id='word_1_149' title='bbox 3481 918 3883 990; x_wconf 77' lang='lat' dir='ltr'><strong>peregrinatio-</strong></span> 
     </span>
    </p>
   </div>
   <div class='ocr_carea' id='block_1_24' title="bbox 2283 1007 3885 1083">
    <p class='ocr_par' dir='ltr' id='par_1_24' title="bbox 2283 1007 3885 1083">
     <span class='ocr_line' id='line_1_24' title="bbox 2283 1007 3885 1083; baseline -0.005 -14"><span class='ocrx_word' id='word_1_150' title='bbox 2283 1030 2407 1069; x_wconf 89' lang='lat' dir='ltr'><strong>nem</strong></span> <span class='ocrx_word' id='word_1_151' title='bbox 2435 1011 2594 1083; x_wconf 72' lang='lat' dir='ltr'><strong>huius</strong></span> <span class='ocrx_word' id='word_1_152' title='bbox 2636 1013 2760 1068; x_wconf 62' lang='lat' dir='ltr'><strong>vitae</strong></span> <span class='ocrx_word' id='word_1_153' title='bbox 2791 1011 2997 1083; x_wconf 85' lang='lat' dir='ltr'><strong>pariter</strong></span> <span class='ocrx_word' id='word_1_154' title='bbox 3025 1025 3148 1067; x_wconf 89' lang='lat' dir='ltr'><strong>cum</strong></span> <span class='ocrx_word' id='word_1_155' title='bbox 3197 1010 3465 1083; x_wconf 75' lang='lat' dir='ltr'><strong>legatione</strong></span> <span class='ocrx_word' id='word_1_156' title='bbox 3496 1009 3732 1066; x_wconf 76' lang='lat' dir='ltr'><strong>absolvit</strong></span> <span class='ocrx_word' id='word_1_157' title='bbox 3766 1007 3885 1063; x_wconf 78' lang='lat' dir='ltr'><strong>feli-</strong></span> 
     </span>
    </p>
   </div>
   <div class='ocr_carea' id='block_1_25' title="bbox 2283 1099 3880 1174">
    <p class='ocr_par' dir='ltr' id='par_1_25' title="bbox 2283 1099 3880 1174">
     <span class='ocr_line' id='line_1_25' title="bbox 2283 1099 3880 1174; baseline -0.005 -14"><span class='ocrx_word' id='word_1_158' title='bbox 2283 1105 2504 1161; x_wconf 89' lang='lat' dir='ltr'><strong>cissimo</strong></span> <span class='ocrx_word' id='word_1_159' title='bbox 2531 1114 2586 1160; x_wconf 85' lang='lat' dir='ltr'><strong>et</strong></span> <span class='ocrx_word' id='word_1_160' title='bbox 2624 1103 2871 1174; x_wconf 82' lang='lat' dir='ltr'><strong>angelico</strong></span> <span class='ocrx_word' id='word_1_161' title='bbox 2906 1103 2972 1157; x_wconf 93' lang='lat' dir='ltr'><strong>ad</strong></span> <span class='ocrx_word' id='word_1_162' title='bbox 3013 1103 3183 1158; x_wconf 77' lang='lat' dir='ltr'><strong>cmlos</strong></span> <span class='ocrx_word' id='word_1_163' title='bbox 3223 1102 3483 1167; x_wconf 81' lang='lat' dir='ltr'><strong>transitu,</strong></span> <span class='ocrx_word' id='word_1_164' title='bbox 3529 1101 3599 1156; x_wconf 89' lang='lat' dir='ltr'><strong>ad</strong></span> <span class='ocrx_word' id='word_1_165' title='bbox 3630 1116 3728 1156; x_wconf 73' lang='lat' dir='ltr'><strong>van</strong></span> <span class='ocrx_word' id='word_1_166' title='bbox 3756 1099 3880 1155; x_wconf 80' lang='lat' dir='ltr'><strong>Kal.</strong></span> 
     </span>
    </p>
   </div>
   <div class='ocr_carea' id='block_1_26' title="bbox 2287 1195 3218 1259">
    <p class='ocr_par' dir='ltr' id='par_1_26' title="bbox 2287 1195 3218 1259">
     <span class='ocr_line' id='line_1_26' title="bbox 2287 1195 3218 1259; baseline -0.002 -8"><span class='ocrx_word' id='word_1_167' title='bbox 2287 1197 2444 1251; x_wconf 79' lang='lat' dir='ltr'><strong>Mart.</strong></span> <span class='ocrx_word' id='word_1_168' title='bbox 2473 1206 2629 1254; x_wconf 87' lang='lat' dir='ltr'><strong>nocte</strong></span> <span class='ocrx_word' id='word_1_169' title='bbox 2657 1197 3026 1259; x_wconf 87' lang='lat' dir='ltr'><strong>antecedente.</strong></span> <span class='ocrx_word' id='word_1_170' title='bbox 3061 1195 3218 1252; x_wconf 81' lang='lat' dir='ltr'><strong>l080.</strong></span> 
     </span>
    </p>
   </div>
   <div class='ocr_carea' id='block_1_27' title="bbox 2352 1284 3884 1358">
    <p class='ocr_par' dir='ltr' id='par_1_27' title="bbox 2352 1284 3884 1358">
     <span class='ocr_line' id='line_1_27' title="bbox 2352 1284 3884 1358; baseline -0.005 -15"><span class='ocrx_word' id='word_1_171' title='bbox 2352 1289 2637 1358; x_wconf 81' lang='lat' dir='ltr'><strong>Comperta</strong></span> <span class='ocrx_word' id='word_1_172' title='bbox 2692 1287 2810 1341; x_wconf 76' lang='lat' dir='ltr'><strong>eius</strong></span> <span class='ocrx_word' id='word_1_173' title='bbox 2861 1295 3054 1351; x_wconf 90' lang='lat' dir='ltr'><strong>morte,</strong></span> <span class='ocrx_word' id='word_1_174' title='bbox 3113 1285 3332 1341; x_wconf 84' lang='lat' dir='ltr'><strong>conﬂuit</strong></span> <span class='ocrx_word' id='word_1_175' title='bbox 3385 1285 3454 1339; x_wconf 92' lang='lat' dir='ltr'><strong>ad</strong></span> <span class='ocrx_word' id='word_1_176' title='bbox 3509 1284 3625 1354; x_wconf 85' lang='lat' dir='ltr'><strong>ejus</strong></span> <span class='ocrx_word' id='word_1_177' title='bbox 3678 1298 3884 1354; x_wconf 87' lang='lat' dir='ltr'><strong>corpus</strong></span> 
     </span>
    </p>
   </div>
   <div class='ocr_carea' id='block_1_28' title="bbox 2287 1373 3884 1434">
    <p class='ocr_par' dir='ltr' id='par_1_28' title="bbox 2287 1373 3884 1434">
     <span class='ocr_line' id='line_1_28' title="bbox 2287 1373 3884 1434; baseline -0.004 -5"><span class='ocrx_word' id='word_1_178' title='bbox 2287 1379 2651 1432; x_wconf 88' lang='lat' dir='ltr'><strong>venerandum</strong></span> <span class='ocrx_word' id='word_1_179' title='bbox 2706 1388 2761 1431; x_wconf 88' lang='lat' dir='ltr'><strong>et</strong></span> <span class='ocrx_word' id='word_1_180' title='bbox 2803 1376 3173 1430; x_wconf 88' lang='lat' dir='ltr'><strong>tnmulandum</strong></span> <span class='ocrx_word' id='word_1_181' title='bbox 3235 1374 3414 1429; x_wconf 86' lang='lat' dir='ltr'><strong>omnis</strong></span> <span class='ocrx_word' id='word_1_182' title='bbox 3458 1373 3673 1434; x_wconf 85' lang='lat' dir='ltr'><strong>civitas,</strong></span> <span class='ocrx_word' id='word_1_183' title='bbox 3730 1381 3884 1426; x_wconf 84' lang='lat' dir='ltr'><strong>tanto</strong></span> 
     </span>
    </p>
   </div>
   <div class='ocr_carea' id='block_1_29' title="bbox 2285 1461 3885 1532">
    <p class='ocr_par' dir='ltr' id='par_1_29' title="bbox 2285 1461 3885 1532">
     <span class='ocr_line' id='line_1_29' title="bbox 2285 1461 3885 1532; baseline -0.004 -9"><span class='ocrx_word' id='word_1_184' title='bbox 2285 1483 2550 1523; x_wconf 87' lang='lat' dir='ltr'><strong>concursu</strong></span> <span class='ocrx_word' id='word_1_185' title='bbox 2605 1467 2986 1532; x_wconf 75' lang='lat' dir='ltr'><strong>multitudinis,</strong></span> <span class='ocrx_word' id='word_1_186' title='bbox 3034 1478 3092 1520; x_wconf 79' lang='lat' dir='ltr'><strong>ut</strong></span> <span class='ocrx_word' id='word_1_187' title='bbox 3132 1466 3225 1520; x_wconf 84' lang='lat' dir='ltr'><strong>alii</strong></span> <span class='ocrx_word' id='word_1_188' title='bbox 3259 1465 3379 1520; x_wconf 92' lang='lat' dir='ltr'><strong>aliis</strong></span> <span class='ocrx_word' id='word_1_189' title='bbox 3422 1466 3477 1520; x_wconf 89' lang='lat' dir='ltr'><strong>in</strong></span> <span class='ocrx_word' id='word_1_190' title='bbox 3530 1477 3755 1518; x_wconf 84' lang='lat' dir='ltr'><strong>accessu</strong></span> <span class='ocrx_word' id='word_1_191' title='bbox 3813 1461 3885 1516; x_wconf 84' lang='lat' dir='ltr'><strong>ad</strong></span> 
     </span>
    </p>
   </div>
   <div class='ocr_carea' id='block_1_30' title="bbox 2283 1557 3882 1622">
    <p class='ocr_par' dir='ltr' id='par_1_30' title="bbox 2283 1557 3882 1622">
     <span class='ocr_line' id='line_1_30' title="bbox 2283 1557 3882 1622; baseline -0.004 -8"><span class='ocrx_word' id='word_1_192' title='bbox 2283 1559 2544 1614; x_wconf 77' lang='lat' dir='ltr'><strong>feretrum</strong></span> <span class='ocrx_word' id='word_1_193' title='bbox 2592 1558 2897 1614; x_wconf 90' lang='lat' dir='ltr'><strong>incredibili</strong></span> <span class='ocrx_word' id='word_1_194' title='bbox 2954 1557 3207 1620; x_wconf 71' lang='lat' dir='ltr'><strong>tumultu,</strong></span> <span class='ocrx_word' id='word_1_195' title='bbox 3264 1566 3319 1612; x_wconf 92' lang='lat' dir='ltr'><strong>et</strong></span> <span class='ocrx_word' id='word_1_196' title='bbox 3377 1557 3642 1612; x_wconf 85' lang='lat' dir='ltr'><strong>undarum</strong></span> <span class='ocrx_word' id='word_1_197' title='bbox 3704 1569 3882 1622; x_wconf 84' lang='lat' dir='ltr'><strong>more,</strong></span> 
     </span>
    </p>
   </div>
   <div class='ocr_carea' id='block_1_31' title="bbox 2285 1647 3884 1720">
    <p class='ocr_par' dir='ltr' id='par_1_31' title="bbox 2285 1647 3884 1720">
     <span class='ocr_line' id='line_1_31' title="bbox 2285 1647 3884 1720; baseline -0.004 -15"><span class='ocrx_word' id='word_1_198' title='bbox 2285 1661 2466 1705; x_wconf 87' lang='lat' dir='ltr'><strong>essent</strong></span> <span class='ocrx_word' id='word_1_199' title='bbox 2504 1649 2928 1720; x_wconf 89' lang='lat' dir='ltr'><strong>impedimento:</strong></span> <span class='ocrx_word' id='word_1_200' title='bbox 2988 1657 3287 1719; x_wconf 73' lang='lat' dir='ltr'><strong>paratoque</strong></span> <span class='ocrx_word' id='word_1_201' title='bbox 3341 1647 3593 1718; x_wconf 87' lang='lat' dir='ltr'><strong>sepulcro</strong></span> <span class='ocrx_word' id='word_1_202' title='bbox 3621 1662 3686 1700; x_wconf 80' lang='lat' dir='ltr'><strong>ex</strong></span> <span class='ocrx_word' id='word_1_203' title='bbox 3729 1661 3884 1701; x_wconf 83' lang='lat' dir='ltr'><strong>mar-</strong></span> 
     </span>
    </p>
   </div>
   <div class='ocr_carea' id='block_1_32' title="bbox 2287 1739 3886 1811">
    <p class='ocr_par' dir='ltr' id='par_1_32' title="bbox 2287 1739 3886 1811">
     <span class='ocr_line' id='line_1_32' title="bbox 2287 1739 3886 1811; baseline -0.003 -13"><span class='ocrx_word' id='word_1_204' title='bbox 2287 1757 2438 1798; x_wconf 87' lang='lat' dir='ltr'><strong>more</strong></span> <span class='ocrx_word' id='word_1_205' title='bbox 2498 1743 2921 1808; x_wconf 90' lang='lat' dir='ltr'><strong>candidissimo,</strong></span> <span class='ocrx_word' id='word_1_206' title='bbox 2976 1742 3049 1797; x_wconf 87' lang='lat' dir='ltr'><strong>ibi</strong></span> <span class='ocrx_word' id='word_1_207' title='bbox 3114 1756 3314 1811; x_wconf 82' lang='lat' dir='ltr'><strong>corpus</strong></span> <span class='ocrx_word' id='word_1_208' title='bbox 3378 1755 3502 1796; x_wconf 92' lang='lat' dir='ltr'><strong>cum</strong></span> <span class='ocrx_word' id='word_1_209' title='bbox 3555 1739 3780 1810; x_wconf 83' lang='lat' dir='ltr'><strong>hymnis</strong></span> <span class='ocrx_word' id='word_1_210' title='bbox 3829 1748 3886 1793; x_wconf 83' lang='lat' dir='ltr'><strong>et</strong></span> 
     </span>
    </p>
   </div>
   <div class='ocr_carea' id='block_1_33' title="bbox 605 1833 2919 1916">
    <p class='ocr_par' dir='ltr' id='par_1_33' title="bbox 605 1833 2919 1916">
     <span class='ocr_line' id='line_1_33' title="bbox 605 1833 2919 1916; baseline -0.007 -14"><span class='ocrx_word' id='word_1_211' title='bbox 605 1846 852 1916; x_wconf 81' lang='lat' dir='ltr'><strong>discipuli</strong></span> <span class='ocrx_word' id='word_1_212' title='bbox 883 1860 1025 1914; x_wconf 79' lang='lat' dir='ltr'><strong>saepe</strong></span> <span class='ocrx_word' id='word_1_213' title='bbox 1062 1842 1344 1908; x_wconf 57' lang='lat' dir='ltr'><strong>aelidisse,</strong></span> <span class='ocrx_word' id='word_1_214' title='bbox 1377 1841 1523 1912; x_wconf 90' lang='lat' dir='ltr'><strong>quod</strong></span> <span class='ocrx_word' id='word_1_215' title='bbox 1552 1854 1675 1896; x_wconf 88' lang='lat' dir='ltr'><strong>cum</strong></span> <span class='ocrx_word' id='word_1_216' title='bbox 1707 1845 1930 1910; x_wconf 88' lang='lat' dir='ltr'><strong>propter</strong></span> <span class='ocrx_word' id='word_1_217' title='bbox 1958 1837 2184 1890; x_wconf 91' lang='lat' dir='ltr'><strong>nimium</strong></span> <span class='ocrx_word' id='word_1_218' title='bbox 2218 1835 2261 1893; x_wconf 84' lang='grc' dir='ltr'><strong><em>Β</em></strong></span> <span class='ocrx_word' id='word_1_219' title='bbox 2285 1833 2518 1888; x_wconf 88' lang='lat' dir='ltr'><strong>canticis</strong></span> <span class='ocrx_word' id='word_1_220' title='bbox 2548 1833 2782 1888; x_wconf 89' lang='lat' dir='ltr'><strong>locatum</strong></span> <span class='ocrx_word' id='word_1_221' title='bbox 2813 1841 2919 1887; x_wconf 91' lang='lat' dir='ltr'><strong>est.</strong></span> 
     </span>
    </p>
   </div>
   <div class='ocr_carea' id='block_1_34' title="bbox 606 1926 2182 1996">
    <p class='ocr_par' dir='ltr' id='par_1_34' title="bbox 606 1926 2182 1996">
     <span class='ocr_line' id='line_1_34' title="bbox 606 1926 2182 1996; baseline -0.009 -2"><span class='ocrx_word' id='word_1_222' title='bbox 606 1935 1003 1995; x_wconf 84' lang='lat' dir='ltr'><strong>sermocinandi</strong></span> <span class='ocrx_word' id='word_1_223' title='bbox 1055 1933 1316 1996; x_wconf 86' lang='lat' dir='ltr'><strong>laborem,</strong></span> <span class='ocrx_word' id='word_1_224' title='bbox 1375 1940 1534 1988; x_wconf 85' lang='lat' dir='ltr'><strong>nocte</strong></span> <span class='ocrx_word' id='word_1_225' title='bbox 1586 1929 1785 1985; x_wconf 80' lang='lat' dir='ltr'><strong>deinde</strong></span> <span class='ocrx_word' id='word_1_226' title='bbox 1835 1926 1972 1982; x_wconf 81' lang='lat' dir='ltr'><strong>febri</strong></span> <span class='ocrx_word' id='word_1_227' title='bbox 2031 1926 2182 1980; x_wconf 82' lang='lat' dir='ltr'><strong>labo-</strong></span> 
     </span>
    </p>
   </div>
   <div class='ocr_carea' id='block_1_35' title="bbox 608 2015 2188 2092">
    <p class='ocr_par' dir='ltr' id='par_1_35' title="bbox 608 2015 2188 2092">
     <span class='ocr_line' id='line_1_35' title="bbox 608 2015 2188 2092; baseline -0.008 -9"><span class='ocrx_word' id='word_1_228' title='bbox 608 2037 825 2092; x_wconf 87' lang='lat' dir='ltr'><strong>rasset,</strong></span> <span class='ocrx_word' id='word_1_229' title='bbox 876 2025 1229 2080; x_wconf 84' lang='lat' dir='ltr'><strong>nihilominus</strong></span> <span class='ocrx_word' id='word_1_230' title='bbox 1295 2035 1456 2076; x_wconf 89' lang='lat' dir='ltr'><strong>mane</strong></span> <span class='ocrx_word' id='word_1_231' title='bbox 1509 2020 1797 2075; x_wconf 88' lang='lat' dir='ltr'><strong>missarum</strong></span> <span class='ocrx_word' id='word_1_232' title='bbox 1855 2015 2188 2073; x_wconf 89' lang='lat' dir='ltr'><strong>solemnibus</strong></span> 
     </span>
    </p>
   </div>
   <div class='ocr_carea' id='block_1_36' title="bbox 603 2113 2184 2190">
    <p class='ocr_par' dir='ltr' id='par_1_36' title="bbox 603 2113 2184 2190">
     <span class='ocr_line' id='line_1_36' title="bbox 603 2113 2184 2190; baseline -0.008 -15"><span class='ocrx_word' id='word_1_233' title='bbox 603 2120 855 2190; x_wconf 81' lang='lat' dir='ltr'><strong>expletis,</strong></span> <span class='ocrx_word' id='word_1_234' title='bbox 887 2133 1011 2172; x_wconf 89' lang='lat' dir='ltr'><strong>eum</strong></span> <span class='ocrx_word' id='word_1_235' title='bbox 1077 2129 1383 2171; x_wconf 87' lang='lat' dir='ltr'><strong>sermonem</strong></span> <span class='ocrx_word' id='word_1_236' title='bbox 1420 2128 1593 2184; x_wconf 89' lang='lat' dir='ltr'><strong>usque</strong></span> <span class='ocrx_word' id='word_1_237' title='bbox 1634 2113 1687 2166; x_wconf 89' lang='lat' dir='ltr'><strong>in</strong></span> <span class='ocrx_word' id='word_1_238' title='bbox 1735 2113 1922 2167; x_wconf 87' lang='lat' dir='ltr'><strong>horam</strong></span> <span class='ocrx_word' id='word_1_239' title='bbox 1974 2121 2184 2164; x_wconf 68' lang='lat' dir='ltr'><strong>sextam</strong></span> 
     </span>
    </p>
   </div>
   <div class='ocr_carea' id='block_1_37' title="bbox 608 2205 2188 2278">
    <p class='ocr_par' dir='ltr' id='par_1_37' title="bbox 608 2205 2188 2278">
     <span class='ocr_line' id='line_1_37' title="bbox 608 2205 2188 2278; baseline -0.008 -10"><span class='ocrx_word' id='word_1_240' title='bbox 608 2227 796 2268; x_wconf 87' lang='lat' dir='ltr'><strong>rursus</strong></span> <span class='ocrx_word' id='word_1_241' title='bbox 825 2212 1029 2266; x_wconf 90' lang='lat' dir='ltr'><strong>habere</strong></span> <span class='ocrx_word' id='word_1_242' title='bbox 1063 2223 1338 2278; x_wconf 87' lang='lat' dir='ltr'><strong>nunquam</strong></span> <span class='ocrx_word' id='word_1_243' title='bbox 1385 2205 1704 2276; x_wconf 71' lang='lat' dir='ltr'><strong>neglexisse,</strong></span> <span class='ocrx_word' id='word_1_244' title='bbox 1736 2218 1989 2274; x_wconf 79' lang='lat' dir='ltr'><strong>magnum</strong></span> <span class='ocrx_word' id='word_1_245' title='bbox 2019 2217 2188 2270; x_wconf 68' lang='lat' dir='ltr'><strong>saepe-</strong></span> 
     </span>
    </p>
   </div>
   <div class='ocr_carea' id='block_1_38' title="bbox 604 2295 2188 2369">
    <p class='ocr_par' dir='ltr' id='par_1_38' title="bbox 604 2295 2188 2369">
     <span class='ocr_line' id='line_1_38' title="bbox 604 2295 2188 2369; baseline -0.009 -10"><span class='ocrx_word' id='word_1_246' title='bbox 604 2318 832 2360; x_wconf 91' lang='lat' dir='ltr'><strong>numero</strong></span> <span class='ocrx_word' id='word_1_247' title='bbox 863 2303 929 2357; x_wconf 90' lang='lat' dir='ltr'><strong>de</strong></span> <span class='ocrx_word' id='word_1_248' title='bbox 977 2316 1036 2355; x_wconf 87' lang='lat' dir='ltr'><strong>se</strong></span> <span class='ocrx_word' id='word_1_249' title='bbox 1092 2297 1382 2369; x_wconf 75' lang='lat' dir='ltr'><strong>przebendo</strong></span> <span class='ocrx_word' id='word_1_250' title='bbox 1417 2295 1759 2359; x_wconf 86' lang='lat' dir='ltr'><strong>miraculum,</strong></span> <span class='ocrx_word' id='word_1_251' title='bbox 1797 2295 1924 2348; x_wconf 90' lang='lat' dir='ltr'><strong>dum</strong></span> <span class='ocrx_word' id='word_1_252' title='bbox 1973 2307 2188 2361; x_wconf 84' lang='lat' dir='ltr'><strong>semper</strong></span> 
     </span>
    </p>
   </div>
   <div class='ocr_carea' id='block_1_39' title="bbox 604 2383 2186 2468">
    <p class='ocr_par' dir='ltr' id='par_1_39' title="bbox 604 2383 2186 2468">
     <span class='ocr_line' id='line_1_39' title="bbox 604 2383 2186 2468; baseline -0.009 -17"><span class='ocrx_word' id='word_1_253' title='bbox 604 2397 759 2468; x_wconf 88' lang='lat' dir='ltr'><strong>quasi</strong></span> <span class='ocrx_word' id='word_1_254' title='bbox 791 2401 1079 2450; x_wconf 82' lang='lat' dir='ltr'><strong>renovatus</strong></span> <span class='ocrx_word' id='word_1_255' title='bbox 1127 2389 1298 2446; x_wconf 89' lang='lat' dir='ltr'><strong>oculis</strong></span> <span class='ocrx_word' id='word_1_256' title='bbox 1325 2388 1568 2443; x_wconf 89' lang='lat' dir='ltr'><strong>omnium</strong></span> <span class='ocrx_word' id='word_1_257' title='bbox 1615 2395 1925 2458; x_wconf 77' lang='lat' dir='ltr'><strong>appareret,</strong></span> <span class='ocrx_word' id='word_1_258' title='bbox 1969 2383 2186 2454; x_wconf 80' lang='lat' dir='ltr'><strong>quando</strong></span> 
     </span>
    </p>
   </div>
   <div class='ocr_carea' id='block_1_40' title="bbox 603 2475 2190 2556">
    <p class='ocr_par' dir='ltr' id='par_1_40' title="bbox 603 2475 2190 2556">
     <span class='ocr_line' id='line_1_40' title="bbox 603 2475 2190 2556; baseline -0.008 -16"><span class='ocrx_word' id='word_1_259' title='bbox 603 2484 996 2556; x_wconf 84' lang='lat' dir='ltr'><strong>propemodum</strong></span> <span class='ocrx_word' id='word_1_260' title='bbox 1030 2482 1305 2552; x_wconf 87' lang='lat' dir='ltr'><strong>periturus</strong></span> <span class='ocrx_word' id='word_1_261' title='bbox 1342 2493 1464 2535; x_wconf 87' lang='lat' dir='ltr'><strong>esse</strong></span> <span class='ocrx_word' id='word_1_262' title='bbox 1490 2479 1822 2533; x_wconf 82' lang='lat' dir='ltr'><strong>crederetur.</strong></span> <span class='ocrx_word' id='word_1_263' title='bbox 1866 2475 1972 2531; x_wconf 88' lang='lat' dir='ltr'><strong>Sed</strong></span> <span class='ocrx_word' id='word_1_264' title='bbox 2019 2475 2190 2529; x_wconf 74' lang='lat' dir='ltr'><strong>tuati-</strong></span> 
     </span>
    </p>
   </div>
   <div class='ocr_carea' id='block_1_41' title="bbox 607 2566 2192 2640">
    <p class='ocr_par' dir='ltr' id='par_1_41' title="bbox 607 2566 2192 2640">
     <span class='ocr_line' id='line_1_41' title="bbox 607 2566 2192 2640; baseline -0.006 -10"><span class='ocrx_word' id='word_1_265' title='bbox 607 2591 756 2631; x_wconf 87' lang='lat' dir='ltr'><strong>mum</strong></span> <span class='ocrx_word' id='word_1_266' title='bbox 804 2574 934 2629; x_wconf 91' lang='lat' dir='ltr'><strong>illud</strong></span> <span class='ocrx_word' id='word_1_267' title='bbox 963 2587 1151 2628; x_wconf 90' lang='lat' dir='ltr'><strong>omnes</strong></span> <span class='ocrx_word' id='word_1_268' title='bbox 1177 2586 1286 2625; x_wconf 91' lang='lat' dir='ltr'><strong>uno</strong></span> <span class='ocrx_word' id='word_1_269' title='bbox 1310 2585 1405 2626; x_wconf 87' lang='lat' dir='ltr'><strong>ore</strong></span> <span class='ocrx_word' id='word_1_270' title='bbox 1451 2568 1840 2640; x_wconf 68' lang='lat' dir='ltr'><strong>praedicabant,</strong></span> <span class='ocrx_word' id='word_1_271' title='bbox 1892 2566 2034 2635; x_wconf 81' lang='lat' dir='ltr'><strong>quod</strong></span> <span class='ocrx_word' id='word_1_272' title='bbox 2069 2566 2192 2620; x_wconf 76' lang='lat' dir='ltr'><strong>licet</strong></span> 
     </span>
    </p>
   </div>
   <div class='ocr_carea' id='block_1_42' title="bbox 606 2655 2192 2734">
    <p class='ocr_par' dir='ltr' id='par_1_42' title="bbox 606 2655 2192 2734">
     <span class='ocr_line' id='line_1_42' title="bbox 606 2655 2192 2734; baseline -0.008 -16"><span class='ocrx_word' id='word_1_273' title='bbox 606 2663 793 2734; x_wconf 87' lang='lat' dir='ltr'><strong>longos</strong></span> <span class='ocrx_word' id='word_1_274' title='bbox 839 2675 1054 2730; x_wconf 88' lang='lat' dir='ltr'><strong>semper</strong></span> <span class='ocrx_word' id='word_1_275' title='bbox 1097 2659 1325 2714; x_wconf 89' lang='lat' dir='ltr'><strong>haberet</strong></span> <span class='ocrx_word' id='word_1_276' title='bbox 1359 2673 1660 2720; x_wconf 87' lang='lat' dir='ltr'><strong>sermones,</strong></span> <span class='ocrx_word' id='word_1_277' title='bbox 1707 2655 1839 2711; x_wconf 90' lang='lat' dir='ltr'><strong>nulli</strong></span> <span class='ocrx_word' id='word_1_278' title='bbox 1883 2665 2060 2710; x_wconf 80' lang='lat' dir='ltr'><strong>tamen</strong></span> <span class='ocrx_word' id='word_1_279' title='bbox 2091 2671 2192 2707; x_wconf 59' lang='lat' dir='ltr'><strong>uno</strong></span> 
     </span>
    </p>
   </div>
   <div class='ocr_carea' id='block_1_43' title="bbox 605 2743 2189 2825">
    <p class='ocr_par' dir='ltr' id='par_1_43' title="bbox 605 2743 2189 2825">
     <span class='ocr_line' id='line_1_43' title="bbox 605 2743 2189 2825; baseline -0.007 -18"><span class='ocrx_word' id='word_1_280' title='bbox 605 2769 767 2825; x_wconf 89' lang='lat' dir='ltr'><strong>quam</strong></span> <span class='ocrx_word' id='word_1_281' title='bbox 817 2763 1079 2807; x_wconf 82' lang='lat' dir='ltr'><strong>onerosus</strong></span> <span class='ocrx_word' id='word_1_282' title='bbox 1114 2757 1197 2802; x_wconf 88' lang='lat' dir='ltr'><strong>est</strong></span> <span class='ocrx_word' id='word_1_283' title='bbox 1251 2746 1466 2812; x_wconf 83' lang='lat' dir='ltr'><strong>factus;</strong></span> <span class='ocrx_word' id='word_1_284' title='bbox 1500 2746 1627 2815; x_wconf 89' lang='lat' dir='ltr'><strong>quin</strong></span> <span class='ocrx_word' id='word_1_285' title='bbox 1671 2745 1834 2800; x_wconf 87' lang='lat' dir='ltr'><strong>etiam</strong></span> <span class='ocrx_word' id='word_1_286' title='bbox 1894 2751 2043 2798; x_wconf 86' lang='lat' dir='ltr'><strong>tanta</strong></span> <span class='ocrx_word' id='word_1_287' title='bbox 2079 2743 2189 2796; x_wconf 70' lang='lat' dir='ltr'><strong>sia-</strong></span> 
     </span>
    </p>
   </div>
   <div class='ocr_carea' id='block_1_44' title="bbox 605 2833 2188 2916">
    <p class='ocr_par' dir='ltr' id='par_1_44' title="bbox 605 2833 2188 2916">
     <span class='ocr_line' id='line_1_44' title="bbox 605 2833 2188 2916; baseline -0.006 -19"><span class='ocrx_word' id='word_1_288' title='bbox 605 2844 758 2916; x_wconf 88' lang='lat' dir='ltr'><strong>gulos</strong></span> <span class='ocrx_word' id='word_1_289' title='bbox 781 2839 1045 2895; x_wconf 80' lang='lat' dir='ltr'><strong>alliciebat</strong></span> <span class='ocrx_word' id='word_1_290' title='bbox 1063 2836 1439 2900; x_wconf 88' lang='lat' dir='ltr'><strong>delectatione,</strong></span> <span class='ocrx_word' id='word_1_291' title='bbox 1467 2845 1527 2889; x_wconf 89' lang='lat' dir='ltr'><strong>ut</strong></span> <span class='ocrx_word' id='word_1_292' title='bbox 1550 2835 1902 2891; x_wconf 88' lang='lat' dir='ltr'><strong>brevissimus</strong></span> <span class='ocrx_word' id='word_1_293' title='bbox 1937 2833 2188 2887; x_wconf 77' lang='lat' dir='ltr'><strong>omnibus</strong></span> 
     </span>
    </p>
   </div>
   <div class='ocr_carea' id='block_1_45' title="bbox 605 2923 2191 2999">
    <p class='ocr_par' dir='ltr' id='par_1_45' title="bbox 605 2923 2191 2999">
     <span class='ocr_line' id='line_1_45' title="bbox 605 2923 2191 2999; baseline -0.008 -12"><span class='ocrx_word' id='word_1_294' title='bbox 605 2934 919 2996; x_wconf 85' lang='lat' dir='ltr'><strong>videretur;</strong></span> <span class='ocrx_word' id='word_1_295' title='bbox 980 2927 1283 2999; x_wconf 78' lang='lat' dir='ltr'><strong>relegentes</strong></span> <span class='ocrx_word' id='word_1_296' title='bbox 1328 2925 1592 2996; x_wconf 90' lang='lat' dir='ltr'><strong>scriptum</strong></span> <span class='ocrx_word' id='word_1_297' title='bbox 1653 2940 1812 2980; x_wconf 88' lang='lat' dir='ltr'><strong>esse:</strong></span> <span class='ocrx_word' id='word_1_298' title='bbox 1875 2923 1996 2977; x_wconf 85' lang='lat' dir='ltr'><strong>Non</strong></span> <span class='ocrx_word' id='word_1_299' title='bbox 2053 2923 2191 2976; x_wconf 82' lang='lat' dir='ltr'><strong>enim</strong></span> 
     </span>
    </p>
   </div>
   <div class='ocr_carea' id='block_1_46' title="bbox 605 3011 2189 3090">
    <p class='ocr_par' dir='ltr' id='par_1_46' title="bbox 605 3011 2189 3090">
     <span class='ocr_line' id='line_1_46' title="bbox 605 3011 2189 3090; baseline -0.009 -12"><span class='ocrx_word' id='word_1_300' title='bbox 605 3040 694 3078; x_wconf 80' lang='lat' dir='ltr'><strong>ros</strong></span> <span class='ocrx_word' id='word_1_301' title='bbox 751 3021 874 3075; x_wconf 78' lang='lat' dir='ltr'><strong>estis</strong></span> <span class='ocrx_word' id='word_1_302' title='bbox 915 3018 1005 3090; x_wconf 83' lang='lat' dir='ltr'><strong>qui</strong></span> <span class='ocrx_word' id='word_1_303' title='bbox 1052 3016 1350 3088; x_wconf 77' lang='lat' dir='ltr'><strong>loquimini,</strong></span> <span class='ocrx_word' id='word_1_304' title='bbox 1402 3014 1494 3070; x_wconf 77' lang='lat' dir='ltr'><strong>sed</strong></span> <span class='ocrx_word' id='word_1_305' title='bbox 1525 3013 1752 3085; x_wconf 80' lang='lat' dir='ltr'><strong>Spiritus</strong></span> <span class='ocrx_word' id='word_1_306' title='bbox 1805 3011 1982 3066; x_wconf 76' lang='lat' dir='ltr'><strong>Patris</strong></span> <span class='ocrx_word' id='word_1_307' title='bbox 2012 3012 2189 3074; x_wconf 82' lang='lat' dir='ltr'><strong>vestri,</strong></span> 
     </span>
    </p>
   </div>
   <div class='ocr_carea' id='block_1_47' title="bbox 604 3106 2190 3192">
    <p class='ocr_par' dir='ltr' id='par_1_47' title="bbox 604 3106 2190 3192">
     <span class='ocr_line' id='line_1_47' title="bbox 604 3106 2190 3192; baseline -0.009 -19"><span class='ocrx_word' id='word_1_308' title='bbox 604 3120 694 3192; x_wconf 80' lang='lat' dir='ltr'><strong>qui</strong></span> <span class='ocrx_word' id='word_1_309' title='bbox 717 3117 948 3187; x_wconf 84' lang='lat' dir='ltr'><strong>loquitur</strong></span> <span class='ocrx_word' id='word_1_310' title='bbox 975 3116 1030 3168; x_wconf 85' lang='lat' dir='ltr'><strong>in</strong></span> <span class='ocrx_word' id='word_1_311' title='bbox 1063 3113 1206 3168; x_wconf 80' lang='lat' dir='ltr'><strong>vobis</strong></span> <span class='ocrx_word' id='word_1_312' title='bbox 1237 3109 1453 3182; x_wconf 80' lang='lat' dir='ltr'><strong>(Matth.</strong></span> <span class='ocrx_word' id='word_1_313' title='bbox 1498 3110 1577 3179; x_wconf 87' lang='lat' dir='ltr'><strong>x).</strong></span> <span class='ocrx_word' id='word_1_314' title='bbox 1605 3109 1736 3164; x_wconf 90' lang='lat' dir='ltr'><strong>lllud</strong></span> <span class='ocrx_word' id='word_1_315' title='bbox 1767 3121 1980 3177; x_wconf 85' lang='lat' dir='ltr'><strong>quoque</strong></span> <span class='ocrx_word' id='word_1_316' title='bbox 2023 3106 2190 3160; x_wconf 82' lang='lat' dir='ltr'><strong>adde-</strong></span> 
     </span>
    </p>
   </div>
   <div class='ocr_carea' id='block_1_48' title="bbox 2360 1921 3886 1994">
    <p class='ocr_par' dir='ltr' id='par_1_48' title="bbox 2360 1921 3886 1994">
     <span class='ocr_line' id='line_1_48' title="bbox 2360 1921 3886 1994; baseline -0.001 -16"><span class='ocrx_word' id='word_1_317' title='bbox 2360 1923 2417 1978; x_wconf 90' lang='lat' dir='ltr'><strong>ln</strong></span> <span class='ocrx_word' id='word_1_318' title='bbox 2462 1924 2709 1993; x_wconf 86' lang='lat' dir='ltr'><strong>sequenti</strong></span> <span class='ocrx_word' id='word_1_319' title='bbox 2765 1937 2949 1978; x_wconf 89' lang='lat' dir='ltr'><strong>mense</strong></span> <span class='ocrx_word' id='word_1_320' title='bbox 2988 1922 3213 1993; x_wconf 82' lang='lat' dir='ltr'><strong>Augusti</strong></span> <span class='ocrx_word' id='word_1_321' title='bbox 3268 1923 3520 1994; x_wconf 79' lang='lat' dir='ltr'><strong>apparuit</strong></span> <span class='ocrx_word' id='word_1_322' title='bbox 3572 1923 3633 1976; x_wconf 86' lang='grc' dir='ltr'><strong>Β.</strong></span> <span class='ocrx_word' id='word_1_323' title='bbox 3689 1921 3886 1978; x_wconf 77' lang='lat' dir='ltr'><strong>Petrus</strong></span> 
     </span>
    </p>
   </div>
   <div class='ocr_carea' id='block_1_49' title="bbox 2291 2009 3884 2087">
    <p class='ocr_par' dir='ltr' id='par_1_49' title="bbox 2291 2009 3884 2087">
     <span class='ocr_line' id='line_1_49' title="bbox 2291 2009 3884 2087; baseline 0 -17"><span class='ocrx_word' id='word_1_324' title='bbox 2291 2014 2512 2070; x_wconf 81' lang='lat' dir='ltr'><strong>Urbano</strong></span> <span class='ocrx_word' id='word_1_325' title='bbox 2569 2015 2749 2069; x_wconf 85' lang='lat' dir='ltr'><strong>abbati</strong></span> <span class='ocrx_word' id='word_1_326' title='bbox 2796 2015 3032 2070; x_wconf 73' lang='lat' dir='ltr'><strong>emnohii</strong></span> <span class='ocrx_word' id='word_1_327' title='bbox 3084 2016 3143 2070; x_wconf 89' lang='lat' dir='ltr'><strong>S.</strong></span> <span class='ocrx_word' id='word_1_328' title='bbox 3194 2009 3441 2087; x_wconf 78' lang='lat' dir='ltr'><strong>Gregorii</strong></span> <span class='ocrx_word' id='word_1_329' title='bbox 3496 2015 3884 2078; x_wconf 81' lang='lat' dir='ltr'><strong>Ariminensis,</strong></span> 
     </span>
    </p>
   </div>
   <div class='ocr_carea' id='block_1_50' title="bbox 2293 2106 3884 2178">
    <p class='ocr_par' dir='ltr' id='par_1_50' title="bbox 2293 2106 3884 2178">
     <span class='ocr_line' id='line_1_50' title="bbox 2293 2106 3884 2178; baseline 0.001 -18"><span class='ocrx_word' id='word_1_330' title='bbox 2293 2106 2430 2160; x_wconf 69' lang='lat' dir='ltr'><strong>i..fra</strong></span> <span class='ocrx_word' id='word_1_331' title='bbox 2463 2106 2862 2162; x_wconf 88' lang='lat' dir='ltr'><strong>multitudinem</strong></span> <span class='ocrx_word' id='word_1_332' title='bbox 2890 2107 3267 2178; x_wconf 89' lang='lat' dir='ltr'><strong>episcoporum</strong></span> <span class='ocrx_word' id='word_1_333' title='bbox 3291 2109 3727 2168; x_wconf 87' lang='lat' dir='ltr'><strong>candidatorum.</strong></span> <span class='ocrx_word' id='word_1_334' title='bbox 3760 2123 3884 2164; x_wconf 90' lang='lat' dir='ltr'><strong>cum</strong></span> 
     </span>
    </p>
   </div>
   <div class='ocr_carea' id='block_1_51' title="bbox 2292 2194 3885 2269">
    <p class='ocr_par' dir='ltr' id='par_1_51' title="bbox 2292 2194 3885 2269">
     <span class='ocr_line' id='line_1_51' title="bbox 2292 2194 3885 2269; baseline 0.001 -17"><span class='ocrx_word' id='word_1_335' title='bbox 2292 2197 2455 2252; x_wconf 83' lang='lat' dir='ltr'><strong>infula</strong></span> <span class='ocrx_word' id='word_1_336' title='bbox 2487 2199 2538 2252; x_wconf 91' lang='lat' dir='ltr'><strong>in</strong></span> <span class='ocrx_word' id='word_1_337' title='bbox 2583 2199 2780 2268; x_wconf 90' lang='lat' dir='ltr'><strong>capite,</strong></span> <span class='ocrx_word' id='word_1_338' title='bbox 2819 2208 2873 2252; x_wconf 93' lang='lat' dir='ltr'><strong>et</strong></span> <span class='ocrx_word' id='word_1_339' title='bbox 2897 2199 3042 2267; x_wconf 85' lang='lat' dir='ltr'><strong>virga</strong></span> <span class='ocrx_word' id='word_1_340' title='bbox 3074 2194 3333 2268; x_wconf 86' lang='lat' dir='ltr'><strong>pastoraii</strong></span> <span class='ocrx_word' id='word_1_341' title='bbox 3373 2199 3431 2252; x_wconf 74' lang='lat' dir='ltr'><strong>in</strong></span> <span class='ocrx_word' id='word_1_342' title='bbox 3464 2215 3647 2262; x_wconf 90' lang='lat' dir='ltr'><strong>manu,</strong></span> <span class='ocrx_word' id='word_1_343' title='bbox 3681 2214 3885 2269; x_wconf 84' lang='lat' dir='ltr'><strong>eosque</strong></span> 
     </span>
    </p>
   </div>
   <div class='ocr_carea' id='block_1_52' title="bbox 2290 2290 3882 2361">
    <p class='ocr_par' dir='ltr' id='par_1_52' title="bbox 2290 2290 3882 2361">
     <span class='ocr_line' id='line_1_52' title="bbox 2290 2290 3882 2361; baseline 0.002 -18"><span class='ocrx_word' id='word_1_344' title='bbox 2290 2292 2490 2345; x_wconf 87' lang='lat' dir='ltr'><strong>docens</strong></span> <span class='ocrx_word' id='word_1_345' title='bbox 2523 2305 2643 2360; x_wconf 76' lang='lat' dir='ltr'><strong>qu;e</strong></span> <span class='ocrx_word' id='word_1_346' title='bbox 2672 2291 2739 2344; x_wconf 90' lang='lat' dir='ltr'><strong>ad</strong></span> <span class='ocrx_word' id='word_1_347' title='bbox 2766 2290 2931 2346; x_wconf 89' lang='lat' dir='ltr'><strong>Deum</strong></span> <span class='ocrx_word' id='word_1_348' title='bbox 2959 2292 3252 2360; x_wconf 85' lang='lat' dir='ltr'><strong>pertinent,</strong></span> <span class='ocrx_word' id='word_1_349' title='bbox 3283 2300 3338 2345; x_wconf 91' lang='lat' dir='ltr'><strong>et</strong></span> <span class='ocrx_word' id='word_1_350' title='bbox 3384 2292 3679 2361; x_wconf 88' lang='lat' dir='ltr'><strong>increpans</strong></span> <span class='ocrx_word' id='word_1_351' title='bbox 3709 2292 3882 2354; x_wconf 87' lang='lat' dir='ltr'><strong>illum,</strong></span> 
     </span>
    </p>
   </div>
   <div class='ocr_carea' id='block_1_53' title="bbox 2291 2385 3886 2457">
    <p class='ocr_par' dir='ltr' id='par_1_53' title="bbox 2291 2385 3886 2457">
     <span class='ocr_line' id='line_1_53' title="bbox 2291 2385 3886 2457; baseline 0.006 -23"><span class='ocrx_word' id='word_1_352' title='bbox 2291 2385 2433 2453; x_wconf 88' lang='lat' dir='ltr'><strong>quod</strong></span> <span class='ocrx_word' id='word_1_353' title='bbox 2459 2401 2735 2454; x_wconf 89' lang='lat' dir='ltr'><strong>nunquam</strong></span> <span class='ocrx_word' id='word_1_354' title='bbox 2784 2386 2850 2439; x_wconf 91' lang='lat' dir='ltr'><strong>ad</strong></span> <span class='ocrx_word' id='word_1_355' title='bbox 2881 2385 3030 2439; x_wconf 90' lang='lat' dir='ltr'><strong>illum</strong></span> <span class='ocrx_word' id='word_1_356' title='bbox 3056 2387 3316 2452; x_wconf 54' lang='lat' dir='ltr'><strong>venisset,</strong></span> <span class='ocrx_word' id='word_1_357' title='bbox 3345 2403 3506 2457; x_wconf 84' lang='lat' dir='ltr'><strong>quem</strong></span> <span class='ocrx_word' id='word_1_358' title='bbox 3542 2405 3667 2445; x_wconf 84' lang='lat' dir='ltr'><strong>cum</strong></span> <span class='ocrx_word' id='word_1_359' title='bbox 3697 2390 3886 2444; x_wconf 88' lang='lat' dir='ltr'><strong>multis</strong></span> 
     </span>
    </p>
   </div>
   <div class='ocr_carea' id='block_1_54' title="bbox 2293 2475 3884 2547">
    <p class='ocr_par' dir='ltr' id='par_1_54' title="bbox 2293 2475 3884 2547">
     <span class='ocr_line' id='line_1_54' title="bbox 2293 2475 3884 2547; baseline 0.005 -21"><span class='ocrx_word' id='word_1_360' title='bbox 2293 2475 2412 2528; x_wconf 84' lang='lat' dir='ltr'><strong>aliis</strong></span> <span class='ocrx_word' id='word_1_361' title='bbox 2447 2477 2802 2530; x_wconf 83' lang='lat' dir='ltr'><strong>enntriverat.</strong></span> <span class='ocrx_word' id='word_1_362' title='bbox 2843 2475 2946 2542; x_wconf 85' lang='lat' dir='ltr'><strong>Qui</strong></span> <span class='ocrx_word' id='word_1_363' title='bbox 2979 2478 3338 2547; x_wconf 88' lang='lat' dir='ltr'><strong>respondens,</strong></span> <span class='ocrx_word' id='word_1_364' title='bbox 3367 2493 3426 2533; x_wconf 84' lang='lat' dir='ltr'><strong>se</strong></span> <span class='ocrx_word' id='word_1_365' title='bbox 3464 2479 3678 2534; x_wconf 77' lang='lat' dir='ltr'><strong>nescire</strong></span> <span class='ocrx_word' id='word_1_366' title='bbox 3704 2479 3884 2535; x_wconf 89' lang='lat' dir='ltr'><strong>locum</strong></span> 
     </span>
    </p>
   </div>
   <div class='ocr_carea' id='block_1_55' title="bbox 2296 2566 3884 2640">
    <p class='ocr_par' dir='ltr' id='par_1_55' title="bbox 2296 2566 3884 2640">
     <span class='ocr_line' id='line_1_55' title="bbox 2296 2566 3884 2640; baseline 0.004 -20"><span class='ocrx_word' id='word_1_367' title='bbox 2296 2566 2382 2620; x_wconf 74' lang='lat' dir='ltr'><strong>ubi</strong></span> <span class='ocrx_word' id='word_1_368' title='bbox 2435 2575 2598 2631; x_wconf 73' lang='lat' dir='ltr'><strong>esset,</strong></span> <span class='ocrx_word' id='word_1_369' title='bbox 2647 2567 2854 2622; x_wconf 89' lang='lat' dir='ltr'><strong>audivit</strong></span> <span class='ocrx_word' id='word_1_370' title='bbox 2902 2568 2970 2624; x_wconf 89' lang='lat' dir='ltr'><strong>ab</strong></span> <span class='ocrx_word' id='word_1_371' title='bbox 3023 2583 3126 2624; x_wconf 92' lang='lat' dir='ltr'><strong>eo:</strong></span> <span class='ocrx_word' id='word_1_372' title='bbox 3178 2566 3443 2640; x_wconf 82' lang='lat' dir='ltr'><strong>Equidem</strong></span> <span class='ocrx_word' id='word_1_373' title='bbox 3503 2571 3557 2625; x_wconf 91' lang='lat' dir='ltr'><strong>in</strong></span> <span class='ocrx_word' id='word_1_374' title='bbox 3614 2573 3778 2626; x_wconf 90' lang='lat' dir='ltr'><strong>domo</strong></span> <span class='ocrx_word' id='word_1_375' title='bbox 3825 2571 3884 2626; x_wconf 93' lang='lat' dir='ltr'><strong>S.</strong></span> 
     </span>
    </p>
   </div>
   <div class='ocr_carea' id='block_1_56' title="bbox 2293 2656 3884 2732">
    <p class='ocr_par' dir='ltr' id='par_1_56' title="bbox 2293 2656 3884 2732">
     <span class='ocr_line' id='line_1_56' title="bbox 2293 2656 3884 2732; baseline 0.006 -22"><span class='ocrx_word' id='word_1_376' title='bbox 2293 2656 2475 2712; x_wconf 75' lang='lat' dir='ltr'><strong>Marite</strong></span> <span class='ocrx_word' id='word_1_377' title='bbox 2502 2658 2704 2723; x_wconf 73' lang='lat' dir='ltr'><strong>habito,</strong></span> <span class='ocrx_word' id='word_1_378' title='bbox 2730 2667 2784 2712; x_wconf 89' lang='lat' dir='ltr'><strong>et</strong></span> <span class='ocrx_word' id='word_1_379' title='bbox 2806 2658 2922 2728; x_wconf 88' lang='lat' dir='ltr'><strong>ejus</strong></span> <span class='ocrx_word' id='word_1_380' title='bbox 2945 2661 3301 2715; x_wconf 85' lang='lat' dir='ltr'><strong>camerarium</strong></span> <span class='ocrx_word' id='word_1_381' title='bbox 3334 2676 3420 2716; x_wconf 89' lang='lat' dir='ltr'><strong>me</strong></span> <span class='ocrx_word' id='word_1_382' title='bbox 3441 2675 3563 2716; x_wconf 89' lang='lat' dir='ltr'><strong>esse</strong></span> <span class='ocrx_word' id='word_1_383' title='bbox 3602 2662 3884 2732; x_wconf 75' lang='lat' dir='ltr'><strong>profiteor.</strong></span> 
     </span>
    </p>
   </div>
   <div class='ocr_carea' id='block_1_57' title="bbox 2294 2748 3889 2821">
    <p class='ocr_par' dir='ltr' id='par_1_57' title="bbox 2294 2748 3889 2821">
     <span class='ocr_line' id='line_1_57' title="bbox 2294 2748 3889 2821; baseline 0.004 -19"><span class='ocrx_word' id='word_1_384' title='bbox 2294 2748 2496 2804; x_wconf 68' lang='lat' dir='ltr'><strong>Deinde</strong></span> <span class='ocrx_word' id='word_1_385' title='bbox 2544 2751 2783 2804; x_wconf 88' lang='lat' dir='ltr'><strong>secunda</strong></span> <span class='ocrx_word' id='word_1_386' title='bbox 2830 2749 2945 2804; x_wconf 87' lang='lat' dir='ltr'><strong>vice</strong></span> <span class='ocrx_word' id='word_1_387' title='bbox 2973 2750 3148 2804; x_wconf 89' lang='lat' dir='ltr'><strong>eidem</strong></span> <span class='ocrx_word' id='word_1_388' title='bbox 3195 2767 3484 2821; x_wconf 89' lang='lat' dir='ltr'><strong>apparens,</strong></span> <span class='ocrx_word' id='word_1_389' title='bbox 3515 2751 3668 2807; x_wconf 90' lang='lat' dir='ltr'><strong>illum</strong></span> <span class='ocrx_word' id='word_1_390' title='bbox 3695 2753 3889 2808; x_wconf 86' lang='lat' dir='ltr'><strong>subtus</strong></span> 
     </span>
    </p>
   </div>
   <div class='ocr_carea' id='block_1_58' title="bbox 2296 2840 3886 2914">
    <p class='ocr_par' dir='ltr' id='par_1_58' title="bbox 2296 2840 3886 2914">
     <span class='ocr_line' id='line_1_58' title="bbox 2296 2840 3886 2914; baseline 0.005 -22"><span class='ocrx_word' id='word_1_391' title='bbox 2296 2840 2599 2894; x_wconf 89' lang='lat' dir='ltr'><strong>auriculam</strong></span> <span class='ocrx_word' id='word_1_392' title='bbox 2650 2842 2925 2896; x_wconf 69' lang='lat' dir='ltr'><strong>sinistram</strong></span> <span class='ocrx_word' id='word_1_393' title='bbox 2966 2843 3115 2912; x_wconf 77' lang='lat' dir='ltr'><strong>virga</strong></span> <span class='ocrx_word' id='word_1_394' title='bbox 3155 2845 3455 2913; x_wconf 87' lang='lat' dir='ltr'><strong>percussit;</strong></span> <span class='ocrx_word' id='word_1_395' title='bbox 3491 2859 3597 2914; x_wconf 85' lang='lat' dir='ltr'><strong>qua</strong></span> <span class='ocrx_word' id='word_1_396' title='bbox 3645 2845 3886 2900; x_wconf 86' lang='lat' dir='ltr'><strong>intume-</strong></span> 
     </span>
    </p>
   </div>
   <div class='ocr_carea' id='block_1_59' title="bbox 2296 2919 3886 3001">
    <p class='ocr_par' dir='ltr' id='par_1_59' title="bbox 2296 2919 3886 3001">
     <span class='ocr_line' id='line_1_59' title="bbox 2296 2919 3886 3001; baseline 0.004 -17"><span class='ocrx_word' id='word_1_397' title='bbox 2296 2940 2500 2992; x_wconf 70' lang='lat' dir='ltr'><strong>scente.</strong></span> <span class='ocrx_word' id='word_1_398' title='bbox 2537 2947 2658 2984; x_wconf 89' lang='lat' dir='ltr'><strong>cum</strong></span> <span class='ocrx_word' id='word_1_399' title='bbox 2691 2946 2883 3001; x_wconf 86' lang='lat' dir='ltr'><strong>magno</strong></span> <span class='ocrx_word' id='word_1_400' title='bbox 2911 2919 3115 2998; x_wconf 81' lang='lat' dir='ltr'><strong>dolore,</strong></span> <span class='ocrx_word' id='word_1_401' title='bbox 3139 2942 3266 2988; x_wconf 90' lang='lat' dir='ltr'><strong>tunc</strong></span> <span class='ocrx_word' id='word_1_402' title='bbox 3295 2933 3382 2988; x_wconf 90' lang='lat' dir='ltr'><strong>ille</strong></span> <span class='ocrx_word' id='word_1_403' title='bbox 3406 2935 3472 2989; x_wconf 90' lang='lat' dir='ltr'><strong>ad</strong></span> <span class='ocrx_word' id='word_1_404' title='bbox 3499 2935 3667 2990; x_wconf 90' lang='lat' dir='ltr'><strong>Deum</strong></span> <span class='ocrx_word' id='word_1_405' title='bbox 3693 2950 3886 3001; x_wconf 90' lang='lat' dir='ltr'><strong>orans,</strong></span> 
     </span>
    </p>
   </div>
   <div class='ocr_carea' id='block_1_60' title="bbox 2297 3020 3889 3095">
    <p class='ocr_par' dir='ltr' id='par_1_60' title="bbox 2297 3020 3889 3095">
     <span class='ocr_line' id='line_1_60' title="bbox 2297 3020 3889 3095; baseline 0.005 -21"><span class='ocrx_word' id='word_1_406' title='bbox 2297 3021 2411 3074; x_wconf 76' lang='lat' dir='ltr'><strong>inec</strong></span> <span class='ocrx_word' id='word_1_407' title='bbox 2453 3020 2639 3074; x_wconf 86' lang='lat' dir='ltr'><strong>habuit</strong></span> <span class='ocrx_word' id='word_1_408' title='bbox 2701 3023 2902 3075; x_wconf 83' lang='lat' dir='ltr'><strong>verba:</strong></span> <span class='ocrx_word' id='word_1_409' title='bbox 2967 3021 3193 3078; x_wconf 89' lang='lat' dir='ltr'><strong>Domine</strong></span> <span class='ocrx_word' id='word_1_410' title='bbox 3234 3024 3398 3088; x_wconf 90' lang='lat' dir='ltr'><strong>Deus,</strong></span> <span class='ocrx_word' id='word_1_411' title='bbox 3445 3027 3536 3095; x_wconf 88' lang='lat' dir='ltr'><strong>qni</strong></span> <span class='ocrx_word' id='word_1_412' title='bbox 3577 3027 3802 3094; x_wconf 63' lang='lat' dir='ltr'><strong>caelum,</strong></span> <span class='ocrx_word' id='word_1_413' title='bbox 3834 3037 3889 3082; x_wconf 90' lang='lat' dir='ltr'><strong>et</strong></span> 
     </span>
    </p>
   </div>
   <div class='ocr_carea' id='block_1_61' title="bbox 2299 3113 3889 3185">
    <p class='ocr_par' dir='ltr' id='par_1_61' title="bbox 2299 3113 3889 3185">
     <span class='ocr_line' id='line_1_61' title="bbox 2299 3113 3889 3185; baseline 0.008 -24"><span class='ocrx_word' id='word_1_414' title='bbox 2299 3118 2521 3174; x_wconf 84' lang='lat' dir='ltr'><strong>terram,</strong></span> <span class='ocrx_word' id='word_1_415' title='bbox 2553 3124 2607 3164; x_wconf 87' lang='lat' dir='ltr'><strong>et</strong></span> <span class='ocrx_word' id='word_1_416' title='bbox 2641 3121 2857 3174; x_wconf 88' lang='lat' dir='ltr'><strong>cuncta,</strong></span> <span class='ocrx_word' id='word_1_417' title='bbox 2895 3127 3016 3182; x_wconf 78' lang='lat' dir='ltr'><strong>qua:</strong></span> <span class='ocrx_word' id='word_1_418' title='bbox 3068 3113 3122 3167; x_wconf 94' lang='lat' dir='ltr'><strong>in</strong></span> <span class='ocrx_word' id='word_1_419' title='bbox 3175 3114 3254 3168; x_wconf 88' lang='lat' dir='ltr'><strong>eis</strong></span> <span class='ocrx_word' id='word_1_420' title='bbox 3292 3125 3437 3179; x_wconf 88' lang='lat' dir='ltr'><strong>sunt,</strong></span> <span class='ocrx_word' id='word_1_421' title='bbox 3477 3117 3794 3185; x_wconf 82' lang='lat' dir='ltr'><strong>condidisti,</strong></span> <span class='ocrx_word' id='word_1_422' title='bbox 3843 3120 3889 3174; x_wconf 87' lang='lat' dir='ltr'><strong>si</strong></span> 
     </span>
    </p>
   </div>
   <div class='ocr_carea' id='block_1_62' title="bbox 605 3190 3892 3278">
    <p class='ocr_par' dir='ltr' id='par_1_62' title="bbox 605 3190 3892 3278">
     <span class='ocr_line' id='line_1_62' title="bbox 605 3190 3892 3278; baseline 0 -13"><span class='ocrx_word' id='word_1_423' title='bbox 605 3190 700 3265; x_wconf 88' lang='lat' dir='ltr'><strong>bat</strong></span> <span class='ocrx_word' id='word_1_424' title='bbox 726 3207 849 3264; x_wconf 75' lang='lat' dir='ltr'><strong>boui</strong></span> <span class='ocrx_word' id='word_1_425' title='bbox 903 3202 1161 3260; x_wconf 79' lang='lat' dir='ltr'><strong>&#39;ratribus</strong></span> <span class='ocrx_word' id='word_1_426' title='bbox 1207 3199 1437 3272; x_wconf 80' lang='lat' dir='ltr'><strong>exempli</strong></span> <span class='ocrx_word' id='word_1_427' title='bbox 1469 3201 1524 3255; x_wconf 91' lang='lat' dir='ltr'><strong>in</strong></span> <span class='ocrx_word' id='word_1_428' title='bbox 1569 3199 1824 3270; x_wconf 85' lang='lat' dir='ltr'><strong>capitulo,</strong></span> <span class='ocrx_word' id='word_1_429' title='bbox 1872 3197 2014 3268; x_wconf 84' lang='lat' dir='ltr'><strong>quod</strong></span> <span class='ocrx_word' id='word_1_430' title='bbox 2051 3195 2192 3252; x_wconf 86' lang='lat' dir='ltr'><strong>facta</strong></span> <span class='ocrx_word' id='word_1_431' title='bbox 2219 3190 2263 3252; x_wconf 91' lang='lat' dir='ltr'><strong>C</strong></span> <span class='ocrx_word' id='word_1_432' title='bbox 2299 3204 2392 3258; x_wconf 82' lang='lat' dir='ltr'><strong>tibi</strong></span> <span class='ocrx_word' id='word_1_433' title='bbox 2431 3207 2664 3260; x_wconf 82' lang='lat' dir='ltr'><strong>servitus</strong></span> <span class='ocrx_word' id='word_1_434' title='bbox 2692 3207 2863 3276; x_wconf 88' lang='lat' dir='ltr'><strong>patris</strong></span> <span class='ocrx_word' id='word_1_435' title='bbox 2893 3208 2996 3262; x_wconf 88' lang='lat' dir='ltr'><strong>mei</strong></span> <span class='ocrx_word' id='word_1_436' title='bbox 3032 3208 3175 3265; x_wconf 87' lang='lat' dir='ltr'><strong>Petri</strong></span> <span class='ocrx_word' id='word_1_437' title='bbox 3214 3210 3562 3278; x_wconf 84' lang='lat' dir='ltr'><strong>complacuit,</strong></span> <span class='ocrx_word' id='word_1_438' title='bbox 3586 3209 3757 3264; x_wconf 88' lang='lat' dir='ltr'><strong>libera</strong></span> <span class='ocrx_word' id='word_1_439' title='bbox 3804 3226 3892 3266; x_wconf 90' lang='lat' dir='ltr'><strong>me</strong></span> 
     </span>
    </p>
   </div>
   <div class='ocr_carea' id='block_1_63' title="bbox 605 3291 2194 3364">
    <p class='ocr_par' dir='ltr' id='par_1_63' title="bbox 605 3291 2194 3364">
     <span class='ocr_line' id='line_1_63' title="bbox 605 3291 2194 3364; baseline -0.008 -9"><span class='ocrx_word' id='word_1_440' title='bbox 605 3297 983 3355; x_wconf 80' lang='lat' dir='ltr'><strong>exhortatione</strong></span> <span class='ocrx_word' id='word_1_441' title='bbox 1012 3308 1365 3364; x_wconf 76' lang='lat' dir='ltr'><strong>consurgens,</strong></span> <span class='ocrx_word' id='word_1_442' title='bbox 1396 3293 1463 3347; x_wconf 90' lang='lat' dir='ltr'><strong>de</strong></span> <span class='ocrx_word' id='word_1_443' title='bbox 1492 3291 1604 3347; x_wconf 88' lang='lat' dir='ltr'><strong>suis</strong></span> <span class='ocrx_word' id='word_1_444' title='bbox 1649 3305 1706 3346; x_wconf 89' lang='lat' dir='ltr'><strong>se</strong></span> <span class='ocrx_word' id='word_1_445' title='bbox 1753 3291 2069 3345; x_wconf 73' lang='lat' dir='ltr'><strong>evcessibus</strong></span> <span class='ocrx_word' id='word_1_446' title='bbox 2097 3304 2194 3359; x_wconf 86' lang='lat' dir='ltr'><strong>pu-</strong></span> 
     </span>
    </p>
   </div>
   <div class='ocr_carea' id='block_1_64' title="bbox 608 3381 2191 3455">
    <p class='ocr_par' dir='ltr' id='par_1_64' title="bbox 608 3381 2191 3455">
     <span class='ocr_line' id='line_1_64' title="bbox 608 3381 2191 3455; baseline -0.008 -10"><span class='ocrx_word' id='word_1_447' title='bbox 608 3389 748 3445; x_wconf 91' lang='lat' dir='ltr'><strong>blice</strong></span> <span class='ocrx_word' id='word_1_448' title='bbox 776 3388 1088 3451; x_wconf 81' lang='lat' dir='ltr'><strong>accusabat,</strong></span> <span class='ocrx_word' id='word_1_449' title='bbox 1120 3399 1416 3455; x_wconf 88' lang='lat' dir='ltr'><strong>rursusque</strong></span> <span class='ocrx_word' id='word_1_450' title='bbox 1445 3383 1499 3438; x_wconf 89' lang='lat' dir='ltr'><strong>in</strong></span> <span class='ocrx_word' id='word_1_451' title='bbox 1551 3383 1726 3438; x_wconf 90' lang='lat' dir='ltr'><strong>locum</strong></span> <span class='ocrx_word' id='word_1_452' title='bbox 1769 3396 1926 3437; x_wconf 90' lang='lat' dir='ltr'><strong>suum</strong></span> <span class='ocrx_word' id='word_1_453' title='bbox 1956 3381 2191 3444; x_wconf 90' lang='lat' dir='ltr'><strong>rediens,</strong></span> 
     </span>
    </p>
   </div>
   <div class='ocr_carea' id='block_1_65' title="bbox 607 3471 2192 3551">
    <p class='ocr_par' dir='ltr' id='par_1_65' title="bbox 607 3471 2192 3551">
     <span class='ocr_line' id='line_1_65' title="bbox 607 3471 2192 3551; baseline -0.008 -14"><span class='ocrx_word' id='word_1_454' title='bbox 607 3477 1069 3551; x_wconf 88' lang='lat' dir='ltr'><strong>compendiosiore</strong></span> <span class='ocrx_word' id='word_1_455' title='bbox 1125 3490 1376 3532; x_wconf 91' lang='lat' dir='ltr'><strong>sermone</strong></span> <span class='ocrx_word' id='word_1_456' title='bbox 1431 3472 1674 3545; x_wconf 89' lang='lat' dir='ltr'><strong>singulos</strong></span> <span class='ocrx_word' id='word_1_457' title='bbox 1713 3473 1781 3528; x_wconf 90' lang='lat' dir='ltr'><strong>ad</strong></span> <span class='ocrx_word' id='word_1_458' title='bbox 1835 3471 2192 3526; x_wconf 89' lang='lat' dir='ltr'><strong>imitationem</strong></span> 
     </span>
    </p>
   </div>
   <div class='ocr_carea' id='block_1_66' title="bbox 605 3558 2194 3631">
    <p class='ocr_par' dir='ltr' id='par_1_66' title="bbox 605 3558 2194 3631">
     <span class='ocr_line' id='line_1_66' title="bbox 605 3558 2194 3631; baseline -0.009 -6"><span class='ocrx_word' id='word_1_459' title='bbox 605 3568 994 3631; x_wconf 57' lang='lat' dir='ltr'><strong>sanctimonia,</strong></span> <span class='ocrx_word' id='word_1_460' title='bbox 1043 3565 1385 3629; x_wconf 65' lang='lat' dir='ltr'><strong>obedientiaz,</strong></span> <span class='ocrx_word' id='word_1_461' title='bbox 1418 3572 1474 3618; x_wconf 90' lang='lat' dir='ltr'><strong>et</strong></span> <span class='ocrx_word' id='word_1_462' title='bbox 1528 3571 1731 3618; x_wconf 70' lang='lat' dir='ltr'><strong>sancta:</strong></span> <span class='ocrx_word' id='word_1_463' title='bbox 1767 3559 2054 3616; x_wconf 87' lang='lat' dir='ltr'><strong>cbaritatis</strong></span> <span class='ocrx_word' id='word_1_464' title='bbox 2094 3558 2194 3614; x_wconf 79' lang='lat' dir='ltr'><strong>Pa-</strong></span> 
     </span>
    </p>
   </div>
   <div class='ocr_carea' id='block_1_67' title="bbox 609 3649 2193 3726">
    <p class='ocr_par' dir='ltr' id='par_1_67' title="bbox 609 3649 2193 3726">
     <span class='ocr_line' id='line_1_67' title="bbox 609 3649 2193 3726; baseline -0.008 -11"><span class='ocrx_word' id='word_1_465' title='bbox 609 3674 776 3726; x_wconf 85' lang='lat' dir='ltr'><strong>trum,</strong></span> <span class='ocrx_word' id='word_1_466' title='bbox 805 3668 860 3713; x_wconf 93' lang='lat' dir='ltr'><strong>et</strong></span> <span class='ocrx_word' id='word_1_467' title='bbox 885 3658 949 3712; x_wconf 90' lang='lat' dir='ltr'><strong>ad</strong></span> <span class='ocrx_word' id='word_1_468' title='bbox 998 3653 1452 3711; x_wconf 88' lang='lat' dir='ltr'><strong>considerandum</strong></span> <span class='ocrx_word' id='word_1_469' title='bbox 1491 3661 1702 3707; x_wconf 88' lang='lat' dir='ltr'><strong>attente</strong></span> <span class='ocrx_word' id='word_1_470' title='bbox 1721 3649 1903 3705; x_wconf 87' lang='lat' dir='ltr'><strong>divina</strong></span> <span class='ocrx_word' id='word_1_471' title='bbox 1935 3649 2193 3720; x_wconf 85' lang='lat' dir='ltr'><strong>mysteria</strong></span> 
     </span>
    </p>
   </div>
   <div class='ocr_carea' id='block_1_68' title="bbox 607 3739 2192 3815">
    <p class='ocr_par' dir='ltr' id='par_1_68' title="bbox 607 3739 2192 3815">
     <span class='ocr_line' id='line_1_68' title="bbox 607 3739 2192 3815; baseline -0.009 -8"><span class='ocrx_word' id='word_1_472' title='bbox 607 3765 729 3807; x_wconf 87' lang='lat' dir='ltr'><strong>cum</strong></span> <span class='ocrx_word' id='word_1_473' title='bbox 753 3749 1061 3812; x_wconf 81' lang='lat' dir='ltr'><strong>excitasset,</strong></span> <span class='ocrx_word' id='word_1_474' title='bbox 1089 3746 1334 3815; x_wconf 89' lang='lat' dir='ltr'><strong>protinus</strong></span> <span class='ocrx_word' id='word_1_475' title='bbox 1357 3744 1423 3800; x_wconf 89' lang='lat' dir='ltr'><strong>ad</strong></span> <span class='ocrx_word' id='word_1_476' title='bbox 1449 3743 1788 3798; x_wconf 79' lang='lat' dir='ltr'><strong>infirmorum</strong></span> <span class='ocrx_word' id='word_1_477' title='bbox 1813 3749 1975 3810; x_wconf 91' lang='lat' dir='ltr'><strong>atque</strong></span> <span class='ocrx_word' id='word_1_478' title='bbox 2015 3739 2192 3794; x_wconf 89' lang='lat' dir='ltr'><strong>senio-</strong></span> 
     </span>
    </p>
   </div>
   <div class='ocr_carea' id='block_1_69' title="bbox 609 3832 2196 3909">
    <p class='ocr_par' dir='ltr' id='par_1_69' title="bbox 609 3832 2196 3909">
     <span class='ocr_line' id='line_1_69' title="bbox 609 3832 2196 3909; baseline -0.007 -13"><span class='ocrx_word' id='word_1_479' title='bbox 609 3855 751 3905; x_wconf 86' lang='lat' dir='ltr'><strong>rum,</strong></span> <span class='ocrx_word' id='word_1_480' title='bbox 783 3839 875 3909; x_wconf 90' lang='lat' dir='ltr'><strong>qui</strong></span> <span class='ocrx_word' id='word_1_481' title='bbox 931 3853 1037 3892; x_wconf 90' lang='lat' dir='ltr'><strong>non</strong></span> <span class='ocrx_word' id='word_1_482' title='bbox 1078 3835 1379 3902; x_wconf 83' lang='lat' dir='ltr'><strong>potuissent</strong></span> <span class='ocrx_word' id='word_1_483' title='bbox 1425 3849 1549 3890; x_wconf 90' lang='lat' dir='ltr'><strong>cum</strong></span> <span class='ocrx_word' id='word_1_484' title='bbox 1575 3832 1696 3889; x_wconf 91' lang='lat' dir='ltr'><strong>aliis</strong></span> <span class='ocrx_word' id='word_1_485' title='bbox 1724 3832 2035 3897; x_wconf 87' lang='lat' dir='ltr'><strong>convenire,</strong></span> <span class='ocrx_word' id='word_1_486' title='bbox 2073 3847 2196 3901; x_wconf 79' lang='lat' dir='ltr'><strong>pcr-</strong></span> 
     </span>
    </p>
   </div>
   <div class='ocr_carea' id='block_1_70' title="bbox 606 3928 2188 4007">
    <p class='ocr_par' dir='ltr' id='par_1_70' title="bbox 606 3928 2188 4007">
     <span class='ocr_line' id='line_1_70' title="bbox 606 3928 2188 4007; baseline -0.006 -16"><span class='ocrx_word' id='word_1_487' title='bbox 606 3935 801 4007; x_wconf 84' lang='lat' dir='ltr'><strong>gebat;</strong></span> <span class='ocrx_word' id='word_1_488' title='bbox 856 3933 1132 3997; x_wconf 90' lang='lat' dir='ltr'><strong>nimirum,</strong></span> <span class='ocrx_word' id='word_1_489' title='bbox 1203 3940 1264 3986; x_wconf 92' lang='lat' dir='ltr'><strong>ut</strong></span> <span class='ocrx_word' id='word_1_490' title='bbox 1323 3931 1466 4002; x_wconf 89' lang='lat' dir='ltr'><strong>quod</strong></span> <span class='ocrx_word' id='word_1_491' title='bbox 1533 3929 1802 3986; x_wconf 89' lang='lat' dir='ltr'><strong>monendo</strong></span> <span class='ocrx_word' id='word_1_492' title='bbox 1861 3928 2188 4000; x_wconf 89' lang='lat' dir='ltr'><strong>loqueretur,</strong></span> 
     </span>
    </p>
   </div>
   <div class='ocr_carea' id='block_1_71' title="bbox 607 4021 1486 4096">
    <p class='ocr_par' dir='ltr' id='par_1_71' title="bbox 607 4021 1486 4096">
     <span class='ocr_line' id='line_1_71' title="bbox 607 4021 1486 4096; baseline -0.008 -15"><span class='ocrx_word' id='word_1_493' title='bbox 607 4027 808 4096; x_wconf 88' lang='lat' dir='ltr'><strong>liquido</strong></span> <span class='ocrx_word' id='word_1_494' title='bbox 834 4023 1092 4093; x_wconf 75' lang='lat' dir='ltr'><strong>exemplis</strong></span> <span class='ocrx_word' id='word_1_495' title='bbox 1115 4021 1486 4077; x_wconf 81' lang='lat' dir='ltr'><strong>confirmaret.</strong></span> 
     </span>
    </p>
   </div>
   <div class='ocr_carea' id='block_1_72' title="bbox 678 4108 2193 4183">
    <p class='ocr_par' dir='ltr' id='par_1_72' title="bbox 678 4108 2193 4183">
     <span class='ocr_line' id='line_1_72' title="bbox 678 4108 2193 4183; baseline -0.007 -12"><span class='ocrx_word' id='word_1_496' title='bbox 678 4115 896 4171; x_wconf 80' lang='lat' dir='ltr'><strong>Notavit</strong></span> <span class='ocrx_word' id='word_1_497' title='bbox 922 4113 1238 4183; x_wconf 83' lang='lat' dir='ltr'><strong>discipulus,</strong></span> <span class='ocrx_word' id='word_1_498' title='bbox 1264 4112 1354 4181; x_wconf 91' lang='lat' dir='ltr'><strong>qui</strong></span> <span class='ocrx_word' id='word_1_499' title='bbox 1376 4111 1586 4182; x_wconf 87' lang='lat' dir='ltr'><strong>primus</strong></span> <span class='ocrx_word' id='word_1_500' title='bbox 1612 4124 1766 4164; x_wconf 91' lang='lat' dir='ltr'><strong>suam</strong></span> <span class='ocrx_word' id='word_1_501' title='bbox 1797 4108 1962 4163; x_wconf 90' lang='lat' dir='ltr'><strong>vitam</strong></span> <span class='ocrx_word' id='word_1_502' title='bbox 1993 4108 2193 4164; x_wconf 59' lang='lat' dir='ltr'><strong>deseri.</strong></span> 
     </span>
    </p>
   </div>
   <div class='ocr_carea' id='block_1_73' title="bbox 609 4200 2193 4278">
    <p class='ocr_par' dir='ltr' id='par_1_73' title="bbox 609 4200 2193 4278">
     <span class='ocr_line' id='line_1_73' title="bbox 609 4200 2193 4278; baseline -0.004 -18"><span class='ocrx_word' id='word_1_503' title='bbox 609 4205 739 4278; x_wconf 87' lang='lat' dir='ltr'><strong>psit,</strong></span> <span class='ocrx_word' id='word_1_504' title='bbox 770 4203 916 4259; x_wconf 90' lang='lat' dir='ltr'><strong>illum</strong></span> <span class='ocrx_word' id='word_1_505' title='bbox 945 4204 1381 4274; x_wconf 65' lang='lat' dir='ltr'><strong>Quadragesimte</strong></span> <span class='ocrx_word' id='word_1_506' title='bbox 1413 4212 1654 4272; x_wconf 91' lang='lat' dir='ltr'><strong>tempore</strong></span> <span class='ocrx_word' id='word_1_507' title='bbox 1674 4201 1807 4255; x_wconf 91' lang='lat' dir='ltr'><strong>nihil</strong></span> <span class='ocrx_word' id='word_1_508' title='bbox 1828 4200 1950 4270; x_wconf 84' lang='lat' dir='ltr'><strong>igne</strong></span> <span class='ocrx_word' id='word_1_509' title='bbox 1979 4210 2193 4256; x_wconf 89' lang='lat' dir='ltr'><strong>coctum</strong></span> 
     </span>
    </p>
   </div>
   <div class='ocr_carea' id='block_1_74' title="bbox 609 4293 2191 4367">
    <p class='ocr_par' dir='ltr' id='par_1_74' title="bbox 609 4293 2191 4367">
     <span class='ocr_line' id='line_1_74' title="bbox 609 4293 2191 4367; baseline -0.006 -14"><span class='ocrx_word' id='word_1_510' title='bbox 609 4312 843 4367; x_wconf 81' lang='lat' dir='ltr'><strong>unquam</strong></span> <span class='ocrx_word' id='word_1_511' title='bbox 886 4297 1170 4351; x_wconf 88' lang='lat' dir='ltr'><strong>comedere</strong></span> <span class='ocrx_word' id='word_1_512' title='bbox 1217 4293 1474 4358; x_wconf 87' lang='lat' dir='ltr'><strong>voluisse,</strong></span> <span class='ocrx_word' id='word_1_513' title='bbox 1525 4293 1701 4364; x_wconf 89' lang='lat' dir='ltr'><strong>pomis</strong></span> <span class='ocrx_word' id='word_1_514' title='bbox 1734 4301 1940 4346; x_wconf 88' lang='lat' dir='ltr'><strong>tantum</strong></span> <span class='ocrx_word' id='word_1_515' title='bbox 1986 4294 2191 4361; x_wconf 86' lang='lat' dir='ltr'><strong>absque</strong></span> 
     </span>
    </p>
   </div>
   <div class='ocr_carea' id='block_1_75' title="bbox 606 4383 2186 4458">
    <p class='ocr_par' dir='ltr' id='par_1_75' title="bbox 606 4383 2186 4458">
     <span class='ocr_line' id='line_1_75' title="bbox 606 4383 2186 4458; baseline -0.003 -15"><span class='ocrx_word' id='word_1_516' title='bbox 606 4389 711 4444; x_wconf 90' lang='lat' dir='ltr'><strong>alio</strong></span> <span class='ocrx_word' id='word_1_517' title='bbox 757 4397 883 4458; x_wconf 87' lang='lat' dir='ltr'><strong>potu</strong></span> <span class='ocrx_word' id='word_1_518' title='bbox 925 4395 1262 4450; x_wconf 90' lang='lat' dir='ltr'><strong>contentum,</strong></span> <span class='ocrx_word' id='word_1_519' title='bbox 1316 4394 1640 4454; x_wconf 88' lang='lat' dir='ltr'><strong>coctumque</strong></span> <span class='ocrx_word' id='word_1_520' title='bbox 1700 4393 1922 4454; x_wconf 88' lang='lat' dir='ltr'><strong>propter</strong></span> <span class='ocrx_word' id='word_1_521' title='bbox 1965 4383 2186 4438; x_wconf 89' lang='lat' dir='ltr'><strong>nimiam</strong></span> 
     </span>
    </p>
   </div>
   <div class='ocr_carea' id='block_1_76' title="bbox 611 4475 2192 4548">
    <p class='ocr_par' dir='ltr' id='par_1_76' title="bbox 611 4475 2192 4548">
     <span class='ocr_line' id='line_1_76' title="bbox 611 4475 2192 4548; baseline -0.005 -13"><span class='ocrx_word' id='word_1_522' title='bbox 611 4481 1056 4544; x_wconf 90' lang='lat' dir='ltr'><strong>imbecillitatem,</strong></span> <span class='ocrx_word' id='word_1_523' title='bbox 1113 4478 1314 4548; x_wconf 88' lang='lat' dir='ltr'><strong>aliquid</strong></span> <span class='ocrx_word' id='word_1_524' title='bbox 1350 4475 1512 4532; x_wconf 91' lang='lat' dir='ltr'><strong>infusi</strong></span> <span class='ocrx_word' id='word_1_525' title='bbox 1539 4477 1627 4530; x_wconf 84' lang='lat' dir='ltr'><strong>vix</strong></span> <span class='ocrx_word' id='word_1_526' title='bbox 1666 4476 1940 4546; x_wconf 86' lang='lat' dir='ltr'><strong>accepisse</strong></span> <span class='ocrx_word' id='word_1_527' title='bbox 1969 4476 2192 4546; x_wconf 84' lang='lat' dir='ltr'><strong>legumi-</strong></span> 
     </span>
    </p>
   </div>
   <div class='ocr_carea' id='block_1_77' title="bbox 2294 3297 3889 3372">
    <p class='ocr_par' dir='ltr' id='par_1_77' title="bbox 2294 3297 3889 3372">
     <span class='ocr_line' id='line_1_77' title="bbox 2294 3297 3889 3372; baseline 0.003 -21"><span class='ocrx_word' id='word_1_528' title='bbox 2294 3312 2390 3364; x_wconf 85' lang='lat' dir='ltr'><strong>pcr</strong></span> <span class='ocrx_word' id='word_1_529' title='bbox 2420 3297 2538 3366; x_wconf 87' lang='lat' dir='ltr'><strong>ejus</strong></span> <span class='ocrx_word' id='word_1_530' title='bbox 2587 3299 2781 3352; x_wconf 81' lang='lat' dir='ltr'><strong>merita</strong></span> <span class='ocrx_word' id='word_1_531' title='bbox 2822 3299 2889 3352; x_wconf 88' lang='lat' dir='ltr'><strong>ab</strong></span> <span class='ocrx_word' id='word_1_532' title='bbox 2927 3298 3170 3364; x_wconf 89' lang='lat' dir='ltr'><strong>instanti,</strong></span> <span class='ocrx_word' id='word_1_533' title='bbox 3219 3316 3378 3370; x_wconf 86' lang='lat' dir='ltr'><strong>quem</strong></span> <span class='ocrx_word' id='word_1_534' title='bbox 3425 3303 3620 3372; x_wconf 87' lang='lat' dir='ltr'><strong>patior,</strong></span> <span class='ocrx_word' id='word_1_535' title='bbox 3677 3301 3889 3356; x_wconf 75' lang='lat' dir='ltr'><strong>dolore.</strong></span> 
     </span>
    </p>
   </div>
   <div class='ocr_carea' id='block_1_78' title="bbox 2298 3389 3893 3458">
    <p class='ocr_par' dir='ltr' id='par_1_78' title="bbox 2298 3389 3893 3458">
     <span class='ocr_line' id='line_1_78' title="bbox 2298 3389 3893 3458; baseline 0.003 -16"><span class='ocrx_word' id='word_1_536' title='bbox 2298 3389 2418 3443; x_wconf 68' lang='lat' dir='ltr'><strong>llaec</strong></span> <span class='ocrx_word' id='word_1_537' title='bbox 2460 3398 2735 3458; x_wconf 86' lang='lat' dir='ltr'><strong>precatus,</strong></span> <span class='ocrx_word' id='word_1_538' title='bbox 2782 3391 3020 3446; x_wconf 87' lang='lat' dir='ltr'><strong>sentiens</strong></span> <span class='ocrx_word' id='word_1_539' title='bbox 3056 3391 3198 3445; x_wconf 89' lang='lat' dir='ltr'><strong>illico</strong></span> <span class='ocrx_word' id='word_1_540' title='bbox 3223 3392 3464 3447; x_wconf 83' lang='lat' dir='ltr'><strong>dolorem</strong></span> <span class='ocrx_word' id='word_1_541' title='bbox 3499 3407 3717 3447; x_wconf 90' lang='lat' dir='ltr'><strong>onmem</strong></span> <span class='ocrx_word' id='word_1_542' title='bbox 3771 3393 3893 3447; x_wconf 82' lang='lat' dir='ltr'><strong>abs-</strong></span> 
     </span>
    </p>
   </div>
   <div class='ocr_carea' id='block_1_79' title="bbox 2295 3481 3892 3554">
    <p class='ocr_par' dir='ltr' id='par_1_79' title="bbox 2295 3481 3892 3554">
     <span class='ocr_line' id='line_1_79' title="bbox 2295 3481 3892 3554; baseline 0.004 -20"><span class='ocrx_word' id='word_1_543' title='bbox 2295 3481 2555 3545; x_wconf 87' lang='lat' dir='ltr'><strong>cessisse,</strong></span> <span class='ocrx_word' id='word_1_544' title='bbox 2603 3482 2670 3534; x_wconf 89' lang='lat' dir='ltr'><strong>ad</strong></span> <span class='ocrx_word' id='word_1_545' title='bbox 2721 3492 2939 3535; x_wconf 82' lang='lat' dir='ltr'><strong>sacrum</strong></span> <span class='ocrx_word' id='word_1_546' title='bbox 2999 3483 3262 3536; x_wconf 90' lang='lat' dir='ltr'><strong>tumulum</strong></span> <span class='ocrx_word' id='word_1_547' title='bbox 3318 3483 3567 3547; x_wconf 87' lang='lat' dir='ltr'><strong>veniens,</strong></span> <span class='ocrx_word' id='word_1_548' title='bbox 3626 3484 3892 3554; x_wconf 89' lang='lat' dir='ltr'><strong>humique</strong></span> 
     </span>
    </p>
   </div>
   <div class='ocr_carea' id='block_1_80' title="bbox 2294 3571 3891 3643">
    <p class='ocr_par' dir='ltr' id='par_1_80' title="bbox 2294 3571 3891 3643">
     <span class='ocr_line' id='line_1_80' title="bbox 2294 3571 3891 3643; baseline 0.006 -22"><span class='ocrx_word' id='word_1_549' title='bbox 2294 3581 2599 3640; x_wconf 85' lang='lat' dir='ltr'><strong>prostratus</strong></span> <span class='ocrx_word' id='word_1_550' title='bbox 2631 3571 2740 3626; x_wconf 88' lang='lat' dir='ltr'><strong>Deo</strong></span> <span class='ocrx_word' id='word_1_551' title='bbox 2771 3572 2973 3642; x_wconf 65' lang='lat' dir='ltr'><strong>gratias</strong></span> <span class='ocrx_word' id='word_1_552' title='bbox 3002 3587 3186 3643; x_wconf 86' lang='lat' dir='ltr'><strong>agens,</strong></span> <span class='ocrx_word' id='word_1_553' title='bbox 3219 3574 3501 3628; x_wconf 88' lang='lat' dir='ltr'><strong>monachis</strong></span> <span class='ocrx_word' id='word_1_554' title='bbox 3529 3583 3584 3628; x_wconf 91' lang='lat' dir='ltr'><strong>et</strong></span> <span class='ocrx_word' id='word_1_555' title='bbox 3615 3575 3891 3630; x_wconf 64' lang='lat' dir='ltr'><strong>universe</strong></span> 
     </span>
    </p>
   </div>
   <div class='ocr_carea' id='block_1_81' title="bbox 2296 3662 3892 3736">
    <p class='ocr_par' dir='ltr' id='par_1_81' title="bbox 2296 3662 3892 3736">
     <span class='ocr_line' id='line_1_81' title="bbox 2296 3662 3892 3736; baseline 0.006 -21"><span class='ocrx_word' id='word_1_556' title='bbox 2296 3662 2496 3715; x_wconf 85' lang='lat' dir='ltr'><strong>civitati</strong></span> <span class='ocrx_word' id='word_1_557' title='bbox 2527 3663 2845 3717; x_wconf 88' lang='lat' dir='ltr'><strong>miraculum</strong></span> <span class='ocrx_word' id='word_1_558' title='bbox 2887 3662 3161 3733; x_wconf 82' lang='lat' dir='ltr'><strong>patefecit.</strong></span> <span class='ocrx_word' id='word_1_559' title='bbox 3206 3666 3449 3736; x_wconf 79' lang='lat' dir='ltr'><strong>Actaque</strong></span> <span class='ocrx_word' id='word_1_560' title='bbox 3501 3677 3629 3721; x_wconf 92' lang='lat' dir='ltr'><strong>sunt</strong></span> <span class='ocrx_word' id='word_1_561' title='bbox 3672 3683 3892 3724; x_wconf 80' lang='lat' dir='ltr'><strong>summa</strong></span> 
     </span>
    </p>
   </div>
   <div class='ocr_carea' id='block_1_82' title="bbox 2295 3751 3887 3829">
    <p class='ocr_par' dir='ltr' id='par_1_82' title="bbox 2295 3751 3887 3829">
     <span class='ocr_line' id='line_1_82' title="bbox 2295 3751 3887 3829; baseline 0.005 -23"><span class='ocrx_word' id='word_1_562' title='bbox 2295 3751 2610 3806; x_wconf 88' lang='lat' dir='ltr'><strong>celebritate</strong></span> <span class='ocrx_word' id='word_1_563' title='bbox 2659 3754 2945 3808; x_wconf 86' lang='lat' dir='ltr'><strong>missarum</strong></span> <span class='ocrx_word' id='word_1_564' title='bbox 2996 3755 3281 3821; x_wconf 88' lang='lat' dir='ltr'><strong>solemnia,</strong></span> <span class='ocrx_word' id='word_1_565' title='bbox 3315 3771 3527 3811; x_wconf 84' lang='lat' dir='ltr'><strong>summa</strong></span> <span class='ocrx_word' id='word_1_566' title='bbox 3587 3759 3752 3814; x_wconf 86' lang='lat' dir='ltr'><strong>totius</strong></span> <span class='ocrx_word' id='word_1_567' title='bbox 3799 3777 3887 3829; x_wconf 88' lang='lat' dir='ltr'><strong>po-</strong></span> 
     </span>
    </p>
   </div>
   <div class='ocr_carea' id='block_1_83' title="bbox 2295 3841 3892 3911">
    <p class='ocr_par' dir='ltr' id='par_1_83' title="bbox 2295 3841 3892 3911">
     <span class='ocr_line' id='line_1_83' title="bbox 2295 3841 3892 3911; baseline 0.007 -17"><span class='ocrx_word' id='word_1_568' title='bbox 2295 3841 2404 3911; x_wconf 89' lang='lat' dir='ltr'><strong>puli</strong></span> <span class='ocrx_word' id='word_1_569' title='bbox 2431 3843 2737 3897; x_wconf 85' lang='lat' dir='ltr'><strong>devotione.</strong></span> <span class='ocrx_word' id='word_1_570' title='bbox 2778 3844 2977 3898; x_wconf 84' lang='lat' dir='ltr'><strong>Deatus</strong></span> <span class='ocrx_word' id='word_1_571' title='bbox 3000 3861 3131 3901; x_wconf 87' lang='lat' dir='ltr'><strong>vero</strong></span> <span class='ocrx_word' id='word_1_572' title='bbox 3174 3848 3363 3901; x_wconf 75' lang='lat' dir='ltr'><strong>Petrus</strong></span> <span class='ocrx_word' id='word_1_573' title='bbox 3407 3849 3603 3904; x_wconf 88' lang='lat' dir='ltr'><strong>exinde</strong></span> <span class='ocrx_word' id='word_1_574' title='bbox 3641 3850 3711 3903; x_wconf 88' lang='lat' dir='ltr'><strong>ab</strong></span> <span class='ocrx_word' id='word_1_575' title='bbox 3739 3852 3892 3906; x_wconf 85' lang='lat' dir='ltr'><strong>omni</strong></span> 
     </span>
    </p>
   </div>
   <div class='ocr_carea' id='block_1_84' title="bbox 2295 3933 3893 4005">
    <p class='ocr_par' dir='ltr' id='par_1_84' title="bbox 2295 3933 3893 4005">
     <span class='ocr_line' id='line_1_84' title="bbox 2295 3933 3893 4005; baseline 0.008 -17"><span class='ocrx_word' id='word_1_576' title='bbox 2295 3933 2536 3990; x_wconf 87' lang='lat' dir='ltr'><strong>Ecclesia</strong></span> <span class='ocrx_word' id='word_1_577' title='bbox 2568 3948 2668 4005; x_wconf 89' lang='lat' dir='ltr'><strong>pro</strong></span> <span class='ocrx_word' id='word_1_578' title='bbox 2687 3947 2875 3992; x_wconf 85' lang='lat' dir='ltr'><strong>saneto</strong></span> <span class='ocrx_word' id='word_1_579' title='bbox 2908 3937 3123 3994; x_wconf 85' lang='lat' dir='ltr'><strong>habitus</strong></span> <span class='ocrx_word' id='word_1_580' title='bbox 3159 3948 3212 3994; x_wconf 91' lang='lat' dir='ltr'><strong>et</strong></span> <span class='ocrx_word' id='word_1_581' title='bbox 3248 3940 3392 3996; x_wconf 86' lang='lat' dir='ltr'><strong>inter</strong></span> <span class='ocrx_word' id='word_1_582' title='bbox 3434 3941 3713 3997; x_wconf 75' lang='lat' dir='ltr'><strong>ctelicolas</strong></span> <span class='ocrx_word' id='word_1_583' title='bbox 3737 3961 3893 3999; x_wconf 79' lang='lat' dir='ltr'><strong>recc-</strong></span> 
     </span>
    </p>
   </div>
   <div class='ocr_carea' id='block_1_85' title="bbox 2294 4035 2558 4096">
    <p class='ocr_par' dir='ltr' id='par_1_85' title="bbox 2294 4035 2558 4096">
     <span class='ocr_line' id='line_1_85' title="bbox 2294 4035 2558 4096; baseline 0.004 -17"><span class='ocrx_word' id='word_1_584' title='bbox 2294 4035 2418 4096; x_wconf 89' lang='lat' dir='ltr'><strong>ptns</strong></span> <span class='ocrx_word' id='word_1_585' title='bbox 2454 4036 2558 4082; x_wconf 90' lang='lat' dir='ltr'><strong>est.</strong></span> 
     </span>
    </p>
   </div>
   <div class='ocr_carea' id='block_1_86' title="bbox 2364 4116 3890 4198">
    <p class='ocr_par' dir='ltr' id='par_1_86' title="bbox 2364 4116 3890 4198">
     <span class='ocr_line' id='line_1_86' title="bbox 2364 4116 3890 4198; baseline 0.009 -29"><span class='ocrx_word' id='word_1_586' title='bbox 2364 4116 2603 4187; x_wconf 78' lang='lat' dir='ltr'><strong>Reliquit</strong></span> <span class='ocrx_word' id='word_1_587' title='bbox 2655 4119 2821 4172; x_wconf 89' lang='lat' dir='ltr'><strong>multa</strong></span> <span class='ocrx_word' id='word_1_588' title='bbox 2879 4118 3150 4174; x_wconf 86' lang='lat' dir='ltr'><strong>volumina</strong></span> <span class='ocrx_word' id='word_1_589' title='bbox 3211 4135 3240 4176; x_wconf 87' lang='lat' dir='ltr'><strong>a</strong></span> <span class='ocrx_word' id='word_1_590' title='bbox 3298 4139 3357 4178; x_wconf 88' lang='lat' dir='ltr'><strong>se</strong></span> <span class='ocrx_word' id='word_1_591' title='bbox 3407 4124 3593 4190; x_wconf 86' lang='lat' dir='ltr'><strong>edita,</strong></span> <span class='ocrx_word' id='word_1_592' title='bbox 3653 4142 3890 4198; x_wconf 86' lang='lat' dir='ltr'><strong>quorum</strong></span> 
     </span>
    </p>
   </div>
   <div class='ocr_carea' id='block_1_87' title="bbox 2297 4211 3888 4280">
    <p class='ocr_par' dir='ltr' id='par_1_87' title="bbox 2297 4211 3888 4280">
     <span class='ocr_line' id='line_1_87' title="bbox 2297 4211 3888 4280; baseline 0.009 -19"><span class='ocrx_word' id='word_1_593' title='bbox 2297 4211 2508 4264; x_wconf 86' lang='lat' dir='ltr'><strong>notiora</strong></span> <span class='ocrx_word' id='word_1_594' title='bbox 2557 4211 2933 4265; x_wconf 89' lang='lat' dir='ltr'><strong>inscribuntur</strong></span> <span class='ocrx_word' id='word_1_595' title='bbox 2965 4212 3303 4280; x_wconf 89' lang='lat' dir='ltr'><strong>hujusmodi:</strong></span> <span class='ocrx_word' id='word_1_596' title='bbox 3341 4215 3508 4272; x_wconf 86' lang='lat' dir='ltr'><strong>Liber</strong></span> <span class='ocrx_word' id='word_1_597' title='bbox 3558 4218 3888 4275; x_wconf 87' lang='lat' dir='ltr'><strong>Sermonum</strong></span> 
     </span>
    </p>
   </div>
   <div class='ocr_carea' id='block_1_88' title="bbox 2296 4302 2765 4358">
    <p class='ocr_par' dir='ltr' id='par_1_88' title="bbox 2296 4302 2765 4358">
     <span class='ocr_line' id='line_1_88' title="bbox 2296 4302 2765 4358; baseline -0.002 0"><span class='ocrx_word' id='word_1_598' title='bbox 2296 4312 2351 4358; x_wconf 86' lang='lat' dir='ltr'><strong>et</strong></span> <span class='ocrx_word' id='word_1_599' title='bbox 2390 4302 2765 4357; x_wconf 88' lang='lat' dir='ltr'><strong>llomiliarum.</strong></span> 
     </span>
    </p>
   </div>
   <div class='ocr_carea' id='block_1_89' title="bbox 2366 4392 3890 4470">
    <p class='ocr_par' dir='ltr' id='par_1_89' title="bbox 2366 4392 3890 4470">
     <span class='ocr_line' id='line_1_89' title="bbox 2366 4392 3890 4470; baseline 0.009 -25"><span class='ocrx_word' id='word_1_600' title='bbox 2366 4392 2526 4447; x_wconf 88' lang='lat' dir='ltr'><strong>Liber</strong></span> <span class='ocrx_word' id='word_1_601' title='bbox 2551 4393 2936 4448; x_wconf 90' lang='lat' dir='ltr'><strong>miraculorum</strong></span> <span class='ocrx_word' id='word_1_602' title='bbox 2981 4411 3200 4451; x_wconf 88' lang='lat' dir='ltr'><strong>suorum</strong></span> <span class='ocrx_word' id='word_1_603' title='bbox 3255 4409 3578 4470; x_wconf 89' lang='lat' dir='ltr'><strong>temporum.</strong></span> <span class='ocrx_word' id='word_1_604' title='bbox 3607 4404 3726 4458; x_wconf 90' lang='lat' dir='ltr'><strong>Duo</strong></span> <span class='ocrx_word' id='word_1_605' title='bbox 3764 4404 3890 4461; x_wconf 88' lang='lat' dir='ltr'><strong>libri</strong></span> 
     </span>
    </p>
   </div>
   <div class='ocr_carea' id='block_1_90' title="bbox 2295 4483 3890 4560">
    <p class='ocr_par' dir='ltr' id='par_1_90' title="bbox 2295 4483 3890 4560">
     <span class='ocr_line' id='line_1_90' title="bbox 2295 4483 3890 4560; baseline 0.008 -22"><span class='ocrx_word' id='word_1_606' title='bbox 2295 4485 2361 4538; x_wconf 90' lang='lat' dir='ltr'><strong>ad</strong></span> <span class='ocrx_word' id='word_1_607' title='bbox 2384 4483 2617 4539; x_wconf 88' lang='lat' dir='ltr'><strong>Leonem</strong></span> <span class='ocrx_word' id='word_1_608' title='bbox 2649 4487 2953 4552; x_wconf 86' lang='lat' dir='ltr'><strong>eremitam,</strong></span> <span class='ocrx_word' id='word_1_609' title='bbox 2993 4498 3172 4543; x_wconf 91' lang='lat' dir='ltr'><strong>utrum</strong></span> <span class='ocrx_word' id='word_1_610' title='bbox 3205 4492 3260 4544; x_wconf 90' lang='lat' dir='ltr'><strong>in</strong></span> <span class='ocrx_word' id='word_1_611' title='bbox 3313 4493 3478 4548; x_wconf 90' lang='lat' dir='ltr'><strong>missa</strong></span> <span class='ocrx_word' id='word_1_612' title='bbox 3518 4495 3623 4550; x_wconf 90' lang='lat' dir='ltr'><strong>dici</strong></span> <span class='ocrx_word' id='word_1_613' title='bbox 3667 4497 3890 4560; x_wconf 85' lang='lat' dir='ltr'><strong>debeat,</strong></span> 
     </span>
    </p>
   </div>
   <div class='ocr_carea' id='block_1_91' title="bbox 613 4557 3892 4652">
    <p class='ocr_par' dir='ltr' id='par_1_91' title="bbox 613 4557 3892 4652">
     <span class='ocr_line' id='line_1_91' title="bbox 613 4557 3892 4652; baseline 0.002 -15"><span class='ocrx_word' id='word_1_614' title='bbox 613 4573 718 4637; x_wconf 66' lang='lat' dir='ltr'><strong>&quot;is.</strong></span> <span class='ocrx_word' id='word_1_615' title='bbox 745 4573 810 4624; x_wconf 68' lang='lat' dir='ltr'><strong>ml</strong></span> <span class='ocrx_word' id='word_1_616' title='bbox 841 4570 1198 4625; x_wconf 64' lang='grc' dir='ltr'><strong>ίηιῖιθιίουειη</strong></span> <span class='ocrx_word' id='word_1_617' title='bbox 1249 4569 1306 4623; x_wconf 79' lang='lat' dir='ltr'><strong>S-</strong></span> <span class='ocrx_word' id='word_1_618' title='bbox 1350 4569 1411 4628; x_wconf 77' lang='grc' dir='ltr'><strong>Ρ·</strong></span> <span class='ocrx_word' id='word_1_619' title='bbox 1439 4569 1746 4630; x_wconf 66' lang='grc' dir='ltr'><strong>Ποῖηυθωίς</strong></span> <span class='ocrx_word' id='word_1_620' title='bbox 1772 4581 1933 4637; x_wconf 67' lang='lat' dir='ltr'><strong>quem</strong></span> <span class='ocrx_word' id='word_1_621' title='bbox 1975 4581 2191 4635; x_wconf 67' lang='lat' dir='ltr'><strong>semper</strong></span> <span class='ocrx_word' id='word_1_622' title='bbox 2216 4557 2268 4614; x_wconf 73' lang='grc' dir='ltr'><strong>θ</strong></span> <span class='ocrx_word' id='word_1_623' title='bbox 2297 4578 2554 4632; x_wconf 87' lang='lat' dir='ltr'><strong>Dominus</strong></span> <span class='ocrx_word' id='word_1_624' title='bbox 2588 4579 2885 4634; x_wconf 86' lang='lat' dir='ltr'><strong>vobiscum.</strong></span> <span class='ocrx_word' id='word_1_625' title='bbox 2918 4580 2972 4634; x_wconf 78' lang='grc'><strong>5.</strong></span> <span class='ocrx_word' id='word_1_626' title='bbox 3011 4579 3066 4634; x_wconf 94' lang='lat' dir='ltr'><strong>ll.</strong></span> <span class='ocrx_word' id='word_1_627' title='bbox 3098 4582 3503 4652; x_wconf 84' lang='lat' dir='ltr'><strong>Apologiarum.</strong></span> <span class='ocrx_word' id='word_1_628' title='bbox 3543 4586 3579 4640; x_wconf 93' lang='grc'><strong>1.</strong></span> <span class='ocrx_word' id='word_1_629' title='bbox 3612 4585 3687 4642; x_wconf 89' lang='lat' dir='ltr'><strong>De</strong></span> <span class='ocrx_word' id='word_1_630' title='bbox 3709 4557 3892 4644; x_wconf 31' lang='lat' dir='ltr'><strong>conti;-</strong></span> 
     </span>
    </p>
   </div>
   <div class='ocr_carea' id='block_1_92' title="bbox 611 4655 2196 4735">
    <p class='ocr_par' dir='ltr' id='par_1_92' title="bbox 611 4655 2196 4735">
     <span class='ocr_line' id='line_1_92' title="bbox 611 4655 2196 4735; baseline -0.006 -17"><span class='ocrx_word' id='word_1_631' title='bbox 611 4678 708 4735; x_wconf 92' lang='lat' dir='ltr'><strong>pro</strong></span> <span class='ocrx_word' id='word_1_632' title='bbox 741 4662 944 4716; x_wconf 89' lang='lat' dir='ltr'><strong>virilms</strong></span> <span class='ocrx_word' id='word_1_633' title='bbox 984 4660 1180 4715; x_wconf 90' lang='lat' dir='ltr'><strong>imitari</strong></span> <span class='ocrx_word' id='word_1_634' title='bbox 1225 4659 1446 4721; x_wconf 90' lang='lat' dir='ltr'><strong>studuit,</strong></span> <span class='ocrx_word' id='word_1_635' title='bbox 1481 4660 1623 4727; x_wconf 88' lang='lat' dir='ltr'><strong>quod</strong></span> <span class='ocrx_word' id='word_1_636' title='bbox 1677 4657 1791 4726; x_wconf 85' lang='lat' dir='ltr'><strong>ejus</strong></span> <span class='ocrx_word' id='word_1_637' title='bbox 1839 4655 2005 4710; x_wconf 85' lang='lat' dir='ltr'><strong>vitam</strong></span> <span class='ocrx_word' id='word_1_638' title='bbox 2058 4656 2196 4710; x_wconf 86' lang='lat' dir='ltr'><strong>scri-</strong></span> 
     </span>
    </p>
   </div>
   <div class='ocr_carea' id='block_1_93' title="bbox 608 4746 2189 4826">
    <p class='ocr_par' dir='ltr' id='par_1_93' title="bbox 608 4746 2189 4826">
     <span class='ocr_line' id='line_1_93' title="bbox 608 4746 2189 4826; baseline -0.005 -16"><span class='ocrx_word' id='word_1_639' title='bbox 608 4754 826 4826; x_wconf 79' lang='lat' dir='ltr'><strong>psisset,</strong></span> <span class='ocrx_word' id='word_1_640' title='bbox 849 4763 902 4808; x_wconf 90' lang='lat' dir='ltr'><strong>et</strong></span> <span class='ocrx_word' id='word_1_641' title='bbox 927 4753 1159 4806; x_wconf 83' lang='lat' dir='ltr'><strong>maxime</strong></span> <span class='ocrx_word' id='word_1_642' title='bbox 1195 4765 1409 4821; x_wconf 86' lang='lat' dir='ltr'><strong>semper</strong></span> <span class='ocrx_word' id='word_1_643' title='bbox 1437 4751 1632 4805; x_wconf 88' lang='lat' dir='ltr'><strong>stando</strong></span> <span class='ocrx_word' id='word_1_644' title='bbox 1660 4748 1712 4802; x_wconf 89' lang='lat' dir='ltr'><strong>in</strong></span> <span class='ocrx_word' id='word_1_645' title='bbox 1761 4747 1956 4802; x_wconf 87' lang='lat' dir='ltr'><strong>divinis</strong></span> <span class='ocrx_word' id='word_1_646' title='bbox 1980 4746 2189 4811; x_wconf 76' lang='lat' dir='ltr'><strong>ofﬁciis,</strong></span> 
     </span>
    </p>
   </div>
   <div class='ocr_carea' id='block_1_94' title="bbox 610 4837 2192 4914">
    <p class='ocr_par' dir='ltr' id='par_1_94' title="bbox 610 4837 2192 4914">
     <span class='ocr_line' id='line_1_94' title="bbox 610 4837 2192 4914; baseline -0.004 -15"><span class='ocrx_word' id='word_1_647' title='bbox 610 4853 670 4900; x_wconf 90' lang='lat' dir='ltr'><strong>ut</strong></span> <span class='ocrx_word' id='word_1_648' title='bbox 699 4843 856 4914; x_wconf 90' lang='lat' dir='ltr'><strong>paulo</strong></span> <span class='ocrx_word' id='word_1_649' title='bbox 882 4851 1001 4914; x_wconf 93' lang='lat' dir='ltr'><strong>post</strong></span> <span class='ocrx_word' id='word_1_650' title='bbox 1019 4842 1290 4898; x_wconf 86' lang='lat' dir='ltr'><strong>robustior</strong></span> <span class='ocrx_word' id='word_1_651' title='bbox 1315 4840 1469 4911; x_wconf 87' lang='lat' dir='ltr'><strong>quasi</strong></span> <span class='ocrx_word' id='word_1_652' title='bbox 1500 4840 1567 4894; x_wconf 91' lang='lat' dir='ltr'><strong>ad</strong></span> <span class='ocrx_word' id='word_1_653' title='bbox 1592 4838 1962 4893; x_wconf 91' lang='lat' dir='ltr'><strong>intermissum</strong></span> <span class='ocrx_word' id='word_1_654' title='bbox 1991 4837 2192 4892; x_wconf 85' lang='lat' dir='ltr'><strong>rediret</strong></span> 
     </span>
    </p>
   </div>
   <div class='ocr_carea' id='block_1_95' title="bbox 607 4951 746 5008">
    <p class='ocr_par' dir='ltr' id='par_1_95' title="bbox 607 4951 746 5008">
     <span class='ocr_line' id='line_1_95' title="bbox 607 4951 746 5008; baseline 0.007 -18"><span class='ocrx_word' id='word_1_655' title='bbox 607 4951 746 5008; x_wconf 86' lang='lat' dir='ltr'><strong>opus</strong></span> 
     </span>
    </p>
   </div>
   <div class='ocr_carea' id='block_1_96' title="bbox 677 5019 2193 5090">
    <p class='ocr_par' dir='ltr' id='par_1_96' title="bbox 677 5019 2193 5090">
     <span class='ocr_line' id='line_1_96' title="bbox 677 5019 2193 5090; baseline -0.003 -9"><span class='ocrx_word' id='word_1_656' title='bbox 677 5024 796 5081; x_wconf 78' lang='lat' dir='ltr'><strong>1am</strong></span> <span class='ocrx_word' id='word_1_657' title='bbox 825 5038 957 5078; x_wconf 89' lang='lat' dir='ltr'><strong>vero</strong></span> <span class='ocrx_word' id='word_1_658' title='bbox 987 5023 1040 5077; x_wconf 89' lang='lat' dir='ltr'><strong>in</strong></span> <span class='ocrx_word' id='word_1_659' title='bbox 1097 5031 1432 5077; x_wconf 88' lang='lat' dir='ltr'><strong>senectutem</strong></span> <span class='ocrx_word' id='word_1_660' title='bbox 1480 5034 1727 5090; x_wconf 84' lang='lat' dir='ltr'><strong>vergens,</strong></span> <span class='ocrx_word' id='word_1_661' title='bbox 1772 5030 1827 5076; x_wconf 87' lang='lat' dir='ltr'><strong>et</strong></span> <span class='ocrx_word' id='word_1_662' title='bbox 1867 5020 2029 5075; x_wconf 88' lang='lat' dir='ltr'><strong>nimia</strong></span> <span class='ocrx_word' id='word_1_663' title='bbox 2069 5019 2193 5076; x_wconf 71' lang='lat' dir='ltr'><strong>vita:</strong></span> 
     </span>
    </p>
   </div>
   <div class='ocr_carea' id='block_1_97' title="bbox 609 5110 2191 5184">
    <p class='ocr_par' dir='ltr' id='par_1_97' title="bbox 609 5110 2191 5184">
     <span class='ocr_line' id='line_1_97' title="bbox 609 5110 2191 5184; baseline -0.003 -14"><span class='ocrx_word' id='word_1_664' title='bbox 609 5115 924 5170; x_wconf 86' lang='lat' dir='ltr'><strong>austeritate</strong></span> <span class='ocrx_word' id='word_1_665' title='bbox 950 5112 1294 5184; x_wconf 84' lang='lat' dir='ltr'><strong>defatigatus,</strong></span> <span class='ocrx_word' id='word_1_666' title='bbox 1325 5128 1447 5167; x_wconf 91' lang='lat' dir='ltr'><strong>cum</strong></span> <span class='ocrx_word' id='word_1_667' title='bbox 1495 5112 1561 5166; x_wconf 89' lang='lat' dir='ltr'><strong>de</strong></span> <span class='ocrx_word' id='word_1_668' title='bbox 1592 5110 1889 5182; x_wconf 64' lang='lat' dir='ltr'><strong>proyinqna</strong></span> <span class='ocrx_word' id='word_1_669' title='bbox 1938 5111 2191 5166; x_wconf 79' lang='lat' dir='ltr'><strong>rescisio-</strong></span> 
     </span>
    </p>
   </div>
   <div class='ocr_carea' id='block_1_98' title="bbox 611 5203 2190 5273">
    <p class='ocr_par' dir='ltr' id='par_1_98' title="bbox 611 5203 2190 5273">
     <span class='ocr_line' id='line_1_98' title="bbox 611 5203 2190 5273; baseline -0.002 -14"><span class='ocrx_word' id='word_1_670' title='bbox 611 5220 678 5259; x_wconf 89' lang='lat' dir='ltr'><strong>ne</strong></span> <span class='ocrx_word' id='word_1_671' title='bbox 709 5205 1040 5259; x_wconf 87' lang='lat' dir='ltr'><strong>tabernaculi</strong></span> <span class='ocrx_word' id='word_1_672' title='bbox 1069 5203 1314 5273; x_wconf 85' lang='lat' dir='ltr'><strong>corporis</strong></span> <span class='ocrx_word' id='word_1_673' title='bbox 1349 5203 1428 5258; x_wconf 89' lang='lat' dir='ltr'><strong>sui</strong></span> <span class='ocrx_word' id='word_1_674' title='bbox 1463 5204 1700 5271; x_wconf 86' lang='lat' dir='ltr'><strong>cogitare</strong></span> <span class='ocrx_word' id='word_1_675' title='bbox 1730 5203 1984 5272; x_wconf 82' lang='lat' dir='ltr'><strong>ccepisset</strong></span> <span class='ocrx_word' id='word_1_676' title='bbox 2012 5212 2190 5256; x_wconf 89' lang='lat' dir='ltr'><strong>atten-</strong></span> 
     </span>
    </p>
   </div>
   <div class='ocr_carea' id='block_1_99' title="bbox 614 5293 2195 5367">
    <p class='ocr_par' dir='ltr' id='par_1_99' title="bbox 614 5293 2195 5367">
     <span class='ocr_line' id='line_1_99' title="bbox 614 5293 2195 5367; baseline -0.001 -16"><span class='ocrx_word' id='word_1_677' title='bbox 614 5299 743 5360; x_wconf 91' lang='lat' dir='ltr'><strong>tins,</strong></span> <span class='ocrx_word' id='word_1_678' title='bbox 779 5311 967 5351; x_wconf 83' lang='lat' dir='ltr'><strong>rursus</strong></span> <span class='ocrx_word' id='word_1_679' title='bbox 988 5312 1017 5350; x_wconf 89' lang='lat' dir='ltr'><strong>a</strong></span> <span class='ocrx_word' id='word_1_680' title='bbox 1042 5296 1304 5367; x_wconf 86' lang='lat' dir='ltr'><strong>Gregorio</strong></span> <span class='ocrx_word' id='word_1_681' title='bbox 1345 5295 1596 5366; x_wconf 89' lang='lat' dir='ltr'><strong>pontitice</strong></span> <span class='ocrx_word' id='word_1_682' title='bbox 1639 5294 1844 5363; x_wconf 68' lang='lat' dir='ltr'><strong>legatus</strong></span> <span class='ocrx_word' id='word_1_683' title='bbox 1867 5293 2195 5364; x_wconf 86' lang='lat' dir='ltr'><strong>apostolicus</strong></span> 
     </span>
    </p>
   </div>
   <div class='ocr_carea' id='block_1_100' title="bbox 615 5377 2190 5458">
    <p class='ocr_par' dir='ltr' id='par_1_100' title="bbox 615 5377 2190 5458">
     <span class='ocr_line' id='line_1_100' title="bbox 615 5377 2190 5458; baseline -0.003 -15"><span class='ocrx_word' id='word_1_684' title='bbox 615 5377 924 5444; x_wconf 73' lang='lat' dir='ltr'><strong>Ravennam</strong></span> <span class='ocrx_word' id='word_1_685' title='bbox 975 5389 1237 5454; x_wconf 83' lang='lat' dir='ltr'><strong>mittitur;</strong></span> <span class='ocrx_word' id='word_1_686' title='bbox 1272 5387 1415 5458; x_wconf 89' lang='lat' dir='ltr'><strong>quod</strong></span> <span class='ocrx_word' id='word_1_687' title='bbox 1450 5386 1675 5457; x_wconf 88' lang='lat' dir='ltr'><strong>populus</strong></span> <span class='ocrx_word' id='word_1_688' title='bbox 1715 5387 1786 5442; x_wconf 91' lang='lat' dir='ltr'><strong>ibi</strong></span> <span class='ocrx_word' id='word_1_689' title='bbox 1819 5386 2190 5456; x_wconf 82' lang='lat' dir='ltr'><strong>archiepisco-</strong></span> 
     </span>
    </p>
   </div>
   <div class='ocr_carea' id='block_1_101' title="bbox 611 5476 2192 5549">
    <p class='ocr_par' dir='ltr' id='par_1_101' title="bbox 611 5476 2192 5549">
     <span class='ocr_line' id='line_1_101' title="bbox 611 5476 2192 5549; baseline -0.002 -17"><span class='ocrx_word' id='word_1_690' title='bbox 611 5493 736 5549; x_wconf 89' lang='lat' dir='ltr'><strong>pum</strong></span> <span class='ocrx_word' id='word_1_691' title='bbox 761 5478 1142 5545; x_wconf 78' lang='lat' dir='ltr'><strong>damnavisset,</strong></span> <span class='ocrx_word' id='word_1_692' title='bbox 1193 5490 1248 5534; x_wconf 90' lang='lat' dir='ltr'><strong>et</strong></span> <span class='ocrx_word' id='word_1_693' title='bbox 1286 5478 1606 5548; x_wconf 86' lang='lat' dir='ltr'><strong>expiationis</strong></span> <span class='ocrx_word' id='word_1_694' title='bbox 1659 5476 1868 5547; x_wconf 87' lang='lat' dir='ltr'><strong>piaculo</strong></span> <span class='ocrx_word' id='word_1_695' title='bbox 1911 5491 2034 5531; x_wconf 89' lang='lat' dir='ltr'><strong>cum</strong></span> <span class='ocrx_word' id='word_1_696' title='bbox 2077 5477 2192 5546; x_wconf 89' lang='lat' dir='ltr'><strong>ipso</strong></span> 
     </span>
    </p>
   </div>
   <div class='ocr_carea' id='block_1_102' title="bbox 613 5567 2186 5641">
    <p class='ocr_par' dir='ltr' id='par_1_102' title="bbox 613 5567 2186 5641">
     <span class='ocr_line' id='line_1_102' title="bbox 613 5567 2186 5641; baseline -0.003 -17"><span class='ocrx_word' id='word_1_697' title='bbox 613 5570 875 5641; x_wconf 84' lang='lat' dir='ltr'><strong>ndigeret.</strong></span> <span class='ocrx_word' id='word_1_698' title='bbox 926 5569 1003 5626; x_wconf 84' lang='lat' dir='ltr'><strong>Eo</strong></span> <span class='ocrx_word' id='word_1_699' title='bbox 1063 5586 1185 5624; x_wconf 90' lang='lat' dir='ltr'><strong>cum</strong></span> <span class='ocrx_word' id='word_1_700' title='bbox 1239 5585 1297 5626; x_wconf 91' lang='lat' dir='ltr'><strong>se</strong></span> <span class='ocrx_word' id='word_1_701' title='bbox 1346 5571 1428 5625; x_wconf 89' lang='lat' dir='ltr'><strong>vir</strong></span> <span class='ocrx_word' id='word_1_702' title='bbox 1481 5571 1670 5626; x_wconf 84' lang='lat' dir='ltr'><strong>beatus</strong></span> <span class='ocrx_word' id='word_1_703' title='bbox 1729 5567 2071 5631; x_wconf 89' lang='lat' dir='ltr'><strong>contulisset,</strong></span> <span class='ocrx_word' id='word_1_704' title='bbox 2131 5576 2186 5621; x_wconf 89' lang='lat' dir='ltr'><strong>et</strong></span> 
     </span>
    </p>
   </div>
   <div class='ocr_carea' id='block_1_103' title="bbox 2298 4671 3884 4745">
    <p class='ocr_par' dir='ltr' id='par_1_103' title="bbox 2298 4671 3884 4745">
     <span class='ocr_line' id='line_1_103' title="bbox 2298 4671 3884 4745; baseline 0.006 -20"><span class='ocrx_word' id='word_1_705' title='bbox 2298 4671 2479 4725; x_wconf 79' lang='lat' dir='ltr'><strong>nuntia</strong></span> <span class='ocrx_word' id='word_1_706' title='bbox 2519 4673 2885 4726; x_wconf 88' lang='lat' dir='ltr'><strong>sacerdotum.</strong></span> <span class='ocrx_word' id='word_1_707' title='bbox 2919 4671 2958 4725; x_wconf 88' lang='lat' dir='ltr'><strong>l.</strong></span> <span class='ocrx_word' id='word_1_708' title='bbox 3015 4671 3092 4728; x_wconf 91' lang='lat' dir='ltr'><strong>De</strong></span> <span class='ocrx_word' id='word_1_709' title='bbox 3131 4672 3314 4745; x_wconf 81' lang='lat' dir='ltr'><strong>tegula</strong></span> <span class='ocrx_word' id='word_1_710' title='bbox 3355 4677 3618 4732; x_wconf 65' lang='lat' dir='ltr'><strong>solitariae</strong></span> <span class='ocrx_word' id='word_1_711' title='bbox 3663 4680 3814 4734; x_wconf 61' lang='lat' dir='ltr'><strong>vitae.</strong></span> <span class='ocrx_word' id='word_1_712' title='bbox 3852 4682 3884 4735; x_wconf 93' lang='grc'><strong>1.</strong></span> 
     </span>
    </p>
   </div>
   <div class='ocr_carea' id='block_1_104' title="bbox 2297 4760 3892 4845">
    <p class='ocr_par' dir='ltr' id='par_1_104' title="bbox 2297 4760 3892 4845">
     <span class='ocr_line' id='line_1_104' title="bbox 2297 4760 3892 4845; baseline 0.008 -29"><span class='ocrx_word' id='word_1_713' title='bbox 2297 4760 2373 4817; x_wconf 90' lang='lat' dir='ltr'><strong>De</strong></span> <span class='ocrx_word' id='word_1_714' title='bbox 2408 4764 2544 4819; x_wconf 90' lang='lat' dir='ltr'><strong>bene</strong></span> <span class='ocrx_word' id='word_1_715' title='bbox 2567 4762 2780 4817; x_wconf 84' lang='lat' dir='ltr'><strong>vivendi</strong></span> <span class='ocrx_word' id='word_1_716' title='bbox 2807 4763 3213 4820; x_wconf 86' lang='lat' dir='ltr'><strong>monachorum.</strong></span> <span class='ocrx_word' id='word_1_717' title='bbox 3247 4767 3282 4818; x_wconf 91' lang='lat' dir='ltr'><strong>l.</strong></span> <span class='ocrx_word' id='word_1_718' title='bbox 3315 4766 3390 4821; x_wconf 89' lang='lat' dir='ltr'><strong>De</strong></span> <span class='ocrx_word' id='word_1_719' title='bbox 3417 4769 3736 4825; x_wconf 87' lang='lat' dir='ltr'><strong>eornmdem</strong></span> <span class='ocrx_word' id='word_1_720' title='bbox 3771 4789 3892 4845; x_wconf 85' lang='lat' dir='ltr'><strong>pro-</strong></span> 
     </span>
    </p>
   </div>
   <div class='ocr_carea' id='block_1_105' title="bbox 2297 4851 3885 4930">
    <p class='ocr_par' dir='ltr' id='par_1_105' title="bbox 2297 4851 3885 4930">
     <span class='ocr_line' id='line_1_105' title="bbox 2297 4851 3885 4930; baseline 0.007 -24"><span class='ocrx_word' id='word_1_721' title='bbox 2297 4852 2460 4908; x_wconf 90' lang='lat' dir='ltr'><strong>fectu.</strong></span> <span class='ocrx_word' id='word_1_722' title='bbox 2494 4854 2530 4906; x_wconf 92' lang='lat' dir='ltr'><strong>l.</strong></span> <span class='ocrx_word' id='word_1_723' title='bbox 2563 4852 2765 4909; x_wconf 75' lang='lat' dir='ltr'><strong>Contra</strong></span> <span class='ocrx_word' id='word_1_724' title='bbox 2805 4851 3041 4909; x_wconf 65' lang='lat' dir='ltr'><strong>Iudaeos.</strong></span> <span class='ocrx_word' id='word_1_725' title='bbox 3073 4855 3110 4909; x_wconf 94' lang='lat' dir='ltr'><strong>l.</strong></span> <span class='ocrx_word' id='word_1_726' title='bbox 3143 4857 3218 4911; x_wconf 90' lang='lat' dir='ltr'><strong>De</strong></span> <span class='ocrx_word' id='word_1_727' title='bbox 3244 4857 3474 4912; x_wconf 58' lang='lat' dir='ltr'><strong>avaritia</strong></span> <span class='ocrx_word' id='word_1_728' title='bbox 3512 4861 3885 4930; x_wconf 66' lang='lat' dir='ltr'><strong>prmlatornm.</strong></span> 
     </span>
    </p>
   </div>
   <div class='ocr_carea' id='block_1_106' title="bbox 2298 4950 3890 5014">
    <p class='ocr_par' dir='ltr' id='par_1_106' title="bbox 2298 4950 3890 5014">
     <span class='ocr_line' id='line_1_106' title="bbox 2298 4950 3890 5014; baseline 0.006 -10"><span class='ocrx_word' id='word_1_729' title='bbox 2298 4950 2335 5004; x_wconf 91' lang='lat' dir='ltr'><strong>l.</strong></span> <span class='ocrx_word' id='word_1_730' title='bbox 2362 4950 2434 5006; x_wconf 87' lang='lat' dir='ltr'><strong>De</strong></span> <span class='ocrx_word' id='word_1_731' title='bbox 2465 4963 2677 5007; x_wconf 80' lang='lat' dir='ltr'><strong>terrore</strong></span> <span class='ocrx_word' id='word_1_732' title='bbox 2713 4952 2923 5007; x_wconf 86' lang='lat' dir='ltr'><strong>mortis.</strong></span> <span class='ocrx_word' id='word_1_733' title='bbox 2971 4950 3008 5006; x_wconf 89' lang='lat' dir='ltr'><strong>l.</strong></span> <span class='ocrx_word' id='word_1_734' title='bbox 3049 4953 3123 5008; x_wconf 85' lang='lat' dir='ltr'><strong>De</strong></span> <span class='ocrx_word' id='word_1_735' title='bbox 3149 4955 3256 5008; x_wconf 87' lang='lat' dir='ltr'><strong>vita</strong></span> <span class='ocrx_word' id='word_1_736' title='bbox 3297 4954 3357 5008; x_wconf 91' lang='lat' dir='ltr'><strong>S.</strong></span> <span class='ocrx_word' id='word_1_737' title='bbox 3398 4953 3711 5010; x_wconf 82' lang='lat' dir='ltr'><strong>Romualdi.</strong></span> <span class='ocrx_word' id='word_1_738' title='bbox 3749 4957 3788 5011; x_wconf 92' lang='grc' dir='ltr'><strong>Ι.</strong></span> <span class='ocrx_word' id='word_1_739' title='bbox 3816 4959 3890 5014; x_wconf 89' lang='lat' dir='ltr'><strong>De</strong></span> 
     </span>
    </p>
   </div>
   <div class='ocr_carea' id='block_1_107' title="bbox 2294 5045 3888 5106">
    <p class='ocr_par' dir='ltr' id='par_1_107' title="bbox 2294 5045 3888 5106">
     <span class='ocr_line' id='line_1_107' title="bbox 2294 5045 3888 5106; baseline 0.005 -8"><span class='ocrx_word' id='word_1_740' title='bbox 2294 5047 2403 5100; x_wconf 89' lang='lat' dir='ltr'><strong>vita</strong></span> <span class='ocrx_word' id='word_1_741' title='bbox 2456 5045 2700 5102; x_wconf 89' lang='lat' dir='ltr'><strong>0dilonis</strong></span> <span class='ocrx_word' id='word_1_742' title='bbox 2749 5045 2957 5100; x_wconf 78' lang='lat' dir='ltr'><strong>abbatis</strong></span> <span class='ocrx_word' id='word_1_743' title='bbox 3011 5045 3209 5103; x_wconf 87' lang='lat' dir='ltr'><strong>Clunii.</strong></span> <span class='ocrx_word' id='word_1_744' title='bbox 3265 5048 3301 5102; x_wconf 93' lang='lat' dir='ltr'><strong>l.</strong></span> <span class='ocrx_word' id='word_1_745' title='bbox 3357 5048 3434 5102; x_wconf 86' lang='lat' dir='ltr'><strong>De</strong></span> <span class='ocrx_word' id='word_1_746' title='bbox 3489 5048 3548 5103; x_wconf 80' lang='lat' dir='ltr'><strong>S.</strong></span> <span class='ocrx_word' id='word_1_747' title='bbox 3618 5050 3888 5106; x_wconf 87' lang='lat' dir='ltr'><strong>Cassiano</strong></span> 
     </span>
    </p>
   </div>
   <div class='ocr_carea' id='block_1_108' title="bbox 2298 5132 3888 5206">
    <p class='ocr_par' dir='ltr' id='par_1_108' title="bbox 2298 5132 3888 5206">
     <span class='ocr_line' id='line_1_108' title="bbox 2298 5132 3888 5206; baseline 0.004 -17"><span class='ocrx_word' id='word_1_748' title='bbox 2298 5148 2554 5206; x_wconf 75' lang='lat' dir='ltr'><strong>martyte.</strong></span> <span class='ocrx_word' id='word_1_749' title='bbox 2587 5136 2624 5188; x_wconf 94' lang='lat' dir='ltr'><strong>l.</strong></span> <span class='ocrx_word' id='word_1_750' title='bbox 2671 5132 3000 5192; x_wconf 77' lang='lat' dir='ltr'><strong>Sanctarum</strong></span> <span class='ocrx_word' id='word_1_751' title='bbox 3025 5136 3202 5192; x_wconf 68' lang='lat' dir='ltr'><strong>Florae</strong></span> <span class='ocrx_word' id='word_1_752' title='bbox 3231 5146 3283 5192; x_wconf 93' lang='lat' dir='ltr'><strong>et</strong></span> <span class='ocrx_word' id='word_1_753' title='bbox 3312 5136 3552 5194; x_wconf 65' lang='lat' dir='ltr'><strong>Lucillre.</strong></span> <span class='ocrx_word' id='word_1_754' title='bbox 3595 5140 3634 5192; x_wconf 92' lang='grc' dir='ltr'><strong>Ι.</strong></span> <span class='ocrx_word' id='word_1_755' title='bbox 3683 5140 3888 5196; x_wconf 86' lang='lat' dir='ltr'><strong>Contra</strong></span> 
     </span>
    </p>
   </div>
   <div class='ocr_carea' id='block_1_109' title="bbox 2295 5224 3888 5303">
    <p class='ocr_par' dir='ltr' id='par_1_109' title="bbox 2295 5224 3888 5303">
     <span class='ocr_line' id='line_1_109' title="bbox 2295 5224 3888 5303; baseline 0.004 -22"><span class='ocrx_word' id='word_1_756' title='bbox 2295 5226 2578 5298; x_wconf 75' lang='lat' dir='ltr'><strong>episcopos</strong></span> <span class='ocrx_word' id='word_1_757' title='bbox 2603 5224 2966 5282; x_wconf 84' lang='lat' dir='ltr'><strong>Simoniaeos.</strong></span> <span class='ocrx_word' id='word_1_758' title='bbox 3007 5227 3042 5278; x_wconf 93' lang='lat' dir='ltr'><strong>l.</strong></span> <span class='ocrx_word' id='word_1_759' title='bbox 3095 5227 3297 5281; x_wconf 80' lang='lat' dir='ltr'><strong>Contra</strong></span> <span class='ocrx_word' id='word_1_760' title='bbox 3351 5229 3516 5282; x_wconf 81' lang='lat' dir='ltr'><strong>alium</strong></span> <span class='ocrx_word' id='word_1_761' title='bbox 3567 5231 3888 5303; x_wconf 86' lang='lat' dir='ltr'><strong>episcopum</strong></span> 
     </span>
    </p>
   </div>
   <div class='ocr_carea' id='block_1_110' title="bbox 2297 5315 3896 5393">
    <p class='ocr_par' dir='ltr' id='par_1_110' title="bbox 2297 5315 3896 5393">
     <span class='ocr_line' id='line_1_110' title="bbox 2297 5315 3896 5393; baseline 0.004 -19"><span class='ocrx_word' id='word_1_762' title='bbox 2297 5320 2412 5376; x_wconf 87' lang='lat' dir='ltr'><strong>sine</strong></span> <span class='ocrx_word' id='word_1_763' title='bbox 2455 5319 2691 5375; x_wconf 75' lang='lat' dir='ltr'><strong>nomine.</strong></span> <span class='ocrx_word' id='word_1_764' title='bbox 2738 5321 2774 5374; x_wconf 92' lang='lat' dir='ltr'><strong>l.</strong></span> <span class='ocrx_word' id='word_1_765' title='bbox 2822 5321 2901 5375; x_wconf 84' lang='lat' dir='ltr'><strong>De</strong></span> <span class='ocrx_word' id='word_1_766' title='bbox 2933 5315 3224 5375; x_wconf 81' lang='lat' dir='ltr'><strong>insolentia</strong></span> <span class='ocrx_word' id='word_1_767' title='bbox 3260 5338 3573 5393; x_wconf 80' lang='lat' dir='ltr'><strong>pravorum.</strong></span> <span class='ocrx_word' id='word_1_768' title='bbox 3605 5325 3644 5378; x_wconf 92' lang='lat' dir='ltr'><strong>l.</strong></span> <span class='ocrx_word' id='word_1_769' title='bbox 3697 5327 3896 5383; x_wconf 81' lang='lat' dir='ltr'><strong>Excla-</strong></span> 
     </span>
    </p>
   </div>
   <div class='ocr_carea' id='block_1_111' title="bbox 2299 5414 3892 5489">
    <p class='ocr_par' dir='ltr' id='par_1_111' title="bbox 2299 5414 3892 5489">
     <span class='ocr_line' id='line_1_111' title="bbox 2299 5414 3892 5489; baseline 0.003 -20"><span class='ocrx_word' id='word_1_770' title='bbox 2299 5415 2594 5470; x_wconf 90' lang='lat' dir='ltr'><strong>mationnm</strong></span> <span class='ocrx_word' id='word_1_771' title='bbox 2641 5415 3059 5470; x_wconf 77' lang='lat' dir='ltr'><strong>rhetoricarum.</strong></span> <span class='ocrx_word' id='word_1_772' title='bbox 3091 5414 3128 5468; x_wconf 93' lang='lat' dir='ltr'><strong>l.</strong></span> <span class='ocrx_word' id='word_1_773' title='bbox 3178 5416 3252 5472; x_wconf 91' lang='lat' dir='ltr'><strong>De</strong></span> <span class='ocrx_word' id='word_1_774' title='bbox 3300 5429 3492 5474; x_wconf 89' lang='lat' dir='ltr'><strong>natura</strong></span> <span class='ocrx_word' id='word_1_775' title='bbox 3521 5422 3892 5489; x_wconf 82' lang='lat' dir='ltr'><strong>quorumdam</strong></span> 
     </span>
    </p>
   </div>
   <div class='ocr_carea' id='block_1_112' title="bbox 2298 5504 3168 5570">
    <p class='ocr_par' dir='ltr' id='par_1_112' title="bbox 2298 5504 3168 5570">
     <span class='ocr_line' id='line_1_112' title="bbox 2298 5504 3168 5570; baseline 0.006 -12"><span class='ocrx_word' id='word_1_776' title='bbox 2298 5505 2630 5570; x_wconf 89' lang='lat' dir='ltr'><strong>animalimn,</strong></span> <span class='ocrx_word' id='word_1_777' title='bbox 2657 5520 2779 5561; x_wconf 91' lang='lat' dir='ltr'><strong>cum</strong></span> <span class='ocrx_word' id='word_1_778' title='bbox 2819 5504 3002 5561; x_wconf 91' lang='lat' dir='ltr'><strong>multis</strong></span> <span class='ocrx_word' id='word_1_779' title='bbox 3029 5505 3168 5563; x_wconf 88' lang='lat' dir='ltr'><strong>aliis.</strong></span> 
     </span>
    </p>
   </div>
  </div>
