4040 6410
256 386 342 445 169
1074 373 1613 433 PBOLEGOMENA.
1646 404 1717 415 —
1758 370 1815 428 S.

1942 371 2064 427 .TBI
2108 361 2389 425 οΑΜιΑΝι
2431 368 2590 425 VITA
2631 369 2719 424 IV.

3433 366 3535 426 l70

258 487 3520 533 ____________________________________

1193 671 1323 784 B.
1416 665 1846 782 PETRI
1935 662 2553 835 DAMtANI

1619 947 1885 1026 νιΤΑ,
1938 946 2181 1023 ALIA

796 1170 900 1231 Ea:
932 1168 1094 1231 libro
1128 1176 1345 1249 quanto
1380 1168 1824 1229 Historiarum
1858 1167 2290 1241 Ravennqtum
2320 1165 2695 1244 Hieronymt
2750 1166 2968 1228 Rubet’.

308 1513 432 1569 Post
454 1510 604 1567 duos
632 1524 824 1573 annos,
857 1480 1077 1564 Victo-re
1104 1508 1344 1565 secundo
1368 1505 1626 1579 pontifice
1648 1506 1825 1562 maxi-
1858 1487 1903 1545 Α
1936 1503 2143 1559 minum
2186 1504 2483 1557 virtutibus
2510 1542 2527 1566 ,
2597 1502 2693 1558 sed
2749 1501 3005 1559 mercede
3058 1503 3234 1569 ducti,
3291 1512 3547 1561 conterre

244 1621 328 1661 mo
356 1613 596 1667 mortuo,
623 1600 929 1672 Stephanus
960 1598 1147 1655 Nonus
1174 1586 1499 1671 subrogatus
1530 1610 1613 1655 est
1638 1618 1650 1652 :
1678 1598 1834 1669 cujus

238 1704 413 1759 aetate,
454 1708 586 1748 cum
640 1692 932 1746 sanctitate
960 1689 1181 1745 floreret
1211 1706 1276 1745 ac
1311 1691 1582 1756 doctrina,
1638 1689 1835 1745 Petrus

244 1784 479 1840 Damiani
515 1782 829 1845 Ravennae,
879 1781 971 1849 qui
1003 1780 1169 1835 vitam
1215 1781 1573 1836 monasticam
1626 1779 1834 1851 profes-

237 1894 348 1936 sus.
382 1878 435 1931 in
467 1890 658 1931 eremo
688 1874 754 1929 ad
788 1872 993 1929 fontem
1023 1873 1347 1929 Av‘ellanum
1384 1873 1584 1928 montis
1611 1872 1829 1935 Catrite,

239 1970 291 2023 in
329 1966 593 2031 Umbria,
648 1966 881 2037 agebat:
917 1980 1230 2035 quanquam
1281 1965 1334 2018 in
1382 1974 1532 2020 tanta
1585 1964 1826 2019 durioris

239 2060 357 2114 vita:
402 2058 706 2113 severitate
736 2057 1140 2111 obtrectatores
1176 2055 1249 2109 illi
1284 2054 1423 2125 apud
1463 2056 1699 2110 Lronem
1730 2053 1835 2109 No-

236 2165 357 2205 num
389 2147 735 2219 pontificem,
763 2155 817 2201 et
846 2148 1129 2202 acerrimae
1156 2146 1446 2216 impiorum
1486 2146 1697 2215 injuriae
1726 2162 1833 2201 non

232 2240 537 2297 defuissent
567 2259 580 2293 :
611 2240 808 2311 quibus
851 2254 920 2295 ne
973 2237 1161 2294 faciles
1206 2238 1477 2309 pr.eberct
1507 2222 1668 2292 aures
1691 2279 1705 2303 ,
1741 2238 1834 2292 sed

234 2348 449 2387 causam
494 2340 757 2386 accurate
806 2337 1207 2402 cognosceret,
1248 2345 1346 2399 per
1397 2328 1612 2384 litteras
1643 2328 1758 2398 ipse
1805 2344 1834 2381 a

231 2420 488 2492 pontifice
534 2422 887 2497 vehementer
932 2421 1098 2474 etiam
1146 2430 1312 2490 atque
1352 2420 1521 2475 etiam
1565 2422 1833 2491 petierat,

237 2524 412 2567 nmen
463 2511 774 2568 celebriore
813 2512 865 2566 in
908 2510 1026 2567 dies
1077 2506 1405 2566 auctoritate
1438 2510 1691 2581 famaque
1725 2511 1836 2566 cla-

235 2620 345 2664 rus.
388 2619 515 2658 cum
560 2601 680 2671 ejus
706 2617 930 2672 operam
960 2602 1218 2657 Ecclesia
1245 2603 1638 2657 constituenda:
1663 2602 1837 2656 maxi-

236 2709 317 2748 me
345 2695 603 2748 idoneam
636 2694 1000 2749 arbitraretur
1030 2693 1342 2764 Stephanus
1393 2693 1636 2763 pontifex
1666 2736 1679 2757 ,
1732 2694 1835 2748 hoc

232 2800 371 2839 anno
423 2784 725 2840 millesimo
767 2784 1220 2855 quinquagesimo
1248 2796 1465 2853 octavo,
1499 2785 1657 2839 initio
1690 2783 1835 2851 Qua-

233 2876 556 2946 dragesimxe
588 2875 736 2929 illum
760 2874 1093 2931 cardinalem
1134 2870 1303 2941 fecit;
1334 2892 1461 2930 cum
1489 2876 1556 2931 ad
1595 2878 1837 2946 galerum

234 2984 335 3021 non
383 2975 710 3027 vocaretur,
755 2968 868 3029 sed,
927 2976 985 3020 ut
1026 2965 1115 3022 ille
1158 2967 1272 3038 ipse
1316 2968 1529 3030 scribit,
1584 2968 1837 3022 trahere-

234 3067 352 3111 tur:
387 3072 577 3126 neque
624 3057 728 3111 hoc
779 3056 912 3110 satis
960 3056 1273 3127 Stephanus
1302 3072 1401 3127 pro
1448 3057 1682 3111 hominis
1714 3072 1839 3126 pro-

234 3142 396 3202 bitate
433 3163 503 3201 ac
537 3146 790 3202 doctrina
818 3162 941 3202 esse
974 3156 1191 3216 putans,
1224 3148 1597 3218 episcopatum
1624 3145 1839 3201 Ostien-

232 3252 343 3293 sem
398 3237 643 3302 addidit,
686 3237 940 3307 sacrique
980 3236 1343 3291 cardinalium
1388 3236 1602 3307 collegii
1639 3236 1841 3306 princi-

233 3346 388 3400 pem,
443 3332 721 3388 decanum
759 3331 1071 3402 appellavit,
1118 3332 1346 3387 creavit.
1400 3331 1613 3387 Mortuo
1659 3339 1839 3385 autem

229 3429 390 3497 paulo
442 3439 579 3500 post
617 3428 923 3498 Stephano,
962 3428 1095 3525 eum
1135 3427 1431 3483 Tusculani
1464 3428 1691 3483 comites
1715 3466 1729 3489 ,
1782 3434 1839 3479 ιιι

232 3529 674 3585 consueverant,
734 3518 996 3575 Joannem
1050 3534 1238 3575 eorum
1286 3519 1693 3590 propinquum,
1750 3532 1839 3571 ar-

228 3611 387 3667 matis
460 3611 696 3681 stipati,
745 3625 811 3665 ex
865 3611 1121 3681 episcopo
1168 3608 1450 3664 Veliterno
1500 3608 1839 3679 pontificem,

228 3702 617 3757 cardinalibus
681 3702 1151 3773 repugnantibus,
1220 3709 1552 3766 creassent,
1616 3700 1837 3755 Petrum

229 3788 479 3847 Damiani
513 3791 939 3857 reclatnantem,
972 3802 1138 3862 atque
1168 3806 1362 3846 omnes
1407 3791 1543 3846 diris
1584 3791 1841 3861 gravibus

228 3882 595 3938 devoventetn
627 3864 655 3945 ,’
695 3882 749 3935 vi
805 3883 871 3938 ad
932 3896 1057 3937 eum
1122 3882 1408 3937 colendum
1461 3883 1836 3952 compellunt:

227 3972 417 4055 deinde
445 3975 743 4045 populum,
773 3974 943 4030 divisa
972 3990 1070 4045 per
1111 3974 1261 4029 vicos
1307 3974 1558 4045 pecunia,
1613 3974 1679 4028 ad
1717 3974 1844 4029 ado-

229 4060 453 4118 randum
507 4063 773 4119 invitant.
812 4064 864 4143 ls
903 4063 1232 4120 Benedictus
1262 4064 1508 4120 decimus
1546 4075 1632 4119 est
1674 4081 1838 4120 voca-

229 4161 328 4208 tus.

1936 1594 2307 1651 instituerant.
2348 1594 2545 1650 Clerici
2575 1595 2665 1664 qui
2699 1593 2994 1658 ecclesias,
3029 1594 3361 1665 ordinesque
3389 1608 3549 1651 erant

1936 1686 2186 1753 mercati,
2218 1701 2345 1741 cum
2392 1685 2562 1741 semel
2589 1686 2935 1741 verecundia:
2965 1686 3102 1742 fines
3149 1688 3545 1750 transilissent.

1934 1776 2137 1831 sensim
2186 1775 2400 1846 longius
2457 1775 2622 1830 etiam
2672 1775 2738 1831 ad
2792 1776 2897 1830 alia
2962 1792 3023 1831 se
3074 1778 3286 1847 prolabi
3340 1777 3548 1848 ﬂagitia

1936 1867 2082 1937 passi
2120 1876 2277 1922 erant
2313 1883 2485 1937 usque
2508 1868 2665 1928 adeo.
2714 1869 2976 1940 ultpalattt
3006 1886 3208 1926 uxores
3248 1887 3313 1926 ac
3345 1887 3551 1927 concu-

1935 1959 2094 2015 binas
2128 1961 2434 2016 haberent:
2470 1970 2634 2030 atque
2657 1970 2948 2032 utrumque
2983 1965 3270 2034 probrum,
3310 1966 3543 2021 honesta

1937 2053 2095 2121 quasi
2128 2054 2524 2107 consuetudine
2556 2055 2920 2122 permissum,
2954 2057 3233 2125 pertinaci.
3272 2059 3409 2112 tueri
3456 2075 3547 2112 ra-
3597 2111 3607 2119 ,

1939 2143 2086 2197 tione
2118 2160 2225 2199 non
2273 2145 2604 2199 dubitarent.
2658 2146 2794 2200 llin‘c
2823 2146 2984 2200 facile
3011 2148 3064 2201 in
3092 2148 3201 2201 duo
3233 2149 3554 2205 incidebant.

1908 2234 2121 2304 gravia
2162 2235 2435 2290 hazrrseos
2474 2236 2703 2290 crimina
2739 2256 2751 2290 :
2789 2237 3022 2293 alterum
3065 2254 3275 2303 eorum,
3315 2242 3419 2311 qui
3477 2244 3554 2296 si--

1940 2324 2176 2379 tnoniaci
2227 2324 2357 2379 dicti
2406 2338 2555 2391 sunt,
2607 2326 3000 2383 Nicolaitarnm
3044 2329 3297 2385 alterum.
3352 2334 3550 2388 Petrus

1938 2412 2208 2478 Damiani,
2238 2413 2498 2469 Auselmo
2527 2415 2785 2487 episcopo
2813 2416 3043 2473 anensi
3077 2419 3282 2491 collega
3326 2422 3428 2477 siti
3462 2439 3554 2476 ae-

1937 2514 2115 2574 cepto,
2147 2505 2358 2576 legatus
2398 2506 2760 2562 Mediolanum
2788 2508 2944 2564 abiit.
2981 2510 3057 2565 lbi
3091 2527 3121 2565 a
3153 2514 3368 2570 civibus
3422 2530 3549 2569 cum

1938 2597 2205 2667 dignitate
2252 2608 2531 2669 exceptus,
2563 2616 2687 2655 cum
2717 2602 2985 2672 postridie
3020 2619 3242 2660 causam
3267 2606 3557 2678 legationis

1939 2690 1992 2744 in
2022 2691 2285 2746 concione
2313 2691 2690 2761 exposuisset,
2747 2708 2967 2764 gravem
3019 2703 3132 2751 tota
3166 2698 3302 2753 urbe
3358 2698 3557 2752 tumul-

1942 2790 2055 2836 tum
2094 2782 2264 2837 sensit
2301 2784 2556 2846 excitari,
2591 2786 2670 2839 sic
2721 2795 2777 2839 ιιι
2807 2787 2949 2840 sacri
2998 2788 3126 2843 aeris
3155 2791 3406 2859 campani
3465 2805 3556 2845 so-

1872 2860 1917 2919 Β
1950 2873 2091 2937 nitu,
2139 2874 2296 2944 signo
2349 2876 2498 2941 dato,
2550 2876 2618 2929 ad
2658 2892 2811 2930 arma
2837 2877 3070 2947 populus
3100 2880 3427 2937 clericorum
3474 2880 3558 2937 fa-

1943 2962 2124 3017 ctione
2170 2963 2468 3031 incitatus,
2516 2968 2860 3035 occurrerit;
2910 2970 3227 3039 praetorium
3260 3014 3274 3036 ,
3340 2973 3393 3027 in
3445 2988 3557 3045 quo

1941 3051 2136 3108 Petrus
2161 3063 2312 3120 erat,
2349 3055 2522 3111 iratus
2572 3058 2793 3121 adierit,
2836 3069 3069 3115 mortem
3120 3062 3287 3119 Petro
3320 3066 3558 3121 intenta-

1945 3145 2047 3211 rit;
2084 3158 2465 3217 assereretque
2495 3150 2918 3208 Ambrosianum
2954 3154 3281 3225 Ecclesiam,
3315 3163 3557 3232 antiquis

1942 3236 2167 3291 Patrum
2200 3239 2492 3306 institutis,
2548 3256 2670 3301 esse
2706 3244 2937 3300 liberam
2969 3266 2981 3301 :
3016 3264 3192 3320 neque
3227 3253 3393 3308 ullqu
3450 3254 3555 3308 Ro-

1943 3342 2109 3382 ntano
2135 3329 2379 3399 pontifici
2418 3331 2471 3385 in
2500 3347 2561 3387 ea
2613 3334 3008 3392 conformanda
3030 3340 3121 3408 jus
3159 3357 3301 3399 esse.
3336 3344 3557 3411 Petrus,

1949 3427 2254 3471 convocato
2297 3419 2349 3472 in
2384 3421 2644 3491 templum
2696 3424 2917 3494 populo,
2954 3427 3029 3482 ita
3074 3431 3375 3501 prudenter
3424 3436 3556 3492 lenio

1948 3518 2142 3578 terque
2190 3524 2381 3565 eorum
2412 3514 2625 3570 animos
2674 3520 2954 3586 tractavit,
3002 3531 3062 3576 ut
3109 3527 3329 3582 tandem
3364 3528 3562 3603 in'ejns

1944 3617 2135 3657 omnes
2163 3605 2493 3659 sententiam
2541 3607 2935 3679 discesserint,
2984 3617 3410 3692 apostolicreque
3440 3624 3559 3680 sedi

1948 3707 2143 3763 parere
2174 3710 2520 3766 nequaquam
2572 3700 2888 3757 abnuerint.
2940 3704 3012 3760 Se
3055 3708 3285 3765 missum
3339 3714 3562 3770 dicebat

1949 3801 1976 3837 a
2015 3784 2237 3841 Nicolao
2266 3790 2552 3859 pontifice,
2587 3802 2647 3845 ut
2677 3807 2868 3849 eorum
2900 3798 3213 3855 con5uleret
3260 3804 3447 3873 gloria:
3495 3824 3561 3861 ac

1946 3877 2130 3947 saluti,
2184 3895 2292 3935 non
2329 3891 2390 3935 ut
2421 3882 2751 3939 multitudini
2786 3888 3115 3953 inserviret,
3153 3901 3250 3947 aut
3299 3896 3561 3965 amplitu-

1947 3966 2129 4023 dinem
2188 3970 2621 4043 dignitatemque
2670 3976 3032 4047 amplificaret
3074 3980 3333 4039 Romana:
3372 3987 3563 4042 Eccle-

1948 4059 2062 4125 siae,
2098 4076 2219 4131 quze
2249 4078 2371 4117 cum
2404 4076 2574 4129 esset,
2618 4067 2789 4138 ipsius
2832 4085 2966 4126 voce
2999 4071 3329 4144 Salvatoris,
3365 4078 3557 4134 laudes

1946 4159 2001 4204 et
2047 4152 2290 4207 omnium
2326 4154 2691 4211 Ecclesiarum
2743 4160 3111 4230 principatum
3156 4164 3375 4236 adepta.
3420 4172 3561 4224 adeo

294 4246 441 4300 Inter
474 4248 603 4302 Ιιωε
654 4263 775 4302 cum
818 4258 1037 4321 postero
1082 4264 1230 4305 anno
1273 4249 1674 4305 Hildcbrandus
1725 4264 1841 4305 mo-
1870 4219 1917 4281 C
1952 4244 2131 4299 tenuis
2180 4245 2459 4312 hominis,
2512 4250 2691 4319 qualis
2732 4252 2849 4323 ipse
2894 4264 3057 4319 erat,
3122 4219 3399 4327 ιιι-ωειλ,ἱο
3451 4278 3558 4318 non

228 4336 432 4392 melius
462 4338 889 4404 Benedictinus,
938 4340 1021 4395 vir
1060 4342 1217 4411 plane
1262 4342 1576 4412 singularis,
1610 4341 1838 4396 Romam

228 4441 344 4479 cum
395 4426 756 4485 Gothofredo
799 4429 935 4485 duce
979 4432 1233 4490 venisset.
1278 4431 1441 4486 Petro
1474 4431 1719 4487 Damiani
1747 4448 1841 4503 po-

227 4513 501 4571 tissimum
534 4518 820 4584 hortante,
851 4517 1131 4574 Gerardns
1166 4520 1500 4592 Burgundio,
1554 4522 1841 4592 cpiscopus

228 4604 623 4674 Florentinus,
681 4608 924 4679 pontifex
981 4611 1293 4677 maximus,
1340 4612 1548 4667 Nicolai
1602 4613 1837 4668 Secundi

227 4710 511 4769 assumpto
560 4701 829 4767 nomine,
879 4702 1222 4759 renuntiatus
1267 4713 1367 4769 est,
1403 4714 1459 4759 et
1510 4705 1840 4761 Benedictus

228 4787 501 4844 abdicavit
588 4803 652 4845 se
714 4790 1051 4861 pontificatu.
1113 4791 1367 4849 Nicotaus
1449 4797 1840 4868 rempublicam

228 4880 673 4951 compositurus,
724 4897 847 4953 qua:
888 4882 1145 4939 maximis
1194 4886 1509 4955 perturbata
1559 4886 1841 4942 calamita—

231 4968 366 5025 tibus
408 4970 726 5041 plurimum
766 4971 1133 5041 quatiebatur,
1166 4957 1394 5030 Petrum.
1431 4976 1678 5032 Damiani
1729 4976 1840 5032 Me-

231 5057 506 5116 diolanum
572 5061 753 5127 misit,
796 5074 854 5117 ut
883 5078 1004 5119 eam
1057 5063 1360 5120 Ecclesiam
1411 5067 1553 5121 male
1600 5068 1841 5122 sen‘tieno

232 5155 355 5211 tem,
384 5160 442 5208 et
470 5166 503 5204 a
533 5150 792 5205 Romana
834 5152 1120 5209 abductam
1170 5163 1225 5211 et
1270 5156 1670 5227 discrepantem
1695 5199 1707 5218 .
1763 5158 1839 5212 si-

234 5240 600 5312 moniacaque
628 5240 774 5306 labe,
804 5252 861 5297 et
888 5242 1273 5303 Nicolaitarum
1317 5246 1511 5303 haeresi
1560 5249 1838 5315 infectam,

232 5343 348 5385 cum
376 5333 647 5388 Romana
693 5335 1030 5398 conciliaret,
1069 5346 1126 5393 et
1170 5339 1224 5393 in
1259 5349 1461 5395 rectam
1514 5343 1837 5397 sententiam

234 5420 546 5481 deduceret.
601 5424 1037 5484 Conniventihus
1084 5429 1229 5485 enim
1272 5432 1343 5487 ob
1391 5433 1661 5487 tumultus
1689 5433 1843 5488 belli-

234 5528 348 5579 cos,
393 5526 453 5571 et
500 5515 898 5573 seditiosorum
954 5521 1251 5589 potentiam
1289 5523 1683 5593 pontificibus,
1740 5540 1841 5579 nec

233 5600 299 5656 oh
340 5605 395 5659 id
421 5606 568 5662 satis
602 5616 800 5676 aperte
852 5608 1145 5677 prohibere
1200 5592 1505 5669 valentibus
1530 5656 1545 5679 ,
1592 5615 1837 5687 plerique
1874 5592 1919 5650 ί)
1947 5592 2343 5680 consuetudine
2388 5638 2537 5682 esset
2576 5592 2728 5686 usus.

236 5696 520 5770 principes.
549 5709 835 5768 usurpato
872 5699 1013 5768 jure,
1059 5712 1115 5758 et
1144 5704 1325 5761 divina
1354 5722 1546 5777 parum
1575 5711 1835 5782 religione

239 5789 381 5856 moti,
424 5791 722 5848 Ecclesias
752 5792 1012 5864 episcopi,
1054 5797 1294 5855 minores
1328 5800 1568 5865 ordines,
1610 5820 1715 5860 non
1744 5805 1841 5862 ho-

654 5888 929 5948 Pnnoc.
988 5897 1030 5956 f‘.
1043 5899 1092 5957 Χ
1108 5900 1262 5961 ων,

1947 4336 2158 4405 egebat.
2193 4337 2409 4395 Primos
2441 4354 2631 4396 eorum
2670 4342 2864 4400 salutis
2913 4357 3189 4409 auctores.
3235 4362 3290 4406 et
3328 4352 3560 4408 labentis

1945 4429 2247 4499 disciplina)
2287 4432 2728 4503 eonfirmatones,
2769 4438 2836 4491 ab
2868 4438 3111 4496 Ecclesia
3145 4443 3398 4503 Romana
3431 4465 3561 4521 pro-

1948 4520 2153 4576 diisse:
2190 4522 2352 4591 idque
2414 4524 2475 4578 D.
2528 4524 2857 4593 Nazarium,
2911 4545 3074 4600 quem
3129 4533 3191 4587 D.
3231 4520 3441 4604 Linus,
3494 4541 3557 4595 1).

1948 4610 2094 4665 Petri
2138 4612 2479 4683 discipulus,
2544 4631 2699 4672 sacra
2756 4620 3108 4690 baptismatis
3157 4627 3303 4682 unda
3352 4630 3558 4697 abluit;

1945 4713 2001 4757 et
2042 4704 2197 4759 divos
2225 4703 2553 4762 Gervasinm
2610 4708 3038 4784 Protasiumque
3082 4718 3173 4786 qui
3222 4719 3286 4772 Ι).
3332 4720 3559 4779 Paulum

1947 4794 2250 4864 apostolum
2282 4799 2604 4865 magistrum
2645 4796 2982 4868 habuerunt,
3011 4808 3332 4865 edocuisse:
3360 4813 3561 4884 ipsum-

1946 4900 2053 4955 que
2106 4899 2214 4956 quo
2261 4897 2545 4960 tantopere
2573 4933 2587 4957 ,
2633 4903 2689 4946 et
2738 4894 2957 4963 quidem
3004 4900 3202 4957 merito
3246 4904 3562 4973 gloriaban—

1950 4990 2054 5045 tur,
2108 4980 2173 5034 D.
2230 4982 2581 5039 Ambrosium
2630 4985 3028 5046 Nicolaitarum
3078 4995 3331 5053 haeresim
3360 5016 3460 5071 per
3498 5020 3559 5059 se

1945 5073 2253 5129 convellere
2292 5090 2418 5131 cum
2459 5080 2735 5148 nequiret,
2784 5096 2812 5134 a
2863 5082 3111 5141 Romana
3156 5089 3399 5148 Ecclesia
3425 5111 3559 5167 przr-

1947 5161 2146 5216 sidium
2190 5164 2534 5234 implorasse.
2580 5167 2677 5223 llis
2706 5179 2870 5239 atque
2894 5173 3018 5229 aliis
3066 5176 3120 5231 in
3172 5161 3563 5241 banc‘senten-

1948 5252 2079 5347 tiam
2108 5270 2161 5347 ra
2196 5253 2359 5311 Petro
2400 5258 2467 5311 ad
2506 5261 2767 5329 populum
2809 5266 2993 5320 verbis
3032 5266 3216 5335 factis,
3244 5274 3561 5347 sedatisqne

1946 5344 2015 5398 ob
2062 5341 2116 5399 id
2142 5361 2332 5402 eorum
2375 5352 2534 5419 quasi
2576 5352 2854 5417 fluctibus,
2885 5371 3051 5411 causa
3086 5376 3213 5416 mox
3246 5377 3425 5436 coepta
3472 5341 3560 5425 et

1946 5437 2164 5507 agitari.
2216 5441 2314 5495 Vix
2364 5453 2551 5499 autem
2599 5447 2889 5517 quisquam
2943 5467 3086 5508 unus
3143 5468 3397 5526 repertus
3450 5474 3557 5526 es'.

1946 5531 2039 5598 qui
2066 5545 2175 5585 non
2222 5544 2315 5587 ant
2345 5536 2571 5591 ordines
2600 5539 2846 5604 emisset,
2900 5555 2994 5597 aut
3026 5542 3170 5601 fteda
3224 5548 3555 5609 feminarum

2782 5633 2840 5686 In
2878 5644 3027 5690 tanta
3074 5655 3133 5694 re
3194 5640 3554 5711 temperatius

1948 5713 2224 5783 agendum
2249 5715 2444 5772 Petrus
2486 5735 2585 5788 pro
2632 5731 2939 5794 temporum
2989 5730 3326 5797 conditione,
3358 5744 3412 5788 et
3445 5736 3551 5792 cri-

1950 5806 2285 5862 minosorum
2318 5811 2670 5870 multitudine
2720 5826 2889 5877 ratus.
2941 5821 3159 5877 icui:th
3212 5826 3291 5879 eis
3328 5824 3551 5895 pollice-

2856 5912 2893 5968 ti
