4040 6376
645 348 735 402 471

3805 305 3899 356 Ιτὲ

1510 338 1567 391 S.
1611 334 1880 391 PLTRUS
1909 327 2217 389 DAMIANU

2326 328 2358 381 i.
2399 326 2460 381 Il.
2608 319 3031 381 CXRIHNALIS.
3805 319 3900 357 I.:

645 483 752 527 tur,
805 467 852 520 si
905 472 1243 518 sacramento
1298 460 1619 512 conﬁrment
1650 497 1663 518 ,
1714 459 1765 508 in
1819 460 2092 524 posterum
2149 447 2566 515 abAgiouibus
2610 443 2809 506 tradit,
2864 448 2922 494 ut
2977 453 3082 493 non
3135 436 3233 489 vzri
3282 433 3484 493 modo,
3542 429 3639 482 sed
3691 424 3901 481 nobiles

644 556 946 627 huiusmodi
972 552 1184 623 ﬂagitiis
1210 559 1622 619 temperaturos.
1652 546 1864 601 Primus
1884 541 2214 598 solemnibus

644 648 822 705 verbis
869 643 1026 699 Wido
1075 640 1512 709 archiepiscopus
1558 638 1610 692 id
1650 634 1924 707 professus
1965 639 2049 685 est
2076 670 2092 692 ,
2142 632 2213 681 si-

644 738 1051 805 mOniacamque
1116 741 1170 787 et
1242 729 1625 785 Nicolaitarnm
1699 724 1944 781 haeresim
2029 735 2211 776 coram

641 823 890 883 omnibus
918 825 1237 883 detestatus,
1290 821 1415 876 inde
1456 818 1636 874 clerici
1678 831 1887 872 omnes.
1934 812 2212 880 Arehiepi-

641 932 834 986 scopus
873 916 925 970 in
964 923 1162 969 terram
1192 911 1494 981 proiectus,
1537 906 1805 976 piaculum
1859 901 2061 971 injuugi
2109 900 2209 954 sibi

643 1009 968 1080 postulavit;
1011 1015 1230 1061 centum
1260 1017 1522 1056 annorum
1574 998 1767 1054 Petrus
1817 994 2091 1065 imposuit,
2134 994 2214 1047 id-

640 1118 743 1171 que
775 1101 963 1156 redimi
1011 1112 1168 1168 posse
1209 1103 1359 1149 certa
1407 1091 1635 1163 pecunia
1668 1089 1723 1143 in
1757 1088 1995 1160 singulos
2038 1100 2211 1139 annos

640 1192 815 1247 soluta
861 1189 1062 1251 voluit;
1096 1184 1276 1240 clerici
1311 1182 1538 1237 diversis
1590 1180 1641 1234 iu
1680 1180 1787 1233 vita
1815 1176 2033 1246 jejuuiis
2075 1174 2209 1229 obli-

640 1280 769 1348 gati.
821 1276 1072 1331 Ascendit
1098 1274 1291 1328 deinde
1318 1272 1370 1326 in
1419 1269 1731 1325 concionem
1756 1266 2207 1332 archiepiscopus.

638 1377 693 1424 et
742 1369 885 1421 clero
926 1364 1225 1437 populoque
1274 1360 1664 1430 prmsentibus,
1716 1358 1899 1425 jurare
1955 1353 2207 1407 clericum

637 1476 792 1516 suntm
838 1459 1020 1529 jussit,
1055 1473 1113 1511 se
1143 1456 1241 1509 has
1293 1454 1426 1507 duas
1478 1452 1711 1505 brercses
1744 1463 1840 1517 pro
1882 1445 2084 1499 viribus
2125 1459 2211 1497 ex.

637 1553 993 1620 stirpaturum
1036 1560 1191 1616 :quo
1242 1544 1431 1599 eodem
1481 1549 1822 1596 sacramento
1887 1552 1945 1591 se
1987 1534 2211 1605 populus

637 1641 897 1697 devinxit.
944 1637 1168 1693 Clericis
1200 1635 1325 1689 hinc
1348 1632 1570 1703 pristina
1596 1636 1936 1689 ornamenta,
1966 1625 2211 1679 litteratis

638 1734 821 1789 etiam,
869 1739 923 1782 et
966 1728 1129 1784 castis
1154 1724 1382 1781 ollicium
1419 1723 1703 1791 redditum,
1733 1720 1925 1789 reliqui
1960 1716 2209 1771 Ecclesia:

640 1836 845 1878 tantum
910 1818 1185 1875 associati.
1232 1816 1314 1872 Ad
1362 1814 1477 1869 luce
1521 1811 1962 1880 archiepiscopus
2008 1806 2210 1876 recepit
2244 1792 2285 1847 Β

636 1933 747 1981 eos,
798 1932 855 1968 se
922 1910 1195 1982 religionis
1253 1921 1417 1959 causa
1467 1904 1693 1957 Rutulam
1726 1943 1738 1964 ,
1798 1910 1891 1955 aut
1932 1900 2208 1953 Turonum

639 2008 928 2059 missurum
962 2021 973 2055 :
1004 2018 1061 2057 se
1090 2013 1217 2054 vero
1268 1996 1333 2049 ad
1385 1996 1446 2049 ι).
1494 1992 1751 2047 Jacobnm
1801 1991 1852 2044 in
1898 1986 2209 2056 llispaniam

638 2102 858 2153 iturum.
915 2094 1021 2150 Sed
1048 2105 1359 2163 quanquam
1408 2088 1519 2141 lucc
1548 2084 1682 2139 adeo
1715 2081 1921 2152 prolixe
1943 2080 2211 2149 pollicitus

636 2202 756 2252 est,
824 2198 1004 2241 tamen
1057 2181 1198 2238 haud
1253 2182 1324 2234 ita
1375 2178 1463 2233 ditt
1528 2184 1688 2245 post,
1745 2172 1975 2227 abeunte
2027 2168 2211 2231 Petro,

636 2281 807 2334 sacris
858 2277 1191 2332 iuitiatortun
1231 2268 1461 2325 assiduis
1489 2263 1800 2321 stimulatus
1832 2259 2207 2331 querimoniis,

640 2386 703 2425 ac
742 2383 879 2438 pene
908 2364 1197 2424 conviciis,
1252 2361 1303 2413 in
1357 2358 1643 2426 pristinum
1695 2354 1874 2407 rediit.
1924 2350 2111 2420 Itaque
2158 2350 2210 2401 iu

639 2462 879 2531 sequenti
912 2472 1051 2511 anno
1071 2456 1264 2509 Petrus
1292 2454 1527 2522 graviter
1552 2457 1875 2505 commotus.
1904 2444 2209 2513 Rodulpho,

638 2550 796 2606 V’itali
826 2590 840 2613 ,
892 2547 1111 2601 Arialdo
1139 2586 1152 2603 .
1206 2552 1259 2597 et
1310 2538 1649 2595 Erlenibaldo
1697 2537 1866 2592 Cotta:
1895 2537 1996 2589 hac
2046 2533 2111 2587 de
2156 2546 2215 2585 re

636 2643 901 2706 scribens,
939 2638 1030 2708 qui
1082 2639 1487 2707 permanserant
1528 2630 1581 2684 iu
1633 2626 1919 2690 sententia,
1981 2622 2069 2678 ubi
2101 2620 2213 2674 lau-

636 2734 780 2789 davit
828 2732 965 2793 illos,
1020 2729 1087 2783 (le
1124 2726 1334 2781 caeteris
1383 2735 1684 2777 sermonem
1739 2718 2030 2788 ingressus,
2070 2710 2212 2783 quod

646 2837 846 2885 tamen,
895 2820 1107 2888 inquit,
1154 2817 1207 2869 in
1254 2810 1636 2867 Mediolanensi
1685 2806 1923 2861 Ecclesia
1971 2817 2076 2856 non
2130 2807 2214 2854 est

641 2929 858 2974 novum,
891 2926 1009 2979 qua:
1045 2921 1256 2974 semper
1282 2902 1479 2958 diversi
1522 2898 1788 2969 dogmatis
1822 2894 2067 2949 homines
2112 2892 2212 2945 Ita-

636 3005 796 3068 buit,
857 3000 1010 3056 initio
1064 2999 1130 3051 ab
1185 2994 1491 3057 Auxentio,
1565 2999 1729 3059 atque
1789 2984 2075 3041 Ambrosio
2132 2982 2215 3034 in-

640 3096 852 3151 choato.

710 3185 886 3252 Atque
928 3180 1040 3234 lucc
1082 3178 1153 3230 ita
1201 3191 1233 3229 a
1281 3188 1340 3228 se
1376 3168 1658 3226 Mediolani
1696 3172 1815 3221 acta
1864 3162 2055 3219 Petrus
2080 3160 2215 3216 scri-
2243 3152 2288 3215 C

640 3276 720 3329 bit
749 3294 761 3328 :
790 3272 881 3343 qui
914 3280 971 3324 ut
1003 3284 1061 3323 se
1117 3267 1227 3321 Deo
1277 3273 1447 3319 totum
1498 3260 1777 3323 traderet,
1825 3265 1882 3311 et
1933 3256 1985 3310 in
2033 3265 2214 3309 rerum

641 3367 944 3421 divinarum
1020 3357 1363 3413 meditatione
1428 3355 1542 3408 dies
1610 3360 1904 3420 noctesque
1968 3356 2211 3418 poneret,

645 3471 800 3511 sacro
837 3452 1040 3522 galero,
1091 3460 1145 3502 et
1194 3446 1529 3516 episcopatu,
1576 3443 1915 3508 duorumque
1952 3447 2215 3506 prtcterea

644 3545 1006 3603 cceuobiorum
1054 3540 1155 3594 sibi
1204 3536 1701 3593 commendaturum
1751 3530 2215 3585 administratione

646 3654 704 3693 se
735 3636 1022 3690 abdicavit.
1057 3631 1296 3698 Cumque
1343 3643 1374 3681 a
1414 3626 1633 3681 Nicolao
1670 3620 1926 3695 pontiﬁce
1975 3620 2215 3673 maximo

651 3731 742 3798 qui
770 3728 886 3795 ejus
914 3724 1364 3779 Mediolaneusem
1396 3718 1717 3790 legationem
1747 3714 1980 3769 maxime
2018 3711 2217 3781 proba-

650 3827 818 3881 verat,
869 3814 935 3868 ad
984 3828 1078 3867 eas
1118 3811 1310 3865 iterum
1349 3808 1655 3877 dignitates,
1706 3812 1761 3859 et
1788 3803 2050 3857 honorum
2090 3798 2219 3853 insi-

647 3912 768 3977 gnta
824 3913 1138 3975 cogeretur;
1184 3901 1402 3969 ipseque
1449 3902 1796 3957 constanter,
1847 3900 1901 3945 et
1944 3890 2220 3958 aliquanto

646 3999 897 4059 fortasse,
931 4008 1093 4063 quam
1138 4006 1222 4045 res
1258 3988 1393 4058 ipsa,
1433 3996 1486 4041 et
1516 3984 1785 4055 pontiﬁcis
1816 3981 2072 4049 majestas
2113 3979 2221 4032 fer-

652 4103 756 4157 ret,
785 4087 1113 4160 pertinacius
1144 4089 1422 4145 renueret;
1455 4078 1685 4133 assensit
1728 4074 1944 4144 quidem
1980 4070 2223 4141 pontifex

648 4184 765 4249 eius
800 4176 1232 4250 perseverantiae,
1259 4174 1350 4228 sed
1381 4185 1593 4242 poenam
1626 4170 1677 4223 in
1708 4182 1831 4221 eum
1856 4163 2221 4219 ceutenariam

650 4271 970 4330 constituit:
1004 4284 1106 4337 qua
1140 4278 1296 4336 paena
1332 4262 1613 4317 tenebatur
1650 4258 1717 4313 ad
1750 4255 2082 4312 recitandum
2132 4268 2227 4323 per

652 4374 868 4421 centum
899 4376 1086 4425 annos,
1129 4356 1387 4428 quotidie,
1418 4352 1731 4409 verberibus
1761 4348 2054 4419 adjuuetis,
2086 4344 2225 4414 psal-

655 4472 798 4511 mmn
847 4450 1372 4523 quinquagesimum,
1413 4462 1521 4517 quo
1572 4459 1702 4499 usus
1748 4451 1833 4498 est
1881 4440 2071 4505 David,
2102 4454 2223 4492 cum

655 4560 898 4614 stuprum
940 4542 1221 4596 Bersabee:
1246 4578 1262 4601 ,
1313 4547 1367 4591 et
1401 4537 1594 4589 marito
1632 4534 1750 4603 ejus
1797 4540 2022 4586 mortem
2068 4532 2226 4585 obtu-

656 4639 837 4697 lisset;
873 4633 1131 4700 illumque
1168 4628 1378 4684 Natban
1411 4627 1761 4681 vehementer
1796 4631 2127 4684 accusasset,
2162 4635 2227 4675 ac

660 4728 995 4780 minaretur:
1032 4723 1196 4777 Deum
1249 4732 1354 4774 tam
1413 4717 1593 4789 gravia
1634 4714 1837 4770 scelera
1891 4724 2226 4783 nequaquam

662 4815 961 4885 impunita,
1007 4823 1167 4881 atque
1213 4811 1377 4865 inulta
1423 4809 1731 4865 relicturum
1770 4806 1853 4872 (ΙΙ
1919 4805 2047 4877 Reg.
2106 4808 2227 4874 xu).

659 4906 869 4961 Subivit
926 4907 1064 4958 hanc
1118 4916 1328 4972 pinnam
1378 4898 1606 4955 libenter
1659 4898 1890 4961 Petrus,
1946 4906 2232 4965 tantusque

658 5002 711 5053 iu
762 5012 826 5051 eo
867 4995 966 5048 fuit
1009 4992 1171 5047 ardor
1212 4987 1525 5059 paenitendi.
1572 5002 1630 5043 ut
1682 5003 1857 5041 annuo
1886 4988 2025 5041 illam
2054 4988 2230 5057 spatio

663 5090 969 5144 exhauserit
1006 5104 1017 5139 :
1047 5096 1100 5137 et
1132 5094 1185 5137 ut
1221 5099 1287 5138 ex
1320 5080 1616 5135 llelinando
1651 5088 1882 5134 testatur
1922 5080 1972 5133 in
2002 5079 2231 5151 Speculo

660 5194 757 5231 suo
787 5177 1120 5230 Vincentius.
1185 5171 1444 5227 Dominici
1490 5168 1788 5238 exemplum
1841 5172 2084 5233 habetur,
2137 5169 2229 5239 qui

664 5270 829 5324 lorica
884 5265 1053 5319 ferrea
1110 5265 1173 5319 ad
1230 5278 1443 5318 carnem
1496 5261 1750 5325 indutus,
1791 5260 2005 5314 circulis
2042 5261 2231 5315 ferreis

665 5358 876 5416 duobus
904 5357 1133 5417 cinctus,
1171 5354 1497 5423 totidemque
1540 5367 1636 5421 per
1663 5366 1845 5405 armos
1872 5349 2226 5412 braeniorum,

666 5460 873 5505 armata
929 5447 1106 5516 scopis
1154 5455 1377 5515 utraque
1424 5459 1587 5498 manu
1615 5485 1628 5508 ,
1702 5443 1878 5498 nudus
1906 5482 1919 5507 ,
1981 5442 2229 5512 psalteria

665 5540 963 5600 duodecim,
1007 5544 1170 5590 totam
1210 5543 1420 5589 noctem
1470 5533 1601 5587 nihil
1650 5532 1943 5598 dormiens,
1975 5532 2234 5602 postridie

664 5630 954 5701 persolvit.
1011 5638 1065 5682 et
1120 5627 1186 5685 de
1227 5628 1383 5681 tertio
1410 5626 1620 5682 decimo
1665 5627 1729 5679 ad
1782 5625 1932 5680 Beati
1990 5642 2233 5697 quorum.

671 5721 839 5789 liuius
884 5718 1127 5789 exemplo
1176 5720 1272 5773 viri
1331 5732 1529 5773 morem
1580 5716 1862 5773 inolevisse
1924 5716 1975 5771 in
2010 5717 2121 5773 suis
2158 5734 2239 5771 rc-

2317 550 2528 606 qnoque
2556 532 2810 587 mulieres
2840 529 2889 582 id
2921 540 3093 597 pmnze
3131 538 3299 596 genus
3347 522 3578 575 libenter
3606 516 3857 572 sohirctit
3886 532 3899 576 ;

2317 626 2537 696 ipsaque
2602 620 2853 678 Cecltaldi
2913 633 3051 671 uxor
3104 629 3293 683 magna
3360 608 3554 663 mulier
3610 605 3902 676 dignitate.

2315 718 2510 773 marito
2559 724 2802 777 mortuo,
2844 707 3212 765 centenariant
3255 705 3397 756 hanc
3448 698 3722 758 absolvit,
3774 695 3901 746 dum

2316 809 2418 861 tria
2468 803 2754 857 verberum
2794 800 2988 858 millia,
3035 794 3384 863 disciplinas,
3438 788 3755 860 appellant,
3807 799 3905 854 pro

2315 912 2455 951 anno
2484 909 2589 947 uno
2624 899 2955 946 numeraret.
3006 886 3195 953 Itaque
3225 883 3436 944 Petrus,
3468 889 3764 950 postquam
3795 889 3902 945 pan

2317 1003 2437 1040 nam
2470 985 2585 1049 luit,
2617 983 2890 1052 eleganter
2917 979 2985 1033 ad
3033 975 3310 1031 Nicolaum
3346 972 3682 1041 pontiﬁcem,
3715 969 3904 1023 oﬁieii-

2314 1091 2417 1143 que
2456 1090 2518 1129 ac
2558 1074 2775 1143 pietatis
2828 1070 3011 1141 plenas
3062 1068 3273 1119 litteras
3334 1063 3485 1118 dedit
3522 1082 3534 1116 :
3573 1060 3780 1131 quibus
3852 1069 3905 1111 ct

2314 1167 2561 1235 purgavit
2606 1180 2663 1218 se
2701 1162 3023 1229 diligenter,
3072 1167 3127 1210 et
3184 1171 3289 1208 non
3346 1154 3526 1207 minus
3572 1149 3902 1206 ratiorilme,

2312 1272 2472 1325 quam
2502 1264 2810 1309 sanctorum
2852 1251 3088 1303 virorum
3132 1245 3401 1312 exemplo,
3431 1245 3480 1297 id
3508 1242 3708 1295 iecisse
3737 1249 3903 1292 test..—

2316 1360 2400 1401 lllS
2435 1359 2538 1403 (‘51.

2383 1441 2646 1496 Cancrum
2710 1454 2777 1493 an
2841 1438 2916 1491 illi
2978 1434 3227 1491 Nicolaus
3280 1430 3527 1502 pontifex
3580 1426 3903 1483 assenscrit.

2314 1548 2620 1603 quanquam
2688 1530 2933 1600 plerique
2988 1542 3179 1582 onmes
3222 1524 3527 1581 aﬁirmant,
3581 1529 3766 1575 tantm
3808 1518 3906 1571 ali-

2315 1640 2474 1693 quam
2510 1622 2685 1677 lacere
2724 1619 3113 1675 dubitationem
3145 1617 3360 1671 videtur
3399 1614 3632 1684 diploma
3668 1611 3907 1664 Alexan-

2316 1715 2397 1767 dri
2445 1712 2702 1776 Secundi,
2735 1711 2817 1764 cui
2863 1706 3155 1764 subscribit
3182 1717 3366 1774 petrus
3400 1710 3657 1771 peccator
3683 1699 3903 1755 Osticn-

2315 1807 2389 1860 sis
2438 1808 2737 1875 episcopus,
2787 1811 2841 1854 ut
2878 1810 2960 1855 est
3002 1801 3053 1853 in
3088 1798 3359 1855 Chronico
3386 1794 3696 1851 Casiuensi.
3742 1791 3905 1845 Joan-

2315 1912 2409 1950 nes
2446 1910 2662 1965 quoque
2698 1891 3030 1947 Trithmnius
3075 1890 3199 1940 dum
3246 1888 3297 1939 in
3347 1882 3724 1954 llirsaugiensi
3773 1884 3905 1936 item

2313 1987 2603 2048 Chronico,
2645 1983 2785 2037 l’etri
2827 1980 3074 2035 Damiani
3108 1978 3435 2048 legationem
3467 1976 3517 2029 in
3545 1975 3903 2028 Germaniam

2315 2079 2507 2133 Scribit
2553 2078 2618 2130 ad
2669 2074 2957 2129 llenricum
2998 2086 3178 2139 regem
3231 2084 3375 2122 anno
3409 2067 3699 2120 millesimo
3744 2081 3905 2125 neno.

2314 2186 2435 2223 eum
2493 2166 2724 2238 appellat
2774 2172 3135 2219 sacrosanctae
3184 2159 3440 2213 Romana:
3488 2158 3747 2237 [geelesize
3805 2158 3911 2225 epi-

2320 2274 2541 2328 scopum
2597 2255 2946 2311 cardiualem.
3011 2252 3193 2320 Neque
3254 2257 3434 2303 tamen
3485 2265 3610 2303 cum
3672 2250 3741 2302 iis
3787 2263 3909 2302 sea-

2314 2352 2475 2405 st-rim
2505 2391 2518 2414 ,
2564 2351 2655 2419 qui
2686 2350 2783 2402 fuit
2818 2364 2847 2401 a
2896 2355 3052 2418 partu
3090 2343 3326 2414 Virginis
3370 2359 3529 2411 supra
3561 2341 3908 2396 millesimum

2315 2443 2738 2513 septuagesimus
2766 2450 3021 2506 octavus,
3074 2448 3129 2494 et
3166 2440 3535 2506 episcopatum
3567 2434 3908 2505 deposuisse,

2315 2545 2369 2590 et
2414 2536 2620 2589 literas
2642 2534 2706 2589 tle
2730 2533 2819 2587 illo
2851 2530 3188 2601 deponendo,
3218 2543 3355 2595 quas
3379 2526 3642 2589 diximus,
3685 2526 3758 2577 ad
3783 2524 3910 2579 Gre-

2314 2630 2523 2698 gorium
2550 2635 2659 2681 tmn
2692 2624 3021 2696 pontiﬁcem,
3062 2622 3313 2684 dedisse;
3362 2634 3485 2673 cum
3518 2616 3605 2671 ille
3646 2617 3700 2670 in
3737 2619 3909 2671 omni-

2312 2722 2436 2780 bus,
2464 2734 2601 2789 quos
2629 2717 2871 2788 legerim,
2903 2714 3198 2778 codicibus,
3237 2711 3459 2767 Nicolao
3500 2710 3907 2769 inscribuntur;

2312 2822 2367 2869 et
2390 2811 2830 2883 gravissimorum
2877 2815 3156 2861 aoctormn
3190 2804 3500 2859 testimonio
3548 2809 3804 2865 coastet,
3849 2802 3913 2852 ab

2314 2903 2620 2958 Alexandro
2650 2898 2903 2956 Secundo
2954 2897 3205 2966 pontiﬁce
3226 2936 3241 2959 ,
3272 2893 3573 2950 Gerardum
3604 2891 3911 2947 Ostiensem

2316 2996 2624 3063 episcopum
2653 2992 2869 3045 factum.
2903 2988 3034 3041 illud
3056 2988 3220 3041 etiam
3248 2982 3739 3039 nonomittendum
3762 2982 3911 3040 duxi.

2318 3084 2562 3146 Petrum,
2615 3096 2673 3135 se
2698 3086 2959 3150 perpetuo
3002 3074 3325 3129 monachum
3354 3073 3467 3126 suis
3498 3072 3701 3125 litteris
3726 3070 3908 3139 appel-

2322 3177 2481 3237 lasse,
2504 3182 2633 3228 etse
2664 3171 2932 3225 abdidisse
2962 3170 3014 3222 in
3049 3166 3360 3221 Catriauam
3384 3164 3738 3217 solitudinem
3769 3171 3913 3232 opta.

2320 3268 2600 3321 tissimatn.

2392 3355 2750 3409 Alexandrum
2800 3350 3107 3421 pontiﬁcem
3161 3347 3344 3420 gravis
3389 3347 3596 3401 interea
3648 3343 3913 3414 fatigabat

2319 3446 2583 3501 dissensio
2616 3442 2830 3495 Cadaloi
2884 3440 3222 3502 Parmensis,
3270 3452 3431 3507 quem
3459 3435 3717 3492 Germani
3758 3450 3913 3504 pseu-

2321 3534 2698 3604 dopoutiﬁcem
2744 3546 2865 3585 eum
2903 3529 3159 3584 fecissent
3195 3544 3223 3582 ιι
3272 3528 3533 3581 Romanis
3572 3525 3740 3579 etiam
3792 3540 3915 3592 pro-

2321 3626 2534 3681 ceribus
2565 3622 2726 3691 recipi
2765 3619 3054 3675 studebant
3108 3619 3155 3673 Is
3186 3634 3317 3671 vero
3347 3631 3659 3685 quanquam
3694 3614 3750 3667 in
3785 3630 3912 3668 eon-

2322 3714 2449 3770 cilio
2487 3710 2717 3765 Mantua:
2742 3725 2879 3764 anno
2932 3707 3068 3763 ιοϐι
3121 3707 3331 3771 habito,
3380 3722 3487 3774 quo
3525 3714 3579 3757 et
3610 3704 3918 3757 Alexander

2326 3812 2437 3879 ipse
2467 3814 2707 3870 venerat,
2749 3803 2999 3871 rejectus,
3046 3812 3223 3856 tamen
3252 3800 3481 3870 insignia
3510 3797 3792 3869 poutiticia
3835 3811 3917 3850 re~

2327 3901 2505 3954 tinuit.
2567 3896 2926 3963 Quamobrem
2975 3893 3167 3947 Petrus
3213 3891 3478 3954 Damiaui,
3532 3889 3795 3944 Ecclesia:
3827 3888 3914 3941 Dei

2323 3999 2531 4046 tantam
2580 3986 3042 4056 perturbationem
3097 3996 3423 4053 magnopere
3479 3981 3799 4042 miseratus,
3854 3978 3917 4029 ad

2329 4085 2603 4140 hominem
2638 4080 2827 4136 scribit
2862 4097 2873 4132 :
2908 4079 3079 4132 tribus
3109 4076 3382 4144 illnmjam
3413 4075 3776 4129 conventibus
3802 4089 3918 4127 esse

2327 4178 2660 4236 damnatura,
2710 4183 2765 4227 et
2809 4180 2907 4230 ter,
2953 4171 2997 4223 si
3049 4168 3387 4235 nonjudicio
3435 4166 3812 4227 sacerdotum,
3866 4175 3917 4217 at

2329 4266 2516 4321 saltem
2552 4262 2725 4332 legum
2758 4261 3081 4314 auctoritate
3108 4260 3438 4314 abdicatum.
3468 4256 3531 4311 Et
3554 4256 3816 4325 quoniam
3844 4257 3916 4309 in-

2329 4364 2434 4410 stet
2471 4353 2795 4409 Osboriense
2817 4351 3132 4414 concilium,
3184 4365 3241 4404 sc
3282 4364 3400 4418 quae
3429 4349 3532 4403 dici
3563 4364 3663 4417 pro
3690 4359 3917 4418 utroque

2332 4447 2557 4517 possint,
2589 4458 2881 4513 exponere,
2932 4443 3083 4511 quasi
3124 4441 3403 4510 cujusdam
3452 4438 3700 4513 prmludii
3734 4454 3914 4498 causa,

2332 4538 2499 4592 velle:
2526 4546 2687 4604 atque
2710 4550 2805 4604 per
2832 4536 2974 4588 lumc
3013 4533 3233 4587 modum
3257 4532 3472 4599 jurihus
3499 4542 3764 4586 accurate
3794 4548 3918 4601 per-

2332 4628 2553 4699 pensis,
2604 4624 2897 4682 Cadaloum
2943 4623 3077 4677 vitio
3130 4622 3332 4676 factum
3387 4636 3510 4677 esse
3539 4662 3553 4683 ,
3598 4621 3918 4691 planissime

2331 4720 2587 4776 ostendit.

2407 4811 2605 4865 Eodem
2639 4823 2779 4863 anno
2817 4806 3024 4878 (l069),
3073 4804 3261 4861 Petrus
3295 4804 3561 4865 Damiani,
3615 4819 3785 4874 quem
3822 4806 3922 4859 hoc

2336 4901 2473 4961 loco,
2523 4899 2597 4953 uti
2647 4914 2811 4969 supra
2842 4897 3142 4959 docuimus,
3174 4894 3412 4951 Joannes
3441 4893 3785 4951 Trithemius
3813 4896 3922 4965 epi-

2337 5006 2557 5060 sc0pnm
2584 4988 2913 5043 cardiualem
2948 4986 3201 5057 appellat,
3235 4987 3288 5041 in
3318 4985 3669 5041 Germaniam
3704 4988 3778 5043 ab
3798 4988 3916 5042 Alc-

2336 5081 2543 5135 xandro
2573 5078 2831 5148 pontiﬁce
2872 5078 3077 5148 legatus
3103 5088 3187 5133 est
3218 5079 3416 5132 missus
3443 5078 3513 5132 ob
3544 5092 3668 5132 eam
3700 5093 3922 5135 causam

2338 5171 2475 5241 quod
2501 5168 2762 5225 llenricus
2788 5168 2968 5224 Caesar
3005 5168 3209 5222 uulhtm
3237 5167 3515 5222 omitteret
3552 5168 3806 5224 avaritia:
3837 5186 3924 5240 ge-

2340 5278 2440 5315 nus
2480 5262 2531 5315 in
2563 5261 2728 5317 Deum
2760 5260 3141 5328 hominesque;
3192 5259 3333 5329 plebi
3374 5262 3622 5316 studeret
3661 5263 3923 5317 adversus

2338 5350 2671 5406 noblitatem
2702 5366 2763 5406 ac
2794 5350 3093 5420 principes;
3126 5350 3307 5404 omnia
3334 5350 3380 5404 vi
3412 5350 3584 5421 magis
3611 5366 3780 5421 quam
3805 5353 3924 5422 jure

2341 5453 2554 5515 ageret;
2607 5442 2949 5512 episcopatus
2998 5450 3051 5497 et
3103 5440 3352 5495 abbatias
3406 5441 3587 5510 palam
3632 5443 3919 5503 venderet;

2340 5534 2516 5601 opima
2567 5534 2950 5587 monachorum
2980 5533 3179 5600 priedia
3212 5532 3573 5588 sectatoribus
3618 5533 3739 5587 suis
3783 5536 3924 5603 turpi

2341 5626 2625 5697 largitione
2674 5626 2950 5679 tribueret.
3002 5626 3081 5680 Ad
3125 5625 3240 5680 haec
3290 5640 3416 5679 cum
3458 5624 3692 5696 conjuge
3726 5624 3925 5680 Bertha

2344 5716 2568 5773 Othonis
2596 5715 2922 5771 Marchionis
2947 5715 3073 5776 ιιιι-ι,
3097 5716 3249 5787 cujus
3277 5714 3420 5769 haud
3441 5714 3516 5769 ita
3546 5716 3638 5770 diu
3671 5725 3803 5795 an‘te
3824 5716 3924 5771 sibi
