  <div class='ocr_page' id='page_1' title='image "/cluster/home/n/w/nwhite01/storage/ocr_20150623/144-145/uc1.31175001639262/094.png"; bbox 0 0 4040 6376; ppageno 0'>
   <div class='ocr_carea' id='block_1_1' title="bbox 222 341 311 396">
    <p class='ocr_par' dir='ltr' id='par_1_1' title="bbox 222 341 311 396">
     <span class='ocr_line' id='line_1_1' title="bbox 222 341 311 396; baseline -0.034 0"><span class='ocrx_word' id='word_1_1' title='bbox 222 341 311 396; x_wconf 71' lang='grc' dir='ltr'><strong>ΠΖ)</strong></span> 
     </span>
    </p>
   </div>
   <div class='ocr_carea' id='block_1_2' title="bbox 219 430 1813 524">
    <p class='ocr_par' dir='ltr' id='par_1_2' title="bbox 219 430 1813 524">
     <span class='ocr_line' id='line_1_2' title="bbox 219 430 1813 524; baseline -0.018 -15"><span class='ocrx_word' id='word_1_2' title='bbox 219 456 496 524; x_wconf 65' lang='lat' dir='ltr'><strong>desponsa</strong></span> <span class='ocrx_word' id='word_1_3' title='bbox 509 446 628 519; x_wconf 84' lang='lat' dir='ltr'><strong>jam</strong></span> <span class='ocrx_word' id='word_1_4' title='bbox 655 446 800 501; x_wconf 90' lang='lat' dir='ltr'><strong>illum</strong></span> <span class='ocrx_word' id='word_1_5' title='bbox 826 446 1050 499; x_wconf 82' lang='lat' dir='ltr'><strong>satietas</strong></span> <span class='ocrx_word' id='word_1_6' title='bbox 1078 447 1298 510; x_wconf 85' lang='lat' dir='ltr'><strong>ceperat</strong></span> <span class='ocrx_word' id='word_1_7' title='bbox 1322 447 1379 491; x_wconf 92' lang='lat' dir='ltr'><strong>ut</strong></span> <span class='ocrx_word' id='word_1_8' title='bbox 1400 435 1608 492; x_wconf 86' lang='lat' dir='ltr'><strong>faceret</strong></span> <span class='ocrx_word' id='word_1_9' title='bbox 1632 430 1813 524; x_wconf 80' lang='lat' dir='ltr'><strong>divor-</strong></span> 
     </span>
    </p>
   </div>
   <div class='ocr_carea' id='block_1_3' title="bbox 220 521 1811 611">
    <p class='ocr_par' dir='ltr' id='par_1_3' title="bbox 220 521 1811 611">
     <span class='ocr_line' id='line_1_3' title="bbox 220 521 1811 611; baseline -0.015 -13"><span class='ocrx_word' id='word_1_10' title='bbox 220 521 366 603; x_wconf 82' lang='lat' dir='ltr'><strong>tium,</strong></span> <span class='ocrx_word' id='word_1_11' title='bbox 399 538 775 611; x_wconf 73' lang='lat' dir='ltr'><strong>Moguntinum</strong></span> <span class='ocrx_word' id='word_1_12' title='bbox 815 532 1117 589; x_wconf 72' lang='lat' dir='ltr'><strong>antistitem</strong></span> <span class='ocrx_word' id='word_1_13' title='bbox 1157 529 1225 583; x_wconf 91' lang='lat' dir='ltr'><strong>ad</strong></span> <span class='ocrx_word' id='word_1_14' title='bbox 1267 525 1615 584; x_wconf 88' lang='lat' dir='ltr'><strong>indicendum</strong></span> <span class='ocrx_word' id='word_1_15' title='bbox 1644 521 1711 577; x_wconf 89' lang='lat' dir='ltr'><strong>de</strong></span> <span class='ocrx_word' id='word_1_16' title='bbox 1746 536 1811 574; x_wconf 90' lang='lat' dir='ltr'><strong>ca</strong></span> 
     </span>
    </p>
   </div>
   <div class='ocr_carea' id='block_1_4' title="bbox 220 619 1815 701">
    <p class='ocr_par' dir='ltr' id='par_1_4' title="bbox 220 619 1815 701">
     <span class='ocr_line' id='line_1_4' title="bbox 220 619 1815 701; baseline -0.014 -12"><span class='ocrx_word' id='word_1_17' title='bbox 220 648 273 689; x_wconf 87' lang='lat' dir='ltr'><strong>re</strong></span> <span class='ocrx_word' id='word_1_18' title='bbox 310 630 601 701; x_wconf 68' lang='lat' dir='ltr'><strong>Moguntite</strong></span> <span class='ocrx_word' id='word_1_19' title='bbox 639 634 965 681; x_wconf 87' lang='lat' dir='ltr'><strong>conventum</strong></span> <span class='ocrx_word' id='word_1_20' title='bbox 1012 621 1322 692; x_wconf 77' lang='lat' dir='ltr'><strong>impulerat.</strong></span> <span class='ocrx_word' id='word_1_21' title='bbox 1375 619 1563 688; x_wconf 91' lang='lat' dir='ltr'><strong>Itaque</strong></span> <span class='ocrx_word' id='word_1_22' title='bbox 1616 631 1815 686; x_wconf 84' lang='lat' dir='ltr'><strong>oppor-</strong></span> 
     </span>
    </p>
   </div>
   <div class='ocr_carea' id='block_1_5' title="bbox 222 706 1814 782">
    <p class='ocr_par' dir='ltr' id='par_1_5' title="bbox 222 706 1814 782">
     <span class='ocr_line' id='line_1_5' title="bbox 222 706 1814 782; baseline -0.013 -3"><span class='ocrx_word' id='word_1_23' title='bbox 222 736 342 780; x_wconf 94' lang='lat' dir='ltr'><strong>tune</strong></span> <span class='ocrx_word' id='word_1_24' title='bbox 371 723 569 779; x_wconf 85' lang='lat' dir='ltr'><strong>Petrus</strong></span> <span class='ocrx_word' id='word_1_25' title='bbox 600 735 723 774; x_wconf 92' lang='lat' dir='ltr'><strong>cum</strong></span> <span class='ocrx_word' id='word_1_26' title='bbox 761 719 813 773; x_wconf 92' lang='lat' dir='ltr'><strong>in</strong></span> <span class='ocrx_word' id='word_1_27' title='bbox 844 714 1195 772; x_wconf 85' lang='lat' dir='ltr'><strong>Germaniam</strong></span> <span class='ocrx_word' id='word_1_28' title='bbox 1238 710 1596 782; x_wconf 86' lang='lat' dir='ltr'><strong>pervenisset,</strong></span> <span class='ocrx_word' id='word_1_29' title='bbox 1627 706 1814 763; x_wconf 85' lang='lat' dir='ltr'><strong>confe-</strong></span> 
     </span>
    </p>
   </div>
   <div class='ocr_carea' id='block_1_6' title="bbox 222 802 1813 883">
    <p class='ocr_par' dir='ltr' id='par_1_6' title="bbox 222 802 1813 883">
     <span class='ocr_line' id='line_1_6' title="bbox 222 802 1813 883; baseline -0.014 -11"><span class='ocrx_word' id='word_1_30' title='bbox 222 819 340 872; x_wconf 76' lang='lat' dir='ltr'><strong>stim</strong></span> <span class='ocrx_word' id='word_1_31' title='bbox 367 812 766 883; x_wconf 73' lang='lat' dir='ltr'><strong>Moguntinunt.</strong></span> <span class='ocrx_word' id='word_1_32' title='bbox 807 811 1072 864; x_wconf 89' lang='lat' dir='ltr'><strong>intentato</strong></span> <span class='ocrx_word' id='word_1_33' title='bbox 1108 806 1341 861; x_wconf 90' lang='lat' dir='ltr'><strong>acrioris</strong></span> <span class='ocrx_word' id='word_1_34' title='bbox 1377 802 1813 858; x_wconf 82' lang='lat' dir='ltr'><strong>animadversio-</strong></span> 
     </span>
    </p>
   </div>
   <div class='ocr_carea' id='block_1_7' title="bbox 221 884 1811 976">
    <p class='ocr_par' dir='ltr' id='par_1_7' title="bbox 221 884 1811 976">
     <span class='ocr_line' id='line_1_7' title="bbox 221 884 1811 976; baseline -0.013 -12"><span class='ocrx_word' id='word_1_35' title='bbox 221 910 302 964; x_wconf 93' lang='lat' dir='ltr'><strong>nis</strong></span> <span class='ocrx_word' id='word_1_36' title='bbox 337 901 599 976; x_wconf 85' lang='lat' dir='ltr'><strong>periculo,</strong></span> <span class='ocrx_word' id='word_1_37' title='bbox 643 902 711 958; x_wconf 89' lang='lat' dir='ltr'><strong>ab</strong></span> <span class='ocrx_word' id='word_1_38' title='bbox 756 884 1005 955; x_wconf 81' lang='lat' dir='ltr'><strong>liabcndo</strong></span> <span class='ocrx_word' id='word_1_39' title='bbox 1049 897 1284 953; x_wconf 85' lang='lat' dir='ltr'><strong>concilio</strong></span> <span class='ocrx_word' id='word_1_40' title='bbox 1335 893 1637 951; x_wconf 91' lang='lat' dir='ltr'><strong>revocavit.</strong></span> <span class='ocrx_word' id='word_1_41' title='bbox 1690 890 1811 946; x_wconf 69' lang='lat' dir='ltr'><strong>Mos</strong></span> 
     </span>
    </p>
   </div>
   <div class='ocr_carea' id='block_1_8' title="bbox 221 986 1813 1057">
    <p class='ocr_par' dir='ltr' id='par_1_8' title="bbox 221 986 1813 1057">
     <span class='ocr_line' id='line_1_8' title="bbox 221 986 1813 1057; baseline -0.011 -3"><span class='ocrx_word' id='word_1_42' title='bbox 221 997 447 1054; x_wconf 84' lang='lat' dir='ltr'><strong>accessit</strong></span> <span class='ocrx_word' id='word_1_43' title='bbox 476 992 942 1055; x_wconf 86' lang='lat' dir='ltr'><strong>Franeofordiam,</strong></span> <span class='ocrx_word' id='word_1_44' title='bbox 968 991 1058 1046; x_wconf 90' lang='lat' dir='ltr'><strong>ubi</strong></span> <span class='ocrx_word' id='word_1_45' title='bbox 1092 999 1203 1045; x_wconf 90' lang='lat' dir='ltr'><strong>tum</strong></span> <span class='ocrx_word' id='word_1_46' title='bbox 1229 986 1498 1043; x_wconf 77' lang='lat' dir='ltr'><strong>Henricus</strong></span> <span class='ocrx_word' id='word_1_47' title='bbox 1526 999 1813 1057; x_wconf 87' lang='lat' dir='ltr'><strong>procerum</strong></span> 
     </span>
    </p>
   </div>
   <div class='ocr_carea' id='block_1_9' title="bbox 221 1075 1817 1154">
    <p class='ocr_par' dir='ltr' id='par_1_9' title="bbox 221 1075 1817 1154">
     <span class='ocr_line' id='line_1_9' title="bbox 221 1075 1817 1154; baseline -0.009 -11"><span class='ocrx_word' id='word_1_48' title='bbox 221 1104 436 1144; x_wconf 83' lang='lat' dir='ltr'><strong>suorum</strong></span> <span class='ocrx_word' id='word_1_49' title='bbox 479 1094 805 1142; x_wconf 86' lang='lat' dir='ltr'><strong>conventum</strong></span> <span class='ocrx_word' id='word_1_50' title='bbox 854 1084 1082 1154; x_wconf 87' lang='lat' dir='ltr'><strong>agebat;</strong></span> <span class='ocrx_word' id='word_1_51' title='bbox 1132 1081 1186 1136; x_wconf 91' lang='lat' dir='ltr'><strong>itt</strong></span> <span class='ocrx_word' id='word_1_52' title='bbox 1239 1088 1681 1147; x_wconf 69' lang='lat' dir='ltr'><strong>conventumque</strong></span> <span class='ocrx_word' id='word_1_53' title='bbox 1720 1075 1817 1129; x_wconf 80' lang='lat' dir='ltr'><strong>ad-</strong></span> 
     </span>
    </p>
   </div>
   <div class='ocr_carea' id='block_1_10' title="bbox 222 1170 1815 1249">
    <p class='ocr_par' dir='ltr' id='par_1_10' title="bbox 222 1170 1815 1249">
     <span class='ocr_line' id='line_1_10' title="bbox 222 1170 1815 1249; baseline -0.008 -15"><span class='ocrx_word' id='word_1_54' title='bbox 222 1180 437 1244; x_wconf 76' lang='lat' dir='ltr'><strong>missus,</strong></span> <span class='ocrx_word' id='word_1_55' title='bbox 471 1176 746 1249; x_wconf 83' lang='lat' dir='ltr'><strong>pontificis</strong></span> <span class='ocrx_word' id='word_1_56' title='bbox 774 1174 1063 1247; x_wconf 73' lang='lat' dir='ltr'><strong>explicatis</strong></span> <span class='ocrx_word' id='word_1_57' title='bbox 1108 1170 1405 1236; x_wconf 80' lang='lat' dir='ltr'><strong>mandatis,</strong></span> <span class='ocrx_word' id='word_1_58' title='bbox 1433 1178 1488 1224; x_wconf 86' lang='lat' dir='ltr'><strong>et</strong></span> <span class='ocrx_word' id='word_1_59' title='bbox 1518 1170 1815 1239; x_wconf 85' lang='lat' dir='ltr'><strong>principes,</strong></span> 
     </span>
    </p>
   </div>
   <div class='ocr_carea' id='block_1_11' title="bbox 221 1261 1820 1343">
    <p class='ocr_par' dir='ltr' id='par_1_11' title="bbox 221 1261 1820 1343">
     <span class='ocr_line' id='line_1_11' title="bbox 221 1261 1820 1343; baseline -0.008 -19"><span class='ocrx_word' id='word_1_60' title='bbox 221 1272 307 1343; x_wconf 88' lang='lat' dir='ltr'><strong>qui</strong></span> <span class='ocrx_word' id='word_1_61' title='bbox 334 1271 647 1341; x_wconf 82' lang='lat' dir='ltr'><strong>frequentes</strong></span> <span class='ocrx_word' id='word_1_62' title='bbox 674 1268 922 1330; x_wconf 85' lang='lat' dir='ltr'><strong>aderant,</strong></span> <span class='ocrx_word' id='word_1_63' title='bbox 959 1274 1015 1320; x_wconf 89' lang='lat' dir='ltr'><strong>et</strong></span> <span class='ocrx_word' id='word_1_64' title='bbox 1042 1263 1335 1319; x_wconf 86' lang='lat' dir='ltr'><strong>Henricutn</strong></span> <span class='ocrx_word' id='word_1_65' title='bbox 1375 1261 1550 1331; x_wconf 88' lang='lat' dir='ltr'><strong>ipsunt</strong></span> <span class='ocrx_word' id='word_1_66' title='bbox 1580 1262 1820 1329; x_wconf 77' lang='lat' dir='ltr'><strong>graviter</strong></span> 
     </span>
    </p>
   </div>
   <div class='ocr_carea' id='block_1_12' title="bbox 221 1352 1818 1431">
    <p class='ocr_par' dir='ltr' id='par_1_12' title="bbox 221 1352 1818 1431">
     <span class='ocr_line' id='line_1_12' title="bbox 221 1352 1818 1431; baseline -0.008 -16"><span class='ocrx_word' id='word_1_67' title='bbox 221 1360 523 1431; x_wconf 90' lang='lat' dir='ltr'><strong>increpavit</strong></span> <span class='ocrx_word' id='word_1_68' title='bbox 557 1375 718 1429; x_wconf 81' lang='lat' dir='ltr'><strong>quam</strong></span> <span class='ocrx_word' id='word_1_69' title='bbox 769 1356 860 1412; x_wconf 88' lang='lat' dir='ltr'><strong>ille</strong></span> <span class='ocrx_word' id='word_1_70' title='bbox 892 1355 1177 1411; x_wconf 87' lang='lat' dir='ltr'><strong>moliretur</strong></span> <span class='ocrx_word' id='word_1_71' title='bbox 1210 1368 1324 1408; x_wconf 90' lang='lat' dir='ltr'><strong>rem</strong></span> <span class='ocrx_word' id='word_1_72' title='bbox 1354 1352 1673 1421; x_wconf 70' lang='lat' dir='ltr'><strong>pessimam,</strong></span> <span class='ocrx_word' id='word_1_73' title='bbox 1700 1358 1756 1403; x_wconf 90' lang='lat' dir='ltr'><strong>et</strong></span> <span class='ocrx_word' id='word_1_74' title='bbox 1783 1365 1818 1403; x_wconf 67' lang='grc' dir='ltr'>τι</span> 
     </span>
    </p>
   </div>
   <div class='ocr_carea' id='block_1_13' title="bbox 224 1442 1815 1517">
    <p class='ocr_par' dir='ltr' id='par_1_13' title="bbox 224 1442 1815 1517">
     <span class='ocr_line' id='line_1_13' title="bbox 224 1442 1815 1517; baseline -0.008 -10"><span class='ocrx_word' id='word_1_75' title='bbox 224 1453 438 1507; x_wconf 88' lang='lat' dir='ltr'><strong>nomine</strong></span> <span class='ocrx_word' id='word_1_76' title='bbox 465 1450 778 1506; x_wconf 85' lang='lat' dir='ltr'><strong>Christiano</strong></span> <span class='ocrx_word' id='word_1_77' title='bbox 817 1448 1015 1503; x_wconf 91' lang='lat' dir='ltr'><strong>nedum</strong></span> <span class='ocrx_word' id='word_1_78' title='bbox 1048 1446 1196 1517; x_wconf 81' lang='lat' dir='ltr'><strong>regio</strong></span> <span class='ocrx_word' id='word_1_79' title='bbox 1227 1445 1387 1515; x_wconf 79' lang='lat' dir='ltr'><strong>plane.</strong></span> <span class='ocrx_word' id='word_1_80' title='bbox 1414 1442 1647 1498; x_wconf 90' lang='lat' dir='ltr'><strong>alienant</strong></span> <span class='ocrx_word' id='word_1_81' title='bbox 1677 1458 1815 1497; x_wconf 83' lang='lat' dir='ltr'><strong>esse.</strong></span> 
     </span>
    </p>
   </div>
   <div class='ocr_carea' id='block_1_14' title="bbox 223 1538 1822 1609">
    <p class='ocr_par' dir='ltr' id='par_1_14' title="bbox 223 1538 1822 1609">
     <span class='ocr_line' id='line_1_14' title="bbox 223 1538 1822 1609; baseline -0.008 -9"><span class='ocrx_word' id='word_1_82' title='bbox 223 1543 279 1600; x_wconf 84' lang='lat' dir='ltr'><strong>Si</strong></span> <span class='ocrx_word' id='word_1_83' title='bbox 312 1546 493 1601; x_wconf 88' lang='lat' dir='ltr'><strong>minus</strong></span> <span class='ocrx_word' id='word_1_84' title='bbox 531 1552 836 1599; x_wconf 86' lang='lat' dir='ltr'><strong>terreretur</strong></span> <span class='ocrx_word' id='word_1_85' title='bbox 871 1541 1124 1596; x_wconf 89' lang='lat' dir='ltr'><strong>lnnnanis</strong></span> <span class='ocrx_word' id='word_1_86' title='bbox 1174 1540 1441 1594; x_wconf 85' lang='lat' dir='ltr'><strong>divinisve</strong></span> <span class='ocrx_word' id='word_1_87' title='bbox 1492 1538 1723 1609; x_wconf 76' lang='lat' dir='ltr'><strong>legibus,</strong></span> <span class='ocrx_word' id='word_1_88' title='bbox 1765 1544 1822 1590; x_wconf 92' lang='lat' dir='ltr'><strong>at</strong></span> 
     </span>
    </p>
   </div>
   <div class='ocr_carea' id='block_1_15' title="bbox 222 1634 1823 1705">
    <p class='ocr_par' dir='ltr' id='par_1_15' title="bbox 222 1634 1823 1705">
     <span class='ocr_line' id='line_1_15' title="bbox 222 1634 1823 1705; baseline -0.003 -13"><span class='ocrx_word' id='word_1_89' title='bbox 222 1637 407 1694; x_wconf 83' lang='lat' dir='ltr'><strong>saltem</strong></span> <span class='ocrx_word' id='word_1_90' title='bbox 435 1638 597 1693; x_wconf 76' lang='lat' dir='ltr'><strong>fama:</strong></span> <span class='ocrx_word' id='word_1_91' title='bbox 627 1653 738 1692; x_wconf 74' lang='lat' dir='ltr'><strong>suae</strong></span> <span class='ocrx_word' id='word_1_92' title='bbox 772 1638 1039 1690; x_wconf 87' lang='lat' dir='ltr'><strong>rationem</strong></span> <span class='ocrx_word' id='word_1_93' title='bbox 1092 1635 1626 1705; x_wconf 75' lang='lat' dir='ltr'><strong>existimationisquc</strong></span> <span class='ocrx_word' id='word_1_94' title='bbox 1656 1634 1823 1688; x_wconf 83' lang='lat' dir='ltr'><strong>habe-</strong></span> 
     </span>
    </p>
   </div>
   <div class='ocr_carea' id='block_1_16' title="bbox 224 1735 1823 1798">
    <p class='ocr_par' dir='ltr' id='par_1_16' title="bbox 224 1735 1823 1798">
     <span class='ocr_line' id='line_1_16' title="bbox 224 1735 1823 1798; baseline -0.004 -14"><span class='ocrx_word' id='word_1_95' title='bbox 224 1738 325 1794; x_wconf 83' lang='lat' dir='ltr'><strong>ret,</strong></span> <span class='ocrx_word' id='word_1_96' title='bbox 352 1744 454 1784; x_wconf 89' lang='lat' dir='ltr'><strong>nec</strong></span> <span class='ocrx_word' id='word_1_97' title='bbox 480 1737 760 1798; x_wconf 68' lang='grc' dir='ltr'>ριιιρτειιιτ</span> <span class='ocrx_word' id='word_1_98' title='bbox 792 1738 901 1780; x_wconf 90' lang='lat' dir='ltr'><strong>tant</strong></span> <span class='ocrx_word' id='word_1_99' title='bbox 954 1735 1095 1781; x_wconf 74' lang='grc' dir='ltr'>ιριιό</span> <span class='ocrx_word' id='word_1_100' title='bbox 1125 1741 1337 1780; x_wconf 87' lang='lat' dir='ltr'><strong>veneno</strong></span> <span class='ocrx_word' id='word_1_101' title='bbox 1373 1740 1403 1778; x_wconf 89' lang='lat' dir='ltr'><strong>a</strong></span> <span class='ocrx_word' id='word_1_102' title='bbox 1443 1740 1571 1794; x_wconf 75' lang='lat' dir='ltr'><strong>rege</strong></span> <span class='ocrx_word' id='word_1_103' title='bbox 1618 1735 1823 1793; x_wconf 89' lang='lat' dir='ltr'><strong>tempe-</strong></span> 
     </span>
    </p>
   </div>
   <div class='ocr_carea' id='block_1_17' title="bbox 1026 300 2683 382">
    <p class='ocr_par' dir='ltr' id='par_1_17' title="bbox 1026 300 2683 382">
     <span class='ocr_line' id='line_1_17' title="bbox 1026 300 2683 382; baseline -0.016 -1"><span class='ocrx_word' id='word_1_104' title='bbox 1026 318 1572 382; x_wconf 68' lang='lat' dir='ltr'><strong>PROLEGOMENA.</strong></span> <span class='ocrx_word' id='word_1_105' title='bbox 1617 347 1679 356; x_wconf 92' lang='lat'><strong>—-</strong></span> <span class='ocrx_word' id='word_1_106' title='bbox 1706 316 1765 370; x_wconf 88' lang='lat' dir='ltr'><strong>S.</strong></span> <span class='ocrx_word' id='word_1_107' title='bbox 1806 306 2015 368; x_wconf 80' lang='lat' dir='ltr'><strong>PETRI</strong></span> <span class='ocrx_word' id='word_1_108' title='bbox 2060 307 2346 366; x_wconf 66' lang='lat' dir='ltr'><strong>DAMIANI</strong></span> <span class='ocrx_word' id='word_1_109' title='bbox 2391 304 2553 362; x_wconf 69' lang='lat' dir='ltr'><strong>\‘lTA</strong></span> <span class='ocrx_word' id='word_1_110' title='bbox 2596 300 2683 359; x_wconf 66' lang='grc' dir='ltr'><strong>ιγ.</strong></span> 
     </span>
    </p>
   </div>
   <div class='ocr_carea' id='block_1_18' title="bbox 1845 408 3531 496">
    <p class='ocr_par' dir='ltr' id='par_1_18' title="bbox 1845 408 3531 496">
     <span class='ocr_line' id='line_1_18' title="bbox 1845 408 3531 496; baseline -0.011 -17"><span class='ocrx_word' id='word_1_111' title='bbox 1845 433 1889 489; x_wconf 69' lang='grc' dir='ltr'><strong>Α</strong></span> <span class='ocrx_word' id='word_1_112' title='bbox 1922 440 2042 496; x_wconf 64' lang='lat' dir='ltr'><strong>qua:</strong></span> <span class='ocrx_word' id='word_1_113' title='bbox 2089 422 2235 477; x_wconf 79' lang='lat' dir='ltr'><strong>diem</strong></span> <span class='ocrx_word' id='word_1_114' title='bbox 2288 429 2545 474; x_wconf 86' lang='lat' dir='ltr'><strong>octavum</strong></span> <span class='ocrx_word' id='word_1_115' title='bbox 2591 413 2708 469; x_wconf 79' lang='lat' dir='ltr'><strong>Kal.</strong></span> <span class='ocrx_word' id='word_1_116' title='bbox 2768 410 2926 465; x_wconf 77' lang='lat' dir='ltr'><strong>Mart.</strong></span> <span class='ocrx_word' id='word_1_117' title='bbox 2989 408 3286 463; x_wconf 82' lang='lat' dir='ltr'><strong>antecessit</strong></span> <span class='ocrx_word' id='word_1_118' title='bbox 3342 409 3531 463; x_wconf 86' lang='lat' dir='ltr'><strong>cedent</strong></span> 
     </span>
    </p>
   </div>
   <div class='ocr_carea' id='block_1_19' title="bbox 3421 296 3523 352">
    <p class='ocr_par' dir='ltr' id='par_1_19' title="bbox 3421 296 3523 352">
     <span class='ocr_line' id='line_1_19' title="bbox 3421 296 3523 352; baseline -0.039 1"><span class='ocrx_word' id='word_1_119' title='bbox 3421 296 3523 352; x_wconf 73' lang='grc' dir='ltr'>ιτι</span> 
     </span>
    </p>
   </div>
   <div class='ocr_carea' id='block_1_20' title="bbox 1918 499 3536 572">
    <p class='ocr_par' dir='ltr' id='par_1_20' title="bbox 1918 499 3536 572">
     <span class='ocr_line' id='line_1_20' title="bbox 1918 499 3536 572; baseline -0.011 -1"><span class='ocrx_word' id='word_1_120' title='bbox 1918 532 2065 572; x_wconf 87' lang='lat' dir='ltr'><strong>anno</strong></span> <span class='ocrx_word' id='word_1_121' title='bbox 2114 517 2181 569; x_wconf 89' lang='lat' dir='ltr'><strong>ab</strong></span> <span class='ocrx_word' id='word_1_122' title='bbox 2219 522 2340 569; x_wconf 89' lang='lat' dir='ltr'><strong>ortu</strong></span> <span class='ocrx_word' id='word_1_123' title='bbox 2368 508 2573 566; x_wconf 81' lang='lat' dir='ltr'><strong>Christi</strong></span> <span class='ocrx_word' id='word_1_124' title='bbox 2622 502 2779 561; x_wconf 77' lang='grc'>1080.</span> <span class='ocrx_word' id='word_1_125' title='bbox 2836 500 2967 572; x_wconf 84' lang='lat' dir='ltr'><strong>Ejus</strong></span> <span class='ocrx_word' id='word_1_126' title='bbox 3014 509 3189 555; x_wconf 91' lang='lat' dir='ltr'><strong>morte</strong></span> <span class='ocrx_word' id='word_1_127' title='bbox 3238 500 3307 554; x_wconf 89' lang='lat' dir='ltr'><strong>ab</strong></span> <span class='ocrx_word' id='word_1_128' title='bbox 3345 499 3413 553; x_wconf 86' lang='lat' dir='ltr'><strong>iis</strong></span> <span class='ocrx_word' id='word_1_129' title='bbox 3444 502 3536 569; x_wconf 88' lang='lat' dir='ltr'><strong>qui</strong></span> 
     </span>
    </p>
   </div>
   <div class='ocr_carea' id='block_1_21' title="bbox 1918 589 3539 671">
    <p class='ocr_par' dir='ltr' id='par_1_21' title="bbox 1918 589 3539 671">
     <span class='ocr_line' id='line_1_21' title="bbox 1918 589 3539 671; baseline -0.011 -10"><span class='ocrx_word' id='word_1_130' title='bbox 1918 607 2262 667; x_wconf 75' lang='lat' dir='ltr'><strong>excubabant</strong></span> <span class='ocrx_word' id='word_1_131' title='bbox 2302 602 2462 671; x_wconf 70' lang='lat' dir='ltr'><strong>justa</strong></span> <span class='ocrx_word' id='word_1_132' title='bbox 2508 596 2820 657; x_wconf 81' lang='lat' dir='ltr'><strong>coenobium</strong></span> <span class='ocrx_word' id='word_1_133' title='bbox 2849 636 2863 659; x_wconf 90' lang='lat'><strong>,</strong></span> <span class='ocrx_word' id='word_1_134' title='bbox 2903 609 2971 649; x_wconf 91' lang='lat' dir='ltr'><strong>ne</strong></span> <span class='ocrx_word' id='word_1_135' title='bbox 2999 601 3249 649; x_wconf 86' lang='lat' dir='ltr'><strong>sanctum</strong></span> <span class='ocrx_word' id='word_1_136' title='bbox 3300 589 3539 645; x_wconf 78' lang='lat' dir='ltr'><strong>cadaver</strong></span> 
     </span>
    </p>
   </div>
   <div class='ocr_carea' id='block_1_22' title="bbox 1920 682 3542 769">
    <p class='ocr_par' dir='ltr' id='par_1_22' title="bbox 1920 682 3542 769">
     <span class='ocr_line' id='line_1_22' title="bbox 1920 682 3542 769; baseline -0.011 -14"><span class='ocrx_word' id='word_1_137' title='bbox 1920 707 2103 769; x_wconf 86' lang='lat' dir='ltr'><strong>posset</strong></span> <span class='ocrx_word' id='word_1_138' title='bbox 2131 714 2160 751; x_wconf 90' lang='lat' dir='ltr'><strong>a</strong></span> <span class='ocrx_word' id='word_1_139' title='bbox 2192 697 2308 752; x_wconf 82' lang='lat' dir='ltr'><strong>suis</strong></span> <span class='ocrx_word' id='word_1_140' title='bbox 2336 693 2646 753; x_wconf 84' lang='lat' dir='ltr'><strong>monachis,</strong></span> <span class='ocrx_word' id='word_1_141' title='bbox 2678 690 2771 761; x_wconf 90' lang='lat' dir='ltr'><strong>qui</strong></span> <span class='ocrx_word' id='word_1_142' title='bbox 2799 703 2831 743; x_wconf 89' lang='lat' dir='ltr'><strong>e</strong></span> <span class='ocrx_word' id='word_1_143' title='bbox 2852 686 3179 759; x_wconf 83' lang='lat' dir='ltr'><strong>propinquis</strong></span> <span class='ocrx_word' id='word_1_144' title='bbox 3208 684 3341 740; x_wconf 88' lang='lat' dir='ltr'><strong>locis</strong></span> <span class='ocrx_word' id='word_1_145' title='bbox 3370 682 3542 740; x_wconf 69' lang='lat' dir='ltr'><strong>adve-</strong></span> 
     </span>
    </p>
   </div>
   <div class='ocr_carea' id='block_1_23' title="bbox 1921 776 3543 855">
    <p class='ocr_par' dir='ltr' id='par_1_23' title="bbox 1921 776 3543 855">
     <span class='ocr_line' id='line_1_23' title="bbox 1921 776 3543 855; baseline -0.013 -8"><span class='ocrx_word' id='word_1_146' title='bbox 1921 800 2149 854; x_wconf 91' lang='lat' dir='ltr'><strong>nerant,</strong></span> <span class='ocrx_word' id='word_1_147' title='bbox 2196 787 2381 842; x_wconf 87' lang='lat' dir='ltr'><strong>furtittt</strong></span> <span class='ocrx_word' id='word_1_148' title='bbox 2419 782 2736 855; x_wconf 76' lang='lat' dir='ltr'><strong>exportari,</strong></span> <span class='ocrx_word' id='word_1_149' title='bbox 2786 780 3074 841; x_wconf 88' lang='lat' dir='ltr'><strong>nuntiata,</strong></span> <span class='ocrx_word' id='word_1_150' title='bbox 3124 784 3348 846; x_wconf 85' lang='lat' dir='ltr'><strong>repente</strong></span> <span class='ocrx_word' id='word_1_151' title='bbox 3392 776 3543 831; x_wconf 72' lang='lat' dir='ltr'><strong>cives</strong></span> 
     </span>
    </p>
   </div>
   <div class='ocr_carea' id='block_1_24' title="bbox 1922 868 3510 948">
    <p class='ocr_par' dir='ltr' id='par_1_24' title="bbox 1922 868 3510 948">
     <span class='ocr_line' id='line_1_24' title="bbox 1922 868 3510 948; baseline -0.011 -11"><span class='ocrx_word' id='word_1_152' title='bbox 1922 897 2117 937; x_wconf 90' lang='lat' dir='ltr'><strong>omnes</strong></span> <span class='ocrx_word' id='word_1_153' title='bbox 2146 882 2214 933; x_wconf 92' lang='lat' dir='ltr'><strong>ad</strong></span> <span class='ocrx_word' id='word_1_154' title='bbox 2241 878 2360 948; x_wconf 79' lang='lat' dir='ltr'><strong>ejus</strong></span> <span class='ocrx_word' id='word_1_155' title='bbox 2390 874 2691 946; x_wconf 84' lang='lat' dir='ltr'><strong>parentalia</strong></span> <span class='ocrx_word' id='word_1_156' title='bbox 2739 878 3061 929; x_wconf 88' lang='lat' dir='ltr'><strong>accurrunt.</strong></span> <span class='ocrx_word' id='word_1_157' title='bbox 3090 868 3358 939; x_wconf 85' lang='lat' dir='ltr'><strong>brevique</strong></span> <span class='ocrx_word' id='word_1_158' title='bbox 3401 877 3510 922; x_wconf 89' lang='lat' dir='ltr'><strong>tem</strong></span> 
     </span>
    </p>
   </div>
   <div class='ocr_carea' id='block_1_25' title="bbox 1924 961 3542 1047">
    <p class='ocr_par' dir='ltr' id='par_1_25' title="bbox 1924 961 3542 1047">
     <span class='ocr_line' id='line_1_25' title="bbox 1924 961 3542 1047; baseline -0.011 -16"><span class='ocrx_word' id='word_1_159' title='bbox 1924 978 2070 1047; x_wconf 86' lang='lat' dir='ltr'><strong>piunt</strong></span> <span class='ocrx_word' id='word_1_160' title='bbox 2101 986 2251 1031; x_wconf 87' lang='lat' dir='ltr'><strong>tanta</strong></span> <span class='ocrx_word' id='word_1_161' title='bbox 2282 974 2463 1046; x_wconf 89' lang='lat' dir='ltr'><strong>populi</strong></span> <span class='ocrx_word' id='word_1_162' title='bbox 2496 969 2845 1027; x_wconf 89' lang='lat' dir='ltr'><strong>multitudine</strong></span> <span class='ocrx_word' id='word_1_163' title='bbox 2877 964 3141 1019; x_wconf 90' lang='lat' dir='ltr'><strong>refertum</strong></span> <span class='ocrx_word' id='word_1_164' title='bbox 3171 973 3256 1017; x_wconf 89' lang='lat' dir='ltr'><strong>est</strong></span> <span class='ocrx_word' id='word_1_165' title='bbox 3282 971 3341 1015; x_wconf 92' lang='lat' dir='ltr'><strong>ut</strong></span> <span class='ocrx_word' id='word_1_166' title='bbox 3365 961 3542 1016; x_wconf 87' lang='lat' dir='ltr'><strong>unda-</strong></span> 
     </span>
    </p>
   </div>
   <div class='ocr_carea' id='block_1_26' title="bbox 1926 1054 3545 1132">
    <p class='ocr_par' dir='ltr' id='par_1_26' title="bbox 1926 1054 3545 1132">
     <span class='ocr_line' id='line_1_26' title="bbox 1926 1054 3545 1132; baseline -0.011 -7"><span class='ocrx_word' id='word_1_167' title='bbox 1926 1087 2044 1125; x_wconf 87' lang='lat' dir='ltr'><strong>rum</strong></span> <span class='ocrx_word' id='word_1_168' title='bbox 2074 1085 2195 1125; x_wconf 82' lang='lat' dir='ltr'><strong>scse</strong></span> <span class='ocrx_word' id='word_1_169' title='bbox 2222 1068 2383 1123; x_wconf 86' lang='lat' dir='ltr'><strong>tundo</strong></span> <span class='ocrx_word' id='word_1_170' title='bbox 2411 1067 2641 1121; x_wconf 91' lang='lat' dir='ltr'><strong>invicem</strong></span> <span class='ocrx_word' id='word_1_171' title='bbox 2674 1059 3014 1132; x_wconf 82' lang='lat' dir='ltr'><strong>impellerent</strong></span> <span class='ocrx_word' id='word_1_172' title='bbox 3051 1057 3322 1127; x_wconf 83' lang='lat' dir='ltr'><strong>planeque</strong></span> <span class='ocrx_word' id='word_1_173' title='bbox 3350 1054 3545 1109; x_wconf 85' lang='lat' dir='ltr'><strong>beatus</strong></span> 
     </span>
    </p>
   </div>
   <div class='ocr_carea' id='block_1_27' title="bbox 1927 1147 3548 1217">
    <p class='ocr_par' dir='ltr' id='par_1_27' title="bbox 1927 1147 3548 1217">
     <span class='ocr_line' id='line_1_27' title="bbox 1927 1147 3548 1217; baseline -0.012 -1"><span class='ocrx_word' id='word_1_174' title='bbox 1927 1163 2014 1217; x_wconf 82' lang='lat' dir='ltr'><strong>illc</strong></span> <span class='ocrx_word' id='word_1_175' title='bbox 2046 1164 2325 1217; x_wconf 86' lang='lat' dir='ltr'><strong>diceretur</strong></span> <span class='ocrx_word' id='word_1_176' title='bbox 2359 1159 2445 1214; x_wconf 89' lang='lat' dir='ltr'><strong>cui</strong></span> <span class='ocrx_word' id='word_1_177' title='bbox 2478 1158 2713 1213; x_wconf 89' lang='lat' dir='ltr'><strong>dabatur</strong></span> <span class='ocrx_word' id='word_1_178' title='bbox 2740 1148 2845 1208; x_wconf 40' lang='lat' dir='ltr'><strong>&#39;viri</strong></span> <span class='ocrx_word' id='word_1_179' title='bbox 2884 1150 3059 1207; x_wconf 68' lang='lat' dir='ltr'><strong>sancti</strong></span> <span class='ocrx_word' id='word_1_180' title='bbox 3108 1150 3344 1202; x_wconf 71' lang='grc' dir='ltr'>Ιιιςιιιιιιιι</span> <span class='ocrx_word' id='word_1_181' title='bbox 3379 1147 3548 1203; x_wconf 90' lang='lat' dir='ltr'><strong>attin-</strong></span> 
     </span>
    </p>
   </div>
   <div class='ocr_carea' id='block_1_28' title="bbox 1925 1238 3551 1319">
    <p class='ocr_par' dir='ltr' id='par_1_28' title="bbox 1925 1238 3551 1319">
     <span class='ocr_line' id='line_1_28' title="bbox 1925 1238 3551 1319; baseline -0.011 -12"><span class='ocrx_word' id='word_1_182' title='bbox 1925 1268 2075 1319; x_wconf 79' lang='lat' dir='ltr'><strong>gere,</strong></span> <span class='ocrx_word' id='word_1_183' title='bbox 2107 1267 2333 1306; x_wconf 86' lang='lat' dir='ltr'><strong>munera</strong></span> <span class='ocrx_word' id='word_1_184' title='bbox 2379 1248 2454 1303; x_wconf 88' lang='lat' dir='ltr'><strong>illi</strong></span> <span class='ocrx_word' id='word_1_185' title='bbox 2508 1246 2774 1319; x_wconf 76' lang='lat' dir='ltr'><strong>przcbere,</strong></span> <span class='ocrx_word' id='word_1_186' title='bbox 2823 1242 2990 1314; x_wconf 87' lang='lat' dir='ltr'><strong>pedes</strong></span> <span class='ocrx_word' id='word_1_187' title='bbox 3037 1240 3298 1295; x_wconf 80' lang='lat' dir='ltr'><strong>osculari.</strong></span> <span class='ocrx_word' id='word_1_188' title='bbox 3355 1238 3551 1309; x_wconf 77' lang='lat' dir='ltr'><strong>Sepul-</strong></span> 
     </span>
    </p>
   </div>
   <div class='ocr_carea' id='block_1_29' title="bbox 1926 1332 3549 1398">
    <p class='ocr_par' dir='ltr' id='par_1_29' title="bbox 1926 1332 3549 1398">
     <span class='ocr_line' id='line_1_29' title="bbox 1926 1332 3549 1398; baseline -0.009 0"><span class='ocrx_word' id='word_1_189' title='bbox 1926 1358 2082 1398; x_wconf 87' lang='lat' dir='ltr'><strong>crum</strong></span> <span class='ocrx_word' id='word_1_190' title='bbox 2115 1344 2322 1397; x_wconf 89' lang='lat' dir='ltr'><strong>interea</strong></span> <span class='ocrx_word' id='word_1_191' title='bbox 2353 1357 2419 1396; x_wconf 73' lang='grc' dir='ltr'>ει</span> <span class='ocrx_word' id='word_1_192' title='bbox 2452 1337 2844 1396; x_wconf 89' lang='lat' dir='ltr'><strong>candidissimo</strong></span> <span class='ocrx_word' id='word_1_193' title='bbox 2891 1349 3189 1393; x_wconf 83' lang='lat' dir='ltr'><strong>marmore.</strong></span> <span class='ocrx_word' id='word_1_194' title='bbox 3219 1348 3432 1388; x_wconf 66' lang='lat' dir='ltr'><strong>summa</strong></span> <span class='ocrx_word' id='word_1_195' title='bbox 3464 1332 3549 1385; x_wconf 79' lang='lat' dir='ltr'><strong>fa-</strong></span> 
     </span>
    </p>
   </div>
   <div class='ocr_carea' id='block_1_30' title="bbox 1926 1422 3551 1505">
    <p class='ocr_par' dir='ltr' id='par_1_30' title="bbox 1926 1422 3551 1505">
     <span class='ocr_line' id='line_1_30' title="bbox 1926 1422 3551 1505; baseline -0.007 -15"><span class='ocrx_word' id='word_1_196' title='bbox 1926 1435 2155 1501; x_wconf 81' lang='lat' dir='ltr'><strong>cilitate,</strong></span> <span class='ocrx_word' id='word_1_197' title='bbox 2186 1433 2317 1505; x_wconf 90' lang='lat' dir='ltr'><strong>ipsis</strong></span> <span class='ocrx_word' id='word_1_198' title='bbox 2340 1433 2430 1504; x_wconf 91' lang='lat' dir='ltr'><strong>qui</strong></span> <span class='ocrx_word' id='word_1_199' title='bbox 2469 1430 2812 1487; x_wconf 80' lang='lat' dir='ltr'><strong>adducebant</strong></span> <span class='ocrx_word' id='word_1_200' title='bbox 2856 1424 3276 1492; x_wconf 72' lang='lat' dir='ltr'><strong>admirantibus,</strong></span> <span class='ocrx_word' id='word_1_201' title='bbox 3332 1439 3401 1478; x_wconf 82' lang='lat' dir='ltr'><strong>ex</strong></span> <span class='ocrx_word' id='word_1_202' title='bbox 3442 1422 3551 1479; x_wconf 85' lang='lat' dir='ltr'><strong>alio</strong></span> 
     </span>
    </p>
   </div>
   <div class='ocr_carea' id='block_1_31' title="bbox 1929 1506 3551 1588">
    <p class='ocr_par' dir='ltr' id='par_1_31' title="bbox 1929 1506 3551 1588">
     <span class='ocr_line' id='line_1_31' title="bbox 1929 1506 3551 1588; baseline -0.007 -5"><span class='ocrx_word' id='word_1_203' title='bbox 1929 1529 2064 1583; x_wconf 87' lang='lat' dir='ltr'><strong>satis</strong></span> <span class='ocrx_word' id='word_1_204' title='bbox 2098 1529 2334 1582; x_wconf 87' lang='lat' dir='ltr'><strong>distante</strong></span> <span class='ocrx_word' id='word_1_205' title='bbox 2366 1523 2619 1582; x_wconf 69' lang='lat' dir='ltr'><strong>coenobio</strong></span> <span class='ocrx_word' id='word_1_206' title='bbox 2660 1506 2951 1578; x_wconf 82' lang='lat' dir='ltr'><strong>devehitur</strong></span> <span class='ocrx_word' id='word_1_207' title='bbox 2994 1530 3157 1588; x_wconf 82' lang='lat' dir='ltr'><strong>atque</strong></span> <span class='ocrx_word' id='word_1_208' title='bbox 3204 1520 3255 1573; x_wconf 89' lang='lat' dir='ltr'><strong>in</strong></span> <span class='ocrx_word' id='word_1_209' title='bbox 3309 1534 3375 1573; x_wconf 86' lang='lat' dir='ltr'><strong>eo</strong></span> <span class='ocrx_word' id='word_1_210' title='bbox 3404 1533 3438 1572; x_wconf 89' lang='lat' dir='ltr'><strong>e</strong></span> <span class='ocrx_word' id='word_1_211' title='bbox 3468 1534 3551 1573; x_wconf 85' lang='lat' dir='ltr'><strong>re-</strong></span> 
     </span>
    </p>
   </div>
   <div class='ocr_carea' id='block_1_32' title="bbox 1926 1610 3551 1696">
    <p class='ocr_par' dir='ltr' id='par_1_32' title="bbox 1926 1610 3551 1696">
     <span class='ocr_line' id='line_1_32' title="bbox 1926 1610 3551 1696; baseline -0.005 -23"><span class='ocrx_word' id='word_1_212' title='bbox 1926 1620 2090 1691; x_wconf 79' lang='lat' dir='ltr'><strong>gione</strong></span> <span class='ocrx_word' id='word_1_213' title='bbox 2150 1621 2304 1673; x_wconf 89' lang='lat' dir='ltr'><strong>chori</strong></span> <span class='ocrx_word' id='word_1_214' title='bbox 2362 1619 2521 1685; x_wconf 78' lang='lat' dir='ltr'><strong>juxta</strong></span> <span class='ocrx_word' id='word_1_215' title='bbox 2578 1616 2782 1687; x_wconf 86' lang='lat' dir='ltr'><strong>gradus</strong></span> <span class='ocrx_word' id='word_1_216' title='bbox 2844 1614 3046 1696; x_wconf 71' lang='lat' dir='ltr'><strong>quibus</strong></span> <span class='ocrx_word' id='word_1_217' title='bbox 3104 1612 3423 1667; x_wconf 76' lang='lat' dir='ltr'><strong>ascenditur</strong></span> <span class='ocrx_word' id='word_1_218' title='bbox 3480 1610 3551 1665; x_wconf 87' lang='lat' dir='ltr'><strong>ad</strong></span> 
     </span>
    </p>
   </div>
   <div class='ocr_carea' id='block_1_33' title="bbox 1931 1704 3558 1777">
    <p class='ocr_par' dir='ltr' id='par_1_33' title="bbox 1931 1704 3558 1777">
     <span class='ocr_line' id='line_1_33' title="bbox 1931 1704 3558 1777; baseline -0.004 -13"><span class='ocrx_word' id='word_1_219' title='bbox 1931 1725 2085 1765; x_wconf 87' lang='lat' dir='ltr'><strong>aram</strong></span> <span class='ocrx_word' id='word_1_220' title='bbox 2146 1710 2362 1774; x_wconf 85' lang='lat' dir='ltr'><strong>locato,</strong></span> <span class='ocrx_word' id='word_1_221' title='bbox 2415 1709 2672 1764; x_wconf 82' lang='lat' dir='ltr'><strong>omnibus</strong></span> <span class='ocrx_word' id='word_1_222' title='bbox 2718 1706 2952 1777; x_wconf 76' lang='lat' dir='ltr'><strong>bynntos</strong></span> <span class='ocrx_word' id='word_1_223' title='bbox 3003 1721 3065 1759; x_wconf 81' lang='lat' dir='ltr'><strong>ac</strong></span> <span class='ocrx_word' id='word_1_224' title='bbox 3099 1704 3338 1773; x_wconf 77' lang='lat' dir='ltr'><strong>psaimm</strong></span> <span class='ocrx_word' id='word_1_225' title='bbox 3375 1706 3558 1759; x_wconf 85' lang='lat' dir='ltr'><strong>conci-</strong></span> 
     </span>
    </p>
   </div>
   <div class='ocr_carea' id='block_1_34' title="bbox 224 1794 1842 1890">
    <p class='ocr_par' dir='ltr' id='par_1_34' title="bbox 224 1794 1827 1890">
     <span class='ocr_line' id='line_1_34' title="bbox 224 1794 1827 1890; baseline -0.002 -16"><span class='ocrx_word' id='word_1_226' title='bbox 224 1830 341 1876; x_wconf 69' lang='grc' dir='ltr'><strong>τειιο</strong></span> <span class='ocrx_word' id='word_1_227' title='bbox 371 1794 517 1875; x_wconf 79' lang='lat' dir='ltr'><strong>infici</strong></span> <span class='ocrx_word' id='word_1_228' title='bbox 550 1820 922 1875; x_wconf 80' lang='lat' dir='ltr'><strong>Christianum</strong></span> <span class='ocrx_word' id='word_1_229' title='bbox 956 1819 1236 1890; x_wconf 84' lang='lat' dir='ltr'><strong>populant,</strong></span> <span class='ocrx_word' id='word_1_230' title='bbox 1266 1828 1322 1873; x_wconf 92' lang='lat' dir='ltr'><strong>et</strong></span> <span class='ocrx_word' id='word_1_231' title='bbox 1367 1819 1460 1887; x_wconf 85' lang='lat' dir='ltr'><strong>qui</strong></span> <span class='ocrx_word' id='word_1_232' title='bbox 1486 1817 1712 1873; x_wconf 84' lang='lat' dir='ltr'><strong>deberet</strong></span> <span class='ocrx_word' id='word_1_233' title='bbox 1744 1819 1827 1871; x_wconf 85' lang='lat' dir='ltr'><strong>tti-</strong></span> 
     </span>
    </p>
   </div>
   <div class='ocr_carea' id='block_1_35' title="bbox 1935 1794 3555 1890">
    <p class='ocr_par' dir='ltr' id='par_1_35' title="bbox 1938 1794 3555 1869">
     <span class='ocr_line' id='line_1_35' title="bbox 1938 1794 3555 1869; baseline -0.004 -15"><span class='ocrx_word' id='word_1_234' title='bbox 1938 1801 2212 1864; x_wconf 86' lang='lat' dir='ltr'><strong>nentibus,</strong></span> <span class='ocrx_word' id='word_1_235' title='bbox 2252 1800 2533 1869; x_wconf 80' lang='lat' dir='ltr'><strong>Deumque</strong></span> <span class='ocrx_word' id='word_1_236' title='bbox 2573 1796 2922 1851; x_wconf 84' lang='lat' dir='ltr'><strong>laudantibus</strong></span> <span class='ocrx_word' id='word_1_237' title='bbox 2975 1794 3076 1847; x_wconf 89' lang='lat' dir='ltr'><strong>viri</strong></span> <span class='ocrx_word' id='word_1_238' title='bbox 3115 1794 3291 1847; x_wconf 84' lang='lat' dir='ltr'><strong>sancti</strong></span> <span class='ocrx_word' id='word_1_239' title='bbox 3350 1810 3555 1864; x_wconf 86' lang='lat' dir='ltr'><strong>corpus</strong></span> 
     </span>
    </p>
   </div>
   <div class='ocr_carea' id='block_1_36' title="bbox 224 1911 1827 1981">
    <p class='ocr_par' dir='ltr' id='par_1_36' title="bbox 224 1911 1827 1981">
     <span class='ocr_line' id='line_1_36' title="bbox 224 1911 1827 1981; baseline -0.002 -15"><span class='ocrx_word' id='word_1_240' title='bbox 224 1913 351 1967; x_wconf 89' lang='lat' dir='ltr'><strong>cisci</strong></span> <span class='ocrx_word' id='word_1_241' title='bbox 401 1911 605 1981; x_wconf 93' lang='lat' dir='ltr'><strong>ﬂagitia</strong></span> <span class='ocrx_word' id='word_1_242' title='bbox 661 1911 727 1965; x_wconf 84' lang='lat' dir='ltr'><strong>iis</strong></span> <span class='ocrx_word' id='word_1_243' title='bbox 776 1926 835 1965; x_wconf 87' lang='lat' dir='ltr'><strong>se</strong></span> <span class='ocrx_word' id='word_1_244' title='bbox 886 1925 1143 1981; x_wconf 81' lang='lat' dir='ltr'><strong>princeps</strong></span> <span class='ocrx_word' id='word_1_245' title='bbox 1202 1920 1388 1965; x_wconf 88' lang='lat' dir='ltr'><strong>tantus</strong></span> <span class='ocrx_word' id='word_1_246' title='bbox 1438 1911 1827 1981; x_wconf 78' lang='lat' dir='ltr'><strong>obstringeret.</strong></span> 
     </span>
    </p>
   </div>
   <div class='ocr_carea' id='block_1_37' title="bbox 222 2001 1831 2071">
    <p class='ocr_par' dir='ltr' id='par_1_37' title="bbox 222 2001 1831 2071">
     <span class='ocr_line' id='line_1_37' title="bbox 222 2001 1831 2071; baseline -0.001 -14"><span class='ocrx_word' id='word_1_247' title='bbox 222 2002 374 2070; x_wconf 81' lang='lat' dir='ltr'><strong>Quod</strong></span> <span class='ocrx_word' id='word_1_248' title='bbox 403 2004 447 2058; x_wconf 88' lang='lat' dir='ltr'><strong>si</strong></span> <span class='ocrx_word' id='word_1_249' title='bbox 481 2020 587 2058; x_wconf 92' lang='lat' dir='ltr'><strong>non</strong></span> <span class='ocrx_word' id='word_1_250' title='bbox 618 2001 931 2058; x_wconf 90' lang='lat' dir='ltr'><strong>ﬂecteretur</strong></span> <span class='ocrx_word' id='word_1_251' title='bbox 974 2002 1250 2065; x_wconf 90' lang='lat' dir='ltr'><strong>consiliis,</strong></span> <span class='ocrx_word' id='word_1_252' title='bbox 1286 2001 1516 2057; x_wconf 86' lang='lat' dir='ltr'><strong>haberet</strong></span> <span class='ocrx_word' id='word_1_253' title='bbox 1546 2016 1646 2071; x_wconf 92' lang='lat' dir='ltr'><strong>pro</strong></span> <span class='ocrx_word' id='word_1_254' title='bbox 1675 2009 1831 2056; x_wconf 86' lang='lat' dir='ltr'><strong>certo</strong></span> 
     </span>
    </p>
   </div>
   <div class='ocr_carea' id='block_1_38' title="bbox 226 2092 1833 2163">
    <p class='ocr_par' dir='ltr' id='par_1_38' title="bbox 226 2092 1833 2163">
     <span class='ocr_line' id='line_1_38' title="bbox 226 2092 1833 2163; baseline 0 -16"><span class='ocrx_word' id='word_1_255' title='bbox 226 2092 536 2163; x_wconf 86' lang='lat' dir='ltr'><strong>pontificem</strong></span> <span class='ocrx_word' id='word_1_256' title='bbox 577 2095 687 2147; x_wconf 88' lang='lat' dir='ltr'><strong>vim</strong></span> <span class='ocrx_word' id='word_1_257' title='bbox 730 2092 1163 2148; x_wconf 85' lang='lat' dir='ltr'><strong>ecclesiasticam</strong></span> <span class='ocrx_word' id='word_1_258' title='bbox 1212 2092 1610 2159; x_wconf 82' lang='lat' dir='ltr'><strong>adhibituram,</strong></span> <span class='ocrx_word' id='word_1_259' title='bbox 1655 2108 1833 2161; x_wconf 88' lang='lat' dir='ltr'><strong>neque</strong></span> 
     </span>
    </p>
   </div>
   <div class='ocr_carea' id='block_1_39' title="bbox 230 2181 1833 2251">
    <p class='ocr_par' dir='ltr' id='par_1_39' title="bbox 230 2181 1833 2251">
     <span class='ocr_line' id='line_1_39' title="bbox 230 2181 1833 2251; baseline 0.001 -16"><span class='ocrx_word' id='word_1_260' title='bbox 230 2181 341 2237; x_wconf 90' lang='lat' dir='ltr'><strong>fore</strong></span> <span class='ocrx_word' id='word_1_261' title='bbox 370 2192 429 2236; x_wconf 92' lang='lat' dir='ltr'><strong>ut</strong></span> <span class='ocrx_word' id='word_1_262' title='bbox 460 2182 606 2237; x_wconf 90' lang='lat' dir='ltr'><strong>illius</strong></span> <span class='ocrx_word' id='word_1_263' title='bbox 639 2196 875 2251; x_wconf 90' lang='lat' dir='ltr'><strong>unquam</strong></span> <span class='ocrx_word' id='word_1_264' title='bbox 909 2182 1162 2236; x_wconf 90' lang='lat' dir='ltr'><strong>manibus</strong></span> <span class='ocrx_word' id='word_1_265' title='bbox 1189 2193 1630 2238; x_wconf 85' lang='lat' dir='ltr'><strong>consecraretur.</strong></span> <span class='ocrx_word' id='word_1_266' title='bbox 1680 2181 1833 2237; x_wconf 87' lang='lat' dir='ltr'><strong>llauc</strong></span> 
     </span>
    </p>
   </div>
   <div class='ocr_carea' id='block_1_40' title="bbox 225 2276 1833 2347">
    <p class='ocr_par' dir='ltr' id='par_1_40' title="bbox 225 2276 1833 2347">
     <span class='ocr_line' id='line_1_40' title="bbox 225 2276 1833 2347; baseline 0.002 -18"><span class='ocrx_word' id='word_1_267' title='bbox 225 2277 554 2341; x_wconf 83' lang='lat' dir='ltr'><strong>orationem,</strong></span> <span class='ocrx_word' id='word_1_268' title='bbox 597 2277 856 2342; x_wconf 68' lang='lat' dir='ltr'><strong>maxima,</strong></span> <span class='ocrx_word' id='word_1_269' title='bbox 898 2284 958 2329; x_wconf 91' lang='lat' dir='ltr'><strong>ut</strong></span> <span class='ocrx_word' id='word_1_270' title='bbox 992 2276 1173 2347; x_wconf 87' lang='lat' dir='ltr'><strong>inquit</strong></span> <span class='ocrx_word' id='word_1_271' title='bbox 1201 2276 1559 2341; x_wconf 82' lang='lat' dir='ltr'><strong>Tritlteutius,</strong></span> <span class='ocrx_word' id='word_1_272' title='bbox 1594 2280 1833 2333; x_wconf 88' lang='lat' dir='ltr'><strong>auctori-</strong></span> 
     </span>
    </p>
   </div>
   <div class='ocr_carea' id='block_1_41' title="bbox 232 2366 1832 2439">
    <p class='ocr_par' dir='ltr' id='par_1_41' title="bbox 232 2366 1832 2439">
     <span class='ocr_line' id='line_1_41' title="bbox 232 2366 1832 2439; baseline 0.003 -21"><span class='ocrx_word' id='word_1_273' title='bbox 232 2373 338 2421; x_wconf 90' lang='lat' dir='ltr'><strong>tate</strong></span> <span class='ocrx_word' id='word_1_274' title='bbox 368 2380 434 2420; x_wconf 90' lang='lat' dir='ltr'><strong>ac</strong></span> <span class='ocrx_word' id='word_1_275' title='bbox 463 2366 733 2436; x_wconf 81' lang='lat' dir='ltr'><strong>sapientia</strong></span> <span class='ocrx_word' id='word_1_276' title='bbox 766 2366 1009 2419; x_wconf 89' lang='lat' dir='ltr'><strong>habitam</strong></span> <span class='ocrx_word' id='word_1_277' title='bbox 1056 2375 1260 2421; x_wconf 75' lang='lat' dir='ltr'><strong>secuta:</strong></span> <span class='ocrx_word' id='word_1_278' title='bbox 1290 2377 1418 2422; x_wconf 89' lang='lat' dir='ltr'><strong>sunt</strong></span> <span class='ocrx_word' id='word_1_279' title='bbox 1457 2384 1654 2438; x_wconf 80' lang='lat' dir='ltr'><strong>graves</strong></span> <span class='ocrx_word' id='word_1_280' title='bbox 1686 2368 1832 2439; x_wconf 87' lang='lat' dir='ltr'><strong>prin-</strong></span> 
     </span>
    </p>
   </div>
   <div class='ocr_carea' id='block_1_42' title="bbox 224 2456 1835 2528">
    <p class='ocr_par' dir='ltr' id='par_1_42' title="bbox 224 2456 1835 2528">
     <span class='ocr_line' id='line_1_42' title="bbox 224 2456 1835 2528; baseline 0.003 -18"><span class='ocrx_word' id='word_1_281' title='bbox 224 2458 405 2524; x_wconf 82' lang='lat' dir='ltr'><strong>cipum</strong></span> <span class='ocrx_word' id='word_1_282' title='bbox 458 2457 549 2524; x_wconf 90' lang='lat' dir='ltr'><strong>qui</strong></span> <span class='ocrx_word' id='word_1_283' title='bbox 583 2456 811 2511; x_wconf 87' lang='lat' dir='ltr'><strong>aderant</strong></span> <span class='ocrx_word' id='word_1_284' title='bbox 860 2471 1063 2512; x_wconf 83' lang='lat' dir='ltr'><strong>voces:</strong></span> <span class='ocrx_word' id='word_1_285' title='bbox 1096 2474 1251 2527; x_wconf 77' lang='lat' dir='ltr'><strong>:equa</strong></span> <span class='ocrx_word' id='word_1_286' title='bbox 1276 2457 1582 2512; x_wconf 87' lang='lat' dir='ltr'><strong>Romanum</strong></span> <span class='ocrx_word' id='word_1_287' title='bbox 1612 2460 1835 2528; x_wconf 82' lang='lat' dir='ltr'><strong>pontifi-</strong></span> 
     </span>
    </p>
   </div>
   <div class='ocr_carea' id='block_1_43' title="bbox 230 2547 1831 2620">
    <p class='ocr_par' dir='ltr' id='par_1_43' title="bbox 230 2547 1831 2620">
     <span class='ocr_line' id='line_1_43' title="bbox 230 2547 1831 2620; baseline 0.001 -16"><span class='ocrx_word' id='word_1_288' title='bbox 230 2563 343 2604; x_wconf 83' lang='lat' dir='ltr'><strong>cem</strong></span> <span class='ocrx_word' id='word_1_289' title='bbox 378 2548 605 2619; x_wconf 79' lang='lat' dir='ltr'><strong>jubere;</strong></span> <span class='ocrx_word' id='word_1_290' title='bbox 655 2550 892 2603; x_wconf 89' lang='lat' dir='ltr'><strong>nominis</strong></span> <span class='ocrx_word' id='word_1_291' title='bbox 941 2548 1074 2618; x_wconf 78' lang='lat' dir='ltr'><strong>regii</strong></span> <span class='ocrx_word' id='word_1_292' title='bbox 1122 2547 1464 2616; x_wconf 83' lang='lat' dir='ltr'><strong>majestatent</strong></span> <span class='ocrx_word' id='word_1_293' title='bbox 1516 2562 1625 2604; x_wconf 86' lang='lat' dir='ltr'><strong>tant</strong></span> <span class='ocrx_word' id='word_1_294' title='bbox 1660 2552 1831 2620; x_wconf 89' lang='lat' dir='ltr'><strong>turpis</strong></span> 
     </span>
    </p>
   </div>
   <div class='ocr_carea' id='block_1_44' title="bbox 229 2636 1833 2710">
    <p class='ocr_par' dir='ltr' id='par_1_44' title="bbox 229 2636 1833 2710">
     <span class='ocr_line' id='line_1_44' title="bbox 229 2636 1833 2710; baseline 0.004 -22"><span class='ocrx_word' id='word_1_295' title='bbox 229 2636 354 2691; x_wconf 88' lang='lat' dir='ltr'><strong>facti</strong></span> <span class='ocrx_word' id='word_1_296' title='bbox 393 2636 517 2692; x_wconf 88' lang='lat' dir='ltr'><strong>labe</strong></span> <span class='ocrx_word' id='word_1_297' title='bbox 554 2653 621 2691; x_wconf 91' lang='lat' dir='ltr'><strong>ne</strong></span> <span class='ocrx_word' id='word_1_298' title='bbox 658 2638 1105 2701; x_wconf 88' lang='lat' dir='ltr'><strong>contmacularet,</strong></span> <span class='ocrx_word' id='word_1_299' title='bbox 1147 2654 1249 2694; x_wconf 90' lang='lat' dir='ltr'><strong>neu</strong></span> <span class='ocrx_word' id='word_1_300' title='bbox 1282 2642 1603 2710; x_wconf 88' lang='lat' dir='ltr'><strong>parentibus</strong></span> <span class='ocrx_word' id='word_1_301' title='bbox 1630 2642 1833 2710; x_wconf 80' lang='lat' dir='ltr'><strong>reginae</strong></span> 
     </span>
    </p>
   </div>
   <div class='ocr_carea' id='block_1_45' title="bbox 233 2726 1833 2798">
    <p class='ocr_par' dir='ltr' id='par_1_45' title="bbox 233 2726 1833 2798">
     <span class='ocr_line' id='line_1_45' title="bbox 233 2726 1833 2798; baseline 0.004 -19"><span class='ocrx_word' id='word_1_302' title='bbox 233 2742 449 2781; x_wconf 84' lang='lat' dir='ltr'><strong>causam</strong></span> <span class='ocrx_word' id='word_1_303' title='bbox 498 2726 820 2782; x_wconf 72' lang='lat' dir='ltr'><strong>defectionis</strong></span> <span class='ocrx_word' id='word_1_304' title='bbox 863 2729 1154 2798; x_wconf 76' lang='lat' dir='ltr'><strong>pneberet,</strong></span> <span class='ocrx_word' id='word_1_305' title='bbox 1210 2737 1265 2783; x_wconf 87' lang='lat' dir='ltr'><strong>et</strong></span> <span class='ocrx_word' id='word_1_306' title='bbox 1307 2727 1512 2797; x_wconf 85' lang='lat' dir='ltr'><strong>justam</strong></span> <span class='ocrx_word' id='word_1_307' title='bbox 1549 2732 1833 2786; x_wconf 73' lang='lat' dir='ltr'><strong>turbanda:</strong></span> 
     </span>
    </p>
   </div>
   <div class='ocr_carea' id='block_1_46' title="bbox 235 2817 1829 2891">
    <p class='ocr_par' dir='ltr' id='par_1_46' title="bbox 235 2817 1829 2891">
     <span class='ocr_line' id='line_1_46' title="bbox 235 2817 1829 2891; baseline 0.003 -22"><span class='ocrx_word' id='word_1_308' title='bbox 235 2817 547 2885; x_wconf 64' lang='lat' dir='ltr'><strong>reipublicm</strong></span> <span class='ocrx_word' id='word_1_309' title='bbox 576 2818 953 2881; x_wconf 87' lang='lat' dir='ltr'><strong>occasionem;</strong></span> <span class='ocrx_word' id='word_1_310' title='bbox 991 2819 1109 2887; x_wconf 86' lang='lat' dir='ltr'><strong>qui,</strong></span> <span class='ocrx_word' id='word_1_311' title='bbox 1141 2818 1186 2873; x_wconf 89' lang='lat' dir='ltr'><strong>si</strong></span> <span class='ocrx_word' id='word_1_312' title='bbox 1214 2818 1317 2872; x_wconf 91' lang='lat' dir='ltr'><strong>viri</strong></span> <span class='ocrx_word' id='word_1_313' title='bbox 1363 2828 1547 2874; x_wconf 89' lang='lat' dir='ltr'><strong>essent</strong></span> <span class='ocrx_word' id='word_1_314' title='bbox 1577 2822 1667 2889; x_wconf 88' lang='lat' dir='ltr'><strong>qui</strong></span> <span class='ocrx_word' id='word_1_315' title='bbox 1705 2821 1829 2891; x_wconf 85' lang='lat' dir='ltr'><strong>pitt-</strong></span> 
     </span>
    </p>
   </div>
   <div class='ocr_carea' id='block_1_47' title="bbox 230 2908 1834 2980">
    <p class='ocr_par' dir='ltr' id='par_1_47' title="bbox 230 2908 1834 2980">
     <span class='ocr_line' id='line_1_47' title="bbox 230 2908 1834 2980; baseline 0.002 -19"><span class='ocrx_word' id='word_1_316' title='bbox 230 2909 421 2963; x_wconf 90' lang='lat' dir='ltr'><strong>rintum</strong></span> <span class='ocrx_word' id='word_1_317' title='bbox 448 2916 697 2978; x_wconf 86' lang='lat' dir='ltr'><strong>possent,</strong></span> <span class='ocrx_word' id='word_1_318' title='bbox 723 2917 779 2963; x_wconf 91' lang='lat' dir='ltr'><strong>et</strong></span> <span class='ocrx_word' id='word_1_319' title='bbox 807 2908 978 2963; x_wconf 91' lang='lat' dir='ltr'><strong>utilite</strong></span> <span class='ocrx_word' id='word_1_320' title='bbox 1000 2917 1057 2964; x_wconf 90' lang='lat' dir='ltr'><strong>et</strong></span> <span class='ocrx_word' id='word_1_321' title='bbox 1080 2909 1249 2963; x_wconf 88' lang='lat' dir='ltr'><strong>armis</strong></span> <span class='ocrx_word' id='word_1_322' title='bbox 1278 2918 1382 2963; x_wconf 91' lang='lat' dir='ltr'><strong>tam</strong></span> <span class='ocrx_word' id='word_1_323' title='bbox 1413 2909 1679 2980; x_wconf 79' lang='lat' dir='ltr'><strong>insignem</strong></span> <span class='ocrx_word' id='word_1_324' title='bbox 1710 2910 1834 2975; x_wconf 70' lang='grc' dir='ltr'>ηιιεο</span> 
     </span>
    </p>
   </div>
   <div class='ocr_carea' id='block_1_48' title="bbox 229 2998 1831 3071">
    <p class='ocr_par' dir='ltr' id='par_1_48' title="bbox 229 2998 1831 3071">
     <span class='ocr_line' id='line_1_48' title="bbox 229 2998 1831 3071; baseline 0 -18"><span class='ocrx_word' id='word_1_325' title='bbox 229 3000 615 3055; x_wconf 81' lang='lat' dir='ltr'><strong>contumeliam</strong></span> <span class='ocrx_word' id='word_1_326' title='bbox 647 2999 908 3069; x_wconf 75' lang='lat' dir='ltr'><strong>praeclaro</strong></span> <span class='ocrx_word' id='word_1_327' title='bbox 938 2999 1123 3070; x_wconf 88' lang='lat' dir='ltr'><strong>aliquo</strong></span> <span class='ocrx_word' id='word_1_328' title='bbox 1165 2998 1411 3054; x_wconf 78' lang='lat' dir='ltr'><strong>facinore</strong></span> <span class='ocrx_word' id='word_1_329' title='bbox 1452 3001 1619 3055; x_wconf 91' lang='lat' dir='ltr'><strong>dubio</strong></span> <span class='ocrx_word' id='word_1_330' title='bbox 1646 3001 1831 3071; x_wconf 87' lang='lat' dir='ltr'><strong>procul</strong></span> 
     </span>
    </p>
   </div>
   <div class='ocr_carea' id='block_1_49' title="bbox 230 3092 1828 3163">
    <p class='ocr_par' dir='ltr' id='par_1_49' title="bbox 230 3092 1828 3163">
     <span class='ocr_line' id='line_1_49' title="bbox 230 3092 1828 3163; baseline 0.002 -17"><span class='ocrx_word' id='word_1_331' title='bbox 230 3093 521 3162; x_wconf 78' lang='lat' dir='ltr'><strong>expiaturi.</strong></span> <span class='ocrx_word' id='word_1_332' title='bbox 553 3102 608 3147; x_wconf 92' lang='lat' dir='ltr'><strong>et</strong></span> <span class='ocrx_word' id='word_1_333' title='bbox 639 3093 907 3147; x_wconf 86' lang='lat' dir='ltr'><strong>acerrime</strong></span> <span class='ocrx_word' id='word_1_334' title='bbox 940 3107 1040 3161; x_wconf 89' lang='lat' dir='ltr'><strong>pro</strong></span> <span class='ocrx_word' id='word_1_335' title='bbox 1074 3092 1272 3163; x_wconf 80' lang='lat' dir='ltr'><strong>Opibus</strong></span> <span class='ocrx_word' id='word_1_336' title='bbox 1317 3093 1645 3149; x_wconf 80' lang='lat' dir='ltr'><strong>vindicaturi</strong></span> <span class='ocrx_word' id='word_1_337' title='bbox 1678 3095 1828 3149; x_wconf 87' lang='lat' dir='ltr'><strong>vide-</strong></span> 
     </span>
    </p>
   </div>
   <div class='ocr_carea' id='block_1_50' title="bbox 1935 1893 2239 1963">
    <p class='ocr_par' dir='ltr' id='par_1_50' title="bbox 1935 1893 2239 1963">
     <span class='ocr_line' id='line_1_50' title="bbox 1935 1893 2239 1963; baseline -0.003 -16"><span class='ocrx_word' id='word_1_338' title='bbox 1935 1893 2239 1963; x_wconf 84' lang='lat' dir='ltr'><strong>reponitur.</strong></span> 
     </span>
    </p>
   </div>
   <div class='ocr_carea' id='block_1_51' title="bbox 2006 1978 3557 2054">
    <p class='ocr_par' dir='ltr' id='par_1_51' title="bbox 2006 1978 3557 2054">
     <span class='ocr_line' id='line_1_51' title="bbox 2006 1978 3557 2054; baseline -0.006 -14"><span class='ocrx_word' id='word_1_339' title='bbox 2006 1984 2277 2040; x_wconf 72' lang='lat' dir='ltr'><strong>Caeterum</strong></span> <span class='ocrx_word' id='word_1_340' title='bbox 2310 1984 2569 2054; x_wconf 88' lang='lat' dir='ltr'><strong>quoniam</strong></span> <span class='ocrx_word' id='word_1_341' title='bbox 2609 1979 2935 2052; x_wconf 73' lang='lat' dir='ltr'><strong>amplissimi</strong></span> <span class='ocrx_word' id='word_1_342' title='bbox 2987 1980 3148 2051; x_wconf 84' lang='lat' dir='ltr'><strong>hujus</strong></span> <span class='ocrx_word' id='word_1_343' title='bbox 3168 1978 3437 2033; x_wconf 78' lang='lat' dir='ltr'><strong>antistitis</strong></span> <span class='ocrx_word' id='word_1_344' title='bbox 3490 1993 3557 2045; x_wconf 82' lang='lat' dir='ltr'><strong>ac</strong></span> 
     </span>
    </p>
   </div>
   <div class='ocr_carea' id='block_1_52' title="bbox 1936 2071 3559 2147">
    <p class='ocr_par' dir='ltr' id='par_1_52' title="bbox 1936 2071 3559 2147">
     <span class='ocr_line' id='line_1_52' title="bbox 1936 2071 3559 2147; baseline -0.005 -16"><span class='ocrx_word' id='word_1_345' title='bbox 1936 2076 2192 2131; x_wconf 90' lang='lat' dir='ltr'><strong>monachi</strong></span> <span class='ocrx_word' id='word_1_346' title='bbox 2262 2091 2425 2147; x_wconf 91' lang='lat' dir='ltr'><strong>supra</strong></span> <span class='ocrx_word' id='word_1_347' title='bbox 2489 2074 2749 2145; x_wconf 89' lang='lat' dir='ltr'><strong>frequens</strong></span> <span class='ocrx_word' id='word_1_348' title='bbox 2814 2071 2996 2127; x_wconf 86' lang='lat' dir='ltr'><strong>habita</strong></span> <span class='ocrx_word' id='word_1_349' title='bbox 3058 2073 3305 2129; x_wconf 87' lang='lat' dir='ltr'><strong>mentio,</strong></span> <span class='ocrx_word' id='word_1_350' title='bbox 3366 2084 3397 2123; x_wconf 90' lang='lat' dir='ltr'><strong>a</strong></span> <span class='ocrx_word' id='word_1_351' title='bbox 3458 2085 3559 2123; x_wconf 82' lang='lat' dir='ltr'><strong>uo-</strong></span> 
     </span>
    </p>
   </div>
   <div class='ocr_carea' id='block_1_53' title="bbox 1935 2160 3555 2232">
    <p class='ocr_par' dir='ltr' id='par_1_53' title="bbox 1935 2160 3555 2232">
     <span class='ocr_line' id='line_1_53' title="bbox 1935 2160 3555 2232; baseline -0.006 -9"><span class='ocrx_word' id='word_1_352' title='bbox 1935 2167 2021 2223; x_wconf 88' lang='lat' dir='ltr'><strong>bis</strong></span> <span class='ocrx_word' id='word_1_353' title='bbox 2059 2178 2166 2232; x_wconf 90' lang='lat' dir='ltr'><strong>est,</strong></span> <span class='ocrx_word' id='word_1_354' title='bbox 2194 2178 2251 2223; x_wconf 90' lang='lat' dir='ltr'><strong>et</strong></span> <span class='ocrx_word' id='word_1_355' title='bbox 2292 2168 2347 2222; x_wconf 90' lang='lat' dir='ltr'><strong>in</strong></span> <span class='ocrx_word' id='word_1_356' title='bbox 2388 2168 2536 2223; x_wconf 87' lang='lat' dir='ltr'><strong>hunc</strong></span> <span class='ocrx_word' id='word_1_357' title='bbox 2578 2180 2779 2218; x_wconf 91' lang='lat' dir='ltr'><strong>annum</strong></span> <span class='ocrx_word' id='word_1_358' title='bbox 2826 2162 2946 2231; x_wconf 86' lang='lat' dir='ltr'><strong>ejus</strong></span> <span class='ocrx_word' id='word_1_359' title='bbox 2994 2162 3225 2215; x_wconf 87' lang='lat' dir='ltr'><strong>incurrit</strong></span> <span class='ocrx_word' id='word_1_360' title='bbox 3279 2160 3555 2223; x_wconf 81' lang='lat' dir='ltr'><strong>interitus.</strong></span> 
     </span>
    </p>
   </div>
   <div class='ocr_carea' id='block_1_54' title="bbox 1936 2252 3555 2329">
    <p class='ocr_par' dir='ltr' id='par_1_54' title="bbox 1936 2252 3555 2329">
     <span class='ocr_line' id='line_1_54' title="bbox 1936 2252 3555 2329; baseline -0.006 -16"><span class='ocrx_word' id='word_1_361' title='bbox 1936 2274 2281 2329; x_wconf 84' lang='lat' dir='ltr'><strong>nequaquam</strong></span> <span class='ocrx_word' id='word_1_362' title='bbox 2331 2258 2629 2329; x_wconf 86' lang='lat' dir='ltr'><strong>ingratum,</strong></span> <span class='ocrx_word' id='word_1_363' title='bbox 2677 2267 2735 2310; x_wconf 92' lang='lat' dir='ltr'><strong>ut</strong></span> <span class='ocrx_word' id='word_1_364' title='bbox 2780 2265 2934 2326; x_wconf 91' lang='lat' dir='ltr'><strong>puto,</strong></span> <span class='ocrx_word' id='word_1_365' title='bbox 2979 2252 3145 2309; x_wconf 88' lang='lat' dir='ltr'><strong>fuerit</strong></span> <span class='ocrx_word' id='word_1_366' title='bbox 3195 2269 3295 2308; x_wconf 88' lang='lat' dir='ltr'><strong>nec</strong></span> <span class='ocrx_word' id='word_1_367' title='bbox 3324 2254 3555 2308; x_wconf 79' lang='lat' dir='ltr'><strong>omnino</strong></span> 
     </span>
    </p>
   </div>
   <div class='ocr_carea' id='block_1_55' title="bbox 1937 2328 3554 2415">
    <p class='ocr_par' dir='ltr' id='par_1_55' title="bbox 1937 2328 3554 2415">
     <span class='ocr_line' id='line_1_55' title="bbox 1937 2328 3554 2415; baseline -0.007 -10"><span class='ocrx_word' id='word_1_368' title='bbox 1937 2368 1966 2405; x_wconf 92' lang='lat' dir='ltr'><strong>a</strong></span> <span class='ocrx_word' id='word_1_369' title='bbox 2000 2328 2187 2406; x_wconf 85' lang='lat' dir='ltr'><strong>nostro</strong></span> <span class='ocrx_word' id='word_1_370' title='bbox 2236 2328 2488 2404; x_wconf 88' lang='lat' dir='ltr'><strong>instituto</strong></span> <span class='ocrx_word' id='word_1_371' title='bbox 2536 2348 2774 2402; x_wconf 87' lang='lat' dir='ltr'><strong>ahenum</strong></span> <span class='ocrx_word' id='word_1_372' title='bbox 2826 2328 2893 2402; x_wconf 80' lang='lat' dir='ltr'><strong>de</strong></span> <span class='ocrx_word' id='word_1_373' title='bbox 2942 2346 3035 2399; x_wconf 90' lang='lat' dir='ltr'><strong>illo</strong></span> <span class='ocrx_word' id='word_1_374' title='bbox 3087 2346 3337 2415; x_wconf 60' lang='lat' dir='ltr'><strong>quaedam</strong></span> <span class='ocrx_word' id='word_1_375' title='bbox 3388 2345 3554 2414; x_wconf 68' lang='lat' dir='ltr'><strong>paulo</strong></span> 
     </span>
    </p>
   </div>
   <div class='ocr_carea' id='block_1_56' title="bbox 1937 2436 3558 2507">
    <p class='ocr_par' dir='ltr' id='par_1_56' title="bbox 1937 2436 3558 2507">
     <span class='ocr_line' id='line_1_56' title="bbox 1937 2436 3558 2507; baseline -0.004 -12"><span class='ocrx_word' id='word_1_376' title='bbox 1937 2442 2250 2495; x_wconf 84' lang='lat' dir='ltr'><strong>accuratius</strong></span> <span class='ocrx_word' id='word_1_377' title='bbox 2279 2441 2542 2495; x_wconf 87' lang='lat' dir='ltr'><strong>scribere.</strong></span> <span class='ocrx_word' id='word_1_378' title='bbox 2570 2437 2690 2500; x_wconf 88' lang='lat' dir='ltr'><strong>llic,</strong></span> <span class='ocrx_word' id='word_1_379' title='bbox 2720 2448 2776 2491; x_wconf 92' lang='lat' dir='ltr'><strong>ut</strong></span> <span class='ocrx_word' id='word_1_380' title='bbox 2806 2438 3087 2492; x_wconf 83' lang='lat' dir='ltr'><strong>memoria:</strong></span> <span class='ocrx_word' id='word_1_381' title='bbox 3112 2438 3289 2507; x_wconf 85' lang='lat' dir='ltr'><strong>prodit</strong></span> <span class='ocrx_word' id='word_1_382' title='bbox 3312 2436 3558 2507; x_wconf 67' lang='lat' dir='ltr'><strong>Joannes</strong></span> 
     </span>
    </p>
   </div>
   <div class='ocr_carea' id='block_1_57' title="bbox 1938 2530 3558 2602">
    <p class='ocr_par' dir='ltr' id='par_1_57' title="bbox 1938 2530 3558 2602">
     <span class='ocr_line' id='line_1_57' title="bbox 1938 2530 3558 2602; baseline -0.001 -15"><span class='ocrx_word' id='word_1_383' title='bbox 1938 2534 2261 2597; x_wconf 87' lang='lat' dir='ltr'><strong>monachus,</strong></span> <span class='ocrx_word' id='word_1_384' title='bbox 2297 2534 2389 2602; x_wconf 92' lang='lat' dir='ltr'><strong>qui</strong></span> <span class='ocrx_word' id='word_1_385' title='bbox 2420 2532 2538 2600; x_wconf 89' lang='lat' dir='ltr'><strong>ejus</strong></span> <span class='ocrx_word' id='word_1_386' title='bbox 2572 2532 2865 2601; x_wconf 86' lang='lat' dir='ltr'><strong>aliquando</strong></span> <span class='ocrx_word' id='word_1_387' title='bbox 2916 2546 3101 2586; x_wconf 90' lang='lat' dir='ltr'><strong>comes</strong></span> <span class='ocrx_word' id='word_1_388' title='bbox 3137 2530 3240 2585; x_wconf 90' lang='lat' dir='ltr'><strong>fuit</strong></span> <span class='ocrx_word' id='word_1_389' title='bbox 3288 2540 3343 2585; x_wconf 90' lang='lat' dir='ltr'><strong>et</strong></span> <span class='ocrx_word' id='word_1_390' title='bbox 3382 2530 3558 2586; x_wconf 86' lang='lat' dir='ltr'><strong>vitam</strong></span> 
     </span>
    </p>
   </div>
   <div class='ocr_carea' id='block_1_58' title="bbox 1937 2624 3553 2695">
    <p class='ocr_par' dir='ltr' id='par_1_58' title="bbox 1937 2624 3553 2695">
     <span class='ocr_line' id='line_1_58' title="bbox 1937 2624 3553 2695; baseline 0 -16"><span class='ocrx_word' id='word_1_391' title='bbox 1937 2625 2249 2695; x_wconf 87' lang='lat' dir='ltr'><strong>descripsit,</strong></span> <span class='ocrx_word' id='word_1_392' title='bbox 2287 2626 2558 2679; x_wconf 65' lang='lat' dir='ltr'><strong>Ravennae</strong></span> <span class='ocrx_word' id='word_1_393' title='bbox 2600 2624 2835 2679; x_wconf 89' lang='lat' dir='ltr'><strong>obscuro</strong></span> <span class='ocrx_word' id='word_1_394' title='bbox 2893 2634 3115 2695; x_wconf 87' lang='lat' dir='ltr'><strong>propter</strong></span> <span class='ocrx_word' id='word_1_395' title='bbox 3170 2632 3553 2695; x_wconf 87' lang='lat' dir='ltr'><strong>paupertatem</strong></span> 
     </span>
    </p>
   </div>
   <div class='ocr_carea' id='block_1_59' title="bbox 1937 2715 3561 2786">
    <p class='ocr_par' dir='ltr' id='par_1_59' title="bbox 1937 2715 3561 2786">
     <span class='ocr_line' id='line_1_59' title="bbox 1937 2715 3561 2786; baseline 0.002 -18"><span class='ocrx_word' id='word_1_396' title='bbox 1937 2715 2079 2779; x_wconf 89' lang='lat' dir='ltr'><strong>loco,</strong></span> <span class='ocrx_word' id='word_1_397' title='bbox 2113 2718 2207 2771; x_wconf 77' lang='lat' dir='ltr'><strong>sed</strong></span> <span class='ocrx_word' id='word_1_398' title='bbox 2259 2717 2498 2785; x_wconf 85' lang='lat' dir='ltr'><strong>ingenuo</strong></span> <span class='ocrx_word' id='word_1_399' title='bbox 2544 2726 2737 2781; x_wconf 90' lang='lat' dir='ltr'><strong>natus;</strong></span> <span class='ocrx_word' id='word_1_400' title='bbox 2780 2726 2908 2771; x_wconf 88' lang='lat' dir='ltr'><strong>sunt</strong></span> <span class='ocrx_word' id='word_1_401' title='bbox 2944 2727 3125 2770; x_wconf 90' lang='lat' dir='ltr'><strong>tamen</strong></span> <span class='ocrx_word' id='word_1_402' title='bbox 3155 2717 3247 2786; x_wconf 92' lang='lat' dir='ltr'><strong>qui</strong></span> <span class='ocrx_word' id='word_1_403' title='bbox 3285 2733 3353 2773; x_wconf 80' lang='lat' dir='ltr'><strong>ex</strong></span> <span class='ocrx_word' id='word_1_404' title='bbox 3388 2717 3561 2772; x_wconf 85' lang='lat' dir='ltr'><strong>nobili</strong></span> 
     </span>
    </p>
   </div>
   <div class='ocr_carea' id='block_1_60' title="bbox 1939 2808 3561 2883">
    <p class='ocr_par' dir='ltr' id='par_1_60' title="bbox 1939 2808 3561 2883">
     <span class='ocr_line' id='line_1_60' title="bbox 1939 2808 3561 2883; baseline 0.002 -19"><span class='ocrx_word' id='word_1_405' title='bbox 1939 2808 2303 2867; x_wconf 85' lang='lat' dir='ltr'><strong>llonestorunt</strong></span> <span class='ocrx_word' id='word_1_406' title='bbox 2330 2810 2533 2866; x_wconf 81' lang='lat' dir='ltr'><strong>familia</strong></span> <span class='ocrx_word' id='word_1_407' title='bbox 2564 2822 2747 2867; x_wconf 90' lang='lat' dir='ltr'><strong>ortum</strong></span> <span class='ocrx_word' id='word_1_408' title='bbox 2780 2822 3009 2883; x_wconf 87' lang='lat' dir='ltr'><strong>putant;</strong></span> <span class='ocrx_word' id='word_1_409' title='bbox 3057 2829 3243 2868; x_wconf 91' lang='lat' dir='ltr'><strong>verum</strong></span> <span class='ocrx_word' id='word_1_410' title='bbox 3273 2814 3561 2876; x_wconf 85' lang='lat' dir='ltr'><strong>falluntur.</strong></span> 
     </span>
    </p>
   </div>
   <div class='ocr_carea' id='block_1_61' title="bbox 1937 2898 3564 2979">
    <p class='ocr_par' dir='ltr' id='par_1_61' title="bbox 1937 2898 3564 2979">
     <span class='ocr_line' id='line_1_61' title="bbox 1937 2898 3564 2979; baseline 0.001 -20"><span class='ocrx_word' id='word_1_411' title='bbox 1937 2923 2063 2961; x_wconf 90' lang='lat' dir='ltr'><strong>cum</strong></span> <span class='ocrx_word' id='word_1_412' title='bbox 2100 2907 2150 2962; x_wconf 89' lang='lat' dir='ltr'><strong>id</strong></span> <span class='ocrx_word' id='word_1_413' title='bbox 2179 2906 2345 2963; x_wconf 79' lang='lat' dir='ltr'><strong>Petro</strong></span> <span class='ocrx_word' id='word_1_414' title='bbox 2374 2910 2652 2978; x_wconf 88' lang='lat' dir='ltr'><strong>peccatori</strong></span> <span class='ocrx_word' id='word_1_415' title='bbox 2692 2898 3017 2972; x_wconf 82' lang='lat' dir='ltr'><strong>conveniat;</strong></span> <span class='ocrx_word' id='word_1_416' title='bbox 3054 2907 3343 2979; x_wconf 79' lang='lat' dir='ltr'><strong>diligenter</strong></span> <span class='ocrx_word' id='word_1_417' title='bbox 3373 2909 3564 2961; x_wconf 90' lang='lat' dir='ltr'><strong>omni-</strong></span> 
     </span>
    </p>
   </div>
   <div class='ocr_carea' id='block_1_62' title="bbox 1939 2997 3559 3067">
    <p class='ocr_par' dir='ltr' id='par_1_62' title="bbox 1939 2997 3559 3067">
     <span class='ocr_line' id='line_1_62' title="bbox 1939 2997 3559 3067; baseline 0.001 -16"><span class='ocrx_word' id='word_1_418' title='bbox 1939 2998 2042 3052; x_wconf 90' lang='lat' dir='ltr'><strong>bus</strong></span> <span class='ocrx_word' id='word_1_419' title='bbox 2068 2997 2354 3052; x_wconf 91' lang='lat' dir='ltr'><strong>charitatis</strong></span> <span class='ocrx_word' id='word_1_420' title='bbox 2383 2998 2575 3054; x_wconf 84' lang='lat' dir='ltr'><strong>oﬂiciis</strong></span> <span class='ocrx_word' id='word_1_421' title='bbox 2623 3015 2652 3053; x_wconf 90' lang='lat' dir='ltr'><strong>a</strong></span> <span class='ocrx_word' id='word_1_422' title='bbox 2683 2998 2951 3056; x_wconf 84' lang='lat' dir='ltr'><strong>Damiano</strong></span> <span class='ocrx_word' id='word_1_423' title='bbox 2984 3000 3152 3055; x_wconf 71' lang='lat' dir='ltr'><strong>fratre</strong></span> <span class='ocrx_word' id='word_1_424' title='bbox 3184 3009 3313 3054; x_wconf 90' lang='lat' dir='ltr'><strong>natu</strong></span> <span class='ocrx_word' id='word_1_425' title='bbox 3349 2998 3559 3067; x_wconf 80' lang='lat' dir='ltr'><strong>majore</strong></span> 
     </span>
    </p>
   </div>
   <div class='ocr_carea' id='block_1_63' title="bbox 1940 3088 3560 3151">
    <p class='ocr_par' dir='ltr' id='par_1_63' title="bbox 1940 3088 3560 3151">
     <span class='ocr_line' id='line_1_63' title="bbox 1940 3088 3560 3151; baseline -0.001 -9"><span class='ocrx_word' id='word_1_426' title='bbox 1940 3090 2021 3143; x_wconf 86' lang='lat' dir='ltr'><strong>sic</strong></span> <span class='ocrx_word' id='word_1_427' title='bbox 2062 3088 2302 3143; x_wconf 88' lang='lat' dir='ltr'><strong>nutritus</strong></span> <span class='ocrx_word' id='word_1_428' title='bbox 2334 3104 2401 3143; x_wconf 91' lang='lat' dir='ltr'><strong>ac</strong></span> <span class='ocrx_word' id='word_1_429' title='bbox 2432 3088 2591 3145; x_wconf 90' lang='lat' dir='ltr'><strong>bonis</strong></span> <span class='ocrx_word' id='word_1_430' title='bbox 2634 3089 2835 3145; x_wconf 89' lang='lat' dir='ltr'><strong>litteris</strong></span> <span class='ocrx_word' id='word_1_431' title='bbox 2883 3090 3129 3145; x_wconf 90' lang='lat' dir='ltr'><strong>imbutus</strong></span> <span class='ocrx_word' id='word_1_432' title='bbox 3160 3098 3263 3151; x_wconf 87' lang='lat' dir='ltr'><strong>est,</strong></span> <span class='ocrx_word' id='word_1_433' title='bbox 3300 3099 3359 3144; x_wconf 90' lang='lat' dir='ltr'><strong>ut</strong></span> <span class='ocrx_word' id='word_1_434' title='bbox 3391 3090 3459 3143; x_wconf 86' lang='lat' dir='ltr'><strong>ab</strong></span> <span class='ocrx_word' id='word_1_435' title='bbox 3489 3104 3560 3141; x_wconf 87' lang='lat' dir='ltr'><strong>eo</strong></span> 
     </span>
    </p>
   </div>
   <div class='ocr_carea' id='block_1_64' title="bbox 234 3166 3561 3254">
    <p class='ocr_par' dir='ltr' id='par_1_64' title="bbox 234 3166 3561 3254">
     <span class='ocr_line' id='line_1_64' title="bbox 234 3166 3561 3254; baseline -0.001 -18"><span class='ocrx_word' id='word_1_436' title='bbox 234 3193 439 3238; x_wconf 88' lang='lat' dir='ltr'><strong>rentur.</strong></span> <span class='ocrx_word' id='word_1_437' title='bbox 496 3183 591 3239; x_wconf 82' lang='lat' dir='ltr'><strong>His</strong></span> <span class='ocrx_word' id='word_1_438' title='bbox 621 3182 827 3239; x_wconf 87' lang='lat' dir='ltr'><strong>fractus</strong></span> <span class='ocrx_word' id='word_1_439' title='bbox 859 3183 1165 3238; x_wconf 64' lang='lat' dir='ltr'><strong>rationibus</strong></span> <span class='ocrx_word' id='word_1_440' title='bbox 1194 3185 1371 3254; x_wconf 85' lang='lat' dir='ltr'><strong>potius</strong></span> <span class='ocrx_word' id='word_1_441' title='bbox 1402 3200 1566 3254; x_wconf 90' lang='lat' dir='ltr'><strong>quam</strong></span> <span class='ocrx_word' id='word_1_442' title='bbox 1600 3183 1832 3240; x_wconf 73' lang='lat' dir='ltr'><strong>inﬂexus</strong></span> <span class='ocrx_word' id='word_1_443' title='bbox 1861 3166 1906 3224; x_wconf 64' lang='grc' dir='ltr'><strong>(ἶ</strong></span> <span class='ocrx_word' id='word_1_444' title='bbox 1939 3178 2042 3234; x_wconf 83' lang='lat' dir='ltr'><strong>sibi</strong></span> <span class='ocrx_word' id='word_1_445' title='bbox 2076 3189 2497 3249; x_wconf 80' lang='lat' dir='ltr'><strong>cognomentum</strong></span> <span class='ocrx_word' id='word_1_446' title='bbox 2528 3180 2853 3249; x_wconf 79' lang='lat' dir='ltr'><strong>ascripserit</strong></span> <span class='ocrx_word' id='word_1_447' title='bbox 2903 3180 3199 3249; x_wconf 83' lang='lat' dir='ltr'><strong>vocarique</strong></span> <span class='ocrx_word' id='word_1_448' title='bbox 3231 3180 3467 3234; x_wconf 88' lang='lat' dir='ltr'><strong>voluerit</strong></span> <span class='ocrx_word' id='word_1_449' title='bbox 3503 3192 3561 3233; x_wconf 82' lang='lat' dir='ltr'><strong>et</strong></span> 
     </span>
    </p>
   </div>
   <div class='ocr_carea' id='block_1_65' title="bbox 236 3274 1829 3345">
    <p class='ocr_par' dir='ltr' id='par_1_65' title="bbox 236 3274 1829 3345">
     <span class='ocr_line' id='line_1_65' title="bbox 236 3274 1829 3345; baseline 0.004 -20"><span class='ocrx_word' id='word_1_450' title='bbox 236 3274 520 3341; x_wconf 88' lang='lat' dir='ltr'><strong>llenricus,</strong></span> <span class='ocrx_word' id='word_1_451' title='bbox 547 3290 607 3329; x_wconf 90' lang='lat' dir='ltr'><strong>se</strong></span> <span class='ocrx_word' id='word_1_452' title='bbox 640 3275 691 3329; x_wconf 92' lang='lat' dir='ltr'><strong>in</strong></span> <span class='ocrx_word' id='word_1_453' title='bbox 720 3274 1003 3345; x_wconf 80' lang='lat' dir='ltr'><strong>pontificis</strong></span> <span class='ocrx_word' id='word_1_454' title='bbox 1036 3276 1367 3330; x_wconf 88' lang='lat' dir='ltr'><strong>auctoritate</strong></span> <span class='ocrx_word' id='word_1_455' title='bbox 1408 3274 1654 3331; x_wconf 75' lang='lat' dir='ltr'><strong>futurum</strong></span> <span class='ocrx_word' id='word_1_456' title='bbox 1685 3276 1829 3331; x_wconf 84' lang='lat' dir='ltr'><strong>aﬂlr-</strong></span> 
     </span>
    </p>
   </div>
   <div class='ocr_carea' id='block_1_66' title="bbox 235 3367 1833 3437">
    <p class='ocr_par' dir='ltr' id='par_1_66' title="bbox 235 3367 1833 3437">
     <span class='ocr_line' id='line_1_66' title="bbox 235 3367 1833 3437; baseline 0.003 -18"><span class='ocrx_word' id='word_1_457' title='bbox 235 3369 413 3429; x_wconf 84' lang='lat' dir='ltr'><strong>mavit,</strong></span> <span class='ocrx_word' id='word_1_458' title='bbox 447 3377 615 3437; x_wconf 90' lang='lat' dir='ltr'><strong>atque</strong></span> <span class='ocrx_word' id='word_1_459' title='bbox 660 3368 800 3422; x_wconf 92' lang='lat' dir='ltr'><strong>bunc</strong></span> <span class='ocrx_word' id='word_1_460' title='bbox 848 3369 1040 3423; x_wconf 89' lang='lat' dir='ltr'><strong>habuit</strong></span> <span class='ocrx_word' id='word_1_461' title='bbox 1084 3369 1289 3423; x_wconf 81' lang='lat' dir='ltr'><strong>exitum</strong></span> <span class='ocrx_word' id='word_1_462' title='bbox 1332 3367 1659 3424; x_wconf 84' lang='lat' dir='ltr'><strong>Germanica</strong></span> <span class='ocrx_word' id='word_1_463' title='bbox 1685 3368 1833 3424; x_wconf 87' lang='lat' dir='ltr'><strong>Petri</strong></span> 
     </span>
    </p>
   </div>
   <div class='ocr_carea' id='block_1_67' title="bbox 236 3460 733 3532">
    <p class='ocr_par' dir='ltr' id='par_1_67' title="bbox 236 3460 733 3532">
     <span class='ocr_line' id='line_1_67' title="bbox 236 3460 733 3532; baseline 0.004 -19"><span class='ocrx_word' id='word_1_464' title='bbox 236 3460 473 3515; x_wconf 82' lang='lat' dir='ltr'><strong>Dautiaui</strong></span> <span class='ocrx_word' id='word_1_465' title='bbox 512 3462 733 3532; x_wconf 83' lang='lat' dir='ltr'><strong>legatio.</strong></span> 
     </span>
    </p>
   </div>
   <div class='ocr_carea' id='block_1_68' title="bbox 296 3551 1835 3624">
    <p class='ocr_par' dir='ltr' id='par_1_68' title="bbox 296 3551 1835 3624">
     <span class='ocr_line' id='line_1_68' title="bbox 296 3551 1835 3624; baseline 0.001 -20"><span class='ocrx_word' id='word_1_466' title='bbox 296 3551 373 3605; x_wconf 77' lang='lat' dir='ltr'><strong>Eo</strong></span> <span class='ocrx_word' id='word_1_467' title='bbox 402 3567 537 3606; x_wconf 88' lang='lat' dir='ltr'><strong>vero</strong></span> <span class='ocrx_word' id='word_1_468' title='bbox 568 3568 709 3605; x_wconf 88' lang='lat' dir='ltr'><strong>anno</strong></span> <span class='ocrx_word' id='word_1_469' title='bbox 736 3551 920 3624; x_wconf 87' lang='lat' dir='ltr'><strong>(l080)</strong></span> <span class='ocrx_word' id='word_1_470' title='bbox 952 3552 1043 3624; x_wconf 83' lang='lat' dir='ltr'><strong>qui</strong></span> <span class='ocrx_word' id='word_1_471' title='bbox 1086 3551 1374 3609; x_wconf 90' lang='lat' dir='ltr'><strong>insecutus</strong></span> <span class='ocrx_word' id='word_1_472' title='bbox 1422 3566 1527 3619; x_wconf 89' lang='lat' dir='ltr'><strong>est,</strong></span> <span class='ocrx_word' id='word_1_473' title='bbox 1555 3570 1677 3607; x_wconf 91' lang='lat' dir='ltr'><strong>cum</strong></span> <span class='ocrx_word' id='word_1_474' title='bbox 1700 3554 1835 3609; x_wconf 79' lang='lat' dir='ltr'><strong>Gre-</strong></span> 
     </span>
    </p>
   </div>
   <div class='ocr_carea' id='block_1_69' title="bbox 234 3642 1833 3714">
    <p class='ocr_par' dir='ltr' id='par_1_69' title="bbox 234 3642 1833 3714">
     <span class='ocr_line' id='line_1_69' title="bbox 234 3642 1833 3714; baseline 0.007 -25"><span class='ocrx_word' id='word_1_475' title='bbox 234 3644 409 3710; x_wconf 69' lang='lat' dir='ltr'><strong>gorius</strong></span> <span class='ocrx_word' id='word_1_476' title='bbox 436 3642 525 3696; x_wconf 71' lang='grc' dir='ltr'><strong>νει</strong></span> <span class='ocrx_word' id='word_1_477' title='bbox 551 3659 686 3712; x_wconf 83' lang='lat' dir='ltr'><strong>papa</strong></span> <span class='ocrx_word' id='word_1_478' title='bbox 716 3642 1021 3698; x_wconf 83' lang='lat' dir='ltr'><strong>Wibertuut</strong></span> <span class='ocrx_word' id='word_1_479' title='bbox 1061 3645 1537 3714; x_wconf 86' lang='lat' dir='ltr'><strong>archiepiscopum</strong></span> <span class='ocrx_word' id='word_1_480' title='bbox 1571 3645 1833 3703; x_wconf 80' lang='lat' dir='ltr'><strong>Ravenna</strong></span> 
     </span>
    </p>
   </div>
   <div class='ocr_carea' id='block_1_70' title="bbox 231 3734 1837 3801">
    <p class='ocr_par' dir='ltr' id='par_1_70' title="bbox 231 3734 1837 3801">
     <span class='ocr_line' id='line_1_70' title="bbox 231 3734 1837 3801; baseline 0.004 -16"><span class='ocrx_word' id='word_1_481' title='bbox 231 3734 531 3801; x_wconf 84' lang='lat' dir='ltr'><strong>profectum</strong></span> <span class='ocrx_word' id='word_1_482' title='bbox 580 3736 863 3800; x_wconf 77' lang='lat' dir='ltr'><strong>audisset,</strong></span> <span class='ocrx_word' id='word_1_483' title='bbox 903 3735 1121 3791; x_wconf 87' lang='lat' dir='ltr'><strong>Petrum</strong></span> <span class='ocrx_word' id='word_1_484' title='bbox 1168 3737 1439 3801; x_wconf 82' lang='lat' dir='ltr'><strong>Damiani,</strong></span> <span class='ocrx_word' id='word_1_485' title='bbox 1508 3737 1631 3793; x_wconf 82' lang='lat' dir='ltr'><strong>licet</strong></span> <span class='ocrx_word' id='word_1_486' title='bbox 1675 3750 1837 3794; x_wconf 73' lang='lat' dir='ltr'><strong>aetate</strong></span> 
     </span>
    </p>
   </div>
   <div class='ocr_carea' id='block_1_71' title="bbox 234 3825 1834 3900">
    <p class='ocr_par' dir='ltr' id='par_1_71' title="bbox 234 3825 1834 3900">
     <span class='ocr_line' id='line_1_71' title="bbox 234 3825 1834 3900; baseline 0.006 -22"><span class='ocrx_word' id='word_1_487' title='bbox 234 3825 563 3890; x_wconf 88' lang='lat' dir='ltr'><strong>confectum,</strong></span> <span class='ocrx_word' id='word_1_488' title='bbox 597 3826 913 3882; x_wconf 83' lang='lat' dir='ltr'><strong>Ravennam</strong></span> <span class='ocrx_word' id='word_1_489' title='bbox 959 3828 1197 3900; x_wconf 85' lang='lat' dir='ltr'><strong>legatum</strong></span> <span class='ocrx_word' id='word_1_490' title='bbox 1236 3830 1402 3883; x_wconf 77' lang='lat' dir='ltr'><strong>misit.</strong></span> <span class='ocrx_word' id='word_1_491' title='bbox 1439 3828 1724 3886; x_wconf 65' lang='lat' dir='ltr'><strong>PfOfeCllh</strong></span> <span class='ocrx_word' id='word_1_492' title='bbox 1751 3843 1834 3888; x_wconf 83' lang='lat' dir='ltr'><strong>est</strong></span> 
     </span>
    </p>
   </div>
   <div class='ocr_carea' id='block_1_72' title="bbox 236 3919 1835 3989">
    <p class='ocr_par' dir='ltr' id='par_1_72' title="bbox 236 3919 1835 3989">
     <span class='ocr_line' id='line_1_72' title="bbox 236 3919 1835 3989; baseline 0.004 -18"><span class='ocrx_word' id='word_1_493' title='bbox 236 3934 422 3989; x_wconf 74' lang='lat' dir='ltr'><strong>magna</strong></span> <span class='ocrx_word' id='word_1_494' title='bbox 464 3921 743 3975; x_wconf 87' lang='lat' dir='ltr'><strong>voluntate</strong></span> <span class='ocrx_word' id='word_1_495' title='bbox 772 3919 989 3984; x_wconf 88' lang='lat' dir='ltr'><strong>Petrus,</strong></span> <span class='ocrx_word' id='word_1_496' title='bbox 1023 3932 1135 3974; x_wconf 89' lang='lat' dir='ltr'><strong>tum</strong></span> <span class='ocrx_word' id='word_1_497' title='bbox 1174 3921 1365 3989; x_wconf 70' lang='lat' dir='ltr'><strong>patria:</strong></span> <span class='ocrx_word' id='word_1_498' title='bbox 1412 3922 1679 3977; x_wconf 86' lang='lat' dir='ltr'><strong>cbaritate</strong></span> <span class='ocrx_word' id='word_1_499' title='bbox 1730 3925 1835 3977; x_wconf 90' lang='lat' dir='ltr'><strong>int-</strong></span> 
     </span>
    </p>
   </div>
   <div class='ocr_carea' id='block_1_73' title="bbox 237 4011 1834 4085">
    <p class='ocr_par' dir='ltr' id='par_1_73' title="bbox 237 4011 1834 4085">
     <span class='ocr_line' id='line_1_73' title="bbox 237 4011 1834 4085; baseline 0.004 -24"><span class='ocrx_word' id='word_1_500' title='bbox 237 4011 436 4077; x_wconf 82' lang='lat' dir='ltr'><strong>pulsns,</strong></span> <span class='ocrx_word' id='word_1_501' title='bbox 477 4022 590 4066; x_wconf 87' lang='lat' dir='ltr'><strong>tmtt</strong></span> <span class='ocrx_word' id='word_1_502' title='bbox 631 4012 912 4083; x_wconf 86' lang='lat' dir='ltr'><strong>religionis</strong></span> <span class='ocrx_word' id='word_1_503' title='bbox 952 4014 1159 4077; x_wconf 86' lang='lat' dir='ltr'><strong>studio,</strong></span> <span class='ocrx_word' id='word_1_504' title='bbox 1188 4029 1297 4083; x_wconf 91' lang='lat' dir='ltr'><strong>quo</strong></span> <span class='ocrx_word' id='word_1_505' title='bbox 1329 4028 1545 4083; x_wconf 89' lang='lat' dir='ltr'><strong>semper</strong></span> <span class='ocrx_word' id='word_1_506' title='bbox 1570 4014 1834 4085; x_wconf 66' lang='lat' dir='ltr'><strong>ﬂagrave-</strong></span> 
     </span>
    </p>
   </div>
   <div class='ocr_carea' id='block_1_74' title="bbox 237 4103 1835 4161">
    <p class='ocr_par' dir='ltr' id='par_1_74' title="bbox 237 4103 1835 4161">
     <span class='ocr_line' id='line_1_74' title="bbox 237 4103 1835 4161; baseline 0.003 -7"><span class='ocrx_word' id='word_1_507' title='bbox 237 4112 313 4155; x_wconf 85' lang='lat' dir='ltr'><strong>rat</strong></span> <span class='ocrx_word' id='word_1_508' title='bbox 354 4104 554 4157; x_wconf 87' lang='lat' dir='ltr'><strong>mirunt</strong></span> <span class='ocrx_word' id='word_1_509' title='bbox 602 4103 653 4157; x_wconf 91' lang='lat' dir='ltr'><strong>in</strong></span> <span class='ocrx_word' id='word_1_510' title='bbox 691 4103 909 4157; x_wconf 88' lang='lat' dir='ltr'><strong>modum</strong></span> <span class='ocrx_word' id='word_1_511' title='bbox 962 4104 1239 4158; x_wconf 88' lang='lat' dir='ltr'><strong>incensus.</strong></span> <span class='ocrx_word' id='word_1_512' title='bbox 1292 4105 1655 4160; x_wconf 82' lang='lat' dir='ltr'><strong>Accedenteut</strong></span> <span class='ocrx_word' id='word_1_513' title='bbox 1685 4108 1835 4161; x_wconf 80' lang='lat' dir='ltr'><strong>cives</strong></span> 
     </span>
    </p>
   </div>
   <div class='ocr_carea' id='block_1_75' title="bbox 238 4191 1849 4265">
    <p class='ocr_par' dir='ltr' id='par_1_75' title="bbox 238 4191 1849 4265">
     <span class='ocr_line' id='line_1_75' title="bbox 238 4191 1849 4265; baseline 0.004 -21"><span class='ocrx_word' id='word_1_514' title='bbox 238 4191 542 4248; x_wconf 80' lang='lat' dir='ltr'><strong>humaniter</strong></span> <span class='ocrx_word' id='word_1_515' title='bbox 568 4202 623 4247; x_wconf 92' lang='lat' dir='ltr'><strong>et</strong></span> <span class='ocrx_word' id='word_1_516' title='bbox 652 4208 861 4247; x_wconf 85' lang='lat' dir='ltr'><strong>summa</strong></span> <span class='ocrx_word' id='word_1_517' title='bbox 889 4195 1146 4249; x_wconf 89' lang='lat' dir='ltr'><strong>comitate</strong></span> <span class='ocrx_word' id='word_1_518' title='bbox 1179 4206 1517 4265; x_wconf 77' lang='lat' dir='ltr'><strong>exceperunt</strong></span> <span class='ocrx_word' id='word_1_519' title='bbox 1543 4198 1849 4251; x_wconf 63' lang='lat' dir='ltr'><strong>omnibus-</strong></span> 
     </span>
    </p>
   </div>
   <div class='ocr_carea' id='block_1_76' title="bbox 232 4283 1833 4355">
    <p class='ocr_par' dir='ltr' id='par_1_76' title="bbox 232 4283 1833 4355">
     <span class='ocr_line' id='line_1_76' title="bbox 232 4283 1833 4355; baseline 0.008 -24"><span class='ocrx_word' id='word_1_520' title='bbox 232 4297 332 4349; x_wconf 80' lang='lat' dir='ltr'><strong>que</strong></span> <span class='ocrx_word' id='word_1_521' title='bbox 374 4283 569 4338; x_wconf 86' lang='lat' dir='ltr'><strong>oﬂiciis</strong></span> <span class='ocrx_word' id='word_1_522' title='bbox 618 4283 820 4337; x_wconf 87' lang='lat' dir='ltr'><strong>cultum</strong></span> <span class='ocrx_word' id='word_1_523' title='bbox 871 4285 1104 4355; x_wconf 82' lang='lat' dir='ltr'><strong>benigne</strong></span> <span class='ocrx_word' id='word_1_524' title='bbox 1151 4284 1439 4340; x_wconf 87' lang='lat' dir='ltr'><strong>audierunt</strong></span> <span class='ocrx_word' id='word_1_525' title='bbox 1488 4288 1554 4342; x_wconf 88' lang='lat' dir='ltr'><strong>de</strong></span> <span class='ocrx_word' id='word_1_526' title='bbox 1597 4286 1833 4344; x_wconf 80' lang='lat' dir='ltr'><strong>Wibcrti</strong></span> 
     </span>
    </p>
   </div>
   <div class='ocr_carea' id='block_1_77' title="bbox 240 4374 1837 4453">
    <p class='ocr_par' dir='ltr' id='par_1_77' title="bbox 240 4374 1837 4453">
     <span class='ocr_line' id='line_1_77' title="bbox 240 4374 1837 4453; baseline 0.008 -31"><span class='ocrx_word' id='word_1_527' title='bbox 240 4374 506 4443; x_wconf 83' lang='lat' dir='ltr'><strong>impietate</strong></span> <span class='ocrx_word' id='word_1_528' title='bbox 540 4375 926 4441; x_wconf 62' lang='lat' dir='ltr'><strong>disserentem,</strong></span> <span class='ocrx_word' id='word_1_529' title='bbox 953 4380 1044 4447; x_wconf 84' lang='lat' dir='ltr'><strong>qui</strong></span> <span class='ocrx_word' id='word_1_530' title='bbox 1090 4392 1349 4447; x_wconf 86' lang='lat' dir='ltr'><strong>perverso</strong></span> <span class='ocrx_word' id='word_1_531' title='bbox 1388 4378 1615 4447; x_wconf 87' lang='lat' dir='ltr'><strong>judicio,</strong></span> <span class='ocrx_word' id='word_1_532' title='bbox 1652 4382 1837 4453; x_wconf 82' lang='lat' dir='ltr'><strong>negle-</strong></span> 
     </span>
    </p>
   </div>
   <div class='ocr_carea' id='block_1_78' title="bbox 235 4471 1829 4544">
    <p class='ocr_par' dir='ltr' id='par_1_78' title="bbox 235 4471 1829 4544">
     <span class='ocr_line' id='line_1_78' title="bbox 235 4471 1829 4544; baseline 0.006 -25"><span class='ocrx_word' id='word_1_533' title='bbox 235 4477 419 4540; x_wconf 80' lang='lat' dir='ltr'><strong>rtaqtte</strong></span> <span class='ocrx_word' id='word_1_534' title='bbox 449 4471 737 4539; x_wconf 79' lang='lat' dir='ltr'><strong>religione,</strong></span> <span class='ocrx_word' id='word_1_535' title='bbox 770 4471 988 4528; x_wconf 78' lang='lat' dir='ltr'><strong>llenrici</strong></span> <span class='ocrx_word' id='word_1_536' title='bbox 1036 4484 1221 4544; x_wconf 87' lang='lat' dir='ltr'><strong>partes</strong></span> <span class='ocrx_word' id='word_1_537' title='bbox 1271 4484 1492 4530; x_wconf 90' lang='lat' dir='ltr'><strong>secutus</strong></span> <span class='ocrx_word' id='word_1_538' title='bbox 1530 4476 1829 4532; x_wconf 84' lang='lat' dir='ltr'><strong>videretur.</strong></span> 
     </span>
    </p>
   </div>
   <div class='ocr_carea' id='block_1_79' title="bbox 235 4558 1827 4635">
    <p class='ocr_par' dir='ltr' id='par_1_79' title="bbox 235 4558 1827 4635">
     <span class='ocr_line' id='line_1_79' title="bbox 235 4558 1827 4635; baseline 0.006 -24"><span class='ocrx_word' id='word_1_539' title='bbox 235 4558 408 4629; x_wconf 81' lang='lat' dir='ltr'><strong>Itaque</strong></span> <span class='ocrx_word' id='word_1_540' title='bbox 439 4561 649 4617; x_wconf 85' lang='lat' dir='ltr'><strong>hortari</strong></span> <span class='ocrx_word' id='word_1_541' title='bbox 692 4578 787 4618; x_wconf 85' lang='lat' dir='ltr'><strong>eos</strong></span> <span class='ocrx_word' id='word_1_542' title='bbox 823 4578 1175 4634; x_wconf 82' lang='lat' dir='ltr'><strong>magnopere,</strong></span> <span class='ocrx_word' id='word_1_543' title='bbox 1208 4575 1266 4619; x_wconf 92' lang='lat' dir='ltr'><strong>ut</strong></span> <span class='ocrx_word' id='word_1_544' title='bbox 1295 4566 1379 4635; x_wconf 87' lang='lat' dir='ltr'><strong>pie</strong></span> <span class='ocrx_word' id='word_1_545' title='bbox 1421 4565 1554 4620; x_wconf 90' lang='lat' dir='ltr'><strong>inita</strong></span> <span class='ocrx_word' id='word_1_546' title='bbox 1592 4569 1827 4622; x_wconf 87' lang='lat' dir='ltr'><strong>sanctis-</strong></span> 
     </span>
    </p>
   </div>
   <div class='ocr_carea' id='block_1_80' title="bbox 236 4652 1829 4727">
    <p class='ocr_par' dir='ltr' id='par_1_80' title="bbox 236 4652 1829 4727">
     <span class='ocr_line' id='line_1_80' title="bbox 236 4652 1829 4727; baseline 0.006 -22"><span class='ocrx_word' id='word_1_547' title='bbox 236 4652 345 4707; x_wconf 69' lang='lat' dir='ltr'><strong>simi</strong></span> <span class='ocrx_word' id='word_1_548' title='bbox 376 4652 656 4723; x_wconf 79' lang='lat' dir='ltr'><strong>pontiﬁcis</strong></span> <span class='ocrx_word' id='word_1_549' title='bbox 690 4655 917 4709; x_wconf 87' lang='lat' dir='ltr'><strong>consilia</strong></span> <span class='ocrx_word' id='word_1_550' title='bbox 960 4656 1324 4726; x_wconf 80' lang='lat' dir='ltr'><strong>susciperent,</strong></span> <span class='ocrx_word' id='word_1_551' title='bbox 1361 4666 1415 4711; x_wconf 85' lang='lat' dir='ltr'><strong>et</strong></span> <span class='ocrx_word' id='word_1_552' title='bbox 1444 4658 1609 4727; x_wconf 68' lang='lat' dir='ltr'><strong>justre</strong></span> <span class='ocrx_word' id='word_1_553' title='bbox 1648 4675 1829 4715; x_wconf 75' lang='lat' dir='ltr'><strong>causa:</strong></span> 
     </span>
    </p>
   </div>
   <div class='ocr_carea' id='block_1_81' title="bbox 236 4742 1827 4815">
    <p class='ocr_par' dir='ltr' id='par_1_81' title="bbox 236 4742 1827 4815">
     <span class='ocr_line' id='line_1_81' title="bbox 236 4742 1827 4815; baseline 0.006 -20"><span class='ocrx_word' id='word_1_554' title='bbox 236 4742 408 4799; x_wconf 79' lang='lat' dir='ltr'><strong>favere</strong></span> <span class='ocrx_word' id='word_1_555' title='bbox 435 4744 663 4807; x_wconf 79' lang='lat' dir='ltr'><strong>vellent,</strong></span> <span class='ocrx_word' id='word_1_556' title='bbox 694 4745 1029 4815; x_wconf 82' lang='lat' dir='ltr'><strong>salutariqne</strong></span> <span class='ocrx_word' id='word_1_557' title='bbox 1058 4748 1281 4801; x_wconf 88' lang='lat' dir='ltr'><strong>decreto</strong></span> <span class='ocrx_word' id='word_1_558' title='bbox 1315 4748 1381 4801; x_wconf 88' lang='lat' dir='ltr'><strong>ab</strong></span> <span class='ocrx_word' id='word_1_559' title='bbox 1403 4748 1637 4804; x_wconf 82' lang='lat' dir='ltr'><strong>Wilterti</strong></span> <span class='ocrx_word' id='word_1_560' title='bbox 1663 4751 1827 4805; x_wconf 82' lang='lat' dir='ltr'><strong>disci-</strong></span> 
     </span>
    </p>
   </div>
   <div class='ocr_carea' id='block_1_82' title="bbox 235 4832 1823 4905">
    <p class='ocr_par' dir='ltr' id='par_1_82' title="bbox 235 4832 1823 4905">
     <span class='ocr_line' id='line_1_82' title="bbox 235 4832 1823 4905; baseline 0.006 -20"><span class='ocrx_word' id='word_1_561' title='bbox 235 4832 369 4901; x_wconf 80' lang='lat' dir='ltr'><strong>plina</strong></span> <span class='ocrx_word' id='word_1_562' title='bbox 414 4835 538 4905; x_wconf 89' lang='lat' dir='ltr'><strong>pios</strong></span> <span class='ocrx_word' id='word_1_563' title='bbox 584 4834 858 4905; x_wconf 88' lang='lat' dir='ltr'><strong>fortesque</strong></span> <span class='ocrx_word' id='word_1_564' title='bbox 909 4837 1123 4893; x_wconf 85' lang='lat' dir='ltr'><strong>animos</strong></span> <span class='ocrx_word' id='word_1_565' title='bbox 1172 4848 1487 4895; x_wconf 87' lang='lat' dir='ltr'><strong>avocarent.</strong></span> <span class='ocrx_word' id='word_1_566' title='bbox 1520 4838 1615 4895; x_wconf 86' lang='lat' dir='ltr'><strong>His</strong></span> <span class='ocrx_word' id='word_1_567' title='bbox 1642 4840 1823 4904; x_wconf 49' lang='lat' dir='ltr'><strong>dictis,</strong></span> 
     </span>
    </p>
   </div>
   <div class='ocr_carea' id='block_1_83' title="bbox 235 4928 1826 5003">
    <p class='ocr_par' dir='ltr' id='par_1_83' title="bbox 235 4928 1826 5003">
     <span class='ocr_line' id='line_1_83' title="bbox 235 4928 1826 5003; baseline 0.004 -24"><span class='ocrx_word' id='word_1_568' title='bbox 235 4943 346 4981; x_wconf 83' lang='lat' dir='ltr'><strong>cum</strong></span> <span class='ocrx_word' id='word_1_569' title='bbox 374 4943 629 5000; x_wconf 85' lang='lat' dir='ltr'><strong>magnam</strong></span> <span class='ocrx_word' id='word_1_570' title='bbox 658 4928 898 4984; x_wconf 90' lang='lat' dir='ltr'><strong>ontnium</strong></span> <span class='ocrx_word' id='word_1_571' title='bbox 936 4930 1325 4988; x_wconf 87' lang='lat' dir='ltr'><strong>dentissionem</strong></span> <span class='ocrx_word' id='word_1_572' title='bbox 1378 4932 1703 4998; x_wconf 89' lang='lat' dir='ltr'><strong>intueretur,</strong></span> <span class='ocrx_word' id='word_1_573' title='bbox 1733 4950 1826 5003; x_wconf 85' lang='lat' dir='ltr'><strong>pn-</strong></span> 
     </span>
    </p>
   </div>
   <div class='ocr_carea' id='block_1_84' title="bbox 239 5018 1823 5095">
    <p class='ocr_par' dir='ltr' id='par_1_84' title="bbox 239 5018 1823 5095">
     <span class='ocr_line' id='line_1_84' title="bbox 239 5018 1823 5095; baseline 0.003 -24"><span class='ocrx_word' id='word_1_574' title='bbox 239 5018 406 5089; x_wconf 84' lang='lat' dir='ltr'><strong>pulum</strong></span> <span class='ocrx_word' id='word_1_575' title='bbox 435 5020 681 5075; x_wconf 86' lang='lat' dir='ltr'><strong>damnati</strong></span> <span class='ocrx_word' id='word_1_576' title='bbox 720 5020 1115 5091; x_wconf 85' lang='lat' dir='ltr'><strong>archiepiscopi</strong></span> <span class='ocrx_word' id='word_1_577' title='bbox 1150 5023 1478 5094; x_wconf 82' lang='lat' dir='ltr'><strong>contagione</strong></span> <span class='ocrx_word' id='word_1_578' title='bbox 1502 5033 1823 5095; x_wconf 88' lang='lat' dir='ltr'><strong>corruptum</strong></span> 
     </span>
    </p>
   </div>
   <div class='ocr_carea' id='block_1_85' title="bbox 240 5108 1829 5185">
    <p class='ocr_par' dir='ltr' id='par_1_85' title="bbox 240 5108 1829 5185">
     <span class='ocr_line' id='line_1_85' title="bbox 240 5108 1829 5185; baseline 0.005 -25"><span class='ocrx_word' id='word_1_579' title='bbox 240 5108 287 5160; x_wconf 90' lang='lat' dir='ltr'><strong>in</strong></span> <span class='ocrx_word' id='word_1_580' title='bbox 320 5111 549 5182; x_wconf 85' lang='lat' dir='ltr'><strong>gratiam</strong></span> <span class='ocrx_word' id='word_1_581' title='bbox 582 5111 838 5167; x_wconf 66' lang='lat' dir='ltr'><strong>Ecclesia:</strong></span> <span class='ocrx_word' id='word_1_582' title='bbox 886 5115 1124 5185; x_wconf 83' lang='lat' dir='ltr'><strong>recepit,</strong></span> <span class='ocrx_word' id='word_1_583' title='bbox 1170 5130 1233 5169; x_wconf 89' lang='lat' dir='ltr'><strong>ac</strong></span> <span class='ocrx_word' id='word_1_584' title='bbox 1281 5124 1569 5172; x_wconf 82' lang='lat' dir='ltr'><strong>contracto</strong></span> <span class='ocrx_word' id='word_1_585' title='bbox 1611 5117 1829 5185; x_wconf 84' lang='lat' dir='ltr'><strong>piaculo</strong></span> 
     </span>
    </p>
   </div>
   <div class='ocr_carea' id='block_1_86' title="bbox 238 5201 1168 5273">
    <p class='ocr_par' dir='ltr' id='par_1_86' title="bbox 238 5201 1168 5273">
     <span class='ocr_line' id='line_1_86' title="bbox 238 5201 1168 5273; baseline 0.01 -23"><span class='ocrx_word' id='word_1_586' title='bbox 238 5204 551 5259; x_wconf 79' lang='lat' dir='ltr'><strong>auctoritate</strong></span> <span class='ocrx_word' id='word_1_587' title='bbox 583 5201 859 5273; x_wconf 83' lang='lat' dir='ltr'><strong>poutiiicia</strong></span> <span class='ocrx_word' id='word_1_588' title='bbox 898 5203 1168 5260; x_wconf 87' lang='lat' dir='ltr'><strong>liberavit.</strong></span> 
     </span>
    </p>
   </div>
   <div class='ocr_carea' id='block_1_87' title="bbox 301 5292 1827 5370">
    <p class='ocr_par' dir='ltr' id='par_1_87' title="bbox 301 5292 1827 5370">
     <span class='ocr_line' id='line_1_87' title="bbox 301 5292 1827 5370; baseline 0.006 -23"><span class='ocrx_word' id='word_1_589' title='bbox 301 5292 553 5351; x_wconf 79' lang='lat' dir='ltr'><strong>Ravenna</strong></span> <span class='ocrx_word' id='word_1_590' title='bbox 585 5297 801 5353; x_wconf 87' lang='lat' dir='ltr'><strong>tandem</strong></span> <span class='ocrx_word' id='word_1_591' title='bbox 826 5298 1109 5356; x_wconf 87' lang='lat' dir='ltr'><strong>discedens</strong></span> <span class='ocrx_word' id='word_1_592' title='bbox 1130 5302 1196 5355; x_wconf 90' lang='lat' dir='ltr'><strong>ad</strong></span> <span class='ocrx_word' id='word_1_593' title='bbox 1221 5300 1532 5370; x_wconf 86' lang='lat' dir='ltr'><strong>pontificem</strong></span> <span class='ocrx_word' id='word_1_594' title='bbox 1560 5302 1827 5365; x_wconf 83' lang='lat' dir='ltr'><strong>aditurus,</strong></span> 
     </span>
    </p>
   </div>
   <div class='ocr_carea' id='block_1_88' title="bbox 243 5387 1824 5467">
    <p class='ocr_par' dir='ltr' id='par_1_88' title="bbox 243 5387 1824 5467">
     <span class='ocr_line' id='line_1_88' title="bbox 243 5387 1824 5467; baseline 0.009 -30"><span class='ocrx_word' id='word_1_595' title='bbox 243 5401 302 5441; x_wconf 87' lang='lat' dir='ltr'><strong>ne</strong></span> <span class='ocrx_word' id='word_1_596' title='bbox 327 5387 425 5444; x_wconf 89' lang='lat' dir='ltr'><strong>iter</strong></span> <span class='ocrx_word' id='word_1_597' title='bbox 450 5400 603 5445; x_wconf 81' lang='lat' dir='ltr'><strong>esset</strong></span> <span class='ocrx_word' id='word_1_598' title='bbox 632 5391 855 5447; x_wconf 90' lang='lat' dir='ltr'><strong>omnino</strong></span> <span class='ocrx_word' id='word_1_599' title='bbox 886 5392 1064 5457; x_wconf 89' lang='lat' dir='ltr'><strong>inane,</strong></span> <span class='ocrx_word' id='word_1_600' title='bbox 1098 5395 1398 5450; x_wconf 87' lang='lat' dir='ltr'><strong>monachos</strong></span> <span class='ocrx_word' id='word_1_601' title='bbox 1446 5395 1654 5459; x_wconf 88' lang='lat' dir='ltr'><strong>invisit,</strong></span> <span class='ocrx_word' id='word_1_602' title='bbox 1685 5413 1824 5467; x_wconf 87' lang='lat' dir='ltr'><strong>quos</strong></span> 
     </span>
    </p>
   </div>
   <div class='ocr_carea' id='block_1_89' title="bbox 243 5474 1827 5557">
    <p class='ocr_par' dir='ltr' id='par_1_89' title="bbox 243 5474 1827 5557">
     <span class='ocr_line' id='line_1_89' title="bbox 243 5474 1827 5557; baseline 0.009 -28"><span class='ocrx_word' id='word_1_603' title='bbox 243 5474 499 5535; x_wconf 78' lang='lat' dir='ltr'><strong>Faventia:</strong></span> <span class='ocrx_word' id='word_1_604' title='bbox 543 5484 907 5538; x_wconf 85' lang='lat' dir='ltr'><strong>constituerat</strong></span> <span class='ocrx_word' id='word_1_605' title='bbox 953 5497 1109 5539; x_wconf 81' lang='lat' dir='ltr'><strong>extra</strong></span> <span class='ocrx_word' id='word_1_606' title='bbox 1159 5486 1310 5541; x_wconf 86' lang='lat' dir='ltr'><strong>urbis</strong></span> <span class='ocrx_word' id='word_1_607' title='bbox 1359 5495 1573 5557; x_wconf 90' lang='lat' dir='ltr'><strong>portam</strong></span> <span class='ocrx_word' id='word_1_608' title='bbox 1626 5488 1679 5541; x_wconf 92' lang='lat' dir='ltr'><strong>in</strong></span> <span class='ocrx_word' id='word_1_609' title='bbox 1710 5491 1827 5544; x_wconf 64' lang='lat' dir='ltr'><strong>tl!th</strong></span> 
     </span>
    </p>
   </div>
   <div class='ocr_carea' id='block_1_90' title="bbox 243 5566 1823 5643">
    <p class='ocr_par' dir='ltr' id='par_1_90' title="bbox 243 5566 1823 5643">
     <span class='ocr_line' id='line_1_90' title="bbox 243 5566 1823 5643; baseline 0.008 -22"><span class='ocrx_word' id='word_1_610' title='bbox 243 5566 366 5625; x_wconf 75' lang='lat' dir='ltr'><strong>diva.-</strong></span> <span class='ocrx_word' id='word_1_611' title='bbox 408 5572 630 5639; x_wconf 63' lang='grc' dir='ltr'><strong>Μαι-επ,</strong></span> <span class='ocrx_word' id='word_1_612' title='bbox 681 5590 845 5643; x_wconf 83' lang='lat' dir='ltr'><strong>quam</strong></span> <span class='ocrx_word' id='word_1_613' title='bbox 902 5591 1046 5632; x_wconf 90' lang='lat' dir='ltr'><strong>nunc</strong></span> <span class='ocrx_word' id='word_1_614' title='bbox 1101 5579 1242 5633; x_wconf 86' lang='lat' dir='ltr'><strong>intra</strong></span> <span class='ocrx_word' id='word_1_615' title='bbox 1295 5578 1485 5634; x_wconf 89' lang='lat' dir='ltr'><strong>urbem</strong></span> <span class='ocrx_word' id='word_1_616' title='bbox 1537 5580 1823 5637; x_wconf 88' lang='lat' dir='ltr'><strong>adductam</strong></span> 
     </span>
    </p>
   </div>
   <div class='ocr_carea' id='block_1_91' title="bbox 245 5665 1823 5744">
    <p class='ocr_par' dir='ltr' id='par_1_91' title="bbox 245 5665 1823 5744">
     <span class='ocr_line' id='line_1_91' title="bbox 245 5665 1823 5744; baseline 0.008 -30"><span class='ocrx_word' id='word_1_617' title='bbox 245 5665 609 5732; x_wconf 83' lang='lat' dir='ltr'><strong>con-picimns.</strong></span> <span class='ocrx_word' id='word_1_618' title='bbox 658 5665 735 5721; x_wconf 89' lang='lat' dir='ltr'><strong>lbi</strong></span> <span class='ocrx_word' id='word_1_619' title='bbox 768 5665 914 5723; x_wconf 74' lang='lat' dir='ltr'><strong>febre</strong></span> <span class='ocrx_word' id='word_1_620' title='bbox 964 5680 1267 5739; x_wconf 88' lang='lat' dir='ltr'><strong>correptus,</strong></span> <span class='ocrx_word' id='word_1_621' title='bbox 1302 5680 1497 5726; x_wconf 91' lang='lat' dir='ltr'><strong>octavo</strong></span> <span class='ocrx_word' id='word_1_622' title='bbox 1536 5683 1731 5744; x_wconf 75' lang='lat' dir='ltr'><strong>postqu</strong></span> <span class='ocrx_word' id='word_1_623' title='bbox 1775 5689 1823 5727; x_wconf 88' lang='lat' dir='ltr'><strong>nt</strong></span> 
     </span>
    </p>
   </div>
   <div class='ocr_carea' id='block_1_92' title="bbox 248 5761 1823 5835">
    <p class='ocr_par' dir='ltr' id='par_1_92' title="bbox 248 5761 1823 5835">
     <span class='ocr_line' id='line_1_92' title="bbox 248 5761 1823 5835; baseline 0.008 -26"><span class='ocrx_word' id='word_1_624' title='bbox 248 5768 489 5826; x_wconf 60' lang='lat' dir='ltr'><strong>a‘grotare</strong></span> <span class='ocrx_word' id='word_1_625' title='bbox 519 5772 765 5831; x_wconf 68' lang='lat' dir='ltr'><strong>crepent</strong></span> <span class='ocrx_word' id='word_1_626' title='bbox 792 5761 878 5816; x_wconf 92' lang='lat' dir='ltr'><strong>die</strong></span> <span class='ocrx_word' id='word_1_627' title='bbox 905 5778 969 5818; x_wconf 74' lang='lat' dir='ltr'><strong>ex</strong></span> <span class='ocrx_word' id='word_1_628' title='bbox 1001 5764 1100 5817; x_wconf 86' lang='lat' dir='ltr'><strong>hac</strong></span> <span class='ocrx_word' id='word_1_629' title='bbox 1129 5766 1238 5818; x_wconf 87' lang='lat' dir='ltr'><strong>vita</strong></span> <span class='ocrx_word' id='word_1_630' title='bbox 1271 5765 1525 5835; x_wconf 77' lang='lat' dir='ltr'><strong>migravit</strong></span> <span class='ocrx_word' id='word_1_631' title='bbox 1551 5782 1614 5820; x_wconf 87' lang='lat' dir='ltr'><strong>ea</strong></span> <span class='ocrx_word' id='word_1_632' title='bbox 1646 5779 1823 5833; x_wconf 79' lang='lat' dir='ltr'><strong>nocte,</strong></span> 
     </span>
    </p>
   </div>
   <div class='ocr_carea' id='block_1_93' title="bbox 1941 3270 3558 3344">
    <p class='ocr_par' dir='ltr' id='par_1_93' title="bbox 1941 3270 3558 3344">
     <span class='ocr_line' id='line_1_93' title="bbox 1941 3270 3558 3344; baseline -0.001 -18"><span class='ocrx_word' id='word_1_633' title='bbox 1941 3271 2106 3327; x_wconf 86' lang='lat' dir='ltr'><strong>scribi</strong></span> <span class='ocrx_word' id='word_1_634' title='bbox 2135 3270 2332 3326; x_wconf 83' lang='lat' dir='ltr'><strong>Petrus</strong></span> <span class='ocrx_word' id='word_1_635' title='bbox 2360 3270 2632 3342; x_wconf 73' lang='lat' dir='ltr'><strong>Damiani,</strong></span> <span class='ocrx_word' id='word_1_636' title='bbox 2683 3272 2833 3342; x_wconf 82' lang='lat' dir='ltr'><strong>quod</strong></span> <span class='ocrx_word' id='word_1_637' title='bbox 2884 3273 3182 3344; x_wconf 73' lang='lat' dir='ltr'><strong>contigisse</strong></span> <span class='ocrx_word' id='word_1_638' title='bbox 3234 3274 3286 3325; x_wconf 93' lang='lat' dir='ltr'><strong>in</strong></span> <span class='ocrx_word' id='word_1_639' title='bbox 3317 3272 3558 3327; x_wconf 82' lang='lat' dir='ltr'><strong>Eusebio</strong></span> 
     </span>
    </p>
   </div>
   <div class='ocr_carea' id='block_1_94' title="bbox 1938 3360 3557 3435">
    <p class='ocr_par' dir='ltr' id='par_1_94' title="bbox 1938 3360 3557 3435">
     <span class='ocr_line' id='line_1_94' title="bbox 1938 3360 3557 3435; baseline 0.001 -18"><span class='ocrx_word' id='word_1_640' title='bbox 1938 3360 2260 3417; x_wconf 69' lang='lat' dir='ltr'><strong>Caesariensi</strong></span> <span class='ocrx_word' id='word_1_641' title='bbox 2314 3360 2567 3435; x_wconf 86' lang='lat' dir='ltr'><strong>legimus,</strong></span> <span class='ocrx_word' id='word_1_642' title='bbox 2616 3364 2708 3432; x_wconf 90' lang='lat' dir='ltr'><strong>qui</strong></span> <span class='ocrx_word' id='word_1_643' title='bbox 2762 3378 2790 3415; x_wconf 90' lang='lat' dir='ltr'><strong>a</strong></span> <span class='ocrx_word' id='word_1_644' title='bbox 2829 3362 3116 3433; x_wconf 78' lang='lat' dir='ltr'><strong>Pamphilo</strong></span> <span class='ocrx_word' id='word_1_645' title='bbox 3165 3364 3344 3419; x_wconf 80' lang='lat' dir='ltr'><strong>amico</strong></span> <span class='ocrx_word' id='word_1_646' title='bbox 3379 3365 3557 3419; x_wconf 79' lang='lat' dir='ltr'><strong>Euse-</strong></span> 
     </span>
    </p>
   </div>
   <div class='ocr_carea' id='block_1_95' title="bbox 1939 3436 3557 3523">
    <p class='ocr_par' dir='ltr' id='par_1_95' title="bbox 1939 3436 3557 3523">
     <span class='ocr_line' id='line_1_95' title="bbox 1939 3436 3557 3523; baseline 0.001 -16"><span class='ocrx_word' id='word_1_647' title='bbox 1939 3453 2065 3508; x_wconf 87' lang='lat' dir='ltr'><strong>bius</strong></span> <span class='ocrx_word' id='word_1_648' title='bbox 2114 3436 2382 3523; x_wconf 78' lang='lat' dir='ltr'><strong>Pamphili</strong></span> <span class='ocrx_word' id='word_1_649' title='bbox 2435 3465 2490 3507; x_wconf 77' lang='lat' dir='ltr'><strong>et</strong></span> <span class='ocrx_word' id='word_1_650' title='bbox 2536 3456 2719 3507; x_wconf 84' lang='lat' dir='ltr'><strong>vocari</strong></span> <span class='ocrx_word' id='word_1_651' title='bbox 2769 3468 2823 3507; x_wconf 86' lang='lat' dir='ltr'><strong>et</strong></span> <span class='ocrx_word' id='word_1_652' title='bbox 2870 3469 2994 3508; x_wconf 82' lang='lat' dir='ltr'><strong>csse</strong></span> <span class='ocrx_word' id='word_1_653' title='bbox 3047 3464 3309 3523; x_wconf 78' lang='lat' dir='ltr'><strong>perpetuo</strong></span> <span class='ocrx_word' id='word_1_654' title='bbox 3358 3456 3557 3519; x_wconf 88' lang='lat' dir='ltr'><strong>voluit,</strong></span> 
     </span>
    </p>
   </div>
   <div class='ocr_carea' id='block_1_96' title="bbox 1941 3546 3555 3617">
    <p class='ocr_par' dir='ltr' id='par_1_96' title="bbox 1941 3546 3555 3617">
     <span class='ocr_line' id='line_1_96' title="bbox 1941 3546 3555 3617; baseline 0.002 -20"><span class='ocrx_word' id='word_1_655' title='bbox 1941 3561 2252 3617; x_wconf 83' lang='lat' dir='ltr'><strong>quanquam</strong></span> <span class='ocrx_word' id='word_1_656' title='bbox 2307 3548 2359 3600; x_wconf 88' lang='lat' dir='ltr'><strong>id</strong></span> <span class='ocrx_word' id='word_1_657' title='bbox 2410 3546 2695 3601; x_wconf 86' lang='lat' dir='ltr'><strong>observari</strong></span> <span class='ocrx_word' id='word_1_658' title='bbox 2752 3546 2803 3599; x_wconf 92' lang='lat' dir='ltr'><strong>in</strong></span> <span class='ocrx_word' id='word_1_659' title='bbox 2863 3547 3024 3601; x_wconf 86' lang='lat' dir='ltr'><strong>Petro</strong></span> <span class='ocrx_word' id='word_1_660' title='bbox 3075 3546 3319 3601; x_wconf 88' lang='lat' dir='ltr'><strong>Damiani</strong></span> <span class='ocrx_word' id='word_1_661' title='bbox 3374 3556 3555 3616; x_wconf 82' lang='lat' dir='ltr'><strong>potest</strong></span> 
     </span>
    </p>
   </div>
   <div class='ocr_carea' id='block_1_97' title="bbox 1940 3640 3551 3712">
    <p class='ocr_par' dir='ltr' id='par_1_97' title="bbox 1940 3640 3551 3712">
     <span class='ocr_line' id='line_1_97' title="bbox 1940 3640 3551 3712; baseline 0 -17"><span class='ocrx_word' id='word_1_662' title='bbox 1940 3644 2082 3712; x_wconf 87' lang='lat' dir='ltr'><strong>quod</strong></span> <span class='ocrx_word' id='word_1_663' title='bbox 2133 3644 2249 3712; x_wconf 74' lang='lat' dir='ltr'><strong>ipse</strong></span> <span class='ocrx_word' id='word_1_664' title='bbox 2294 3657 2354 3697; x_wconf 88' lang='lat' dir='ltr'><strong>se</strong></span> <span class='ocrx_word' id='word_1_665' title='bbox 2405 3652 2616 3697; x_wconf 87' lang='lat' dir='ltr'><strong>tantum</strong></span> <span class='ocrx_word' id='word_1_666' title='bbox 2650 3642 2873 3697; x_wconf 85' lang='lat' dir='ltr'><strong>Petrum</strong></span> <span class='ocrx_word' id='word_1_667' title='bbox 2906 3640 3142 3711; x_wconf 77' lang='lat' dir='ltr'><strong>appellat</strong></span> <span class='ocrx_word' id='word_1_668' title='bbox 3188 3642 3406 3711; x_wconf 77' lang='lat' dir='ltr'><strong>reliqui,</strong></span> <span class='ocrx_word' id='word_1_669' title='bbox 3444 3642 3551 3695; x_wconf 82' lang='lat' dir='ltr'><strong>Da-</strong></span> 
     </span>
    </p>
   </div>
   <div class='ocr_carea' id='block_1_98' title="bbox 1944 3734 3559 3807">
    <p class='ocr_par' dir='ltr' id='par_1_98' title="bbox 1944 3734 3559 3807">
     <span class='ocr_line' id='line_1_98' title="bbox 1944 3734 3559 3807; baseline -0.001 -18"><span class='ocrx_word' id='word_1_670' title='bbox 1944 3734 2156 3796; x_wconf 89' lang='lat' dir='ltr'><strong>tniani,</strong></span> <span class='ocrx_word' id='word_1_671' title='bbox 2224 3734 2546 3807; x_wconf 76' lang='lat' dir='ltr'><strong>adjungnnt.</strong></span> <span class='ocrx_word' id='word_1_672' title='bbox 2611 3738 2921 3805; x_wconf 85' lang='lat' dir='ltr'><strong>Antequam</strong></span> <span class='ocrx_word' id='word_1_673' title='bbox 2977 3736 3249 3789; x_wconf 82' lang='lat' dir='ltr'><strong>cucullum</strong></span> <span class='ocrx_word' id='word_1_674' title='bbox 3311 3746 3559 3791; x_wconf 84' lang='lat' dir='ltr'><strong>sumeret</strong></span> 
     </span>
    </p>
   </div>
   <div class='ocr_carea' id='block_1_99' title="bbox 1940 3826 3561 3896">
    <p class='ocr_par' dir='ltr' id='par_1_99' title="bbox 1940 3826 3561 3896">
     <span class='ocr_line' id='line_1_99' title="bbox 1940 3826 3561 3896; baseline -0.001 -15"><span class='ocrx_word' id='word_1_675' title='bbox 1940 3828 2115 3881; x_wconf 77' lang='lat' dir='ltr'><strong>bonas</strong></span> <span class='ocrx_word' id='word_1_676' title='bbox 2157 3835 2303 3882; x_wconf 82' lang='lat' dir='ltr'><strong>artes</strong></span> <span class='ocrx_word' id='word_1_677' title='bbox 2344 3827 2614 3896; x_wconf 86' lang='lat' dir='ltr'><strong>plutintos</strong></span> <span class='ocrx_word' id='word_1_678' title='bbox 2651 3826 2871 3896; x_wconf 83' lang='lat' dir='ltr'><strong>publice.</strong></span> <span class='ocrx_word' id='word_1_679' title='bbox 2909 3827 3119 3889; x_wconf 87' lang='lat' dir='ltr'><strong>docuit,</strong></span> <span class='ocrx_word' id='word_1_680' title='bbox 3158 3826 3323 3896; x_wconf 76' lang='lat' dir='ltr'><strong>style,</strong></span> <span class='ocrx_word' id='word_1_681' title='bbox 3359 3835 3417 3878; x_wconf 94' lang='lat' dir='ltr'><strong>nt</strong></span> <span class='ocrx_word' id='word_1_682' title='bbox 3469 3826 3561 3879; x_wconf 70' lang='lat' dir='ltr'><strong>illa</strong></span> 
     </span>
    </p>
   </div>
   <div class='ocr_carea' id='block_1_100' title="bbox 1939 3916 3557 3987">
    <p class='ocr_par' dir='ltr' id='par_1_100' title="bbox 1939 3916 3557 3987">
     <span class='ocr_line' id='line_1_100' title="bbox 1939 3916 3557 3987; baseline -0.002 -18"><span class='ocrx_word' id='word_1_683' title='bbox 1939 3916 2191 3971; x_wconf 77' lang='lat' dir='ltr'><strong>ferebant</strong></span> <span class='ocrx_word' id='word_1_684' title='bbox 2241 3918 2513 3972; x_wconf 82' lang='lat' dir='ltr'><strong>barbarici</strong></span> <span class='ocrx_word' id='word_1_685' title='bbox 2564 3916 2881 3987; x_wconf 80' lang='lat' dir='ltr'><strong>plenissima</strong></span> <span class='ocrx_word' id='word_1_686' title='bbox 2936 3928 3206 3987; x_wconf 79' lang='lat' dir='ltr'><strong>tempora,</strong></span> <span class='ocrx_word' id='word_1_687' title='bbox 3261 3918 3394 3970; x_wconf 76' lang='lat' dir='ltr'><strong>satis</strong></span> <span class='ocrx_word' id='word_1_688' title='bbox 3442 3918 3557 3969; x_wconf 73' lang='grc' dir='ltr'><strong>ειυ-</strong></span> 
     </span>
    </p>
   </div>
   <div class='ocr_carea' id='block_1_101' title="bbox 1938 4007 3555 4079">
    <p class='ocr_par' dir='ltr' id='par_1_101' title="bbox 1938 4007 3555 4079">
     <span class='ocr_line' id='line_1_101' title="bbox 1938 4007 3555 4079; baseline -0.001 -19"><span class='ocrx_word' id='word_1_689' title='bbox 1938 4009 2127 4079; x_wconf 86' lang='lat' dir='ltr'><strong>ganti:</strong></span> <span class='ocrx_word' id='word_1_690' title='bbox 2165 4007 2311 4077; x_wconf 85' lang='lat' dir='ltr'><strong>quod</strong></span> <span class='ocrx_word' id='word_1_691' title='bbox 2355 4018 2410 4062; x_wconf 84' lang='lat' dir='ltr'><strong>et</strong></span> <span class='ocrx_word' id='word_1_692' title='bbox 2456 4024 2523 4061; x_wconf 78' lang='lat' dir='ltr'><strong>ex</strong></span> <span class='ocrx_word' id='word_1_693' title='bbox 2568 4007 2714 4061; x_wconf 49' lang='lat' dir='ltr'><strong>illius</strong></span> <span class='ocrx_word' id='word_1_694' title='bbox 2759 4008 3030 4075; x_wconf 79' lang='lat' dir='ltr'><strong>epistolis,</strong></span> <span class='ocrx_word' id='word_1_695' title='bbox 3083 4023 3218 4076; x_wconf 83' lang='lat' dir='ltr'><strong>quas</strong></span> <span class='ocrx_word' id='word_1_696' title='bbox 3250 4008 3315 4059; x_wconf 87' lang='lat' dir='ltr'><strong>ad</strong></span> <span class='ocrx_word' id='word_1_697' title='bbox 3353 4007 3555 4062; x_wconf 53' lang='lat' dir='ltr'><strong>mullos</strong></span> 
     </span>
    </p>
   </div>
   <div class='ocr_carea' id='block_1_102' title="bbox 1940 4100 3554 4171">
    <p class='ocr_par' dir='ltr' id='par_1_102' title="bbox 1940 4100 3554 4171">
     <span class='ocr_line' id='line_1_102' title="bbox 1940 4100 3554 4171; baseline -0.004 -16"><span class='ocrx_word' id='word_1_698' title='bbox 1940 4102 2109 4165; x_wconf 74' lang='lat' dir='ltr'><strong>misit,</strong></span> <span class='ocrx_word' id='word_1_699' title='bbox 2154 4111 2210 4155; x_wconf 91' lang='lat' dir='ltr'><strong>et</strong></span> <span class='ocrx_word' id='word_1_700' title='bbox 2240 4116 2305 4155; x_wconf 76' lang='lat' dir='ltr'><strong>ex</strong></span> <span class='ocrx_word' id='word_1_701' title='bbox 2350 4100 2504 4154; x_wconf 89' lang='lat' dir='ltr'><strong>libris</strong></span> <span class='ocrx_word' id='word_1_702' title='bbox 2560 4114 2697 4171; x_wconf 85' lang='lat' dir='ltr'><strong>quos</strong></span> <span class='ocrx_word' id='word_1_703' title='bbox 2730 4100 2976 4169; x_wconf 81' lang='lat' dir='ltr'><strong>scripsit,</strong></span> <span class='ocrx_word' id='word_1_704' title='bbox 3008 4108 3062 4153; x_wconf 88' lang='lat' dir='ltr'><strong>et</strong></span> <span class='ocrx_word' id='word_1_705' title='bbox 3092 4114 3157 4152; x_wconf 71' lang='lat' dir='ltr'><strong>ex</strong></span> <span class='ocrx_word' id='word_1_706' title='bbox 3213 4100 3279 4152; x_wconf 73' lang='lat' dir='ltr'><strong>iis</strong></span> <span class='ocrx_word' id='word_1_707' title='bbox 3309 4113 3450 4169; x_wconf 86' lang='lat' dir='ltr'><strong>quas</strong></span> <span class='ocrx_word' id='word_1_708' title='bbox 3484 4100 3554 4150; x_wconf 83' lang='lat' dir='ltr'><strong>ad</strong></span> 
     </span>
    </p>
   </div>
   <div class='ocr_carea' id='block_1_103' title="bbox 1939 4188 3555 4263">
    <p class='ocr_par' dir='ltr' id='par_1_103' title="bbox 1939 4188 3555 4263">
     <span class='ocr_line' id='line_1_103' title="bbox 1939 4188 3555 4263; baseline -0.004 -17"><span class='ocrx_word' id='word_1_709' title='bbox 1939 4193 2197 4263; x_wconf 68' lang='lat' dir='ltr'><strong>popufum</strong></span> <span class='ocrx_word' id='word_1_710' title='bbox 2249 4191 2443 4246; x_wconf 87' lang='lat' dir='ltr'><strong>babttit</strong></span> <span class='ocrx_word' id='word_1_711' title='bbox 2492 4190 2869 4253; x_wconf 87' lang='lat' dir='ltr'><strong>concionibus,</strong></span> <span class='ocrx_word' id='word_1_712' title='bbox 2921 4204 3253 4260; x_wconf 87' lang='lat' dir='ltr'><strong>cognoscere</strong></span> <span class='ocrx_word' id='word_1_713' title='bbox 3298 4188 3555 4244; x_wconf 86' lang='lat' dir='ltr'><strong>diﬂicilli-</strong></span> 
     </span>
    </p>
   </div>
   <div class='ocr_carea' id='block_1_104' title="bbox 1941 4283 3561 4354">
    <p class='ocr_par' dir='ltr' id='par_1_104' title="bbox 1941 4283 3561 4354">
     <span class='ocr_line' id='line_1_104' title="bbox 1941 4283 3561 4354; baseline -0.002 -17"><span class='ocrx_word' id='word_1_714' title='bbox 1941 4301 2085 4339; x_wconf 89' lang='lat' dir='ltr'><strong>nunn</strong></span> <span class='ocrx_word' id='word_1_715' title='bbox 2137 4300 2242 4339; x_wconf 91' lang='lat' dir='ltr'><strong>non</strong></span> <span class='ocrx_word' id='word_1_716' title='bbox 2294 4295 2399 4339; x_wconf 89' lang='lat' dir='ltr'><strong>est.</strong></span> <span class='ocrx_word' id='word_1_717' title='bbox 2448 4285 2533 4339; x_wconf 77' lang='lat' dir='ltr'><strong>Ab</strong></span> <span class='ocrx_word' id='word_1_718' title='bbox 2588 4286 2807 4338; x_wconf 85' lang='lat' dir='ltr'><strong>ineunte</strong></span> <span class='ocrx_word' id='word_1_719' title='bbox 2844 4294 3009 4339; x_wconf 71' lang='lat' dir='ltr'><strong>mtate</strong></span> <span class='ocrx_word' id='word_1_720' title='bbox 3061 4284 3258 4354; x_wconf 80' lang='lat' dir='ltr'><strong>agitari</strong></span> <span class='ocrx_word' id='word_1_721' title='bbox 3311 4283 3561 4338; x_wconf 63' lang='lat' dir='ltr'><strong>adversis</strong></span> 
     </span>
    </p>
   </div>
   <div class='ocr_carea' id='block_1_105' title="bbox 1938 4377 3554 4450">
    <p class='ocr_par' dir='ltr' id='par_1_105' title="bbox 1938 4377 3554 4450">
     <span class='ocr_line' id='line_1_105' title="bbox 1938 4377 3554 4450; baseline -0.006 -15"><span class='ocrx_word' id='word_1_722' title='bbox 1938 4380 2125 4449; x_wconf 66' lang='lat' dir='ltr'><strong>erepit.</strong></span> <span class='ocrx_word' id='word_1_723' title='bbox 2178 4378 2315 4433; x_wconf 87' lang='lat' dir='ltr'><strong>Cum</strong></span> <span class='ocrx_word' id='word_1_724' title='bbox 2361 4378 2509 4433; x_wconf 89' lang='lat' dir='ltr'><strong>enim</strong></span> <span class='ocrx_word' id='word_1_725' title='bbox 2564 4388 2740 4433; x_wconf 83' lang='lat' dir='ltr'><strong>mater</strong></span> <span class='ocrx_word' id='word_1_726' title='bbox 2783 4388 2905 4448; x_wconf 90' lang='lat' dir='ltr'><strong>post</strong></span> <span class='ocrx_word' id='word_1_727' title='bbox 2936 4378 3204 4450; x_wconf 88' lang='lat' dir='ltr'><strong>plurimos</strong></span> <span class='ocrx_word' id='word_1_728' title='bbox 3234 4377 3375 4433; x_wconf 85' lang='lat' dir='ltr'><strong>filios</strong></span> <span class='ocrx_word' id='word_1_729' title='bbox 3404 4377 3554 4432; x_wconf 74' lang='lat' dir='ltr'><strong>hune.</strong></span> 
     </span>
    </p>
   </div>
   <div class='ocr_carea' id='block_1_106' title="bbox 1940 4468 3556 4543">
    <p class='ocr_par' dir='ltr' id='par_1_106' title="bbox 1940 4468 3556 4543">
     <span class='ocr_line' id='line_1_106' title="bbox 1940 4468 3556 4543; baseline -0.004 -16"><span class='ocrx_word' id='word_1_730' title='bbox 1940 4472 2216 4543; x_wconf 79' lang='lat' dir='ltr'><strong>genuisset</strong></span> <span class='ocrx_word' id='word_1_731' title='bbox 2263 4480 2622 4541; x_wconf 86' lang='lat' dir='ltr'><strong>postremum.</strong></span> <span class='ocrx_word' id='word_1_732' title='bbox 2672 4472 3021 4542; x_wconf 83' lang='lat' dir='ltr'><strong>quadamque</strong></span> <span class='ocrx_word' id='word_1_733' title='bbox 3060 4472 3147 4525; x_wconf 90' lang='lat' dir='ltr'><strong>die</strong></span> <span class='ocrx_word' id='word_1_734' title='bbox 3185 4480 3311 4525; x_wconf 86' lang='lat' dir='ltr'><strong>natu</strong></span> <span class='ocrx_word' id='word_1_735' title='bbox 3356 4468 3556 4537; x_wconf 85' lang='lat' dir='ltr'><strong>major,</strong></span> 
     </span>
    </p>
   </div>
   <div class='ocr_carea' id='block_1_107' title="bbox 1939 4563 3558 4635">
    <p class='ocr_par' dir='ltr' id='par_1_107' title="bbox 1939 4563 3558 4635">
     <span class='ocr_line' id='line_1_107' title="bbox 1939 4563 3558 4635; baseline -0.002 -17"><span class='ocrx_word' id='word_1_736' title='bbox 1939 4574 2096 4635; x_wconf 90' lang='lat' dir='ltr'><strong>patre</strong></span> <span class='ocrx_word' id='word_1_737' title='bbox 2133 4564 2443 4627; x_wconf 89' lang='lat' dir='ltr'><strong>demortuo,</strong></span> <span class='ocrx_word' id='word_1_738' title='bbox 2471 4563 2703 4619; x_wconf 89' lang='lat' dir='ltr'><strong>fratrum</strong></span> <span class='ocrx_word' id='word_1_739' title='bbox 2744 4564 3148 4619; x_wconf 89' lang='lat' dir='ltr'><strong>tnultitudinem</strong></span> <span class='ocrx_word' id='word_1_740' title='bbox 3182 4574 3237 4619; x_wconf 92' lang='lat' dir='ltr'><strong>et</strong></span> <span class='ocrx_word' id='word_1_741' title='bbox 3267 4564 3558 4619; x_wconf 75' lang='lat' dir='ltr'><strong>incrediIa~</strong></span> 
     </span>
    </p>
   </div>
   <div class='ocr_carea' id='block_1_108' title="bbox 1938 4655 3561 4725">
    <p class='ocr_par' dir='ltr' id='par_1_108' title="bbox 1938 4655 3561 4725">
     <span class='ocr_line' id='line_1_108' title="bbox 1938 4655 3561 4725; baseline -0.001 -17"><span class='ocrx_word' id='word_1_742' title='bbox 1938 4664 2047 4709; x_wconf 89' lang='lat' dir='ltr'><strong>tem</strong></span> <span class='ocrx_word' id='word_1_743' title='bbox 2076 4669 2301 4724; x_wconf 88' lang='lat' dir='ltr'><strong>parvam</strong></span> <span class='ocrx_word' id='word_1_744' title='bbox 2342 4664 2797 4723; x_wconf 88' lang='lat' dir='ltr'><strong>conquereretur,</strong></span> <span class='ocrx_word' id='word_1_745' title='bbox 2827 4655 2964 4708; x_wconf 90' lang='lat' dir='ltr'><strong>adeo</strong></span> <span class='ocrx_word' id='word_1_746' title='bbox 2996 4664 3189 4719; x_wconf 90' lang='lat' dir='ltr'><strong>mater,</strong></span> <span class='ocrx_word' id='word_1_747' title='bbox 3222 4670 3387 4725; x_wconf 86' lang='lat' dir='ltr'><strong>quant</strong></span> <span class='ocrx_word' id='word_1_748' title='bbox 3413 4656 3561 4725; x_wconf 55' lang='lat' dir='ltr'><strong>jam-</strong></span> 
     </span>
    </p>
   </div>
   <div class='ocr_carea' id='block_1_109' title="bbox 1936 4746 3564 4820">
    <p class='ocr_par' dir='ltr' id='par_1_109' title="bbox 1936 4746 3564 4820">
     <span class='ocr_line' id='line_1_109' title="bbox 1936 4746 3564 4820; baseline 0.004 -18"><span class='ocrx_word' id='word_1_749' title='bbox 1936 4746 2028 4803; x_wconf 89' lang='lat' dir='ltr'><strong>diu</strong></span> <span class='ocrx_word' id='word_1_750' title='bbox 2055 4747 2314 4820; x_wconf 83' lang='lat' dir='ltr'><strong>egestatis</strong></span> <span class='ocrx_word' id='word_1_751' title='bbox 2341 4749 2496 4803; x_wconf 87' lang='lat' dir='ltr'><strong>dolor</strong></span> <span class='ocrx_word' id='word_1_752' title='bbox 2525 4748 2829 4814; x_wconf 87' lang='lat' dir='ltr'><strong>cruciabat,</strong></span> <span class='ocrx_word' id='word_1_753' title='bbox 2858 4758 2943 4804; x_wconf 87' lang='lat' dir='ltr'><strong>est</strong></span> <span class='ocrx_word' id='word_1_754' title='bbox 2972 4748 3249 4816; x_wconf 82' lang='lat' dir='ltr'><strong>indignata</strong></span> <span class='ocrx_word' id='word_1_755' title='bbox 3280 4765 3345 4803; x_wconf 89' lang='lat' dir='ltr'><strong>ac</strong></span> <span class='ocrx_word' id='word_1_756' title='bbox 3370 4751 3564 4809; x_wconf 80' lang='lat' dir='ltr'><strong>dolore</strong></span> 
     </span>
    </p>
   </div>
   <div class='ocr_carea' id='block_1_110' title="bbox 1935 4840 3561 4912">
    <p class='ocr_par' dir='ltr' id='par_1_110' title="bbox 1935 4840 3561 4912">
     <span class='ocr_line' id='line_1_110' title="bbox 1935 4840 3561 4912; baseline 0.001 -16"><span class='ocrx_word' id='word_1_757' title='bbox 1935 4842 2147 4910; x_wconf 86' lang='lat' dir='ltr'><strong>percita</strong></span> <span class='ocrx_word' id='word_1_758' title='bbox 2179 4850 2236 4894; x_wconf 90' lang='grc' dir='ltr'><strong>ιιι</strong></span> <span class='ocrx_word' id='word_1_759' title='bbox 2271 4855 2330 4896; x_wconf 90' lang='lat' dir='ltr'><strong>se</strong></span> <span class='ocrx_word' id='word_1_760' title='bbox 2362 4840 2620 4895; x_wconf 83' lang='lat' dir='ltr'><strong>miseram</strong></span> <span class='ocrx_word' id='word_1_761' title='bbox 2658 4840 2978 4896; x_wconf 81' lang='lat' dir='ltr'><strong>exclamans</strong></span> <span class='ocrx_word' id='word_1_762' title='bbox 3015 4849 3180 4911; x_wconf 89' lang='lat' dir='ltr'><strong>atque</strong></span> <span class='ocrx_word' id='word_1_763' title='bbox 3229 4841 3466 4912; x_wconf 88' lang='lat' dir='ltr'><strong>amplius</strong></span> <span class='ocrx_word' id='word_1_764' title='bbox 3497 4859 3561 4897; x_wconf 68' lang='grc' dir='ltr'><strong>ιιι</strong></span> 
     </span>
    </p>
   </div>
   <div class='ocr_carea' id='block_1_111' title="bbox 1939 4932 3560 5008">
    <p class='ocr_par' dir='ltr' id='par_1_111' title="bbox 1939 4932 3560 5008">
     <span class='ocr_line' id='line_1_111' title="bbox 1939 4932 3560 5008; baseline 0.002 -22"><span class='ocrx_word' id='word_1_765' title='bbox 1939 4933 2147 4989; x_wconf 88' lang='lat' dir='ltr'><strong>viveret</strong></span> <span class='ocrx_word' id='word_1_766' title='bbox 2177 4933 2481 5004; x_wconf 87' lang='lat' dir='ltr'><strong>indignam,</strong></span> <span class='ocrx_word' id='word_1_767' title='bbox 2510 4932 2674 4988; x_wconf 88' lang='lat' dir='ltr'><strong>Petro</strong></span> <span class='ocrx_word' id='word_1_768' title='bbox 2698 4933 2786 4987; x_wconf 77' lang='lat' dir='ltr'><strong>vix</strong></span> <span class='ocrx_word' id='word_1_769' title='bbox 2817 4934 2946 4987; x_wconf 92' lang='lat' dir='ltr'><strong>dunt</strong></span> <span class='ocrx_word' id='word_1_770' title='bbox 2991 4944 3121 4988; x_wconf 88' lang='lat' dir='ltr'><strong>nato</strong></span> <span class='ocrx_word' id='word_1_771' title='bbox 3162 4936 3244 4987; x_wconf 78' lang='lat' dir='ltr'><strong>l:t(&#39;</strong></span> <span class='ocrx_word' id='word_1_772' title='bbox 3273 4942 3560 5008; x_wconf 73' lang='lat' dir='ltr'><strong>negaverit</strong></span> 
     </span>
    </p>
   </div>
   <div class='ocr_carea' id='block_1_112' title="bbox 1933 5025 3560 5101">
    <p class='ocr_par' dir='ltr' id='par_1_112' title="bbox 1933 5025 3560 5101">
     <span class='ocr_line' id='line_1_112' title="bbox 1933 5025 3560 5101; baseline 0.006 -22"><span class='ocrx_word' id='word_1_773' title='bbox 1933 5035 1990 5081; x_wconf 79' lang='lat' dir='ltr'><strong>et</strong></span> <span class='ocrx_word' id='word_1_774' title='bbox 2019 5026 2153 5081; x_wconf 89' lang='lat' dir='ltr'><strong>nihil</strong></span> <span class='ocrx_word' id='word_1_775' title='bbox 2181 5026 2405 5081; x_wconf 88' lang='lat' dir='ltr'><strong>assiduo</strong></span> <span class='ocrx_word' id='word_1_776' title='bbox 2451 5025 2674 5081; x_wconf 90' lang='lat' dir='ltr'><strong>infantis</strong></span> <span class='ocrx_word' id='word_1_777' title='bbox 2703 5026 2918 5095; x_wconf 86' lang='lat' dir='ltr'><strong>ploratu</strong></span> <span class='ocrx_word' id='word_1_778' title='bbox 2975 5038 3250 5083; x_wconf 87' lang='lat' dir='ltr'><strong>commota</strong></span> <span class='ocrx_word' id='word_1_779' title='bbox 3299 5043 3560 5101; x_wconf 71' lang='lat' dir='ltr'><strong>expetere</strong></span> 
     </span>
    </p>
   </div>
   <div class='ocr_carea' id='block_1_113' title="bbox 1936 5119 3558 5192">
    <p class='ocr_par' dir='ltr' id='par_1_113' title="bbox 1936 5119 3558 5192">
     <span class='ocr_line' id='line_1_113' title="bbox 1936 5119 3558 5192; baseline 0.004 -17"><span class='ocrx_word' id='word_1_780' title='bbox 1936 5120 2052 5192; x_wconf 84' lang='lat' dir='ltr'><strong>ejus</strong></span> <span class='ocrx_word' id='word_1_781' title='bbox 2082 5135 2273 5177; x_wconf 87' lang='lat' dir='ltr'><strong>necem</strong></span> <span class='ocrx_word' id='word_1_782' title='bbox 2303 5119 2601 5183; x_wconf 83' lang='lat' dir='ltr'><strong>videretur,</strong></span> <span class='ocrx_word' id='word_1_783' title='bbox 2635 5136 2757 5191; x_wconf 70' lang='lat' dir='ltr'><strong>quin</strong></span> <span class='ocrx_word' id='word_1_784' title='bbox 2806 5120 2965 5192; x_wconf 87' lang='lat' dir='ltr'><strong>plane</strong></span> <span class='ocrx_word' id='word_1_785' title='bbox 3012 5130 3133 5176; x_wconf 90' lang='lat' dir='ltr'><strong>erat</strong></span> <span class='ocrx_word' id='word_1_786' title='bbox 3184 5136 3558 5182; x_wconf 83' lang='lat' dir='ltr'><strong>consecutura</strong></span> 
     </span>
    </p>
   </div>
   <div class='ocr_carea' id='block_1_114' title="bbox 1937 5211 3553 5289">
    <p class='ocr_par' dir='ltr' id='par_1_114' title="bbox 1937 5211 3553 5289">
     <span class='ocr_line' id='line_1_114' title="bbox 1937 5211 3553 5289; baseline 0.003 -23"><span class='ocrx_word' id='word_1_787' title='bbox 1937 5228 2283 5285; x_wconf 86' lang='lat' dir='ltr'><strong>nequaquam</strong></span> <span class='ocrx_word' id='word_1_788' title='bbox 2331 5227 2479 5277; x_wconf 90' lang='lat' dir='ltr'><strong>sero,</strong></span> <span class='ocrx_word' id='word_1_789' title='bbox 2531 5213 2632 5268; x_wconf 89' lang='lat' dir='ltr'><strong>nisi</strong></span> <span class='ocrx_word' id='word_1_790' title='bbox 2690 5211 2857 5277; x_wconf 87' lang='lat' dir='ltr'><strong>fame,</strong></span> <span class='ocrx_word' id='word_1_791' title='bbox 2905 5213 3066 5268; x_wconf 89' lang='lat' dir='ltr'><strong>simul</strong></span> <span class='ocrx_word' id='word_1_792' title='bbox 3120 5226 3175 5268; x_wconf 89' lang='lat' dir='ltr'><strong>et</strong></span> <span class='ocrx_word' id='word_1_793' title='bbox 3226 5216 3275 5269; x_wconf 91' lang='lat' dir='ltr'><strong>vi</strong></span> <span class='ocrx_word' id='word_1_794' title='bbox 3328 5217 3553 5289; x_wconf 64' lang='lat' dir='ltr'><strong>frigoris</strong></span> 
     </span>
    </p>
   </div>
   <div class='ocr_carea' id='block_1_115' title="bbox 1936 5304 3553 5376">
    <p class='ocr_par' dir='ltr' id='par_1_115' title="bbox 1936 5304 3553 5376">
     <span class='ocr_line' id='line_1_115' title="bbox 1936 5304 3553 5376; baseline 0.002 -18"><span class='ocrx_word' id='word_1_795' title='bbox 1936 5305 2336 5376; x_wconf 84' lang='lat' dir='ltr'><strong>nigrescentetn</strong></span> <span class='ocrx_word' id='word_1_796' title='bbox 2382 5315 2439 5359; x_wconf 92' lang='lat' dir='ltr'><strong>et</strong></span> <span class='ocrx_word' id='word_1_797' title='bbox 2482 5320 2615 5359; x_wconf 83' lang='lat' dir='ltr'><strong>voce</strong></span> <span class='ocrx_word' id='word_1_798' title='bbox 2665 5304 2781 5359; x_wconf 88' lang='lat' dir='ltr'><strong>fere</strong></span> <span class='ocrx_word' id='word_1_799' title='bbox 2826 5304 3149 5359; x_wconf 88' lang='lat' dir='ltr'><strong>destitutum</strong></span> <span class='ocrx_word' id='word_1_800' title='bbox 3176 5346 3191 5369; x_wconf 90' lang='lat'><strong>,</strong></span> <span class='ocrx_word' id='word_1_801' title='bbox 3242 5309 3553 5363; x_wconf 77' lang='lat' dir='ltr'><strong>sacerdotis</strong></span> 
     </span>
    </p>
   </div>
   <div class='ocr_carea' id='block_1_116' title="bbox 1934 5396 3550 5471">
    <p class='ocr_par' dir='ltr' id='par_1_116' title="bbox 1934 5396 3550 5471">
     <span class='ocr_line' id='line_1_116' title="bbox 1934 5396 3550 5471; baseline 0.001 -18"><span class='ocrx_word' id='word_1_802' title='bbox 1934 5396 2218 5466; x_wconf 89' lang='lat' dir='ltr'><strong>cujusdam</strong></span> <span class='ocrx_word' id='word_1_803' title='bbox 2265 5398 2437 5469; x_wconf 74' lang='lat' dir='ltr'><strong>pellex</strong></span> <span class='ocrx_word' id='word_1_804' title='bbox 2471 5398 2770 5452; x_wconf 88' lang='lat' dir='ltr'><strong>adveniens</strong></span> <span class='ocrx_word' id='word_1_805' title='bbox 2807 5398 3063 5467; x_wconf 88' lang='lat' dir='ltr'><strong>juvisset.</strong></span> <span class='ocrx_word' id='word_1_806' title='bbox 3118 5397 3245 5453; x_wconf 69' lang='lat' dir='ltr'><strong>&quot;(eo</strong></span> <span class='ocrx_word' id='word_1_807' title='bbox 3274 5402 3550 5471; x_wconf 81' lang='lat' dir='ltr'><strong>siquidem</strong></span> 
     </span>
    </p>
   </div>
   <div class='ocr_carea' id='block_1_117' title="bbox 1936 5488 3549 5563">
    <p class='ocr_par' dir='ltr' id='par_1_117' title="bbox 1936 5488 3549 5563">
     <span class='ocr_line' id='line_1_117' title="bbox 1936 5488 3549 5563; baseline 0.001 -19"><span class='ocrx_word' id='word_1_808' title='bbox 1936 5489 2316 5545; x_wconf 83' lang='lat' dir='ltr'><strong>crudelitatem</strong></span> <span class='ocrx_word' id='word_1_809' title='bbox 2366 5489 2563 5543; x_wconf 89' lang='lat' dir='ltr'><strong>matris</strong></span> <span class='ocrx_word' id='word_1_810' title='bbox 2611 5488 2815 5543; x_wconf 89' lang='lat' dir='ltr'><strong>acriter</strong></span> <span class='ocrx_word' id='word_1_811' title='bbox 2864 5503 3121 5560; x_wconf 88' lang='lat' dir='ltr'><strong>arguens,</strong></span> <span class='ocrx_word' id='word_1_812' title='bbox 3168 5498 3225 5543; x_wconf 89' lang='lat' dir='ltr'><strong>et</strong></span> <span class='ocrx_word' id='word_1_813' title='bbox 3270 5490 3549 5563; x_wconf 77' lang='lat' dir='ltr'><strong>lacryntas</strong></span> 
     </span>
    </p>
   </div>
   <div class='ocr_carea' id='block_1_118' title="bbox 1938 5578 3550 5649">
    <p class='ocr_par' dir='ltr' id='par_1_118' title="bbox 1938 5578 3550 5649">
     <span class='ocr_line' id='line_1_118' title="bbox 1938 5578 3550 5649; baseline -0.001 -15"><span class='ocrx_word' id='word_1_814' title='bbox 1938 5580 2164 5635; x_wconf 87' lang='lat' dir='ltr'><strong>infantis</strong></span> <span class='ocrx_word' id='word_1_815' title='bbox 2235 5578 2717 5648; x_wconf 85' lang='lat' dir='ltr'><strong>ealamitatentquc</strong></span> <span class='ocrx_word' id='word_1_816' title='bbox 2791 5578 3119 5649; x_wconf 81' lang='lat' dir='ltr'><strong>deplorans,</strong></span> <span class='ocrx_word' id='word_1_817' title='bbox 3201 5580 3550 5639; x_wconf 82' lang='lat' dir='ltr'><strong>immanitate</strong></span> 
     </span>
    </p>
   </div>
   <div class='ocr_carea' id='block_1_119' title="bbox 1936 5672 3547 5739">
    <p class='ocr_par' dir='ltr' id='par_1_119' title="bbox 1936 5672 3547 5739">
     <span class='ocr_line' id='line_1_119' title="bbox 1936 5672 3547 5739; baseline -0.002 -10"><span class='ocrx_word' id='word_1_818' title='bbox 1936 5689 2149 5729; x_wconf 82' lang='lat' dir='ltr'><strong>summa</strong></span> <span class='ocrx_word' id='word_1_819' title='bbox 2179 5672 2461 5729; x_wconf 81' lang='lat' dir='ltr'><strong>efferatum</strong></span> <span class='ocrx_word' id='word_1_820' title='bbox 2494 5673 2733 5727; x_wconf 88' lang='lat' dir='ltr'><strong>animum</strong></span> <span class='ocrx_word' id='word_1_821' title='bbox 2773 5673 2947 5739; x_wconf 89' lang='lat' dir='ltr'><strong>leniit,</strong></span> <span class='ocrx_word' id='word_1_822' title='bbox 2974 5684 3030 5731; x_wconf 89' lang='lat' dir='ltr'><strong>et</strong></span> <span class='ocrx_word' id='word_1_823' title='bbox 3078 5674 3282 5730; x_wconf 83' lang='lat' dir='ltr'><strong>sociant</strong></span> <span class='ocrx_word' id='word_1_824' title='bbox 3313 5688 3372 5727; x_wconf 88' lang='lat' dir='ltr'><strong>se</strong></span> <span class='ocrx_word' id='word_1_825' title='bbox 3431 5690 3547 5726; x_wconf 86' lang='lat' dir='ltr'><strong>nta-</strong></span> 
     </span>
    </p>
   </div>
   <div class='ocr_carea' id='block_1_120' title="bbox 1940 5764 3553 5836">
    <p class='ocr_par' dir='ltr' id='par_1_120' title="bbox 1940 5764 3553 5836">
     <span class='ocr_line' id='line_1_120' title="bbox 1940 5764 3553 5836; baseline -0.002 -15"><span class='ocrx_word' id='word_1_826' title='bbox 1940 5767 2003 5821; x_wconf 88' lang='lat' dir='ltr'><strong>tri</strong></span> <span class='ocrx_word' id='word_1_827' title='bbox 2028 5765 2263 5836; x_wconf 82' lang='lat' dir='ltr'><strong>jungens</strong></span> <span class='ocrx_word' id='word_1_828' title='bbox 2310 5764 2544 5820; x_wconf 85' lang='lat' dir='ltr'><strong>calculis</strong></span> <span class='ocrx_word' id='word_1_829' title='bbox 2610 5779 2762 5834; x_wconf 70' lang='lat' dir='ltr'><strong>aqum</strong></span> <span class='ocrx_word' id='word_1_830' title='bbox 2833 5764 3101 5821; x_wconf 88' lang='lat' dir='ltr'><strong>beneficio</strong></span> <span class='ocrx_word' id='word_1_831' title='bbox 3151 5765 3379 5833; x_wconf 87' lang='lat' dir='ltr'><strong>aliisque</strong></span> <span class='ocrx_word' id='word_1_832' title='bbox 3458 5779 3553 5820; x_wconf 60' lang='lat' dir='ltr'><strong>res</strong></span> 
     </span>
    </p>
   </div>
  </div>
