4040 6378
608 356 710 413 l75
1489 348 1543 400 S.
1568 342 1840 399 PETRUS
1864 335 2215 396 DAMIANUS
2248 334 2305 391 S.
2344 334 2407 387 ll.
2433 333 2494 387 Ε.
2527 331 2959 387 CARDINALIS.
3759 327 3866 383 176

608 474 799 528 mediis
856 466 1169 523 semivivum
1230 462 1491 515 infamem
1546 456 1816 511 revocavit
1865 453 1930 507 ad
1988 452 2172 505 vitam.
2205 452 2249 511 Λ
2281 446 2498 500 minime
2542 446 2799 500 tributum
2849 442 3113 498 accidisse
3155 440 3497 504 existimans,
3527 449 3865 496 commutato

678 560 830 616 Haud
866 560 938 613 ita
971 556 1059 611 diu
1083 562 1204 623 post
1232 562 1407 608 mater
1442 550 1583 606 diem
1612 563 1766 603 suum
1806 546 1957 609 obiit,
1985 554 2039 598 et
2067 544 2177 596 fra—
2277 550 2432 606 pane,
2476 535 2649 605 primo
2686 533 2803 600 ejus
2847 530 3300 623 boloiconvaluit;
3344 530 3721 623 quamobrem,
3757 545 3867 623 su~

606 664 692 707 ter
723 658 848 704 natu
878 644 1047 715 major
1073 621 1224 699 duxit
1266 656 1509 696 uxorem.
1556 639 1619 693 lli
1651 638 1903 707 conjuges
1933 650 2054 689 cum
2086 649 2177 702 ge-
2276 639 2370 715 pra
2410 639 2573 693 quam
2619 624 2722 677 dici
2754 632 2929 694 potest
2975 622 3147 685 laetus,
3198 622 3408 691 aperuit
3456 621 3667 675 cunctis
3694 621 3867 677 mira--

609 756 726 796 rere
768 738 920 810 pueri
950 713 1133 792 curam
1174 733 1313 789 velle
1341 731 1677 791 simularent,
1713 736 1819 781 tam
1849 727 1981 780 dura
2025 724 2173 777 illum
2276 713 2472 810 culum.

606 802 824 899 acrique
862 825 1179 898 premebant
1220 822 1499 885 servitute,
1529 827 1587 872 ut
1625 818 1670 870 is
1706 831 1811 869 non
1853 814 2010 868 modo
2037 828 2177 882 pane
2346 805 2440 859 His
2482 814 2645 875 atque
2676 806 2796 860 aliis
2825 805 2891 899 ad
2914 804 3006 859 Dei
3050 802 3392 899 famulatmn
3418 804 3470 857 in
3521 804 3637 899 dies
3687 804 3866 899 magis

604 896 877 989 cibisque,
913 932 977 971 ac
1004 916 1129 970 vino
1156 913 1366 967 vitiosis
1400 918 1453 965 et
1479 906 1748 977 corruptis
1792 905 2052 969 aleretur,
2081 904 2176 959 sed
2278 912 2561 960 accensus,
2593 912 2714 952 cum
2732 896 2968 989 ‘omnino
2998 898 3065 951 ab
3093 897 3179 952 his
3207 896 3427 952 caducis
3473 898 3633 953 rebus
3664 896 3864 953 abduci

606 984 866 1082 perpetuo
912 1007 1129 1063 nudatis
1171 1004 1398 1075 pedibus
1440 1014 1712 1071 pannosus
1760 996 2069 1061 incederet,
2120 1004 2177 1050 et
2279 985 2692 1082 ιξιίξξιαοιηξδίιυξ
2724 984 2840 1039 “eri
2865 985 3536 1082 fecreVisselc__id_lam§fl
3586 987 3639 1041 ίυ
3672 987 3865 1082 Pauli}

606 1073 791 1158 inultis
834 1082 1148 1153 verberibus
1174 1073 1472 1161 vapularet,
1500 1088 1767 1158 pauloque
1812 1085 2067 1156 grandior
2098 1084 2176 1137 ra-
2278 1074 2477 1129 finibus
2504 1073 2573 1128 ob
2610 1073 2797 1129 amnes
2830 1074 3139 1143 aliquotque
3182 1074 3288 1129 alia
3324 1075 3712 1145 impedimenta
3763 1075 3868 1129 mi-

606 1186 727 1244 c'tns
766 1187 970 1242 alendis
1008 1183 1192 1239 suibus
1217 1179 1601 1251 praeficeretur.
1660 1177 1718 1231 In
1744 1190 1849 1245 quo
1890 1174 1977 1228 vili
2005 1172 2179 1227 famu-
2278 1178 2378 1217 nus
2408 1170 2579 1217 tutum
2607 1164 2985 1228 arbitraretur,
3016 1164 3131 1218 inec
3158 1163 3486 1234 cogitantem
3515 1164 3865 1234 assiduisque

608 1283 719 1334 iam
748 1294 869 1333 cum
897 1276 983 1330 die
1008 1274 1239 1344 quadam
1284 1279 1597 1343 argenteum
1633 1282 1907 1323 nummum
1942 1266 2175 1335 reperis-

2291 1252 2526 1317 )recibus
2574 1252 2984 1307 contendentem
3033 1269 3063 1306 a
3097 1252 3227 1317 Deo,
3254 1261 3314 1306 ut
3339 1253 3406 1307 ad
3436 1252 3668 1307 salutem
3717 1267 3863 1307 sem-

608 1380 710 1436 set,
748 1378 799 1424 et
825 1342 1047 1438 perinde
1084 1380 1148 1420 ac
1172 1364 1321 1418 dives
1362 1342 1580 1433 repente
1615 1360 1790 1414 factus
1832 1356 2177 1427 gratulabnn-
2275 1343 2541 1438 Pllefllaf“
2568 1344 2771 1438 “ﬁlium
2800 1351 3016 1413 Ρπίπει
3121 1343 3409 1438 “inludit”
3436 1352 3641 1438 “Pcw
3671 1342 3867 1438 Fr'lds

606 1432 706 1516 dus
735 1432 862 1529 quid
898 1472 964 1513 eo
1008 1464 1187 1527 posset
1233 1453 1410 1523 aptius
1459 1451 1688 1507 mercari
1742 1448 1881 1503 dulci
1934 1446 2173 1517 appetitu

2291 1434 2453 1499 pontis
2478 1433 2770 1497 Avellanae,
2801 1449 2917 1502 qua:
2946 1440 3029 1488 est
3075 1434 3129 1487 in
3155 1433 3433 1503 Eugubina
3470 1432 3717 1498 dioecesi,
3750 1446 3868 1486 mo-

605 1521 864 1624 puerilem
908 1521 1146 1604 animum
1194 1521 1437 1601 suavium
1482 1557 1658 1597 rerum
1701 1540 1941 1595 onmium
1987 1540 2177 1607 exp’eru
2277 1521 2589 1624 liftclllduoa
2617 1523 2683 1577 de
2712 1522 3522 1624 fillibusl3'“.m“"?_lmf0hm
3553 1531 3863 1592 παρεῖδεν

608 1611 714 1697 lem
742 1656 841 1712 per
870 1638 1049 1694 mollia
1090 1638 1359 1699 trahente,
1392 1633 1592 1689 diutius
1638 1630 1921 1699 cogitaret,
1963 1628 2174 1682 tandem

2291 1612 2535 1666 livinitus
2561 1611 2799 1681 impulsi,
2831 1613 3181 1667 conveniunt.
3211 1612 3304 1667 His
3330 1612 3544 1676 Petrus,
3570 1622 3863 1683 postquam

608 1702 824 1788 cmlilus
848 1729 1082 1793 adlatus,
1114 1727 1239 1796 quid
1272 1726 1405 1787 bmc,
1452 1722 1656 1792 inquit,
1704 1727 1883 1773 mente
1928 1715 2177 1772 revolvo?
2281 1702 2347 1757 de
2374 1702 2483 1757 080
2509 1702 2674 1796 ιηυιιξι
2704 1702 2911 1757 Ιοευῑιιε
2936 1718 3063 1796 et"?
3088 1702 3194 1757 illis
3226 1702 3340 1762 ίιιίιο
3378 1704 3552 1796 φρίττει
3584 1703 3751 1796 (illiilli
3780 1704 3866 1757 sui

606 1827 799 1879 horum
844 1832 992 1877 certe
1039 1790 1283 1887 voluptas
1334 1790 1670 1884 nequaquam
1710 1811 1873 1866 fuerit
1901 1810 2171 1863 diuturna.

2291 1805 2521 1854 sensum,
2554 1790 2793 1860 petitque
2828 1806 2955 1845 num
3016 1792 3084 1857 ab
3108 1806 3299 1845 eorum
3342 1791 3558 1855 abbate,
3587 1792 3633 1846 si
3676 1806 3867 1846 mona-

607 1913 895 1969 l’rzestahit
943 1911 1155 1965 tradere
1195 1908 1296 1962 hoc
1329 1903 1619 1967 sacerdoti,
1649 1903 1740 1973 qui
1771 1916 1925 1956 sacra
1958 1900 2065 1954 Deo
2096 1897 2178 1953 fa-

2291 1880 2416 1935 ehus
2441 1879 2601 1935 vellet
2646 1880 2784 1944 fieri,
2837 1882 3209 1951 reciperetur?
3260 1880 3397 1951 Ipsis
3444 1880 3865 1946 allirmantibus,

610 2008 737 2063 ciat.
767 2005 945 2061 Rediit
970 2003 1105 2057 alius
1135 2001 1334 2055 interea
1361 1998 1475 2067 ejus
1505 1996 1693 2060 frater,
1722 1994 1804 2049 cui
1834 2000 1951 2049 erat
1982 2006 2175 2046 nomen

2291 1974 2435 2025 laetus
2477 1972 2705 2040 spondet
2735 1986 2794 2027 se
2830 1971 2953 2026 illuc
2987 1987 3150 2041 quam
3196 1972 3427 2041 primum
3471 1971 3865 2042 profecturum.

610 2097 922 2157 Damianus,
952 2093 1313 2160 llavennaqne
1363 2088 1566 2157 aliquot
1606 2100 1774 2139 annos
1811 2083 2073 2137 abluerat.
2132 2081 2177 2135 ls

2291 2062 2454 2115 Donat
2500 2062 2705 2117 interea
2738 2064 2998 2134 scyphum
3031 2073 3347 2134 argenteum
3376 2064 3725 2119 abeuntibus.
3759 2063 3869 2118 Ve-

607 2186 796 2239 fratris
844 2195 1111 2235 aerumnas
1152 2178 1459 2240 miseratus,
1506 2188 1629 2230 eum
1662 2173 1715 2226 in
1744 2172 1902 2225 fidem
1934 2180 1987 2223 et
2017 2168 2178 2224 clien-

2291 2164 2397 2205 rmn
2438 2150 2558 2205 cum
2607 2150 2873 2204 instanter
2914 2150 3067 2213 illud,
3120 2150 3267 2205 milio
3307 2151 3559 2219 precibus
3593 2150 3713 2207 loco
3747 2151 3869 2207 reli-

610 2276 771 2331 telam
804 2272 1071 2341 accipiens
1093 2275 1336 2323 amanter
1358 2281 1420 2320 ac
1448 2274 1669 2334 paterne
1694 2260 1847 2323 fovit,
1875 2259 2177 2326 litterisque

2291 2249 2386 2305 sto,
2438 2242 2746 2296 renuissent
2794 2252 2955 2309 atque
3003 2240 3073 2294 ob
3117 2240 3169 2293 id
3196 2249 3531 2310 conceptam
3580 2241 3633 2295 in
3682 2240 3869 2295 animo

613 2366 986 2421 instruendum
1012 2360 1241 2415 curavit.
1293 2356 1441 2423 Quod
1476 2370 1595 2409 cum
1621 2352 1891 2405 Ravenna:
1925 2349 2176 2416 aliquan—

2291 2328 2429 2383 Petri
2481 2328 2794 2399 religionem
2848 2339 2902 2383 et
2951 2330 3257 2399 opinionem
3311 2344 3500 2384 eorum
3557 2332 3868 2386 sanctitatis

612 2456 700 2510 diu
731 2453 965 2513 fecisset,
996 2449 1199 2518 optima
1226 2445 1439 2515 cognita
1466 2443 1615 2513 pueri
1646 2438 1843 2501 indole,
1869 2436 2178 2491 Faventiam

2291 2418 2455 2488 magis
2489 2419 2937 2483 conlirmassent,’
2975 2418 3218 2473 fecerunt
3254 2420 3332 2472 uti
3365 2420 3536 2487 majus
3573 2420 3753 2475 adhuc
3780 2436 3868 2477 ea-

612 2507 787 2617 l‘ﬁmo
818 2507 985 2607 misit"
1030 2507 1149 2595 ξηος
1172 2507 1541 2599 Ρθνιςι³,,ι”υι
1569 2534 1755 2589 domos
1796 2530 1865 2585 ibi
1899 2530 2040 2583 viros
2086 2542 2179 2581 an-
2286 2507 2548 2564 ducarum
2598 2509 2789 2562 harum
2822 2524 3003 2563 rerum
3032 2508 3305 2563 fastidium
3332 2509 3523 2565 Petrus
3551 2511 3869 2575 incurrerit,

608 2598 769 2693 liii-et.
802 2636 954 2702 Quod
972 2598 1177 2685 'Petrus
1200 2628 1311 2683 suis
1334 2626 1522 2681 litteris
1546 2631 1791 2678 testatur.

2291 2613 2382 2653 nec
2405 2599 2695 2668 quidquam
2722 2598 2864 2653 aliud
2895 2598 2997 2652 nisi
3026 2598 3269 2653 cmlestia
3300 2600 3585 2669 cogitaret.

677 2691 846 2780 Brevi
883 2732 1061 2776 autem
1103 2716 1349 2773 liberales
1389 2723 1531 2769 artes
1561 2728 1751 2769 omnes
1785 2711 2026 2774 edoctus,
2061 2717 2177 2763 tan-

2350 2691 2478 2747 Post
2530 2692 2917 2747 monachorum
2966 2691 3284 2758 discessum,
3333 2705 3393 2748 nt
3445 2711 3546 2750 usu
3586 2698 3871 2756 tractanda.

614 2828 726 2871 tum
760 2813 991 2868 nominis
1026 2825 1089 2865 ac
1134 2809 1287 2862 fama:
1319 2807 1459 2876 apud
1502 2818 1691 2859 onmes
1720 2804 1941 2872 adeptus
1987 2810 2070 2854 est
2097 2810 2173 2860 ut.

2291 2794 2629 2854 cognosceret
2658 2792 2838 2837 utrum
2873 2784 2991 2855 ejus
3035 2794 3181 2839 esset
3212 2784 3452 2841 laborem
3484 2789 3869 2857 asperitatem-

615 2917 824 2957 summa
884 2899 1115 2953 utilitate
1165 2904 1323 2964 atque
1358 2875 1683 2947 auditorum
1732 2889 2032 2959 frequentia
2086 2902 2180 2942 eas

2291 2891 2387 2944 que
2420 2875 2543 2929 vita:
2591 2876 2819 2941 laturus,
2845 2877 3078 2946 conjecit
3124 2892 3183 2933 se
3232 2880 3282 2932 in
3317 2879 3563 2934 cellulam
3610 2882 3749 2936 satis
3780 2898 3871 2936 ar-

612 2993 826 3047 caueris
854 2990 1045 3044 deinde
1094 2986 1393 3053 explicans,
1444 2982 1600 3037 facile
1633 2981 1837 3049 primus
1869 2987 1978 3033 tota
2028 2977 2177 3031 Italia
2283 2974 2446 3030 Clam.
2480 2967 2567 3022 ubi
2618 2983 2714 3035 Per
2743 2968 3099 3037 quadraginta
3130 2969 3267 3033 dies.
3310 2971 3475 3024 Vitam
3518 2971 3672 3039 juxta
3723 2972 3871 3041 leges

615 3081 926 3135 haberetur.
963 3076 1203 3143 Cumque
1230 3073 1282 3127 in
1314 3073 1428 3127 dies
1456 3069 1747 3133 favoribus,
1780 3068 1949 3137 gratia
1978 3068 2177 3136 princi-
2278 3056 2624 3109 θτθηιίιπυῐη
2653 3067 2853 3111 εθηειειδ
2890 3057 3082 3113 (Ϊιτυείε
3121 3059 3377 3114 "adluit-
3406 3059 3523 3126 (ὶυο
3552 3076 3718 3130 801³⁸³·
3722 3077 3755 3116 ε
3787 3061 3868 3115 νί-

606 3186 737 3242 pum
790 3168 989 3222 divitiis
1023 3174 1077 3218 et
1128 3162 1449 3218 auctoritate
1492 3166 1779 3223 cresceret,
1813 3158 2047 3227 seipsum
2093 3157 2175 3211 in-
2205 3156 2253 3220 C
2282 3144 2439 3199 νθηάί
2469 3146 2755 3215 Plurimum
2801 3148 3106 3213 Γοῦοηιιιθν
3140 3150 3269 3204 nihil
3291 3149 3404 3216 lam
3443 3152 3792 3209 (liﬂicullales
3819 3165 3875 3209 ει

614 3273 866 3325 crepans,
905 3254 1163 3323 nunquid,
1184 3252 1416 3316 dicebat,
1438 3250 1524 3305 his
1547 3256 1805 3319 perpetuo
1826 3248 2064 3311 caducis,
2097 3256 2175 3301 at-

616 3363 720 3417 que
752 3346 1050 3401 interituris
1078 3343 1230 3397 bonis
1257 3339 1598 3395 inhaeserint?
1639 3354 1704 3391 an
1755 3351 1860 3391 non
1892 3337 2067 3405 potius
2094 3336 2178 3390 his

614 3436 935 3498 valedicens,
973 3432 1207 3488 caelestia
1248 3429 1560 3485 consecter?
1616 3427 1745 3493 Quae
1774 3442 1895 3481 cum
1918 3435 2181 3495 repeteret

618 3528 831 3596 sarpius,
879 3524 1089 3579 tandem
1141 3520 1394 3592 paulatim
1446 3518 1609 3588 erepit
1657 3516 1853 3571 divinis
1898 3516 2089 3571 studiis
2129 3523 2183 3568 et

618 3616 892 3685 obsequiis
919 3626 1116 3666 navare
1144 3624 1384 3679 operam.
1440 3608 1626 3676 Itaque
1650 3607 1749 3660 sub
1774 3606 2005 3674 pretiosa
2037 3613 2184 3658 veste

620 3707 793 3762 induit
841 3704 1105 3765 cilicium,
1161 3700 1492 3771 inedizeqne,
1541 3707 1596 3753 et
1636 3698 1831 3767 vigiliis
1881 3712 1944 3751 ac
1992 3696 2185 3750 divinis

619 3796 832 3867 hymnis
865 3795 1116 3863 frequens
1152 3789 1387 3844 studium
1418 3786 1658 3849 exhibet,
1690 3799 1919 3853 cumque
1949 3783 2187 3838 libidinis

614 3900 751 3944 aestu
789 3903 886 3955 pro
911 3885 1083 3939 anatis
1120 3887 1308 3936 natura
1343 3880 1667 3948 jactaretur,
1709 3876 1900 3930 mediis
1940 3874 2186 3929 noctibus

622 4000 653 4033 c
678 3978 838 4032 cubili
869 3988 1089 4044 surgens
1119 3970 1271 4040 aquis
1299 3984 1356 4022 se
1394 3968 1733 4036 immergere,
1768 3964 1892 4018 dum
1923 3971 2063 4017 totus
2092 3962 2187 4015 fri-

624 4076 884 4139 gescerct,
928 4065 1155 4131 indeque
1206 4070 1455 4127 egressus
1501 4056 1553 4109 in
1604 4055 1797 4107 lectum
1843 4052 2060 4106 minime
2106 4066 2186 4104 re-

624 4160 794 4228 gredi,
844 4155 947 4211 sed
984 4154 1206 4223 psalmis
1255 4162 1415 4219 atque
1464 4146 1677 4216 hymnis
1720 4145 1885 4198 Deum
1939 4145 2186 4198 venerari

622 4258 999 4305 consueverat.

695 4340 887 4394 Mirum
918 4336 1077 4391 fuerit
1106 4335 1251 4389 dictu
1282 4345 1443 4402 quam
1478 4329 1791 4401 praestiterit
1815 4326 2098 4397 egentibus
2130 4325 2189 4378 lio

624 4428 961 4481 heralitatem
1000 4434 1054 4479 et
1092 4420 1548 4483 munificentiam,
1586 4431 1855 4488 quamque
1886 4416 2114 4487 benigne
2139 4423 2193 4469 et

2281 3238 2474 3291 durum
2521 3238 2643 3292 vita:
2702 3238 2845 3293 illius
2895 3242 3112 3295 modum
3169 3241 3391 3307 timens,
3449 3244 3563 3297 suis
3618 3246 3875 3301 omnibus

2282 3328 2487 3393 insciis,
2518 3327 2655 3382 clam
2680 3330 2746 3382 ad
2776 3343 2895 3383 eam
2923 3332 3123 3385 montis
3150 3330 3347 3386 Catriae
3372 3332 3717 3389 solitudinem
3747 3352 3873 3407 pro-

2284 3420 2455 3474 fectus
2486 3429 2591 3474 est.
2623 3419 2837 3489 Excipit
2883 3435 3006 3474 enm
3054 3421 3285 3476 libenter
3318 3422 3507 3489 abbas,
3549 3424 3875 3497 cuculloque

2286 3512 2529 3566 indutum
2568 3513 2660 3567 uni
2709 3528 2775 3566 ex
2814 3513 3090 3568 monachis
3132 3514 3185 3567 in
3239 3514 3576 3583 disciplinam
3630 3516 3873 3571 tironum

2286 3618 2435 3659 inore
2485 3604 2666 3658 tradit.
2715 3601 2985 3669 Quantum
3028 3611 3207 3657 autem
3239 3604 3545 3674 profecerit,
3597 3620 3876 3678 quamque

2290 3694 2652 3749 obedientiam
2680 3694 2937 3764 magistro
2962 3694 3422 3764 reverentiamqne
3443 3698 3778 3765 praestiterit,
3806 3714 3874 3753 ex

2284 3800 2349 3839 eo
2378 3783 2531 3840 facile
2558 3785 2808 3855 cognosci
2839 3793 3032 3855 potest,
3063 3786 3205 3856 quod
3238 3788 3342 3841 iter
3370 3803 3491 3842 cum
3538 3800 3877 3860 praeceptore

2286 3887 2451 3943 eques
2497 3874 2857 3942 ingressurus,
2904 3875 3195 3945 jussusque
3243 3876 3312 3930 ab
3360 3892 3457 3940 eo,
3514 3886 3572 3931 nt
3622 3880 3877 3935 indueret

2286 3961 2583 4017 molliorem
2614 3972 2816 4016 vestem
2864 3977 2928 4017 ac
2963 3963 3348 4033 pulchriorem,
3382 3967 3705 4036 magistrum
3744 3984 3873 4039 sup~

2286 4053 2405 4121 plex
2436 4052 2740 4107 obsecravit
2770 4068 2835 4105 ne
2864 4053 3005 4121 quod
3035 4053 3215 4108 minus
3244 4055 3438 4109 decere
3485 4056 3600 4125 ipse
3634 4058 3874 4112 arbitra—

2289 4144 2445 4197 batur
2480 4141 2809 4213 praeciperet.
2844 4142 3109 4195 (ueterum
3162 4142 3441 4212 magister,
3487 4144 3579 4212 qui
3627 4159 3752 4199 eum
3803 4145 3877 4199 ob

2290 4240 2599 4302 perspectas
2626 4230 2851 4285 virtutes
2876 4231 3031 4283 unice
3060 4230 3337 4299 diligebat,
3369 4241 3765 4301 preptereaque
3806 4250 3876 4287 nc

2293 4323 2345 4374 in
2374 4320 2646 4390 publicum
2694 4319 2935 4387 prodiret
2964 4322 3097 4373 adeo
3126 4321 3384 4385 in'eultus,
3414 4324 3637 4389 Optabat
3668 4340 3874 4393 nequa-

2293 4426 2452 4478 quam
2490 4410 2718 4464 assiduis
2760 4408 3108 4477 repetitisqne
3148 4409 3264 4478 ejus
3295 4410 3545 4479 precibus
3593 4416 3871 4467 assentiri.

624 4524 709 4590 pic
759 4516 983 4587 prandio
1026 4514 1143 4567 illos
1186 4514 1477 4581 exciperet.
1524 4508 1640 4574 Quo
1680 4508 1795 4563 loco
1832 4508 1957 4561 illud
1991 4522 2187 4575 nequa.
2220 4493 2265 4551 Ι)
2297 4499 2457 4569 Igitur
2480 4497 2687 4563 Petrus,
2706 4512 2771 4552 ne
2788 4497 3263 4566 uimisprael'ractze
3277 4499 3521 4567 pertinax
3549 4500 3877 4557 obedientia‘.

622 4624 786 4677 quam
813 4605 1025 4662 silentio
1048 4602 1260 4657 videtur
1295 4598 1757 4671 praetereundum,
1802 4611 1922 4651 cum
1958 4598 2188 4665 quadam

626 4704 712 4756 die
762 4714 865 4753 una
914 4711 1034 4751 cum
1084 4692 1251 4749 sodali
1310 4705 1440 4756 suo,
1496 4689 1650 4759 cujus
1703 4702 1865 4757 opera
1920 4687 2187 4748 utebatur,

626 4788 936 4859 pranderet,
969 4799 1141 4851 neque
1166 4791 1317 4836 extra
1352 4780 1566 4833 unicum
1595 4793 1662 4832 ex
1690 4776 1995 4846 similagine
2025 4776 2187 4830 tritici

631 4894 821 4950 panem
848 4875 1009 4929 alium
1040 4873 1260 4926 haberet
1291 4870 1588 4938 sudalique,
1623 4868 1712 4935 qni
1743 4868 1930 4922 eodem
1955 4867 2075 4921 cibo
2113 4867 2187 4920 uti

631 4973 1018 5025 consueverat,
1070 4960 1305 5015 cibarius
1357 4968 1410 5011 et
1454 4956 1801 5012 secundm-ius
1847 4955 1998 5024 panis
2049 4963 2191 5009 esset

631 5058 923 5129 appositus,
952 5068 1131 5108 secum
1148 5050 1298 5119 loqui
1328 5050 1553 5114 cmpisse
1578 5062 1590 5098 :
1619 5046 1863 5100 Christus
1888 5044 1953 5097 ad
1982 5059 2189 5098 (scenam

632 5162 807 5202 meam
848 5143 1067 5198 inferior
1113 5141 1243 5194 mihi
1292 5149 1412 5200 est,
1473 5136 1692 5205 jamque
1741 5136 1824 5189 bis
1870 5143 2030 5203 atque
2073 5135 2191 5191 aliis

634 5239 815 5293 animo
850 5234 1113 5302 repetitis,
1156 5246 1278 5286 cum
1324 5243 1516 5297 panem
1567 5241 1690 5280 cum
1740 5225 1827 5279 illo
1860 5235 2191 5280 commutare

633 5328 1000 5387 decrevisset,
1048 5324 1247 5393 pudore
1311 5330 1487 5374 tamen
1543 5326 1807 5373 retractus
1860 5326 1959 5372 est.
2011 5318 2193 5388 Itaque

634 5419 1007 5475 comedentem
1034 5430 1199 5483 pavor
1211 5412 1408 5467 sensim
1435 5411 1641 5480 arripit,
1671 5419 1725 5464 et
1752 5411 1944 5465 horror
1957 5411 2200 5466 concutit

634 5513 925 5571 viseerum,
961 5506 1275 5572 tandemque
1302 5502 1479 5573 piscis,
1509 5515 1627 5570 quae
1651 5510 1956 5554 transversa
1998 5502 2053 5555 in
2080 5512 2201 5571 gut-

641 5609 760 5650 ture
792 5594 1094 5655 inhzescrat,
1130 5592 1276 5659 spina
1308 5588 1465 5642 nullis
1500 5588 1695 5641 cedens
1742 5589 1990 5643 remediis
2024 5599 2197 5645 stran-

641 5684 875 5755 gulabat,
914 5697 1055 5747 eum,
1090 5679 1139 5733 id
1171 5678 1268 5733 sibi
1299 5678 1366 5731 ob
1396 5692 1583 5748 panem
1612 5692 1676 5730 ex
1707 5675 2003 5747 similagine
2031 5682 2197 5737 sodali

2296 4604 2635 4665 repugnaret,
2673 4609 2980 4664 quanquam
3029 4594 3269 4647 maxime
3317 4595 3520 4662 pudore
3563 4610 3629 4650 ac
3676 4598 3878 4653 rubore

2291 4686 2543 4748 suffusus,
2591 4686 2731 4754 quod
2777 4700 2897 4753 qme
2937 4681 3199 4751 rejeceral
3238 4694 3555 4739 ornamenta
3604 4688 3878 4757 recepisse

2294 4778 2590 4841 videretur,
2622 4777 2892 4830 neminem
2925 4774 3119 4828 intueri
3158 4790 3267 4844 pra:
3304 4777 3505 4843 pudore
3526 4792 3731 4839 .ausus,
3761 4779 3879 4847 pul-

2294 4868 2504 4921 chriore
2535 4867 2754 4921 indutus
2784 4865 3013 4931 cucullo,
3046 4867 3306 4935 magistro
3349 4882 3529 4921 comes
3556 4868 3723 4934 abiit;
3753 4885 3877 4923 cer-

2298 4972 2425 5012 nere
2472 4968 2665 5017 autem,
2698 4956 3144 5027 quemadmodum
3191 4957 3416 5025 ipsemet
3446 4957 3648 5017 retulit,
3682 4972 3881 5013 omnes

2297 5063 2420 5103 eum
2450 5048 2615 5117 digito
2642 5055 3148 5110 commonstrantes,
3194 5056 3249 5101 et
3286 5049 3466 5115 Spttttsi
3496 5048 3737 5114 nomine,
3771 5064 3879 5102 non

2300 5141 2545 5196 monachi
2607 5139 2982 5212 appellitautes
3028 5153 3347 5208 quacunque
3397 5140 3717 5209 incederet,
3774 5144 3879 5197 sibi

2297 5234 2594 5288 videbatur.

2369 5323 2447 5376 Ad
2470 5324 2773 5377 ctenobinm
2806 5337 3052 5376 reversus
3100 5322 3285 5393 mejrri
3314 5324 3365 5377 in
3400 5324 3519 5379 dies
3546 5326 3878 5383 abszinentia

2302 5430 2365 5469 ac
2392 5414 2584 5484 vigiliis
2623 5416 2692 5469 ad
2738 5415 3079 5469 sanctitatem
3129 5428 3506 5485 summumque
3546 5417 3749 5471 bonum
3797 5420 3881 5473 in‘

2301 5506 2573 5559 cumbere.
2605 5504 2705 5559 Per
2741 5505 2789 5556 id
2818 5504 3077 5573 temporis
3106 5505 3353 5559 monachi
3383 5504 3479 5568 illi,
3506 5516 3747 5573 quatuor
3770 5510 3882 5563 die.

2304 5596 2401 5648 bns
2459 5594 2801 5648 hebdomadm
2834 5608 2971 5663 pane
3016 5602 3071 5646 et
3116 5609 3253 5661 aqua
3309 5596 3591 5659 traductis,
3624 5598 3785 5651 tertia
3830 5609 3882 5653 ct

2305 5687 2485 5755 quinta
2520 5684 2689 5751 leriis,
2722 5700 2909 5755 parum
2940 5685 3225 5753 leguminis
3255 5702 3281 5738 a
3330 5686 3553 5757 singulis
3585 5689 3700 5744 suis
3728 5706 3884 5745 seor-
