4040 6402
241 391 324 447 I‘i'l
1057 374 1592 445 PROLEGOMENA.
1624 405 1703 426 ,—
1741 373 1799 429 S.
1841 372 2062 428 PETRI
2108 371 2398 428 DA‘MIA'NI
2434 369 2592 427 \‘ITA
2637 369 2723 424 IV.

3429 373 3533 430 I78

233 515 336 558 sum
381 494 646 552 cubiculis
693 492 832 546 cocti
901 493 1217 556 sumebant;
1274 488 1574 560 diebusque
1630 501 1804 541 sacrae
1834 487 1876 544 Α
1908 483 2326 540 solemuioribus
2357 483 2521 540 Petro
2551 485 2732 554 pisces
2760 482 2904 538 dono
2955 483 3174 540 mittere
3227 499 3531 542 consueve-

237 593 423 656 inedize,
447 588 632 660 panis,
657 601 761 641 nou
785 594 1045 656 quantum
1068 584 1298 654 quisque
1320 582 1504 648 vellet,
1529 581 1624 636 sed
1651 589 1803 636 certa

233 685 440 756 quadam
474 694 732 734 mensura
780 679 1045 747 modoque
1083 677 1446 746 praebebatur.
1498 673 1693 729 Vinum
1725 673 1802 727 rei

235 787 419 833 lanlum
449 772 650 827 divina:
684 769 944 826 faciendae
994 778 1050 824 ct
1095 768 1314 838 mgrotis
1360 775 1567 831 notum,
1602 764 1804 821 nemini

231 877 491 940 praeterea.
521 863 660 918 Cum
689 878 819 917 vero
852 862 898 916 is
924 869 1069 916 esset
1095 861 1147 915 in
1178 859 1374 931 vigiliis
1401 873 1539 924 mos,
1567 866 1624 936 nt
1649 857 1806 927 signo

232 963 375 1018 dato,
421 953 705 1007 matutinis
757 950 987 1020 expletis
1033 950 1306 1020 precibus,
1353 962 1545 1003 omnes
1576 948 1807 1019 hymnos

232 1048 428 1103 bavidis
454 1048 770 1110 recitarem,
791 1045 1126 1115 prmveniens
1150 1059 1438 1118 commune
1462 1043 1564 1098 hoc
1591 1043 1805 1112 signmn

231 1142 424 1203 I‘etrus,
449 1138 713 1209 quidquid
736 1146 852 1194 erat
878 1139 1055 1193 noctis
1088 1137 1375 1208 reliquum,
1403 1137 1808 1194 continentibus

228 1231 453 1286 excubiis
482 1229 750 1293 ducebat;
781 1229 923 1283 unde
953 1228 1006 1282 in
1054 1242 1179 1282 eum
1217 1226 1409 1282 incidit
1446 1227 1715 1291 morbum,
1749 1236 1808 1280 ut

227 1327 330 1378 dies
375 1329 668 1392 noctesque
720 1321 994 1374 insomnes
1047 1328 1268 1390 ageret;
1311 1319 1407 1375 sed
1459 1319 1809 1388 temperatior

227 1417 386 1468 lactus
415 1411 709 1467 convaluit.
740 1411 987 1481 Cumque
1033 1410 1184 1467 brevi
1216 1411 1269 1465 in
1299 1425 1569 1466 summam
1601 1409 1806 1465 sancti-

225 1508 339 1562 tatis
388 1504 592 1559 famam
647 1505 930 1569 crevisset,
980 1502 1208 1560 summis
1258 1501 1477 1559 tandem
1532 1501 1804 1573 precibus,

224 1598 454 1654 Guidenc
483 1597 818 1652 Strantbiato
848 1595 1182 1660 Ravennate,
1208 1595 1401 1650 abbate
1426 1593 1805 1664 Pomposiano,

222 1692 268 1745 id
295 1692 360 1745 ab
401 1698 606 1746 sancta:
633 1687 824 1745 Crucis
855 1686 1150 1759 .prtefecto.
1197 1688 1543 1758 impetrante,
1573 1685 1807 1757 Pompo-

220 1784 344 1836 siam
377 1781 630 1845 mittitur,
660 1790 719 1834 ut
763 1781 1059 1836 monachos
1103 1779 1226 1834 illos
1273 1778 1561 1849 praeceptis
1609 1776 1809 1832 divinis

1906 584 2013 641 rat,
2049 584 2227 641 nocte,
2255 591 2377 645 quae
2409 575 2554 629 diem
2589 573 2830 644 natalem
2877 571 3080 629 Christi
3133 575 3230 631 Dei
3278 577 3533 648 proxime

1907 668 2222 733 antecessit,
2273 667 2418 737 quod
2468 668 2672 722 habere
2721 676 2883 722 antea
2921 667 3117 737 pisces.
3152 683 3257 723 non
3295 679 3531 739 poterat,

1907 773 2125 814 servum
2177 774 2302 814 cum
2353 758 2508 828 pisce
2565 757 2757 830 grandi
2814 758 2980 813 misit.
3034 758 3168 814 Erat
3207 759 3413 816 fmdum
3468 776 3533 816 ea

1908 857 2068 904 nocte
2098 849 2318 914 caelum,
2350 849 2514 904 nullis
2556 856 2650 903 aut
2679 848 2843 915 lunae,
2893 858 2988 904 aut
3021 849 3255 904 aliorum
3288 850 3533 907 siderum

1909 942 2078 999 radiis
2126 942 2370 1011 illustre;
2427 952 2484 997 et
2536 944 2603 998 ad
2641 953 2964 1015 perpetuam
2998 945 3098 1000 viae
3153 945 3531 1004 ditIieultatetn

1909 1033 2065 1088 nives
2096 1033 2220 1088 alta:
2251 1034 2606 1090 accedebant.
2641 1033 2834 1106 Itaque
2860 1035 2990 1091 dum
3028 1051 3222 1094 servus
3250 1038 3320 1094 ad
3351 1040 3536 1096 excel-

1909 1139 2028 1179 sam
2054 1124 2226 1194 ripam
2255 1125 2616 1195 pervenisset,
2651 1115 2768 1197 ejus
2799 1135 3048 1182 extrema
3079 1127 3310 1184 nimium
3339 1145 3533 1200 perse-

1909 1230 2106 1285 quens,
2135 1215 2288 1288 lapso
2335 1217 2475 1288 pede
2505 1233 2750 1289 prmceps
2787 1217 3020 1275 inferius
3051 1220 3269 1292 agitur;
3321 1233 3377 1278 et
3407 1237 3534 1278 eum

1913 1322 1957 1361 ts
2006 1305 2174 1363 fuerit
2217 1323 2378 1364 casus
2428 1320 2488 1364 ut
2539 1319 2684 1372 totus
2731 1311 2968 1382 discerpi
3008 1309 3536 1386 faciteall‘ringique

1911 1402 2198 1470 potuisset,
2231 1404 2443 1459 meritis
2472 1412 2652 1460 tamen
2686 1405 2787 1459 viri
2818 1406 3020 1470 sancti,
3054 1408 3104 1461 vi
3137 1407 3345 1476 divina,
3381 1409 3535 1463 inco-

1911 1491 2073 1548 lumis
2101 1507 2166 1547 ac
2206 1492 2408 1549 illesus
2441 1495 2639 1560 evasit,
2673 1494 2998 1566 validusque
3037 1506 3092 1553 et
3129 1497 3315 1554 alacer
3341 1513 3539 1554 excus-

1912 1596 2032 1635 sum
2080 1596 2222 1637 onus
2252 1583 2470 1638 cervice
2519 1585 2835 1656 resumpsit.
2882 1585 3129 1658 Cumque
3177 1587 3414 1643 venisset
3467 1588 3536 1642 ad

1913 1671 2158 1743 Petrum,
2190 1683 2244 1729 et
2270 1675 2472 1731 domini
2507 1692 2705 1730 munus
2743 1675 3056 1742 obtulisset,
3092 1679 3238 1748 quod
3266 1678 3387 1747 ejus
3420 1696 3537 1733 tue-

1918 1765 2037 1821 ritis
2081 1768 2348 1823 evasisset
2401 1778 2634 1825 mortem
2692 1770 2942 1841 ingentes
2991 1772 3198 1840 gratias
3248 1774 3378 1843 egit.
3435 1772 3541 1828 Cui

216 1872 484 1942 sacrisque
513 1843 710 1926 litteris
735 1869 1078 1935 instrueret;
1105 1869 1175 1924 Ibi
1209 1843 1474 1940 transegit
1504 1866 1800 1923 biennium.

1919 1857 2134 1925 l’etrus,
2161 1875 2249 1924 ne,
2284 1860 2480 1931 inquit,
2518 1860 2589 1915 fili
2635 1861 2731 1927 mi,
2765 1864 2973 1918 erranti
3005 1863 3212 1920 homini
3258 1879 3323 1919 ac
3348 1865 3541 1921 CI‘III‘IIe

218 1966 325 2030 Quo
346 1963 552 2033 elapso,
577 1961 646 2016 ab
666 1970 868 2017 sancta:
892 1959 1083 2017 Crucis
1105 1959 1382 2031 prmfecto,
1411 1960 1500 2030 qui
1530 1959 1656 2014 illuc
1683 1973 1809 2014 eum

216 2055 448 2120 miserat,
494 2055 720 2124 suisque
747 2052 1030 2108 monachis
1077 2062 1387 2108 revocatur.
1435 2052 1637 2107 Ibidem
1670 2065 1810 2121 pra:-

217 2150 346 2204 τρειο
375 2145 537 2218 paulo
564 2154 686 2216 post
714 2153 947 2207 mortuo,
980 2160 1215 2200 renuens
1249 2159 1313 2200 ac
1339 2143 1627 2215 diligenter
1654 2157 1809 2198 recu-

211 2255 354 2302 sans,
400 2238 622 2294 tandem
653 2238 903 2294 ctenobio
934 2237 1248 2308 praeficitur.
1280 2235 1434 2305 Quod
1479 2252 1604 2292 cum
1651 2235 1807 2290 insti-

213 2327 412 2390 luisset,
458 2327 512 2382 in
569 2325 910 2382 Camertihus
961 2326 1218 2396 primum,
1272 2341 1398 2382 mox
1447 2325 1516 2380 ad
1565 2333 1808 2380 tuentem

212 2418 448 2491 Regium,
499 2421 596 2491 qui
646 2429 730 2475 est
777 2419 831 2474 in
877 2419 1166 2484 Perusino,
1217 2419 1310 2474 ubi
1357 2419 1551 2475 cellam
1603 2417 1808 2489 reperit

208 2500 359 2580 quam
388 2511 576 2566 divum
603 2510 961 2567 Romualdum
986 2511 1279 2568 incoluisse
1301 2510 1587 2577 ferebant;
1612 2510 1808 2567 deinde

209 2605 256 2655 in
282 2604 606 2668 Faventino,
639 2613 750 2659 tum
780 2606 847 2661 ad
873 2605 1180 2672 Aceretem,
1209 2617 1322 2662 tum
1349 2604 1418 2660 ad
1445 2603 1802 2671 Gaviunium;

207 2711 338 2751 tumc
387 2697 654 2752 Cavinam
688 2689 942 2768 appellari
995 2705 1216 2769 putant;
1256 2706 1446 2768 postea
1496 2697 1552 2752 in
1602 2697 1807 2753 Arimi-

209 2789 354 2843 uensi
384 2788 454 2842 ad
488 2787 829 2844 Mureianum
859 2788 1110 2845 emnobia
1137 2789 1419 2845 excitavit.

265 2881 396 2936 Cum
428 2895 566 2936 vero
593 2891 742 2938 esset
767 2882 819 2936 in
865 2881 1209 2938 Gaviuniano
1233 2881 1505 2949 eoenobio,
1530 2881 1688 2951 jubet
1719 2884 1807 2938 die

203 2974 426 3043 quadam
461 2973 820 3038 monachum,
861 2975 954 3045 qui
991 2974 1309 3030 ministrare
1353 2974 1456 3030 sibi
1509 2990 1810 3030 consueve-

203 3074 300 3128 rat,
332 3073 521 3134 potum
553 3063 754 3120 afferre
779 3063 881 3120 sibi
921 3079 988 3120 ex
1020 3062 1190 3120 fonte.
1217 3063 1367 3120 Fecit
1401 3065 1668 3136 imperata
1700 3068 1804 3122 mi-

201 3156 380 3221 nister,
427 3158 528 3212 sed
564 3172 704 3228 aqua
753 3157 806 3212 in
851 3157 1041 3212 vinum
1078 3165 1310 3225 mutata,
1339 3156 1479 3213 alius
1517 3159 1696 3215 denuo
1734 3160 1803 3215 ab

199 3248 562 3305 assidentibtts
595 3249 876 3306 monachis
909 3251 1173 3319 mittitur,
1209 3251 1307 3321 qui
1344 3266 1541 3322 aquam
1586 3250 1797 3308 afferat.

199 3339 303 3407 Qua
334 3342 526 3398 itidem
579 3343 634 3397 iu
673 3343 856 3399 vinum
888 3358 1173 3409 conversa,
1205 3343 1484 3400 mandavit
1513 3343 1709 3401 Petrus
1749 3345 1804 3401 id

198 3445 258 3484 ne
283 3434 542 3502 cuiquam
590 3433 993 3504 patefacerent;
1035 3435 1178 3505 quod
1209 3442 1266 3490 et
1311 3433 1517 3491 factum
1562 3451 1576 3490 :
1615 3451 1717 3492 nec
1748 3435 1802 3492 id

195 3523 473 3595 quisquam
503 3526 615 3582 nisi
646 3527 714 3582 ab
742 3528 860 3598 ejus
890 3527 1115 3583 interitu
1144 3543 1386 3598 unquam
1424 3529 1668 3585 rescivit.

255 3615 385 3672 Illud
417 3619 597 3672 etiam
635 3615 740 3674 fuit
773 3620 907 3676 satis
934 3618 1151 3676 celebre
1177 3619 1325 3690 quod
1358 3635 1483 3676 cum
1522 3619 1680 3688 juxta
1715 3635 1802 3675 sa-

196 3707 377 3763 cellum
410 3725 581 3764 suum
607 3709 823 3782 plenum
855 3710 967 3765 vini
996 3710 1204 3765 dolium
1233 3710 1485 3775 haberet,
1515 3719 1803 3767 transenn—

194 3799 326 3854 tibus
352 3800 484 3856 illac
535 3801 801 3856 militibus
845 3810 902 3857 et
949 3816 979 3856 a
1030 3803 1315 3858 sacerdote
1360 3801 1546 3857 sacelli
1577 3803 1803 3858 custode

193 3899 366 3954 potum
393 3899 728 3963 arroganter
749 3892 1084 3964 petentibus,
1109 3908 1232 3949 cum
1256 3895 1516 3950 sacerdos
1550 3904 1800 3964 vegetem

193 3981 500 4048 indicasset,
537 3991 595 4040 et
622 3985 802 4038 omnia
831 3985 951 4056 ejus
986 3983 1253 4041 foramina
1283 3986 1388 4058 ipsi
1432 3988 1798 4057 aperuissent,

191 4069 363 4126 vinum
414 4073 842 4146 haudquaquam
891 4075 1111 4146 prodiit.
1154 4074 1430 4148 Suspicati
1461 4087 1590 4133 sunt
1621 4078 1800 4150 primo

189 4180 241 4219 se
289 4182 318 4220 a
375 4166 673 4224 sacerdote
722 4168 1000 4240 deceptos.
1052 4169 1242 4241 Itaque
1290 4172 1560 4242 superiori
1594 4183 1800 4229 retecto

190 4253 470 4323 foramine,
527 4268 767 4314 cernunt
819 4276 1012 4331 parum
1066 4259 1259 4318 deesse
1322 4263 1469 4328 vini;
1533 4271 1796 4338 cancrum

186 4363 498 4421 quanquam
566 4351 884 4422 injiciebant
916 4353 1104 4425 virgas
1131 4353 1182 4408 in
1216 4353 1508 4420 foramina,
1542 4355 1679 4411 nihil
1719 4365 1798 4410 ta-

189 4456 300 4496 men
327 4444 438 4498 vini
473 4460 711 4516 usquam
740 4445 895 4510 exiit,
923 4461 1051 4502 cum
1081 4446 1284 4517 alioqui
1317 4447 1485 4518 virgae
1514 4447 1645 4518 ipsa:
1670 4449 1797 4504 vino

185 4537 482 4593 maderent.
524 4536 684 4604 Quod
733 4538 1055 4593 miraculum
1086 4554 1153 4594 eo
1182 4539 1348 4595 etiam
1382 4538 1558 4608 majus
1595 4549 1679 4598 est
1716 4541 1795 4596 vi-

187 4641 266 4679 um
311 4627 461 4697 quod
509 4629 806 4698 peregrino
833 4630 1022 4700 paucis
1049 4641 1174 4700 post
1201 4632 1355 4688 horis
1380 4633 1571 4690 eadem
1613 4643 1792 4690 trans-

183 4730 333 4774 eunte
391 4736 461 4776 ac
518 4721 630 4776 sibi
688 4721 782 4777 Dei
836 4737 1001 4778 causa
1053 4733 1221 4795 atque
1273 4725 1492 4782 nomine
1560 4727 1789 4797 praeberi

185 4821 353 4876 potum
411 4813 772 4883 postulante,
825 4829 950 4870 cum
1003 4831 1256 4874 sermone
1311 4819 1615 4876 sacerdotis
1670 4837 1793 4892 quae

184 4904 434 4962 militibus
463 4905 810 4962 accidissent
853 4909 1128 4965 narrantis
1175 4911 1291 4980 ipse
1326 4909 1642 4977 deterritus,
1676 4929 1794 4969 ma-

183 5011 330 5058 guum
358 5011 600 5066 sperare
629 5012 689 5052 se
737 4997 1059 5055 beneficium
1093 4999 1409 5066 aﬂlrmaret,
1451 5018 1517 5058 ex
1549 5019 1616 5060 eo
1645 5007 1790 5075 quod

195 5087 241 5137 ib
269 5087 632 5143 insolentium
664 5089 847 5158 rapina
879 5089 1151 5147 incolume
1175 5100 1339 5162 atque
1367 5093 1639 5165 integrum
1671 5112 1788 5152 ser-

177 5167 347 5234 i'atum
376 5173 594 5248 fuerat,
625 5183 928 5250 prmsertim
956 5182 1102 5254 quod
1133 5194 1296 5241 notus
1340 5185 1443 5241 sibi
1464 5184 1786 5255 jamdudum

181 5269 356 5327 Petrus
383 5271 612 5337 fuisset,
644 5282 701 5328 et
728 5287 883 5328 suum
911 5271 1229 5345 frequenter
1249 5274 1588 5334 exhibuisset
1609 5294 1786 5334 sacer-

181 5362 287 5424 dos,
329 5380 662 5436 quanquam
702 5365 917 5430 timens,
947 5375 1002 5421 et
1048 5366 1182 5422 nihil
1213 5381 1273 5423 se
1305 5368 1417 5423 vini
1462 5368 1783 5426 hausturum

179 5458 508 5526 rvislimans,
545 5458 790 5514 assiduis
816 5468 998 5516 tamen
1026 5459 1260 5531 hospitis
1289 5462 1505 5534 egentis
1532 5455 1787 5534 precibus

183 5550 443 5626 incitatus,
479 5552 726 5608 contulit
755 5568 813 5608 se
843 5553 908 5608 ad
937 5553 1142 5609 dolium
1169 5553 1549 5628 foramineqne
1574 5557 1790 5615 recluso

183 5655 199 5686 \
215 5641 349 5696 Inttm
382 5644 598 5700 hausit.

245 5731 347 5788 Nec
385 5735 596 5790 ntinori
631 5733 732 5788 fuit
759 5735 1124 5802 admirationi,
1154 5755 1278 5795 cum
1305 5741 1388 5795 vir
1415 5740 1645 5813 insignis
1668 5743 1791 5814 qui-

183 5822 313 5892 d.un,
341 5827 662 5900 opibusque
695 5846 762 5883 ac
800 5829 968 5900 copiis
999 5828 1245 5900 afﬂuens,
1276 5835 1366 5903 qui
1403 5833 1595 5890 diebus
1637 5835 1790 5892 festis

1830 3208 1877 3270 C

1914 1966 2044 2005 num
2076 1951 2197 2006 labe
2228 1967 2546 2023 consperso,
2579 1953 2714 2008 velis
2743 1954 3024 2009 ascribere
3056 1955 3200 2025 quod
3227 1965 3540 2026 prtepoteus

1913 2043 2057 2099 Deus
2084 2061 2192 2100 una
2239 2060 2336 2100 sua
2382 2046 2761 2102 misericordia
2796 2045 2892 2102 tibi
2923 2047 3146 2115 elargiri
3187 2063 3295 2102 non
3329 2057 3414 2102 est
3448 2048 3540 2102 de-

1911 2136 2200 2207 dignatus;
2234 2138 2426 2210 gratia:
2472 2138 2544 2192 illi
2594 2138 2691 2194 abs
2739 2147 2792 2194 te
2835 2147 3072 2209 agantur
3119 2139 3212 2213 qui
3256 2155 3534 2210 nusquam

1912 2230 2064 2284 deest
2092 2228 2160 2284 iis
2185 2229 2277 2300 qui
2314 2230 2366 2284 in
2399 2229 2810 2286 calamitatibus
2837 2230 3204 2301 periculisque
3234 2230 3351 2301 ejus
3375 2247 3546 2301 opem

1911 2320 2231 2392 suppliciter
2259 2322 2573 2394 implorant.

1981 2412 2117 2470 Cum
2153 2414 2282 2469 item
2305 2413 2454 2471 haud
2482 2415 2560 2493 ita.
2589 2415 2789 2474 multos
2819 2427 2944 2488 post
2977 2419 3094 2475 dies
3126 2435 3294 2476 unum
3325 2434 3393 2474 ex
3425 2422 3544 2476 suis

1913 2507 2200 2561 monachis
2231 2507 2299 2562 ad
2339 2508 2594 2565 abbatem
2625 2511 2920 2580 quemdam
2959 2511 3220 2576 misisset,
3269 2512 3541 2567 monacho

1911 2609 2096 2655 autem
2145 2600 2349 2656 diutius
2381 2602 2661 2668 abbatem,
2706 2603 2801 2672 qui
2849 2602 3064 2669 aberat,
3115 2613 3442 2675 exspectare
3481 2615 3541 2660 et

1911 2693 2131 2749 tandem
2165 2709 2232 2750 eo
2262 2709 2371 2764 quo
2399 2693 2592 2750 aberat
2641 2693 2906 2751 adbibere
2944 2695 3136 2752 fuisset
3173 2713 3332 2767 opus,
3377 2698 3537 2752 intel-

1913 2782 2104 2854 ligens,
2133 2784 2238 2841 nisi
2271 2785 2375 2841 iter
2405 2794 2569 2841 noctu
2603 2787 2829 2854 faceret,
2863 2787 2930 2842 ad
2959 2789 3328 2860 prsestitutam
3363 2790 3469 2845 sibi
3504 2806 3538 2845 a

1911 2876 2075 2933 Petro
2119 2877 2263 2933 diem
2306 2892 2414 2933 non
2451 2893 2575 2934 esse
2623 2893 2999 2947 reversurum,
3029 2881 3168 2938 duce
3205 2881 3306 2936 via:
3351 2893 3538 2954 captu,

1913 2969 2018 3024 iter
2046 2971 2262 3040 vesperi
2293 2967 2632 3042 ingreditur;
2661 2987 2765 3028 nec
2793 2973 2885 3028 diu
2918 2987 3238 3044 processum
3269 2981 3378 3037 est,
3412 2991 3539 3031 cum

1910 3076 2033 3118 sese
2058 3062 2149 3118 diu
2181 3077 2250 3118 ex
2279 3062 2458 3119 oculis
2485 3063 2673 3120 furtim
2706 3064 2988 3121 subduxit.
3014 3065 3204 3137 Itaque
3233 3067 3540 3123 monachus

1916 3155 2138 3226 ignarus
2190 3156 2293 3212 vite
2343 3157 2701 3212 vehementer
2750 3157 2970 3225 anxius,
3021 3167 3082 3214 et
3129 3158 3374 3215 incertus
3427 3175 3538 3230 quo

1913 3248 2180 3314 tenderet,
2209 3257 2400 3319 petere
2426 3263 2456 3303 a
2488 3251 2598 3304 Deo
2629 3258 2690 3304 ut
2718 3250 2941 3319 praeiret
2967 3251 3182 3306 itineris
3204 3253 3338 3318 dux,
3373 3253 3541 3308 meri-

1908 3340 1979 3394 tis
2005 3338 2146 3410 ejus,
2190 3341 2278 3396 cui
2324 3341 2553 3397 obedire
2581 3342 2902 3415 satagebat;
2935 3358 3036 3400 nec
3062 3344 3153 3399 diu
3185 3354 3311 3416 post
3348 3362 3541 3416 perve,

1907 3432 2009 3492 nit.
2037 3447 2146 3502 quo
2194 3448 2255 3488 se
2300 3432 2390 3488 via
2422 3433 2712 3490 scindebat
2757 3435 2896 3490 duas
2942 3436 2996 3491 in
3042 3445 3246 3507 partes,
3281 3439 3375 3496 ubi
3407 3439 3539 3498 dunt

1906 3524 2157 3581 laesisset
2202 3522 2508 3596 paululum,
2555 3540 2721 3596 quam
2755 3535 2981 3599 caperet
3025 3527 3338 3598 ambigens,
3372 3530 3540 3603 elegit

1908 3616 2126 3671 tandem
2157 3631 2323 3688 quam
2369 3616 2547 3689 magis
2588 3617 2774 3672 tritam
2807 3619 2968 3687 vidit,
2998 3621 3382 3693 aptioremque
3415 3623 3535 3679 exi-

1905 3709 2174 3764 stimavit.
2214 3708 2484 3766 Cteterum
2517 3709 2647 3767 dum
2693 3723 2928 3768 conatur
2972 3712 3027 3772 in
3058 3728 3183 3769 eam
3224 3713 3538 3784 jumentum

1904 3801 2162 3874 dirigere,
2191 3801 2322 3858 illud
2355 3818 2464 3860 non
2493 3804 2653 3860 modo
2683 3804 2883 3872 renuit,
2917 3806 3016 3863 sed
3051 3806 3216 3862 aliam
3250 3808 3536 3880 ingredie-

1903 3893 2086 3950 batur.
2139 3894 2361 3951 Veritus
2400 3905 2584 3952 autem
2638 3898 2946 3956 monachus
2995 3913 3066 3955 ne
3116 3899 3426 3971 iumentum
3481 3901 3536 3958 id

1904 3983 2130 4052 faceret,
2178 3986 2308 4056 quia
2355 3985 2492 4042 alias
2542 4001 2667 4043 eam
2718 3986 2933 4060 ingredi
2984 3989 3129 4044 viam
3184 3999 3532 4054 consuesset,

1903 4077 2152 4134 calcibus
2185 4092 2251 4132 ac
2281 4077 2605 4135 verberibus
2647 4079 2702 4134 in
2743 4079 2909 4136 aliam
2942 4080 3247 4150 nitebatur,
3274 4082 3532 4153 jumento

1903 4183 1972 4226 ne
1999 4169 2300 4241 quidquam
2333 4170 2707 4236 assentiente;
2742 4170 2812 4227 ad
2847 4179 3158 4228 extremum
3190 4187 3318 4229 cum
3373 4174 3533 4230 irrito

1902 4262 2024 4318 nisu
2061 4263 2153 4318 diu
2182 4262 2546 4330 deccrtasset,
2563 4264 2679 4336 jam
2710 4264 2931 4321 demum
2965 4267 3259 4338 suspicans
3288 4284 3358 4324 ne
3393 4267 3535 4323 forte

1899 4355 2118 4410 brutum
2169 4353 2298 4411 illud
2346 4355 2550 4410 animal
2599 4356 2703 4412 sibi
2731 4365 2926 4414 contra
2959 4373 3193 4426 morem,
3224 4358 3412 4416 divino
3451 4363 3534 4414 in-

1899 4446 2129 4513 stincttt,
2165 4447 2468 4515 resisteret,
2500 4446 2702 4504 laxavit
2733 4448 2998 4512 habenas.
3034 4459 3090 4505 et
3128 4450 3351 4522 quidem
3389 4469 3532 4507 vano

1903 4536 2270 4608 nequidquam
2317 4545 2538 4594 eventu.
2572 4537 2956 4596 Inalbescente
2999 4542 3146 4597 enim
3187 4543 3350 4609 coelo,
3382 4554 3532 4600 recta

1902 4643 1962 4683 se
1987 4627 2294 4699 ingressum
2319 4631 2562 4702 agnovit,
2589 4630 2862 4702 pauloque
2887 4641 3012 4702 post
3036 4648 3159 4690 cum
3186 4637 3532 4705 pervenisset

1902 4717 1970 4772 ad
1997 4717 2331 4784 coenobium,
2362 4735 2486 4790 quae
2514 4721 2879 4792 contigissent
2905 4722 3092 4778 omnia
3122 4723 3289 4780 Petro
3312 4735 3528 4792 narrat,

1903 4818 2123 4889 Deoque
2157 4829 2321 4891 atque
2353 4820 2428 4876 illi
2458 4821 2669 4892 gratias
2693 4821 2807 4892 egit
2837 4822 3222 4880 immortales..

1973 4911 2096 4968 Pari
2129 4913 2450 4968 meritorum
2489 4913 2718 4981 virtute,
2762 4915 2925 4971 dante
2961 4914 3095 4983 Deo,
3145 4915 3531 4974 adolescentu-

1904 5005 2036 5070 lum,
2091 5020 2254 5076 quem
2311 5006 2380 5060 ad
2432 5006 2750 5076 episcopum
2804 5007 3101 5080 quemdam
3136 5009 3191 5064 in
3245 5013 3526 5083 negotium

1899 5095 2432 5168 tuittehat,_trajeeto
2479 5095 2722 5163 flumine,
2780 5096 2832 5151 in
2884 5097 3015 5152 limo
3046 5097 3157 5154 alte
3195 5098 3523 5166 haerentem,

1900 5203 2024 5244 cum
2057 5187 2206 5243 illutn
2236 5190 2556 5247 adolescens
2582 5191 2916 5255 invocasset,
2950 5191 3282 5250 incolumem
3311 5195 3522 5250 eduxit.

1897 5276 2145 5350 Cumque
2173 5279 2492 5347 adolescens
2519 5281 2644 5338 inde
2671 5281 2886 5352 longius
2911 5283 2980 5337 ad
3009 5283 3204 5340 urbem
3231 5297 3525 5356 provectus

1898 5388 2004 5427 non
2054 5376 2348 5444 reperisset
2396 5376 2734 5446 episcopum,
2787 5375 2856 5430 ab
2883 5373 3085 5444 juvene
3132 5378 3378 5449 episcopi
3425 5394 3525 5448 par

1901 5465 2073 5522 truele
2097 5477 2360 5539 exceptus
2386 5480 2488 5524 est.
2533 5468 2591 5524 In
2627 5469 2729 5525 hoc
2757 5477 2937 5524 tamen
2967 5466 3206 5525 defuisse
3251 5471 3521 5541 patruelis

1898 5559 2138 5632 episcopi
2177 5571 2264 5616 est
2290 5562 2462 5625 visus,
2507 5563 2651 5632 quod
2683 5561 2896 5618 cunctis
2928 5562 3258 5618 abeuntibus
3299 5562 3518 5617 adoles-

1898 5651 2175 5705 centulum
2211 5653 2264 5706 in
2295 5652 2551 5709 cubiculo
2581 5654 2776 5726 grandi
2806 5653 2982 5709 solum
3030 5653 3270 5722 reliquit.
3311 5654 3514 5722 Quam-

1899 5744 2085 5798 obrem
2114 5744 2159 5799 is
2192 5760 2388 5816 magno
2419 5756 2706 5817 correptus
2748 5746 2964 5809 timore,
2999 5756 3214 5800 noctem
3247 5745 3393 5800 illam
3428 5755 3515 5798 to»

1904 5845 2012 5890 tam
2044 5834 2348 5891 insomnem
2383 5838 2553 5892 duxit.
2587 5839 2775 5909 Itaque
2822 5837 3052 5907 patrueli
3100 5838 3337 5910 episcopi
3381 5840 3515 5893 dor,-
