4040 6384
564 374 665 429 179

1448 369 1503 423 S.
1546 366 1817 424 PETD‘JS
1858 364 2214 421 D.\.\IlANb$
2255 366 2312 421 S.
2350 366 2415 421 ii.
2459 366 2518 421 E.
2559 365 2992 423 CARDINALlS.

3726 363 3833 421 18.)

561 490 751 544 mieuti
787 487 975 541 Petrus
1018 486 1260 541 Damiani
1298 486 1485 539 adesse
1538 486 1683 539 visus
1727 494 1833 547 est,
1880 484 1971 552 qui
2028 484 2139 538 acri
2172 489 2215 546 Α
2243 481 2597 545 occidentem,
2628 480 2899 535 transtulit
2925 479 2992 534 ad
3022 481 3283 533 orientem
3315 480 3509 541 solem,
3537 476 3624 532 ubi
3657 477 3709 532 in
3741 492 3838 546 pa-

561 578 711 630 vultu
741 577 1010 639 minitans,
1039 585 1095 629 et
1122 573 1431 645 objurgans,
1459 576 1602 644 quod
1638 576 1835 646 agresti
1867 576 2141 645 negligen-

563 672 638 725 tia
685 667 930 721 nuntium
974 682 1128 720 suum
1177 666 1312 720 adeo
1357 666 1499 722 male
1542 666 1801 729 aﬂ'ecerit,
1847 670 2140 736 perterruit

560 774 697 813 eum-
716 771 877 827 quam
908 759 1159 813 maxime.
1187 757 1389 813 Somno
1414 758 1575 828 igitur
1595 759 1801 815 solutus
1826 769 2142 828 exspectare

561 851 685 901 dum
715 848 949 911 illuceat,
994 859 1050 903 ut
1082 850 1279 904 invisat
1307 849 1573 917 hospitem
1602 860 1916 921 qumratqne
1946 865 2007 904 ea
2040 852 2140 906 sibi

563 937 691 1008 quid
719 939 946 1004 vellent;
992 940 1134 1009 quod
1164 954 1286 994 cum
1316 949 1459 993 esset
1495 938 1717 1006 factum,
1744 950 1799 995 et
1825 956 1975 995 suam
1994 938 2140 995 'iter-

562 1043 668 1097 que
720 1028 1023 1083 molestiam
1069 1038 1421 1093 enarrasset,
1472 1031 1573 1084 viri
1624 1031 1795 1086 sancti
1848 1033 2142 1099 potentiam

557 1117 841 1183 admirati,
864 1119 1125 1173 extollere
1153 1120 1243 1173 Dei
1276 1119 1523 1189 gloriam,
1549 1121 1639 1189 qui
1668 1120 1739 1174 sit
1770 1121 1820 1173 in
1851 1120 1917 1175 iis
1944 1120 2033 1189 qui
2069 1120 2142 1175 illi

564 1226 632 1266 ex
674 1211 856 1267 animo
900 1214 1144 1267 serviunt
1183 1213 1461 1269 mirabilis.
1516 1214 1667 1268 Adeo
1713 1222 1891 1268 autem
1939 1214 2040 1269 hac
2086 1230 2146 1269 re

564 1301 899 1367 adolescens,
927 1319 1085 1371 quem
1128 1304 1321 1358 Petrus
1360 1307 1601 1369 miserat,
1626 1314 1709 1360 est
1735 1314 2054 1367 commotus,
2089 1314 2149 1360 nt

567 1412 819 1451 reversa
841 1396 910 1450 ad
936 1396 1147 1451 Petrum
1174 1398 1249 1453 illi
1288 1414 1345 1453 se
1378 1410 1546 1453 totum
1576 1402 1930 1465 commiserit,
1964 1400 2145 1457 brevi-

566 1499 674 1552 que
700 1493 815 1552 post
847 1485 1042 1539 ibidem
1068 1487 1336 1541 cucullum
1370 1488 1629 1543 induerit.

638 1572 905 1644 Gregorio
944 1575 1135 1630 deinde
1191 1578 1420 1646 septimo
1469 1580 1742 1643 hortante,
1798 1598 1827 1634 e
1881 1582 2146 1650 legatione

564 1662 890 1718 Gertnaniea
934 1679 1193 1724 reversus.
1246 1681 1345 1735 per
1390 1681 1604 1723 omnem
1654 1669 1881 1735 Italiam,
1935 1682 2146 1725 sacram

563 1752 802 1807 inediam
832 1764 887 1808 et
914 1754 1155 1808 ciborum
1192 1754 1551 1823 ieiunitatem,
1582 1760 1668 1813 die
1704 1758 1922 1815 Veneris
1962 1762 2014 1814 in
2056 1762 2150 1815 Ιιοο

2242 574 2374 629 riete
2402 570 2601 627 Christi
2633 572 2779 627 cruci
2809 568 3018 625 subﬁxa
3052 571 3228 640 imago
3253 569 3397 637 picta
3427 568 3637 623 aderat.
3665 564 3840 621 Paulo

2243 666 2403 720 etiam
2436 674 2581 735 post,
2607 664 2746 719 alius
2776 663 3094 727 monachus,
3137 662 3221 717 cui
3253 660 3417 716 Petro
3464 668 3582 715 erat
3613 673 3838 723 nomen,

2244 759 2310 813 ad
2362 758 2667 811 coenobium
2723 755 2855 810 feria
2908 755 3093 824 quinta
3150 767 3467 823 regressus,
3519 767 3645 807 cum
3701 750 3842 805 nihil

2245 850 2417 904 adhuc
2454 857 2637 903 nosset
2667 849 2733 902 de
2780 848 2881 901 hac
2912 846 3111 909 inedia,
3142 854 3298 900 nocte
3330 859 3429 913 per
3458 843 3701 914 quietem
3735 842 3841 897 Pe—

2247 948 2388 993 trum
2421 938 2664 994 Damiani
2697 938 2848 1002 vidit,
2880 936 3029 991 illum
3061 936 3129 989 ad
3159 936 3445 1004 prandium
3488 934 3841 1004 invitantem,

2247 1045 2539 1099 secumque
2577 1029 3011 1085 accumbentem.
3044 1027 3230 1097 Itaque
3260 1000 3522 1096 postridi'e
3565 1025 3847 1094 accipiens

2248 1120 2367 1173 novi
2418 1122 2556 1174 ritus
2605 1119 2984 1189 disciplinam,
3032 1119 3204 1181 laetus,
3250 1128 3412 1183 atque
3461 1114 3690 1170 alacer:
3742 1111 3847 1175 En,

2248 1210 2439 1280 inquit,
2466 1211 2649 1265 divina
2676 1210 2869 1281 gratia,
2897 1209 3201 1280 prandium,
3230 1206 3296 1262 ad
3328 1207 3471 1278 quod
3522 1221 3609 1260 me
3644 1204 3846 1260 Petrus

2248 1304 2497 1359 Damiaui
2527 1313 2842 1360 vocaverat.

2320 1394 2414 1449 llis
2451 1405 2630 1449 autem
2672 1394 2801 1448 visis
2826 1434 2842 1457 ,
2877 1392 3133 1447 monachi
3174 1391 3262 1446 sui
3305 1405 3501 1445 omnes
3542 1389 3849 1452 commoti,

2249 1486 2340 1556 qui
2386 1485 2455 1539 ob
2506 1484 2559 1539 id
2601 1498 2827 1539 cernere
2854 1482 3027 1537 oculis
3056 1482 3217 1551 plane
3262 1480 3505 1534 divinum
3538 1478 3854 1538 institutum

2253 1577 2379 1631 illud
2406 1590 2527 1631 esse
2550 1576 2893 1637 videbantur,
2926 1575 2995 1627 ab
3018 1588 3085 1625 eo
3113 1569 3373 1641 ﬂagitant,
3402 1569 3531 1625 utsi
3557 1570 3687 1639 quid
3717 1582 3852 1639 pm

2253 1680 2396 1725 lutea
2447 1672 2499 1723 in
2548 1670 2757 1738 reliquo
2801 1668 2966 1731 vietn,
3020 1680 3084 1720 ac
3129 1664 3325 1721 vestitu
3379 1662 3851 1725 commutandam,

2254 1758 2655 1829 corrigendum.
2710 1757 3104 1813 detrahendum
3155 1765 3345 1826 putet;
3399 1753 3676 1817 detrahat,
3725 1764 3853 1808 eor-

565 1858 759 1899 nurem
784 1848 961 1901 crucis
991 1849 1241 1913 instituit,
1286 1866 1349 1904 ac
1393 1854 1572 1919 potius
1602 1854 1898 1921 antiquitus
1936 1855 2148 1907 institu-
2184 1864 2223 1920 ις
2256 1852 2414 1920 rigat,
2454 1857 2773 1904 commutet.
2809 1844 3177 1914 Quamobrem
3213 1844 3387 1913 magis
3437 1842 3615 1896 adhuc
3661 1839 3757 1895 vili
3791 1851 3857 1895 ac

566 1941 701 1995 tam,
729 1944 784 1986 et
803 1932 915 2001 jam
947 1934 1057 1990 fere
1086 1935 1473 2003 oblitteratam,
1505 1943 1808 2007 revocavit;
1836 1943 1976 2010 quod
2004 1952 2056 1995 et
2082 1943 2153 1996 de

566 2022 807 2077 horariis
844 2026 1111 2093 precibus,
1148 2026 1345 2095 quibus
1374 2030 1620 2097 quotidie
1647 2031 1783 2085 diva:
1827 2031 2007 2087 alariae
2038 2034 2150 2085 νὶμ

566 2110 679 2175 gini
722 2110 1070 2181 Christipara:
1118 2115 1331 2170 debitus
1372 2116 1550 2173 cultus
1594 2119 1899 2183 exhibetur,
1949 2120 2147 2175 factum

566 2210 684 2265 est;
715 2199 982 2272 jus~itque
1009 2202 1246 2272 pontifex
1272 2206 1340 2261 ab
1361 2207 1633 2272 omnibus,
1658 2211 1748 2279 qui
1776 2212 1945 2265 sacris
1971 2220 2150 2264 essent

567 2290 790 2355 initiati,
820 2291 906 2361 pie
937 2308 999 2347 ac
1025 2304 1210 2350 sancte
1235 2297 1479 2365 quotidie
1509 2300 1830 2369 recitandas.
1864 2300 2018 2368 Quod
2051 2317 2152 2356 an-

567 2394 677 2434 tem
708 2380 775 2435 ad
809 2396 1018 2436 sacram
1049 2384 1153 2438 diei
1189 2382 1410 2441 Veneris
1435 2388 1489 2442 in
1515 2389 1773 2444 honorem
1796 2391 1976 2445 crucis
2004 2393 2156 2445 insti-

573 2479 747 2524 intam
772 2486 835 2525 ac
860 2473 1036 2539 potius
1068 2483 1370 2531 revocatam
1401 2478 1634 2533 inediam
1656 2490 1887 2549 spectat,
1911 2484 2154 2550 quaedam

569 2566 635 2618 de
672 2566 814 2631 ipsa,
837 2580 956 2633 quze
1002 2568 1364 2637 contigerunt,
1412 2570 1631 2625 minime
1673 2571 1970 2626 omittenda
2004 2573 2157 2627 duxi-

567 2671 717 2711 mus.
750 2655 807 2709 in
850 2655 1100 2711 cubiculo
1128 2658 1347 2728 aegrotis
1378 2660 1575 2722 dicato,
1607 2675 1777 2717 senex
1804 2671 1923 2716 erat
1962 2676 2155 2717 innua-

568 2750 729 2809 chus,
761 2746 872 2801 Leo
901 2750 1136 2809 noniiue.
1167 2751 1262 2819 qui
1287 2754 1690 2808 continentibus
1727 2754 2002 2822 precibus,
2023 2756 2159 2825 vigi—

571 2837 683 2900 liis,
717 2847 879 2905 atque
913 2840 1239 2895 abstinentia
1286 2858 1320 2895 a
1363 2843 1486 2897 cibo
1508 2842 1733 2912 juvenili
1780 2858 1918 2913 pcne
1966 2844 2161 2898 ardore

572 2930 827 2988 intentus.
863 2942 1190 3009 nocte,_quve
1220 2932 1362 2987 diem
1390 2917 1817 3004 prmeessitdquo
1843 2935 1930 2991 die
1959 2936 2074 2990 haec
2103 2935 2157 2990 iu

572 3019 832 3075 honorem
880 3020 1056 3075 crucis
1100 3035 1253 3076 sacra
1302 3022 1480 3077 inedia
1525 3024 1853 3080 instituenda
1894 3036 2032 3092 erat,
2066 3043 2162 3096 per

576 3110 813 3180 quietem
861 3111 995 3166 vidit
1023 3109 1359 3182 frequentem
1405 3115 1790 3169 monachorum
1835 3125 2160 3171 conventum

2249 1941 2486 1995 demisso
2524 1941 2690 1995 vestis
2720 1951 2884 2008 atque
2930 1937 3151 1992 habitus
3189 1950 3386 2006 genere
3428 1934 3699 1997 instituto,
3744 1945 3853 1986 nou

2250 2032 2430 2086 minus
2477 2030 2824 2085 sermonibus
2860 2028 3119 2091 assiduis,
3164 2041 3328 2095 quam
3377 2026 3503 2079 vita:
3557 2021 3855 2092 exemplis,

2249 2137 2343 2176 eos
2377 2123 2444 2175 ad
2474 2121 2712 2176 t'mlCStis
2740 2120 2860 2175 vita:
2887 2118 3107 2189 ptwmia
3146 2117 3429 2171 evellebat.

2322 2211 2442 2280 Quo
2485 2225 2615 2265 vero
2661 2219 2904 2278 tempore
2949 2206 3244 2263 cardiualis
3289 2204 3412 2270 fuit,
3452 2215 3505 2260 et
3541 2204 3854 2261 Ostiensem

2252 2304 2619 2373 episcopatum
2664 2303 2855 2367 tenuit,
2892 2300 3153 2370 quidquid
3199 2307 3501 2369 supererat,
3537 2298 3593 2351 iu
3637 2305 3866 2368 egentes

2256 2394 2535 2447 atiluenter
2560 2390 2857 2454 effundere,
2888 2406 2955 2445 ex
2992 2390 3098 2443 illis
3128 2387 3414 2442 duodecim
3454 2387 3622 2457 pedes
3658 2401 3863 2457 perpe-

2259 2496 2349 2539 tuo
2376 2484 2623 2547 abluere,
2668 2482 2998 2552 epulumque
3045 2480 3306 2549 praebere.
3347 2488 3404 2534 et
3435 2487 3546 2532 tota
3586 2479 3724 2532 urbe
3768 2492 3867 2548 pu-

2262 2577 2418 2647 pilius
2453 2591 2517 2631 ac
2568 2575 2756 2629 viduas
2787 2573 3107 2644 perquirere
3148 2581 3203 2626 et
3244 2570 3456 2640 iuvare.
3508 2569 3565 2624 lu
3610 2568 3877 2624 connubio

2257 2685 2353 2740 per
2406 2668 2761 2738 quadraginta
2808 2666 3132 2735 quandoque
3182 2664 3298 2717 dies
3344 2662 3665 2718 comedebat
3713 2661 3858 2715 nihil

2258 2761 2402 2831 quod
2445 2768 2590 2814 esset
2632 2757 2738 2829 igni
2774 2764 3013 2821 coctmn,
3055 2753 3149 2807 sed
3194 2761 3402 2807 tantum
3446 2749 3625 2819 pomis
3673 2747 3876 2803 crudis.

2262 2852 2468 2919 absque
2510 2848 2619 2903 ullo
2667 2858 2794 2917 potu
2842 2846 3184 2900 vescebatur.
3222 2840 3391 2910 Cujus
3439 2831 3517 2895 ι·έεί
3564 2838 3873 2910 discipulus

2262 2942 2399 3010 ejus.
2440 2941 2488 2996 is
2516 2943 2606 3010 qui
2643 2937 2965 3007 conscripsit
2998 2937 3138 2991 hanc
3170 2934 3359 2999 vitam,
3393 2932 3549 2987 testis
3587 2940 3691 2987 est.
3724 2929 3874 2985 Con-

2263 3041 2514 3089 sueverat
2573 3032 2738 3086 etiam
2788 3028 2996 3084 diurnis
3042 3026 3280 3081 horariis
3342 3024 3634 3095 precibus,
3704 3031 3873 3091 atque

2265 3126 2480 3197 hymnis
2510 3122 2822 3185 recitandis,
2868 3119 2999 3175 nulli
3038 3118 3219 3189 podio,
3260 3114 3589 3171 subselliove
3633 3112 3873 3173 interere.

573 3204 629 3255 in
663 3203 882 3272 templo,
911 3204 1002 3272 qui
1029 3202 1145 3259 alba
1171 3205 1341 3260 induti
1373 3215 1540 3272 veste,
1573 3208 1910 3264 suavissimis
1933 3208 2154 3264 vocibus
2181 3209 2226 3270 C
2258 3226 2313 3271 et
2357 3214 2516 3273 initio
2562 3213 2844 3281 utriusque
2872 3207 3337 3279 Quadragesimae,
3366 3220 3463 3276 per
3493 3203 3734 3257 triduum
3770 3217 3873 3272 pe-

577 3302 629 3346 et
655 3292 906 3360 pratdulct
938 3301 1202 3348 conventu
1228 3294 1522 3350 cantabant
1549 3314 1564 3350 :
1596 3295 1761 3351 Dulce
1787 3297 2009 3368 lignum,
2037 3300 2164 3351 dul-

578 3403 661 3439 ces
689 3386 883 3451 clavos,
908 3396 964 3441 et
994 3402 1114 3457 quae
1145 3387 1339 3443 deinde
1367 3399 1687 3459 sequuntur.
1715 3390 1833 3456 Quo
1858 3392 2021 3446 etiam
2050 3392 2165 3446 loco

585 3490 707 3529 cum
737 3477 1018 3533 tomedere
1045 3493 1417 3543 consuessent,
1443 3481 1671 3551 panibus
1698 3492 2005 3537 exstructas
2043 3498 2164 3538 esse

601 3583 800 3621 uensas
822 3568 1178 3633 nitidissimis,
1203 3571 1527 3628 dulcissimis
1551 3581 1606 3629 et
1631 3574 1984 3643 sapidissimis
2004 3584 2167 3645 atque

581 3660 726 3713 inter
754 3661 1044 3716 monachos
1069 3662 1303 3733 undique
1331 3665 1756 3727 discumbentes,
1787 3666 1959 3720 virum
1993 3666 2164 3720 maxi-

583 3765 671 3805 me
717 3752 1018 3821 speeiosum
1062 3768 1125 3808 ae
1158 3756 1539 3820 venerabilem,
1584 3758 1677 3826 qgti
1726 3756 1993 3811 undenam
2030 3757 2176 3826 ejus-

585 3842 738 3895 modi
764 3857 953 3911 panes,
978 3858 1242 3913 nusquam
1273 3846 1341 3899 ad
1373 3845 1512 3899 diem
1541 3846 1661 3903 visi.
1700 3847 1977 3900 venissent
2007 3846 2177 3901 inter—

588 3934 945 4004 rogatusﬂ‘li
978 3946 1125 3997 sunt.
1175 3937 1368 4007 inquit,
1416 3952 1599 4005 panes,
1645 3937 1841 4008 quibus
1876 3936 1966 3991 lilii
2012 3937 2177 3993 Israel

590 4042 790 4081 niauua
835 4028 1190 4097 percipientes
1232 4045 1265 4084 e
1292 4027 1451 4091 calo,
1479 4029 1592 4082 aliti
1618 4039 1743 4083 sunt
1786 4030 1837 4083 in
1889 4030 2187 4086 sulitmline-

594 4116 793 4187 (Exod.
830 4118 958 4187 xvi).
994 4118 1085 4175 Vir
1112 4119 1250 4174 iden.
1282 4134 1523 4178 mensam
1553 4119 1787 4185 abbatis,
1818 4136 1937 4190 qua}
1966 4132 2080 4175 erat
2111 4121 2179 4173 ad

2240 3308 2412 3368 ,nitus
2439 3306 2712 3361 abstinere
2748 3304 2892 3358 cibo.
2934 3301 3017 3356 Ad
3050 3300 3192 3368 quod
3225 3297 3558 3357 institutum,
3591 3294 3722 3347 licet
3756 3292 3873 3362 ipse

2267 3400 2542 3455 neminem
2575 3396 2756 3451 verbis
2785 3394 3053 3456 allcxerit,
3080 3390 3406 3461 quibusdam
3451 3396 3631 3441 tamen
3675 3398 3874 3441 ceno-

2268 3494 2397 3555 hiis,
2424 3492 2475 3545 id
2494 3489 2614 3558 ejus
2635 3487 2884 3557 exemplo
2906 3484 3101 3541 deimle
3122 3481 3489 3545 servantibus,
3514 3478 3880 3533 vehementer

2269 3582 2528 3645 laudavit,
2552 3596 2660 3651 quo
2681 3578 2992 3650 diligentius
3017 3584 3132 3631 toto
3154 3589 3224 3630 eo
3251 3573 3433 3627 triduo
3456 3573 3601 3626 intra
3628 3570 3877 3627 claustra

2272 3672 2503 3729 emnubii
2533 3672 2805 3727 silentiqu
2841 3675 3189 3724 servaretur:
3223 3666 3513 3720 instituens
3537 3671 3599 3716 ut
3626 3675 3699 3716 ne
3724 3661 3882 3732 quis,

2276 3772 2430 3817 extra
2459 3776 2727 3815 summam
2759 3760 3163 3821 necessitatem,
3201 3756 3570 3812 calceamenta
3601 3753 3884 3819 indueret,

2278 3864 2566 3921 antequam
2610 3849 2838 3922 singulis
2884 3849 3076 3904 diebus
3121 3848 3339 3903 Davidis
3384 3859 3576 3901 omnes
3631 3842 3887 3915 psalmos

2279 3942 2643 3997 communiter
2697 3940 3085 3996 absolvissent.
3136 3937 3244 3993 Sed
3288 3937 3356 3994 de
3403 3936 3566 3994 Petro
3626 3934 3885 3991 Damian't

2284 4034 2546 4089 hactenus
2580 4033 2738 4089 satis.

598 4302 3854 4334 Ἥ

1954 4478 2484 4593 QUEDAM

637 4736 789 4812 ρυω
821 4735 902 4795 ad
930 4737 1121 4799 vitam
1156 4736 1513 4818 laudemque
1553 4738 1626 4799 Β.
1654 4737 1830 4800 Petri
1855 4736 2147 4798 Βατιιίαηί
2171 4739 2505 4817 pertinent,
2538 4756 2614 4797 ea:
2650 4736 2948 4816 grauibus
2975 4736 3399 4813 scriptoribus
3445 4734 3847 4817 deprompta.

1979 4970 2413 4995 ﬂ

1380 5168 1409 5224 ῐ

611 5270 673 5325 S.
696 5269 801 5323 L30
833 5264 914 5320 IX
943 5282 1074 5331 rapa
1103 5266 1215 5331 (an.
1240 5260 1399 5330 1019)
1424 5277 1488 5315 ex
1509 5263 1760 5316 monacho
1787 5262 1901 5331 ard.
1929 5258 1986 5314 S.
2019 5258 2187 5314 Bene-

684 5340 830 5399 dicti,
861 5338 914 5389 in
944 5330 1157 5403 epistola
1181 5337 1249 5386 ad
1276 5349 1394 5403 eum
1422 5333 1611 5403 scripto
1639 5348 1755 5403 quis
1774 5330 1893 5385 Imb.
1922 5347 2098 5393 opusc.
2131 5333 2191 5395 7,

680 5423 805 5465 tom.
838 5405 933 5462 III
970 5400 1197 5475 Operam
1219 5402 1449 5473 ejusdem
1480 5400 1538 5455 S.
1567 5400 1810 5455 doctoris.

684 5525 799 5580 Leo
835 5522 1139 5590 episcopus,
1186 5532 1371 5572 servus
1424 5531 1698 5570 servorum
1743 5515 1862 5581 Dei,
1908 5516 2112 5571 dilecto
2136 5518 2189 5573 in

613 5614 831 5669 Christo
871 5610 981 5666 ﬁlio
1032 5608 1217 5664 Psrno
1268 5608 1543 5669 eremitao,
1588 5615 1803 5660 aeterna:
1844 5605 2194 5663 beatitudinis

619 5706 891 5775 gaudium.
928 5706 1007 5757 Ad
1048 5699 1387 5772 splendidum
1427 5698 1650 5753 nitentis
1692 5698 1960 5768 pudicitia:
1991 5708 2190 5764 torum,

618 5796 697 5853 ﬂii
758 5794 1105 5859 charissime,
1166 5792 1253 5863 pio
1303 5791 1621 5859 certamine,
1681 5790 2030 5848 intentionem
2090 5797 2193 5844 tua

2294 5148 2491 5204 mentis
2530 5150 2875 5221 pervenisse,
2940 5147 3153 5203 libellus
3196 5163 3357 5218 quem
3412 5156 3608 5203 contra
3661 5148 3889 5216 quadri-

2296 5237 2509 5295 modam
2538 5236 2772 5293 carnalis
2814 5238 3118 5309 contaginis
3144 5237 3456 5308 pollutionis
3491 5238 3725 5294 honesto
3765 5240 3889 5308 qui-

2298 5332 2414 5386 dem
2441 5330 2604 5402 stylo,
2630 5329 2727 5385 sed
2756 5329 3051 5385 bonestiori
3083 5331 3297 5387 ratione
3314 5330 3552 5395 edidisti,
3584 5328 3894 5387 manifestis

2298 5422 2637 5477 documentis
2691 5421 3053 5477 commendat.
3109 5419 3383 5491 Subegisti
3431 5421 3652 5491 quidem
3708 5423 3895 5477 carnis

2298 5514 2629 5579 barbariem,
2667 5514 2760 5584 qui
2802 5513 2882 5569 sic
2926 5514 3149 5569 erexiin
3201 5512 3485 5569 brachium
3520 5512 3749 5583 spiritus
3791 5515 3889 5569 ad-

2299 5620 2487 5660 versus
2515 5603 2794 5661 libidinum
2826 5605 3261 5661 obscmnitatem.
3295 5604 3361 5661 Et
3384 5615 3507 5675 post
3537 5604 3729 5659 multa.
3759 5602 3893 5669 Sest,

2300 5696 2375 5751 tili
2402 5694 2743 5761 charissime,
2766 5696 3203 5752 inenarrabiliter
3229 5696 3455 5767 gaudeo,
3485 5696 3614 5767 quia
3638 5693 3901 5764 exemplo

2304 5786 2725 5843 conversationis
2780 5785 3001 5841 instruis
3047 5785 3307 5858 quidquid
3346 5786 3593 5842 oratoria
3633 5783 3897 5844 facultate
