4040 6380
225 369 301 427 llil
861 348 1397 411 PROLEGOBIENA.
1441 374 1512 385 -
1551 336 1803 395 τιξδῖιιι

1913 337 1973 391 ,Α
2005 333 2092 389 DE
2117 335 2174 391 S.
2220 330 2458 392 PETRO
2489 330 2826 389 DAMIANO‘.

221 477 446 538 docuisti.
489 478 622 532 Plus
659 485 740 529 est
784 473 927 528 enim
970 483 1139 541 opere
1175 466 1396 529 docere,
1426 476 1590 533 quam
1646 472 1795 514 voce.
1833 471 1877 528 Α

221 579 560 645 Quapropter,
611 575 832 622 auctore
879 565 1007 626 Deo.
1058 559 1294 633 palmam
1333 551 1606 612 obtinebis
1636 552 1806 607 victo-

222 675 336 736 ri;e;
360 675 408 723 et
438 679 565 721 cum
595 661 710 726 Dei.
738 671 791 717 et
821 658 1060 728 Virginis
1096 654 1234 710 Filio
1260 649 1531 708 laataberis
1557 648 1611 702 in
1638 645 1801 716 caie-

223 765 280 821 sti
327 756 631 820 mansione;
684 763 737 811 et
786 763 864 808 tot
913 747 1261 806 mercedibus
1312 742 1424 799 eris
1471 738 1802 800 cumulatus,

219 859 334 926 quot
360 847 560 917 ereptis
600 862 696 917 per
725 856 776 900 te
812 859 842 898 a
884 841 1082 897 diaboli
1127 837 1338 909 laqueis
1377 832 1550 890 fueris
1594 829 1804 887 consti-

220 954 378 1018 patus,
405 949 462 996 et
486 935 889 1012 quodammodo
923 940 1244 992 coronatus.

219 1131 496 1188 Alexander
524 1126 586 1182 II
615 1143 750 1196 papa
782 1126 895 1194 (an.
940 1121 1134 1198 ll)6l_)_,_
1160 1121 1226 1176 de
1256 1117 1653 1198 religiosissima
1693 1112 1805 1194 Pa-

277 1215 406 1258 trum
459 1192 920 1254 Benedic'tina'rum
961 1193 1169 1263 familia
1220 1192 1414 1262 optime
1459 1192 1700 1251 meritus,
1751 1192 1807 1238 in

273 1274 494 1345 quodam
523 1286 618 1325 suo
644 1269 949 1339 diplomate.
992 1264 1092 1335 Ap.
1128 1281 1211 1317 me
1241 1279 1370 1316 mss.

275 1364 593 1421 ALEXANDEI
629 1361 944 1432 cpiscopus,
976 1371 1171 1412 servus
1203 1366 1490 1412 servorum
1523 1346 1646 1413 Dei,
1681 1362 1804 1402 om-

213 1457 356 1512 nibus
389 1453 701 1526 eugubinis,
729 1450 899 1514 clero,
927 1457 983 1504 et
1011 1446 1230 1521 populo,
1261 1443 1514 1501 fidelibus
1545 1439 1804 1496 videlicet

213 1550 264 1605 S.
293 1547 454 1612 Petri,
484 1556 535 1602 et
570 1544 762 1610 nostri,
801 1543 1054 1606 salutem,
1092 1549 1149 1596 et
1178 1535 1539 1610 apostolicam
1578 1531 1807 1588 benedi-

209 1642 447 1697 ctionem.
483 1638 599 1694 Non
623 1639 838 1709 ignoret
864 1643 1053 1692 sancta
1084 1644 1265 1689 vestra
1297 1629 1538 1695 devotio,
1567 1625 1806 1683 dilectis-

209 1734 318 1791 simi
347 1731 565 1795 fratres,
593 1739 648 1786 et
695 1728 814 1793 lilii,
844 1728 970 1800 quia
1002 1724 1300 1783 Ecciesiam
1331 1719 1644 1779 cbarissimi
1695 1715 1805 1772 frao

3412 323 3526 381 {83

2687 451 2750 505 V.

1916 550 2227 605 Lambertus
2267 543 2792 615 Schasnaburgensis
2823 538 3116 615 monachus
3163 534 3525 615 Hirfeldegsis

1984 603 2104 676 ard.
2132 619 2194 676 S.
2212 603 2215 604 ν
2232 603 2528 680 Benedicti,
2567 603 2641 670 inv
2655 612 2900 668 Historia
2926 611 2993 665 de
3029 607 3183 664 rebus
3208 603 3370 679 gestis
3394 603 3528 661 Cer-

1982 708 2283 754 manornm,
2319 690 2390 744 ad
2418 705 2507 743 an.
2540 684 2603 742 C.
2636 701 2726 739 an.
2761 681 2924 740 1069.

1981 806 2307 863 lmminente
2404 804 2517 875 jam
2609 803 2735 862 die.
2822 799 2913 872 qui
2995 796 3301 854 scindendo
3377 796 3542 867 regis.

1912 898 2163 970 (Hem-iri
2194 895 2296 952 Ill
2335 905 2459 967 post
2486 894 2650 965 Imp.)
2685 890 2944 962 conjugio
2981 887 3167 944 dictus
3186 888 3391 952 fuerat,
3426 902 3526 942 rex

1911 991 2252 1063 lloguntiam
2307 989 2562 1044 concitus
2633 984 2990 1057 properabat.
3054 979 3124 1035 Et
3192 995 3326 1036 ecce
3381 980 3526 1036 inter

1909 1085 2170 1140 eumdum
2203 1083 2472 1154 comperit
2522 1081 2760 1152 legatum
2804 1077 2952 1133 sedis
2999 1073 3318 1145 apostolica:
3359 1079 3536 1128 suum"

1909 1176 2200 1249 Moguntiae
2247 1177 2544 1232 adventum
2591 1170 2918 1246 praestolari,
2949 1168 3044 1240 qui
3083 1166 3374 1223 dissidium
3401 1165 3526 1221 fieri

1907 1267 2218 1338 prohibeat,
2255 1277 2312 1320 et
2355 1265 2617 1338 episcopo
2666 1261 2988 1333 Moguntina
3036 1256 3354 1332 apostolicae
3408 1253 3532 1311 ani-

1910 1358 2307 1414 madversionis
2324 1357 2656 1429 sententiam
2672 1355 2981 1419 minitetur,
2995 1350 3141 1423 quod
3160 1359 3270 1406 tam
3295 1347 3522 1404 nefaria

1911 1452 2279 1525 scparationis
2325 1467 2386 1508 se
2435 1460 2718 1506 auctorem
2750 1445 3090 1520 promiserit.
3122 1444 3525 1500 Consternatus

1911 1547 2080 1613 illico,
2105 1545 2250 1618 quod
2287 1559 2402 1601 rem
2437 1544 2527 1600 diu
2567 1550 2888 1613 exoptatam
2924 1539 3259 1612 perdidisset
3287 1553 3315 1591 a
3354 1536 3531 1592 mani-

1911 1639 2032 1706 bus,
2065 1640 2274 1712 pariter
2307 1652 2418 1708 quo
2448 1645 2680 1691 venerat
2709 1636 2764 1690 in
2801 1633 3103 1688 Saxoniam
3153 1631 3335 1686 redire
3382 1627 3533 1685 vole-

1910 1733 2021 1789 bat.
2059 1730 2162 1786 Vix
2188 1739 2245 1787 et
2296 1744 2442 1802 mgre
2494 1739 2678 1784 tamen
2735 1726 3042 1807 amicorum
3081 1722 3326 1780 consiliis
3369 1735 3533 1793 supc-

211 1824 319 1885 Ιτίεο
345 1829 395 1875 θι
425 1818 734 1890 οουνῖεοοιιί
767 1817 938 1873 ηοειτί
976 1816 1121 1872 Ρεινί
1151 1812 1425 1880 ῧιυιιίθιιίι
1456 1811 1510 1866 in
1553 1809 1615 1865 Βο
1645 1809 1808 1908 Dicm.
1843 1859 1888 1919 Β
1919 1834 2088 1889 ratus,
2124 1838 2191 1878 ne
2223 1821 2501 1893 principes
2533 1817 2686 1889 regni
2724 1817 3112 1878 frustraretur,
3144 1829 3281 1885 quos
3311 1827 3528 1869 summa

208 1911 543 1984 evangelista:
589 1910 812 1966 nomine
858 1915 1260 1972 consecratam,
1304 1919 1404 1960 nos
1451 1903 1506 1958 in
1547 1903 1607 1956 Β.
1659 1897 1808 1956 Petri

208 2003 566 2076 apostolorum
611 2003 897 2073 principis,
947 2010 1248 2069 ucstraque
1293 1997 1459 2053 tutela
1510 2012 1575 2052 ac
1617 1995 1810 2052 defen-

210 2097 349 2152 sione
376 2095 736 2166 suscepimus,
771 2103 879 2150 etc.

210 2275 497 2331 Desiderius
527 2274 687 2329 abbas
730 2274 843 2342 (an.
879 2273 1059 2338 1062),
1105 2275 1245 2328 sacri
1276 2271 1495 2327 ειτηοὸἑὶ
1529 2271 1591 2326 S.
1635 2269 1807 2342 Bene-

271 2347 391 2400 d'rti
421 2347 616 2399 uiantis
663 2340 864 2408 Casini,
903 2343 967 2400 S.
994 2344 1059 2398 Il.
1095 2342 1162 2398 E.
1204 2344 1378 2414 prcsb.
1411 2342 1568 2414 card.
1613 2341 1694 2414 tit.
1734 2340 1803 2414 AS.

270 2416 518 2476 Ceciliae.
551 2417 640 2484 qui
671 2426 718 2469 et
756 2415 822 2469 Β.
865 2415 1040 2470 Victor
1067 2414 1165 2470 Il!
1198 2411 1354 2485 papa,
1400 2413 1490 2466 lib.
1527 2427 1565 2467 ιι
1617 2411 1806 2466 Dialo-

267 2504 445 2559 gorum
467 2502 708 2541 suorum.
736 2486 836 2554 Ap.
867 2502 949 2541 me
981 2503 1106 2540 mss.

268 2579 556 2636 Multorum
613 2579 844 2633 fratrum
897 2579 1210 2634 testimonio
1262 2577 1426 2634 didici
1487 2578 1633 2644 haec,
1685 2593 1808 2648 qua:

208 2682 379 2728 nostro
407 2673 596 2727 curavi
627 2674 896 2728 adnotare
927 2670 1130 2737 libello,
1162 2681 1218 2725 et
1257 2663 1384 2726 licet
1429 2671 1620 2726 Petrus
1644 2685 1809 2725 vene-

208 2763 380 2819 rabilis
407 2763 680 2820 Ostiensis
705 2763 994 2834 episcopus
1023 2763 1078 2818 in
1123 2777 1401 2826 sermone,
1445 2777 1609 2832 quem
1642 2762 1695 2816 in
1727 2761 1810 2816 vi;

203 2860 335 2930 giliis
365 2859 422 2914 Β.
454 2858 516 2913 Ρ.
559 2857 833 2913 Benedicti
871 2855 1160 2927 legendum
1189 2854 1625 2911 luculentissime
1655 2869 1808 2909 com-

206 2951 391 3022 posuit,
436 2952 490 3006 id
519 2950 824 3022 eleganter,
855 2949 1222 3018 decenterque
1262 2948 1594 3013 inseruerit;
1626 2958 1805 3002 tamen

207 3042 335 3097 inter
376 3053 582 3098 czetera
631 3041 914 3106 miracula,
966 3055 1090 3111 qua:
1144 3040 1493 3112 omnipotens
1545 3040 1687 3094 Dens
1736 3041 1805 3094 ad

208 3133 403 3189 laudent
430 3135 517 3190 sui
545 3133 804 3200 nominis,
833 3142 1022 3188 nostra
1051 3133 1218 3189 etiam
1249 3134 1514 3187 memoria
1568 3141 1677 3188 etc.

210 3315 299 3369 Leo
323 3315 663 3372 Harsicanus
693 3316 804 3386 (an.
840 3314 1021 3387 1088).
1047 3295 1339 3372 ηιὸηασήω
1379 3322 1428 3370 et
1461 3311 1803 3387 bibliotheca-

267 3389 371 3442 rists
401 3391 547 3443 sacri
596 3385 811 3442 crenobii
852 3385 1177 3454 Casinensis,
1216 3397 1518 3454 sancta'que
1549 3385 1804 3442 Romam:

270 3454 516 3527 Ecclesia:
560 3459 716 3527 card.
772 3460 932 3526 episc.
977 3456 1209 3514 Ostiens.
1259 3474 1377 3527 cap.
1425 3454 1560 3522 illi,
1617 3457 1710 3510 lib.
1758 3471 1798 3513 ιι

267 3525 652 3585 Cbroaicorum
686 3525 1080 3584 Casinensium.
1117 3530 1221 3600 Ap.
1261 3525 1342 3584 me
1383 3544 1512 3584 mss.
1548 3543 1614 3583 ea:
1648 3541 1804 3583 auto-

266 3602 483 3670 grapho.

265 3691 469 3748 Interea
521 3692 824 3766 Gregorius
887 3693 955 3748 de
1005 3692 1260 3749 Alberico
1303 3692 1687 3749 paterenensis
1749 3699 1807 3747 et

203 3778 620 3840 Tuseuianensis
653 3798 860 3851 comes,
905 3791 1186 3854 comperto
1235 3782 1487 3838 Romano
1528 3780 1807 3855 pontificis

202 3873 358 3938 obitu,
387 3875 603 3931 sociato
627 3876 729 3931 sibi
757 3874 992 3932 Girardo
1015 3877 1080 3931 de
1106 3874 1324 3939 Galera,
1351 3884 1407 3931 et
1430 3873 1802 3930 Romanorum

202 3967 485 4031 potentium
529 3967 758 4037 aliquot,
809 3977 1074 4022 nocturno
1103 3977 1351 4039 tempore
1389 3983 1515 4024 cum
1561 3977 1802 4022 armato-

205 4072 308 4110 rum
353 4058 528 4115 turbis
574 4060 829 4116 Eeclesiae
874 4056 1000 4128 jura
1046 4060 1389 4129 pervadunt:
1433 4069 1490 4115 et
1531 4057 1802 4116 Joannem

205 4143 624 4206 \‘eliternensem
667 4150 1007 4220 episcopum,
1055 4149 1309 4206 Mincium
1365 4159 1552 4222 postea
1600 4165 1806 4221 cogno-

204 4239 474 4307 minatum,
506 4255 703 4311 papam
750 4242 1113 4307 constituunt,
1149 4242 1426 4299 Benedicti
1471 4244 1694 4301 nomine
1725 4243 1802 4300 illi

202 4331 460 4402 imposito.
494 4331 654 4400 Quod
681 4347 803 4388 cum
833 4333 1027 4390 Petrus
1064 4332 1312 4389 Damiani
1351 4333 1460 4404 (vir
1489 4334 1645 4391 valde
1676 4334 1803 4391 reli-

201 4426 390 4493 giosus,
413 4443 584 4498 quem
608 4441 674 4482 eo
697 4438 943 4500 tempore
967 4426 1281 4500 Stephanus
1308 4444 1445 4500 papa
1477 4429 1804 4487 distractum

202 4516 260 4570 ab
289 4532 495 4584 creato,
547 4519 604 4574 in
643 4517 881 4575 Ostiensi
921 4518 1166 4575 Ecclesia
1210 4521 1527 4593 episcopum
1573 4521 1800 4594 fecerat)

1917 1915 2224 1988 frequentia
2307 1912 2431 1974 sibi,
2520 1909 2816 1983 Moguntia:
2887 1921 3183 1964 occurrere
3244 1903 3528 1974 iussisset.

1910 2005 2313 2063 Franeoncfnrt
2334 2004 2470 2060 abiit
2504 2022 2516 2057 :
2551 2003 2737 2072 ibique
2765 2015 2887 2065 eos,
2924 1999 3018 2070 qui
3050 1997 3344 2069 Moguntina
3397 2010 3532 2052 con-

1913 2111 2196 2163 venerant,
2230 2109 2440 2156 statuto
2477 2099 2566 2155 die
2609 2098 2807 2154 adesse
2849 2095 3037 2165 jussit.
3071 2092 3228 2162 Quod
3253 2093 3381 2149 dum
3414 2091 3530 2148 fre-

1911 2203 2144 2266 quentes
2173 2193 2475 2251 venissent.
2507 2189 2706 2246 Petrns
2733 2188 3035 2244 Damianus
3068 2186 3140 2258 (is
3165 2185 3378 2258 legatus
3404 2195 3529 2240 erat

1911 2287 2058 2344 sedis
2086 2285 2421 2358 apostolicae,
2453 2284 2536 2341 vir
2566 2291 2731 2341 aetate
2757 2293 2813 2339 et
2844 2282 2969 2338 vitae
2996 2280 3312 2336 innocentia
3340 2278 3538 2335 admo-

1911 2380 2041 2436 dum
2089 2376 2452 2449 reverendus)
2483 2376 2744 2432 mandata
2773 2374 3030 2445 exposuit
3063 2370 3302 2427 Romani
3343 2370 3526 2441 ponti-

1911 2473 2050 2542 ficis,
2097 2472 2394 2546 pessimam
2467 2487 2606 2537 rem,
2670 2479 2728 2527 et
2786 2472 2855 2526 ab
2912 2469 3134 2525 nomine
3188 2466 3528 2530 Christiano.

1907 2567 2111 2622 nedum
2141 2567 2211 2622 ab
2261 2567 2416 2638 regio
2462 2567 2697 2622 multum
2750 2565 3148 2621 abhorrentem
3187 2577 3332 2629 esse,
3364 2577 3531 2633 quam

1911 2656 2192 2713 moliatur.
2224 2656 2284 2714 Si
2328 2657 2514 2713 minus
2564 2655 2826 2713 humanis
2868 2656 3106 2729 legibus,
3135 2655 3224 2712 vel
3255 2669 3528 2710 canonum

1910 2747 2290 2804 sanctionibus
2329 2755 2656 2812 terreretur,
2697 2755 2953 2816 parceret
2995 2746 3192 2802 saltem
3240 2744 3422 2812 famas,
3473 2757 3530 2800 et

1909 2839 2309 2896 existimationi
2333 2843 2602 2911 preprize;
2639 2855 2706 2895 ne
2737 2840 2953 2897 scilicet
2976 2851 3087 2896 tam
3118 2838 3250 2896 ταξίιί
3289 2837 3529 2911 exempli

1911 2947 2208 2999 venenum,
2241 2932 2310 2987 ab
2354 2948 2481 3002 rege
2521 2940 2742 3004 sumpto
2783 2932 2962 2999 initio,
3001 2933 3174 2988 totum
3205 2945 3538 2987 commacu—

1910 3025 2052 3079 laret
2113 3022 2375 3095 populum
2448 3025 2824 3080 Christianum
2879 3043 2892 3078 :
2947 3034 3004 3080 et
3052 3025 3148 3095 qui
3207 3023 3355 3079 ultor
3406 3036 3533 3078 esse

1910 3117 2192 3172 debuisset
2219 3117 2542 3184 criminum,
2571 3117 2688 3189 ipse
2719 3128 2899 3183 actor,
2926 3128 2982 3174 et
3016 3116 3252 3189 signifer
3275 3117 3434 3174 fleret
3457 3119 3528 3171 ad

1830 3219 1877 3282 ο
1910 3207 2199 3282 ﬂagitium.
2244 3207 2530 3265 Postremo
2569 3209 2616 3266 si
2657 3225 2767 3267 non
2793 3208 3108 3267 flecteretur
3138 3209 3431 3277 consiliiis,
3466 3225 3528 3263 se.

1909 3299 2220 3356 necessario
2237 3301 2346 3356 vim
2360 3300 2800 3357 ecclesiasticam
2818 3300 3005 3355 habitu
3015 3316 3160 3367 rum,
3174 3309 3230 3355 et
3251 3315 3528 3356 canonum

1908 3391 2025 3463 lege
2077 3392 2258 3448 scelus
2305 3392 2741 3464 prohibiturum.
2791 3392 2873 3448 Ad
2945 3391 3063 3448 haec
3111 3393 3229 3448 suis
3276 3391 3533 3448 manibus

1908 3499 2187 3556 nunquam
2217 3483 2613 3555 imperatorem
2643 3485 3085 3541 consecrandum
3114 3484 3253 3551 fore,
3285 3485 3380 3558 qui
3415 3493 3532 3541 tam

1906 3578 2182 3647 pestilenti
2228 3579 2498 3650 exemplo,
2559 3589 2831 3650 quantum
2896 3581 2951 3635 in
3009 3595 3070 3634 se
3125 3589 3294 3644 esset,
3361 3579 3526 3635 fidem

1907 3671 2278 3726 Christianam
2333 3672 2687 3742 prodidisset.
2730 3669 2869 3727 Tum
2906 3685 3036 3726 vero
3081 3673 3137 3726 in
3185 3685 3312 3726 eum
3353 3672 3530 3727 coorti

1907 3778 2098 3818 omnes
2123 3763 2218 3833 qui
2241 3763 2492 3826 aderant,
2516 3762 2822 3834 principes,
2847 3763 3090 3826 aiebant,
3120 3775 3276 3832 aequa
3300 3777 3535 3817 censere

1909 3852 2218 3907 limnannni
2263 3852 2604 3925 pontificem,
2653 3862 2710 3910 et
2751 3868 2851 3926 per
2891 3853 3060 3909 Deum
3107 3855 3394 3926 rogabant,
3458 3869 3543 3911 ne

1907 3945 2117 4000 crimen
2154 3943 2387 4002 inferret
2425 3946 2615 4018 gloria:
2662 3962 2800 4014 sum,
2831 3955 2887 4000 et
2913 3947 3049 4018 regii
3080 3947 3320 4003 nominis
3351 3945 3524 4020 maje-

1907 4048 2108 4095 statem
2179 4049 2288 4094 tam
2353 4040 2530 4112 turpis
2612 4039 2743 4096 facti
2811 4040 3124 4097 colluvione
3199 4040 3522 4098 macularet.

1909 4133 2181 4192 Praeterea
2228 4151 2296 4192 ne
2324 4136 2649 4206 parentibus
2678 4139 2881 4210 reginae
2916 4153 3142 4194 causam
3172 4137 3502 4196 defectionis

1906 4238 1962 4286 et
1985 4228 2193 4300 justam
2237 4229 2523 4285 turbandae
2569 4231 2885 4301 reipublicae
2926 4230 3279 4288 occasionem
3324 4231 3526 4291 daret:

1907 4323 2000 4394 qui
2027 4323 2071 4378 si
2112 4323 2213 4378 viri
2247 4333 2455 4388 essent,
2503 4340 2629 4379 enm
2679 4327 2850 4380 armis
2897 4334 2955 4380 et
2981 4326 3180 4398 opibus
3225 4325 3527 4397 plurimum

1907 4427 2151 4488 possent,
2178 4429 2388 4472 tantam
2423 4417 2547 4472 lilia:
2573 4433 2688 4474 sum
2706 4418 3100 4474 contumeliam
3133 4418 3325 4490 procul
3347 4419 3516 4476 dubio

1909 4506 2108 4579 insigni
2130 4507 2315 4578 aliquo
2335 4505 2584 4564 facinore
2604 4509 2880 4580 expiaturi
2904 4519 3112 4566 essent.
3140 4507 3256 4565 Hae
3276 4511 3531 4567 oratione

199 4617 566 4685 comperisset,
599 4632 706 4672 una
738 4631 861 4671 cum
902 4585 1274 4671 cardinalibus
1303 4585 1471 4686 erepit
1501 4585 1796 4687 obsistere,
1834 4585 1880 4645 θ
1907 4597 2118 4658 “imus
2147 4601 2349 4673 musis.
2378 4615 2546 4671 quam
2581 4598 2814 4657 ίηαειυθ
2841 4620 2857 4657 ε
2885 4600 2944 4657 5i
2990 4601 3068 4670 id:
3122 4602 3324 4674 ῑηίιυῖιι
3353 4602 3524 4662 “mm

201 4707 586 4776 reclamare,ac
614 4709 1101 4766 anathematizare.
1128 4707 1197 4764 Et
1226 4709 1316 4764 tib.
1357 4725 1416 4765 ιιι
1445 4710 1594 4766 lucc:
1620 4709 1797 4767 Porro

199 4798 412 4856 domnus
441 4801 642 4858 Petrus
671 4802 988 4867 Damianus,
1017 4800 1173 4871 cujus
1197 4799 1316 4872 jam
1349 4817 1514 4873 supra
1545 4802 1800 4860 memini-

202 4909 327 4958 nrzs,
357 4898 422 4949 ail
456 4897 567 4952 hoc
607 4896 996 4952 monasterium
1027 4896 1357 4970 (Casinense)
1389 4898 1635 4964 veniens,
1667 4914 1794 4955 cum

202 4985 371 5050 verbo,
403 4987 616 5057 pariter
639 4995 696 5042 et
731 4987 983 5058 exemplo
1011 4989 1080 5043 ad
1118 4987 1212 5042 Dei
1245 4989 1531 5045 servitium
1562 4988 1794 5046 ferventi

201 5073 323 5141 zelo.
355 5092 716 5150 quoscunque
746 5089 952 5148 posset,
997 5080 1361 5136 accenderet:
1407 5083 1624 5136 tandem
1665 5097 1793 5138 con-

200 5182 363 5235 sensu,
379 5183 435 5226 et
455 5171 1015 5243 permissionetlomni
1044 5170 1330 5242 (Desiderii
1351 5169 1410 5228 S.
1435 5171 1501 5228 Il.
1520 5171 1588 5229 E.
1612 5174 1788 5242 card.,

201 5263 314 5330 rte.)
337 5263 552 5320 abbatis
585 5281 614 5317 ει
640 5273 837 5320 cuneta
873 5264 1293 5337 congregatione
1323 5265 1628 5322 voluntaria
1643 5266 1798 5323 obla-

204 5353 350 5423 tione,
375 5357 428 5413 in
460 5357 843 5413 remissionem
871 5357 1117 5412 omnium
1139 5367 1488 5427 peccatorum
1513 5358 1754 5414 obtinuit
1777 5402 1791 5422 .

205 5454 253 5497 ut
274 5462 361 5516 per
385 5449 554 5504 totius
578 5449 709 5506 anni
747 5458 932 5504 sextas
954 5447 1144 5516 ferias,
1178 5449 1397 5519 quando
1430 5456 1611 5506 tamen
1641 5448 1792 5506 festi-

204 5550 273 5594 η
289 5556 386 5597 non
409 5557 625 5606 essent.
657 5561 798 5617 pane
828 5553 1038 5602 tantum
1062 5555 1116 5602 et
1141 5563 1283 5620 aqua
1308 5548 1552 5603 contenti
1576 5557 1787 5605 essent:

207 5651 260 5691 ac
282 5651 371 5707 per
398 5643 647 5714 singulas
675 5642 873 5713 singuli
904 5642 1242 5714 disciplinas,
1271 5647 1398 5701 data
1424 5643 1787 5713 confessione,

206 5729 502 5800 reciperent.
542 5733 776 5807 Insuper
815 5742 870 5790 et
897 5737 1208 5792 triduanum
1229 5736 1497 5807 jejunium
1545 5738 1598 5795 in
1632 5720 1796 5810 caput

207 5819 629 5896 Quadrngesimte
661 5843 757 5896 per
782 5841 956 5885 annos
981 5829 1223 5901 singulos
1253 5841 1496 5902 agerent.

1902 4693 2355 4765 obstinatumque
2406 4703 2492 4750 est
2546 4695 2726 4762 vobis,
2778 4696 3065 4768 imperabo
3093 4705 3313 4768 egomet
3361 4697 3521 4761 mibi,

1904 4789 2188 4859 feramque
2214 4799 2275 4844 ut
2298 4799 2494 4860 potero
2526 4805 2692 4855 onus,
2718 4793 2864 4863 quod
2895 4791 3174 4862 deponere
3204 4808 3310 4846 non
3336 4790 3512 4847 valeo.

1901 4878 1980 4932 Ita
2033 4877 2265 4936 ell‘era'to
2307 4884 2484 4952 magis
2539 4896 2641 4952 per
2699 4882 2944 4938 studium
2997 4882 3312 4940 concordia:
3369 4884 3520 4948 odio,

1900 4971 2117 5036 annuit.
2149 4972 2393 5043 quidem,
2428 4981 2484 5028 ut
2513 4974 2567 5028 in
2597 4976 2754 5046 regni
2778 4977 3121 5034 consortium
3151 4978 3338 5050 regina
3368 4993 3525 5035 revo-

1900 5072 2138 5119 (aretur.

2659 5183 2743 5239 VI.

1899 5292 2238 5370 Bertltoldusg
2273 5297 2543 5370 presbyter
2582 5297 3008 5370 Constantieiuis
3061 5299 3176 5370 (an.
3239 5301 3428 5369 l090).
3469 5312 3520 5358 et

1968 5367 2392 5438 ptenitentiarius
2423 5367 2770 5438 apostolicus,
2795 5369 2848 5423 in
2889 5367 3145 5430 Arcturo
3169 5374 3240 5424 ad
3282 5367 3514 5429 Herone-

1973 5435 2099 5489 num
2129 5435 2495 5504 Contractum,
2525 5439 2621 5494 sub
2644 5456 2735 5494 an.
2766 5438 2827 5494 C.
2867 5441 2999 5496 1061

1971 5553 2067 5608 llis
2105 5553 2445 5624 temporibus
2494 5553 2821 5611 venerabilis
2862 5555 3062 5611 Petrus
3104 5555 3383 5622 Damiani,
3435 5574 3506 5614 ex

1895 5647 2127 5700 eremita
2159 5645 2457 5701 cardinalis
2492 5647 2807 5717 episcopus.
2849 5646 3017 5701 multa
3049 5647 3407 5716 conscripsit,
3442 5656 3500 5704 et

1899 5738 2356 5795 incontinentiam
2409 5737 2761 5796 sacerdotum
2814 5741 2950 5795 satis
3008 5739 3412 5794 rationabiliter
3455 5739 3512 5796 in

1900 5831 2121 5903 scriptis
2175 5834 2288 5888 suis
2336 5831 2662 5887 confutavit.
2703 5830 2907 5887 Rursus
2954 5833 3023 5886 ad
3078 5847 3273 5886 armum
3335 5831 3519 5891 l070.
