2130 3181
414 174 463 201 135

832 169 860 195 S.
882 165 1206 202 PETIlUSﬁAMIASL‘S
1225 165 1254 191 S.
1277 164 1309 191 It.
1328 164 1358 191 E.
1378 163 1595 192 CARDINALIS.

1974 159 2028 189 185

414 231 507 258 Penus
526 229 643 257 Damiaui
659 229 706 261 pia:
723 227 855 253 memoria.
871 225 1014 251 cardiunlis
1031 225 1181 258 episcopus,
1200 225 1221 252 Λ
1237 222 1288 249 alio
1303 227 1381 255 atque
1396 221 1446 247 alio
1460 222 1519 247 vitae
1537 225 1607 248 statu
1623 220 1699 247 edita:
1712 228 1718 246 ε
1730 225 1844 254 quantm
1858 217 1887 245 in
1900 217 1972 252 aliis,
1995 223 2028 246 ut

411 277 466 310 jam
481 277 581 302 dulum
594 273 690 300 mundo
708 272 860 301 cruciﬁxus,
886 271 1011 304 migravit
1038 270 1069 295 ad
1097 270 1186 297 homi-

413 330 474 349 num
488 327 533 347 vttt
565 319 674 346 Kalend.
701 318 813 345 Martii:
834 317 875 344 cui
901 317 1028 343 Dominus
1055 316 1186 343 Gcroldus

415 367 559 401 (Giraldus,
581 366 637 391 oni.
658 364 687 392 S.
708 365 771 391 Ben.
792 362 1067 395 C(tutiac.cmto(iita),
1094 370 1186 388 revera

414 411 558 438 monachus
566 410 675 436 scientia
687 409 882 442 Scripturarum
893 408 1015 441 insignis,
1028 412 1054 434 et
1067 408 1187 434 moribus

411 463 459 482 suo
485 455 674 490 praedecessori
690 461 741 480 nou
762 454 857 487 impar,
874 453 899 478 iu
920 454 1100 486 episcopatum
1123 460 1185 478 suc-

409 500 490 527 u-ssit

771 542 822 569 \‘ll.

408 589 556 629 Siyebertus
574 587 664 615 Callus
682 588 736 620 (an.
759 588 846 648 “092,
860 587 1003 628 monui-[ius
1018 586 1187 627 (ξιιιιΙιιιςυεη-

442 632 489 648 m.
522 624 580 648 ard.
615 623 645 648 S.
680 622 817 648 Bencd..lt
838 642 844 648 .
871 621 908 648 De
937 630 997 648 vim
1026 621 1184 648 illustribus.

442 623 489 656 sis,
522 624 580 650 ard.
615 623 645 650 S.
680 621 844 654 Benai.,lib.
871 621 908 649 De
937 622 997 648 viris
1026 621 1184 655 illustribus,

442 667 500 692 cup.
518 658 578 686 l03.

442 703 537 730 Petrus
558 703 676 730 Damiani
695 702 772 731 Itoni.
795 702 919 730 Ecclesiae
934 703 1063 737 septimus
1089 702 1183 735 levita,

408 747 513 782 scripsit
526 748 607 775 vitam
625 747 744 776 0dilonis
758 748 844 783 quarti
864 747 1082 775 Cluniacensium
1103 747 1186 775 abba-

408 792 452 819 tis.
473 791 645 820 Inveniuntur
658 793 739 820 etiam
755 792 873 819 humilia:
883 793 917 819 ab
930 800 962 820 eo
978 792 1113 820 luculento
1127 799 1186 819 ser-

408 845 486 865 mone
497 838 664 873 conscriptae.

758 895 822 922 Vill.

412 938 544 976 ilouorim
556 940 792 976 Augustoduneusis
811 941 941 976 presbyter
951 940 1008 976 (un.
1026 939 1116 976 ιηο),
1130 948 1186 976 mo-

441 974 539 1010 nac/ms
557 980 580 1001 et
596 975 674 1001 abbas
696 976 752 1002 orti.
771 975 798 1002 S.
812 974 916 1003 'Beue’d.
936 974 1014 1010 prope
1035 975 1113 1009 ﬁnem
1127 975 1187 1001 libri

441 1008 478 1035 0c
488 1009 660 1036 luntiuaribus
679 1010 812 1037 Ecclesiw.

438 1063 533 1091 Petrus
558 1068 732 1099 cognomento
767 1064 902 1097 Damiani,
929 1073 961 1093 ex
991 1066 1124 1093 monacho
1153 1070 1183 1092 et

411 1109 522 1149 er‘emita
543 1110 693 1145 episcopus,
709 1110 816 1144 scripsit
832 1110 928 1138 librum
940 1115 1032 1138 contra
1047 1111 1116 1143 illos,
1138 1111 1189 1146 qu'r

405 1153 566 1181 simoniacos
580 1154 735 1182 reordinare
747 1159 954 1188 consueverunt,
968 1159 995 1182 et
1010 1155 1092 1182 multa
1103 1155 1156 1182 alia
1175 1164 1182 1182 :

413 1199 461 1225 sub
475 1198 588 1227 Henrico
604 1199 650 1226 I’io
662 1199 760 1227 lloruit.

772 1255 817 1281 ΙΧ.

405 1306 569 1344 Ηιιιὶιιίιιιιιιισ
589 1307 679 1344 Gal/us
701 1308 755 1344 (an.
781 1309 870 1341 ηοω,
898 1309 1038 1336 utonuclms
1067 1309 1185 1344 Frigidi-

443 1343 602 1379 montisuord.
624 1342 653 1370 S.
667 1342 762 1379 Heneti.
775 1344 801 1370 in
818 1344 934 1371 Historia
947 1353 1006 1376 stin,
1020 1344 1097 1379 cujus
1107 1342 1185 1372 ἐτι-ιη

440 1377 518 1416 apud
528 1376 690 1416 i’incetitiuttt
700 1377 953 1416 BelvncemenLord.
968 1376 1057 1406 l’rted;
1080 1381 1107 1406 in
1119 1379 1186 1415 Spe-

440 1412 497 1438 culo
508 1412 646 1444 Itiuoriali,
660 1412 705 1439 lib.
719 1421 780 1445 xxv,
793 1421 850 1448 cap.
862 1413 906 1444 52,
922 1413 977 1440 luee
991 1419 1061 1440 sum.

443 1465 499 1492 Hoc
514 1471 633 1501 tempore
643 1466 738 1494 Petrus
754 1467 900 1495 Damianns
912 1467 1020 1503 scripsit
1033 1468 1074 1501 ad
1090 1476 1186 1504 papam

405 1511 624 1542 llildehramlum,
633 1511 745 1540 reddens
757 1512 900 1544 rationein.
910 1520 993 1547 quare
1001 1513 1185 1549 episcopatum

404 1557 544 1584 dimiserit.
568 1557 633 1585 Erat
649 1558 720 1585 enitn
738 1558 780 1585 vir
799 1558 927 1594 religione
946 1564 974 1586 et
992 1559 1123 1594 sapientia
1138 1568 1185 1587 uo.

407 1602 613 1634 minatissimus,
637 1603 682 1638 qui
702 1603 825 1638 quredam
846 1604 882 1630 ibi
898 1609 1073 1639 narrar,qu:e
1087 1605 1113 1631 in
1134 1605 1187 1632 hoc

407 1647 466 1674 loco
488 1648 655 1682 excerpenda
680 1647 786 1676 decrevi
812 1657 820 1675 :
844 1648 922 1682 Quia,
944 1649 1043 1684 inquit,
1071 1649 1186 1677 refutari

405 1691 615 1719 ecclesiasticmn
627 1693 756 1728 regimen,
766 1698 874 1721 centum
883 1702 1016 1722 annorum
1025 1695 1187 1729 ptenitentia

407 1735 472 1762 mihi
488 1735 606 1771 iujuncta
621 1741 671 1770 est,
692 1737 840 1766 secundum
864 1738 982 1766 remedia
1004 1739 1103 1774 regulae
1126 1747 1185 1767 mo-

409 1781 528 1809 uastiore.

780 1829 813 1858 Χ.

408 1875 565 1913 Franciqu
588 1876 730 1913 Pavori-Ita
755 1876 914 1913 (ωιᾏιξῖο)
927 1897 934 1909 ,
956 1881 1090 1913 oratore!
1109 1882 1186 1913 poeta

441 1911 544 1972 palpata.
567 1919 625 1946 cap.
647 1911 689 1944 ΓΙ,
713 1916 790 1939 tract.
813 1912 840 1945 5,
857 1911 903 1939 lib.
925 1920 956 1945 ll,
974 1912 1012 1940 De
1039 1913 1091 1940 vita
1110 1911 1188 1940 ’τοίί-

443 1991 538 2019 Petrus
548 1999 619 2020 nunc
631 1993 749 2020 occurrit
764 1993 821 2026 ille,
834 1994 879 2029 qui
894 1994 1015 2021 Damiani
1035 2001 1185 2030 cognomen

409 2037 499 2069 habet,
514 2038 635 2072 quamvis
647 2043 674 2065 et
689 2039 721 2067 de
734 2039 786 2066 hoc
796 2040 863 2074 ipso,
881 2044 909 2067 et
924 2040 957 2067 de
973 2040 1040 2072 vita,
1052 2041 1186 2076 rebusque

407 2083 459 2110 viri
471 2082 548 2117 hujus
557 2084 704 2118 agentium,
716 2085 849 2112 discordia
871 2085 955 2113 multa
972 2085 1008 2113 sit
1020 2095 1027 2112 :
1040 2086 1111 2121 quod
1124 2094 1186 2114 eum

407 2128 452 2156 alii
464 2136 479 2157 e
491 2128 644 2158 solitudinis
657 2130 722 2163 otio,
739 2131 773 2158 ad
782 2130 959 2159 ecclesiastici
975 2132 1076 2167 negotii
1088 2139 1185 2164 curas;

406 2178 512 2207 contra,
525 2175 568 2203 alii
579 2183 611 2203 ex
622 2177 679 2211 ipsa
690 2184 817 2204 curarum
828 2185 900 2209 arce.
920 2178 1087 2213 strepituque
1105 2186 1187 2214 nego-

408 2222 516 2253 tiorum,
535 2222 568 2249 ad
592 2222 670 2250 otiosi
688 2223 785 2250 silentii
806 2231 899 2258 pacem
919 2224 1038 2251 trahunt.
1059 2224 1185 2260 Utrmque

406 2266 468 2293 vita:
497 2266 576 2300 hujus
602 2267 811 2299 commendatio,
838 2276 884 2295 seu
910 2273 984 2295 tanto
1006 2268 1080 2296 illum
1097 2269 1185 2296 oliicio

406 2311 514 2345 dignum
537 2310 611 2343 fecit,
624 2318 671 2338 seu
697 2311 753 2346 ipsa
775 2312 854 2347 digna
877 2313 933 2341 visa
956 2317 1008 2346 est,
1028 2321 1087 2348 qua:
1111 2318 1186 2341 tanto

407 2356 513 2390 fastigio
524 2357 703 2390 prtelerretur.
715 2357 766 2385 Alii
780 2366 834 2386 rem
849 2359 1019 2393 permiscent.
1034 2358 1111 2392 Nam,
1124 2367 1186 2387 eum

406 2402 527 2430 exactius
544 2409 636 2429 vermn
660 2410 784 2438 quaerens
800 2412 885 2439 usque
902 2405 936 2432 ad
955 2405 1119 2438 cmnobium,
1139 2406 1185 2433 ubi

406 2448 429 2474 is
444 2446 543 2480 ﬂoruit,
557 2447 700 2479 misissem.
711 2449 756 2483 qui
769 2449 833 2476 mihi
844 2455 980 2486 comperta
993 2451 1082 2478 omnia
1095 2459 1188 2486 repor-

407 2497 510 2524 tareut;
539 2492 722 2528 religiosorum
748 2493 798 2521 loci
828 2494 898 2521 illius
920 2495 1069 2523 assertione
1092 2496 1186 2530 didici,

407 2536 490 2564 fuisse
517 2544 577 2564 eum
595 2537 683 2572 primo
701 2538 809 2573 quidem
833 2539 1001 2571 solitarium,
1021 2539 1088 2568 inde
1107 2541 1187 2569 altius

404 2585 537 2614 evectum,
550 2581 655 2609 demum
668 2582 738 2610 ultro
747 2583 781 2610 ad
794 2583 966 2611 solitudinem
978 2584 1099 2613 rediisse.
1111 2585 1187 2619 Quod

406 2627 428 2654 si
443 2627 478 2654 ita
494 2631 546 2659 est,
560 2633 588 2655 et
608 2628 734 2656 indicium
758 2629 816 2663 ejus
838 2634 990 2658 extremum
1009 2635 1093 2666 patet.
1108 2635 1137 2659 et
1159 2633 1186 2660 in

405 2680 486 2700 unum
499 2672 648 2707 exetnplnm
672 2674 822 2703 solitudinis
844 2676 979 2710 geminum
1003 2676 1086 2705 decus
1107 2677 1163 2705 coit
1180 2697 1186 2705 .

407 2724 466 2751 quae
477 2717 543 2745 tales
559 2717 631 2745 viros
650 2719 748 2747 steeulo
772 2721 935 2753 commodat,
960 2722 1121 2757 eosdemque
1148 2723 1189 2750 sic

408 2763 512 2797 recipit.
529 2763 566 2790 Ita
582 2770 645 2791 vero
662 2771 731 2795 esse,
743 2769 772 2791 ut
784 2765 904 2798 credam,
918 2766 1038 2802 epistolae
1053 2767 1112 2801 ejus
1125 2768 1188 2795 hor-

408 2812 509 2840 tantur,
523 2816 590 2843 quas
613 2817 684 2838 nunc
699 2810 823 2842 maxime,
843 2810 884 2838 his
906 2812 1016 2844 auditis,
1038 2813 1070 2840 ad
1086 2821 1188 2841 memo-

409 2852 474 2879 riam
504 2862 607 2886 revoco,
625 2856 737 2882 diversis
763 2855 813 2882 illi?
831 2857 937 2896 quidem
964 2859 1139 2892 temporibus.
1159 2865 1185 2885 rt

1240 268 1303 294 mihi
1319 267 1434 298 videtur,
1451 271 1596 300 occupatus
1611 266 1701 292 amissi
1723 265 1770 293 otii
1795 264 1916 300 requiem
1935 265 2030 301 suspi-

1241 318 1281 339 rat
1294 322 1300 344 ;
1312 313 1345 339 ειη
1358 312 1418 338 aliis
1434 313 1536 339 otiosus
1551 312 1678 338 trausacti
1693 311 1790 345 negotii
1811 310 2029 346 inquietudinem

1240 359 1406 386 recordatur.
1433 357 1516 391 llujus
1533 357 1596 384 mihi
1612 364 1681 383 nunc
1706 356 1806 382 certior
1820 355 1951 382 memoria
1970 359 2028 382 est.

1239 403 1348 431 Cmtcris
1364 404 1453 437 igitur,
1467 411 1525 436 qnzc
1541 409 1616 428 extra
1631 401 1795 436 propositum
1815 405 1888 433 sunt,
1904 400 2028 430 omissis,

1239 451 1339 483 utique,
1360 450 1479 483 inquam,
1497 449 1593 475 Petrus
1608 449 1662 480 hic,
1678 452 1806 482 quantum
1823 454 1854 474 ex
1871 446 2031 474 novissimis

1238 494 1293 526 (‘j'zs
1324 495 1428 529 script's
1452 494 1545 524 elicio,
1569 493 1719 520 Romanum
1743 490 1940 519 cardinalatum
1970 499 2027 519 non

1240 540 1298 567 sine
1312 539 1388 566 laude
1407 540 1580 574 possederat:
1600 538 1645 565 Vir
1665 538 1735 565 haud
1759 537 1888 572 dignitate
1914 536 2027 567 clarior,

1237 591 1317 619 quam
1332 583 1433 619 lingua.
1449 583 1518 617 Quid
1535 588 1624 610 tamen
1635 587 1662 609 et
1676 582 1720 610 hic
1731 581 1834 609 consilii
1848 581 2028 616 ceperit,jac-

1238 629 1339 656 audies.
1355 629 1492 664 Siquidem
1506 634 1604 655 statum
1624 628 1696 654 illum
1707 647 1714 659 ,
1743 634 1909 661 pompasque
1932 625 2030 653 ικαιῆ

1237 674 1432 702 contribulihus
1446 675 1503 702 suis
1516 675 1651 709 linquens,
1668 674 1724 708 ipse
1734 672 1815 700 Italia:
1829 672 1928 703 medio,
1943 671 1977 698 ad
1989 670 2030 698 si-

1237 720 1348 746 nistrum
1355 720 1506 754 Appennini
1515 720 1592 749 latus,
1601 719 1795 754 quietissimam
1802 717 1985 750 solitudinem,
1993 716 2036 745 dc

1236 774 1287 799 qua
1318 765 1399 793 multa
1415 766 1585 800 conscripsit,
1608 770 1634 792 ct
1649 773 1709 800 qtne
1722 769 1798 791 vetns
1820 763 1907 791 adhuc
1934 763 2031 791 Fontis

1236 811 1355 839 Avell..ni
1364 819 1460 839 nomen
1469 815 1570 843 servat,
1582 810 1709 845 perituris
1721 810 1867 837 honoribus
1879 808 2030 844 praferen-

1236 857 1296 884 dam
1312 857 1388 884 duxit
1403 866 1409 883 :
1426 857 1469 883 uhi
1493 864 1545 883 nou
1561 856 1649 883 minus
1671 855 1786 890 gloriose
1800 854 1972 889 postmodum
1988 853 2029 879 Ia-

1200 894 1223 924 Β
1238 903 1297 934 tuit,
1316 908 1396 938 quant
1410 902 1564 929 innotucrat
1579 901 1694 936 primum
1712 900 1818 927 Rumze:
1835 906 1884 926 nec
1898 898 2030 926 dedecori

1239 948 1275 975 illi
1289 947 1339 975 fuit
1356 947 1403 974 alti
1420 947 1531 974 verticis
1542 946 1651 974 rutilum
1670 945 1763 976 decus,
1785 943 1919 979 squalenti
1934 942 2029 971 cilicio

1238 997 1416 1028 permutasse.

1602 1047 1648 1075 XI.

1239 1104 1267 1132 S.
1286 1105 1434 1132 Antoninus
1462 1105 1526 1139 (rm,
1543 1103 1635 1138 “50),
1656 1111 1688 1130 cz
1708 1102 1804 1139 ordine
1823 1101 2035 1136 pra-dicator-m

1272 1137 1480 1174 archiepiscopus
1507 1138 1687 1174 Floreiuiuus,
1706 1137 1894 1165 Chroniconun
1917 1143 2031 1163 suorum

1271 1180 1344 1210 parte
1358 1173 1444 1206 ιι,1ιι.
1460 1175 1500 1207 l6,
1515 1182 1572 1208 cap.
1585 1173 1611 1200 8.

1271 1233 1350 1260 Anno
1378 1231 1483 1259 Domini
1509 1231 1587 1259 1068.
1617 1230 1712 1257 Petrus
1743 1228 1889 1256 Damianus
1917 1227 1973 1254 vita
2000 1231 2029 1254 ct

1238 1277 1351 1305 scientia
1367 1277 1491 1312 insignis,
1504 1277 1619 1303 habetur
1633 1275 1659 1302 in
1673 1274 1757 1305 italia,
1773 1274 1817 1301 hic
1828 1273 1911 1300 edidit
1925 1272 2028 1300 multos

1237 1330 1376 1351 sermones
1389 1322 1504 1357 eleganti
1513 1321 1581 1357 stylo
1595 1322 1628 1349 de
1640 1320 1755 1348 diversis
1769 1319 1898 1347 materiis.
1914 1318 2031 1354 Episco-

1237 1369 1311 1404 patui
1327 1376 1399 1400 vero,
1414 1375 1467 1402 quo
1482 1366 1610 1394 infulatus
1624 1365 1723 1397 fuerat,
1739 1365 1915 1396 renuntiavit,
1926 1368 1957 1390 ιιι
1972 1364 2034 1391 Deo

1238 1414 1348 1441 liberius
1361 1417 1481 1441 vacaret.
1493 1411 1606 1446 Scripsit
1618 1415 1646 1438 et
1656 1410 1730 1445 plura
1738 1409 1877 1445 opuscula,
1890 1408 2033 1440 videlicet,

1239 1460 1337 1487 librum
1351 1459 1468 1494 primunt
1491 1458 1528 1485 De
1542 1456 1709 1492 perfectione
1727 1454 1919 1481 monachorum
1938 1462 1945 1479 :
1964 1453 2030 1479 item

1237 1505 1329 1537 alium,
1337 1505 1382 1540 qui
1391 1503 1549 1534 intitnlatur,
1557 1502 1742 1532 Gratissimus,
1751 1508 1796 1528 seu
1805 1499 2030 1531 Probatissimus,

1239 1556 1265 1578 et
1292 1554 1387 1578 contra
1403 1549 1585 1577 siutoniaeos:
1602 1548 1666 1575 item
1687 1547 1785 1574 librum
1811 1546 1849 1573 De
1869 1549 2031 1580 contemptu

1239 1595 1328 1624 szcculi
1349 1605 1355 1621 :
1374 1595 1437 1621 item
1453 1592 1583 1624 libellum,
1598 1592 1643 1627 qui
1659 1591 1817 1621 intilulatur,
1835 1589 1965 1617 Dominus
1979 1596 2029 1616 vo—

1238 1642 1352 1673 biscum,
1362 1642 1394 1668 ad
1402 1640 1518 1668 Leonem
1524 1646 1630 1675 papam,
1640 1637 1735 1665 librum
1742 1637 1775 1665 dc
1781 1635 2030 1664 Consuetudinibus

1240 1686 1367 1715 Ecclesia!
1384 1695 1391 1713 :
1408 1686 1471 1713 item
1497 1684 1606 1719 scripsit
1620 1682 1742 1718 regulam
1754 1681 1933 1713 eremiticam,
1949 1684 1979 1708 et
1995 1680 2030 1707 de

1238 1733 1333 1761 onliue
1354 1731 1416 1758 vita:
1438 1730 1585 1758 eremitica:
1603 1737 1610 1755 ε
1631 1729 1695 1756 item
1721 1727 1819 1755 librum
1843 1734 1892 1762 per
1918 1726 2029 1754 modum

1238 1777 1348 1814 dialogi,
1363 1782 1456 1805 contra
1467 1776 1575 1803 Judmos
1588 1782 1596 1802 :
1613 1775 1677 1802 item
1692 1773 1810 1802 libellum
1817 1770 2029 1800 Narrationum:

1240 1823 1304 1851 item
1319 1822 1418 1849 librum
1431 1821 1469 1849 De
1480 1819 1660 1855 diremptione
1672 1818 1913 1854 nuptiarumzitem
1928 1817 2030 1844 librum

1240 1868 1277 1895 De
1292 1866 1473 1902 disputatione
1498 1866 1532 1893 de
1555 1864 1693 1892 canonicis
1707 1864 1781 1891 horis
1797 1872 1803 1890 :
1821 1863 1886 1891 item
1910 1861 2030 1890 Invecti-

1238 1920 1298 1940 vam
1312 1915 1405 1940 contra
1421 1911 1566 1946 quemdam
1581 1910 1747 1945 episcopum,
1760 1908 1805 1944 qui
1827 1909 1978 1936 monachos
1993 1909 2027 1935 at

1238 1957 1363 1985 sarculum
1375 1956 1528 1983 revocabat.
1542 1955 1638 1982 Narrat
1652 1955 1732 1982 etiam
1755 1953 1830 1989 plura
1843 1953 1967 1988 exempla
1978 1960 2026 1980 eo-

1238 2002 1554 2037 rum,.pmecontigerunt
1568 2000 1731 2036 temporibus
1745 1999 1801 2027 suis
1813 1999 1838 2026 in
1854 1998 1972 2026 diversis
1987 1998 2023 2026 lo-

1238 2051 1276 2078 cis
1288 2050 1399 2078 multum
1411 2047 1549 2079 notabilia,
1560 2048 1593 2075 de
1604 2047 1702 2082 quibus
1713 2046 1739 2074 in
1753 2045 1929 2081 istucapitulo
1936 2045 2028 2081 aliqua

1237 2099 1385 2131 ponuntur.
1401 2094 1428 2121 In
1443 2094 1583 2129 Apologia,
1599 2093 1624 2120 id
1639 2097 1681 2120 est
1691 2092 1866 2120 excusatione
1877 2099 1926 2119 sua
1941 2098 2027 2126 super

1238 2141 1392 2175 episcopatu
1417 2139 1539 2170 dimisso,
1567 2137 1733 2165 IIclinandus
1753 2138 1793 2165 sic
1804 2137 1842 2164 ait
1853 2137 1886 2165 de
1904 2144 1960 2164 eo:
1977 2136 2029 2164 Hie

1239 2186 1335 2213 Petrus
1355 2185 1388 2212 ad
1406 2191 1502 2220 papam
1518 2182 1741 2214 Hildehrandum,
1753 2182 1799 2217 qui
1818 2180 1870 2209 fuit
1882 2181 2031 2216 Gregorius

1202 2242 1223 2272 υ
1240 2231 1377 2267 Septimus
1390 2229 1509 2265 scripsit,
1527 2229 1657 2256 rationem
1669 2228 1785 2256 reddens
1796 2235 1882 2263 quare
1891 2227 2032 2262 episcopa-

1241 2281 1296 2303 tum
1308 2276 1458 2303 dimiserat.
1476 2274 1542 2302 Erat
1556 2274 1629 2302 enim
1644 2273 1686 2301 vir
1698 2273 1842 2308 sapientia,
1857 2277 1887 2300 et
1898 2272 2035 2308 religione

1240 2321 1483 2349 nomiuatissimus.
1500 2318 1534 2346 Et
1550 2320 1642 2353 infra:
1659 2318 1710 2352 Qui
1724 2317 1806 2345 etiam
1830 2316 1974 2353 descripsit
1988 2318 2030 2346 vi-

1241 2373 1294 2395 tam
1306 2367 1335 2394 S.
1349 2365 1502 2398 ltomualdi,
1516 2369 1542 2392 et
1557 2363 1688 2391 Odilouis.

1606 2419 1663 2447 XII.

1241 2469 1391 2507 Angugmus
1407 2468 1549 2507 monachus
1560 2466 1743 2507 Benedictintts
1751 2465 1811 2507 (nn.-
1818 2464 1897 2506 ιιειο)
1907 2472 2031 2507 nigrior”.

1275 2499 1391 2532 (Initum
1408 2503 1573 2534 SJuinme,
1596 2510 1665 2529 nunc
1674 2499 1834 2533 Cannensis,
1857 2501 1886 2527 in
1909 2499 2032 2527 Historia

1273 2539 1432 2569 ntannslt’ca,
1444 2538 1514 2573 apud
1530 2545 1570 2564 me
1584 2545 1634 2564 me.

1275 2585 1391 2613 Sanctus
1405 2585 1502 2612 Petrus
1514 2583 1662 2611 Damianus
1674 2582 1728 2610 vita
1739 2586 1767 2610 et
1778 2582 1891 2610 scientia
1904 2581 2033 2618 insignis,

1241 2633 1267 2659 in
1281 2631 1356 2659 Italia
1377 2631 1465 2659 ﬂoret.
1483 2631 1600 2658 Dimisso
1615 2629 1785 2665 episcopatu.
1800 2628 1917 2657 etneitur
1937 2636 2033 2661 mom-

1240 2677 1306 2704 chus
1328 2677 1354 2704 in
1377 2676 1544 2704 monasterio
1555 2675 1584 2703 S.
1597 2674 1688 2702 Mariae
1701 2673 1753 2701 sito
1764 2673 1914 2706 Farentia,
1927 2673 2033 2701 ordinis

1241 2723 1433 2751 monachorum
1450 2720 1668 2757 congregationis
1683 2718 1713 2747 S.
1725 2718 1821 2747 Crucis
1831 2718 1970 2746 Avellanaa
1984 2727 1991 2745 :
2005 2723 2033 2746 et

1241 2769 1392 2796 vestiuntur
1406 2768 1478 2800 albo,
1494 2772 1521 2796 et
1535 2767 1641 2795 cuculla
1649 2766 1725 2799 alba;
1740 2765 1832 2801 ibique
1843 2765 1927 2793 multa
1942 2765 2031 2800 patini-

1241 2814 1324 2841 tentia
1337 2821 1455 2849 peracta,
1473 2814 1588 2841 moritur
1601 2812 1749 2840 monachus
1764 2811 1791 2838 in
1809 2811 1925 2847 prazl'ato
1937 2818 2033 2838 mona-

1240 2860 1332 2888 stnrio.
1348 2869 1372 2887 ιι
1389 2861 1436 2888 Kal
1470 2860 1558 2888 'llartii
1571 2863 1596 2885 ιιι
1613 2867 1626 2885 a
1640 2857 1736 2894 populo
1751 2862 1909 2887 veneratur,
1923 2862 1950 2885 et
1967 2858 2030 2888 aile~
