4260 6366
310 315 406 373 185
957 312 1503 370 1’1101.Ε6οΜΕΝᾹ.
1550 343 1616 350 --
1659 307 1912 363 'I'I'LSTI.“

2019 305 2084 360 Li
2134 305 2220 359 DE
2265 307 2321 361 S.
2358 307 2590 364 I’ETRO
2636 305 2969 362 D.-\.\II.-\NO.
3532 298 3630 352 I83

309 445 475 496 ratur,
505 431 602 502 qui
648 430 814 485 multa
852 427 1308 482 excellentissime
1334 426 1575 494 scripsit,
1605 422 1903 478 secundum
1939 431 1981 486 Α

309 523 674 585 Vincentium,
715 529 769 573 et
801 519 1293 590 archiepiscopum,
1340 517 1404 570 ad
1454 531 1592 586 quos
1645 515 1906 570 lectorem

306 613 475 666 mitto.

1029 702 1166 758 XIII.

306 820 586 875 II'cmcrus
619 819 841 874 Rolewilt
870 819 983 888 (tm.
1034 817 1192 886 1491)
1220 815 1561 888 Teutonicas,
1594 812 1909 888 Gortltusitt-

371 909 488 954 ttus,
515 893 570 945 itt
605 885 1214 959 Fascicqutemporum.
1250 889 1346 941 sub
1375 905 1465 940 an.
1502 885 1563 940 ϐ.
1606 885 1766 939 1051.

371 985 567 1042 Petrus
612 987 906 1041 Damianns
933 987 1124 1040 doctor
1150 984 1489 1054 gravissimae
1535 981 1907 1044 auctoritatis,

305 1091 355 1132 ct
385 1077 675 1150 religiosus
703 1076 879 1142 valde,
917 1077 1110 1131 claret.

1033 1187 1170 1242 XIV.

307 1283 541 1338 Joannes
571 1281 890 1336 Tritltemius
919 1282 1030 1348 (tm.
1081 1279 1252 1348 1497)
1285 1278 1404 1332 obb.
1457 1277 1575 1331 orti.
1705 1275 1904 1348 Bcued.

373 1370 616 1437 congreg.
650 1345 1059 1422 Bursfeldensis,
1092 1349 1184 1403 lib.
1236 1345 1314 1403 De
1347 1347 1714 1419 Scriptoribtts
1751 1345 1909 1400 θεοίε-

371 1437 626 1479 stastms.

371 1534 570 1590 Petrus
606 1533 854 1589 Damiani
877 1548 945 1588 ex
978 1532 1250 1587 monacho
1278 1531 1343 1586 D.
1373 1529 1435 1584 P.
1465 1528 1748 1584 Benedicti
1787 1526 1908 1596 epi-

303 1644 504 1698 scopas
553 1627 854 1688 Ostiensis,
916 1635 969 1680 et
1014 1634 1386 1680 sacrosancta:
1435 1623 1594 1678 liom.
1650 1619 1910 1676 Ecclesia:

299 1721 618 1784 cardinalis,
654 1721 734 1773 vir
757 1720 809 1772 in
835 1719 1034 1772 divinis
1063 1717 1361 1788 Scripturis
1391 1716 1670 1770 studiosus
1697 1722 1752 1768 et
1781 1728 1910 1766 eru-

301 1813 464 1880 ditus,
496 1823 551 1866 et
589 1811 932 1866 swcularium
963 1809 1271 1864 litterarum
1305 1825 1408 1864 non
1459 1810 1713 1878 ignarus,
1755 1807 1904 1876 iugc-
1941 1811 1956 1867 ι

301 1904 390 1956 nio
433 1903 606 1966 mitis,
641 1911 695 1957 et
723 1909 947 1965 acutus;
981 1899 1198 1970 eloquio
1240 1898 1510 1970 placidus,
1539 1906 1592 1951 et
1624 1896 1906 1966 composi-

302 2005 408 2051 tus.
433 2004 488 2048 et
535 1995 601 2047 ad
633 1991 1067 2063 persuadendum
1110 1992 1245 2046 satis
1278 1991 1540 2056 idoneus;
1576 2006 1684 2044 non
1723 1989 1908 2043 minus

300 2086 607 2147 sanctitate,
639 2099 801 2154 quam
822 2083 1132 2138 eruditione
1168 2081 1374 2147 clarus,
1408 2089 1464 2136 et
1495 2081 1722 2150 insignis
1751 2078 1907 2134 ell'nl-

299 2181 384 2242 sit,
417 2179 510 2249 qui
547 2177 800 2247 excutplo
829 2175 1006 2248 Magni
1037 2175 1286 2246 Gregorii
1337 2173 1602 2228 antistitis
1634 2169 1908 2241 (Nazian-

301 2288 483 2325 unum
538 2269 834 2338 intelligit),
868 2282 1056 2324 amore
1105 2265 1423 2323 solitudinis
1451 2275 1508 2322 et
1537 2265 1760 2334 quietis.
1793 2265 1910 2333 epi-

301 2373 577 2432 scopatmn
627 2376 785 2416 suum
816 2359 1094 2425 deferens,
1140 2369 1501 2430 posteaquam
1537 2357 1690 2411 illum
1746 2355 1908 2410 anuis

300 2455 502 2525 aliquot
517 2464 742 2510 strenue
764 2453 1191 2524 gubernavcrat,
1217 2451 1286 2508 ad
1308 2451 1620 2508 casnobium
1642 2465 1799 2505 suum
1821 2464 1908 2504 re-

301 2560 487 2600 versus
513 2555 624 2611 est,
650 2555 706 2601 et
737 2545 903 2599 vitam
935 2545 1193 2614 deinceps
1229 2559 1353 2599 cum
1403 2543 1666 2598 fratribus
1706 2541 1821 2597 suis
1851 2542 1905 2596 in

301 2638 700 2708 tranquillitate
713 2637 880 2693 animi
897 2637 1100 2709 exegit.
1117 2636 1253 2692 Cum
1279 2645 1462 2691 autem
1485 2651 1516 2689 a
1539 2648 1753 2690 smnmo
1772 2649 1907 2705 pou-

303 2730 784 2786 tilicecharitativa
810 2730 1182 2800 increpatione
1212 2737 1666 2799 argueretur,cur
1693 2726 1908 2796 episco-

300 2836 501 2895 patmn,
526 2834 717 2893 utpote
745 2825 826 2878 vir
857 2822 1004 2877 utilis
1027 2831 1083 2877 et
1111 2823 1359 2883 idoneus,
1380 2819 1680 2874 dimisisset
1709 2833 1902 2873 amore

301 2919 752 2988 salotislirivatm,
783 2919 851 2971 ad
880 2928 988 2972 tres
1023 2915 1127 2970 sibi
1157 2915 1390 2969 invicem
1415 2913 1793 2977 succedentes,
1813 2910 1906 2964 Ni-

301 3012 505 3066 colaum
521 3011 586 3078 II,
611 3011 984 3066 Alexandrum
1007 3009 1048 3064 ll
1071 3021 1125 3063 et
1142 3007 1466 3080 Gregorium
1489 3005 1597 3071 νη,
1624 3005 1904 3061 Romanos

301 3108 602 3179 pontiﬁces,
627 3107 1009 3180 Apologcticos
1029 3104 1230 3172 edidit;
1261 3105 1315 3160 in
1333 3105 1532 3175 quibus
1545 3103 1898 3167 auctoritate,

302 3202 507 3257 ratione
531 3210 588 3256 et
610 3200 862 3269 exemplo
890 3199 1093 3254 factum
1119 3213 1278 3254 suum
1305 3196 1587 3252 humiliter
1610 3209 1903 3260 excusans,
1935 3193 1980 3254 C

304 3296 507 3350 animos
528 3309 720 3350 eorum
756 3293 1014 3364 placavit.
1041 3292 1116 3348 De
1159 3291 1317 3362 cujus
1344 3289 1624 3362 cpnscnlis
1656 3288 1903 3358 subjecta

302 3387 544 3442 feruntur
574 3404 587 3440 :
620 3386 688 3441 ad
743 3385 982 3440 Leonem
1033 3385 1343 3448 cremitam,
1391 3392 1572 3436 utrum
1624 3380 1906 3437 solitarius

300 3479 634 3534 oransboras
655 3479 970 3542 canonicos,
995 3477 1188 3532 debeat
1217 3476 1383 3529 etiam
1404 3475 1608 3537 dicere,
1639 3473 1906 3527 Dominus

302 3573 596 3640 vobiscum,
626 3571 844 3644 quando
871 3586 1029 3626 nemo
1057 3572 1128 3626 sit
1156 3571 1248 3640 qui
1280 3570 1610 3640 reSpondeat
1628 3586 1642 3632 ;
1663 3583 1896 3637 Opuscu-

304 3663 403 3716 lum
428 3664 837 3728 instructivum,
889 3663 1033 3733 quod
1061 3672 1417 3733 przenotatur,
1450 3662 1540 3716 lib.
1577 3661 1630 3716 1.
1670 3661 1901 3716 Domino

303 3753 457 3810 Leoni
492 3771 715 3822 amore,
746 3756 1080 3825 Antiloginm
1105 3766 1298 3812 contra
1329 3755 1573 3822 Judteos,
1606 3755 1642 3810 Ι.
1678 3756 1727 3810 1.
1761 3755 1902 3810 Con-

304 3860 377 3902 tra
423 3851 720 3920 quemdam
747 3850 1087 3921 episcopum,
1119 3849 1154 3903 1.
1189 3849 1236 3902 1.
1271 3848 1346 3904 De
1376 3850 1590 3904 naturis
1629 3865 1901 3918 quorum-

303 3942 415 3996 dam
449 3942 806 4004 animalium,
833 3941 925 3996 lib.
959 3943 1008 3996 1.
1044 3941 1549 4013 Apologcticorum,
1585 3942 1675 3997 lib.
1709 3943 1763 3997 5.
1799 3943 1904 3998 Do-

307 4035 441 4091 ntino
467 4052 569 4091 suo
597 4036 838 4090 Nieolao.
871 4037 946 4091 De
991 4037 1329 4090 continentia
1367 4036 1738 4099 sacerdotum,
1773 4035 1808 4088 Ι.
1850 4037 1900 4090 1.

306 4127 475 4199 Noper
514 4129 726 4184 habens
764 4144 887 4182 cum
939 4127 1238 4183 nonnullis.
1272 4130 1347 4182 De
1379 4129 1644 4184 uxoribus
1671 4129 1906 4184 clerico-

309 4241 442 4290 rum,
479 4225 574 4280 lib.
608 4225 658 4279 1.
697 4223 808 4280 Vos
839 4223 1110 4294 alloquor,
1139 4240 1172 4279 ο
1207 4223 1440 4294 lepores.
1480 4222 1685 4294 Regula
1713 4223 1904 4279 solita-

307 4319 522 4385 riorum,
556 4319 653 4374 lib.
688 4320 736 4374 I.
770 4318 904 4373 Dum
931 4316 1202 4374 fervorem
1235 4326 1439 4373 sancta:
1467 4332 1590 4371 con.
1627 4317 1903 4372 Exhorta-

309 4413 491 4466 torium
546 4412 614 4466 ad
661 4411 976 4477 monachos,
1013 4410 1050 4464 I.
1113 4413 1159 4465 1.
1189 4409 1478 4466 Fratribus
1522 4411 1575 4465 in
1600 4410 1899 4482 Gangensi.

307 4502 680 4560 )Iitaeulorum
706 4505 789 4560 sui
814 4503 1100 4574 temporis,
1118 4503 1152 4556 Ι.
1173 4503 1223 4557 1.
1248 4502 1613 4557 Dilectissimo
1627 4502 1899 4557 Gerardo.

311 4597 374 4651 De
399 4595 644 4667 profectu
677 4597 1087 4656 monachorum,
1126 4595 1222 4649 lib.
1253 4594 1305 4649 1.
1343 4595 1418 4650 De
1449 4595 1680 4650 avaritia
1706 4593 1902 4664 prazla-

311 4699 499 4754 torum,
556 4688 594 4742 l.
654 4690 703 4744 1.
762 4687 884 4743 Vita
947 4685 1192 4744 Otilanis
1250 4689 1491 4753 abbatis,
1545 4688 1583 4742 I.
1642 4689 1693 4743 1.
1749 4685 1904 4758 llngo

309 4780 674 4836 Cluniacensis
700 4780 888 4836 abbas.
931 4781 1006 4837 De
1039 4789 1250 4837 terrore
1283 4782 1500 4845 mortis,
1537 4780 1573 4834 Ι.
1605 4781 1653 4835 1.
1690 4779 1903 4835 Βιειιιρίο

309 4872 423 4926 olim
447 4874 765 4929 conmissa).
791 4873 868 4928 De
891 4875 1244 4931 meditatione
1269 4878 1484 4942 mortis,
1512 4876 1547 4930 l.
1589 4877 1633 4930 l.
1662 4873 1905 4936 Pcnsan-

313 4965 423 5018 dum
453 4966 656 5036 quippe
683 4977 786 5020 est.
818 4964 1021 5022 Contra
1062 4967 1350 5038 episcopos
1390 4969 1744 5036 simoniacos,
1778 4973 1825 5026 l.-
1851 4975 1898 5028 1.

314 5054 381 5110 lle
425 5055 716 5112 insolentia
755 5057 1116 5128 malignorum
1149 5060 1454 5122 hominum,
1486 5060 1520 5115 Ι.
1559 5063 1608 5116 1.
1643 5061 1906 5119 Gratissi-

315 5164 439 5210 ntus.
489 5166 585 5206 seu
612 5149 1063 5215 Probatissimus,
1103 5151 1138 5205 Ι.
1172 5153 1221 5206 1.
1252 5152 1482 5207 Domino
1511 5152 1575 5207 11.
1612 5153 1904 5211 Ravenna-

319 5241 440 5296 ticae.
472 5241 906 5298 Declamationes
939 5244 1248 5310 rhetoriea‘,
1277 5245 1312 5298 l.
1349 5246 1397 5300 1.
1427 5246 1502 5300 De
1531 5245 1632 5302 SS.
1665 5246 1824 5302 Flora
1850 5255 1905 5303 et

317 5331 524 5398 Lucilla,
567 5335 602 5390 I.
643 5335 696 5390 1.
734 5337 944 5401 Adhuc,
982 5336 1349 5393 dilectissimi.
1399 5337 1475 5394 De
1529 5339 1588 5394 S.
1635 5339 1903 5396 Cassiano

320 5429 630 5498 martyri-,1.
669 5429 714 5483 1.
747 5428 1121 5494 Admirabilis,
1152 5445 1206 5483 et
1235 5431 1496 5504 gloriosa.
1531 5433 1606 5488 De
1638 5433 1698 5489 S.
1740 5433 1903 5488 Botti-

322 5520 460 5580 l'u-io.
490 5521 523 5574 l.
562 5521 610 5573 1.
665 5520 729 5574 Β.
774 5520 1038 5578 Bonifaeii
1090 5523 1346 5594 gloriosa.
1383 5525 1456 5580 De
1486 5527 1544 5581 S.
1583 5526 1901 5592 Anastasio,

324 5609 353 5661 Ι.
385 5611 426 5664 1.
466 5613 542 5667 Ad
589 5613 900 5683 pulcluum,
963 5614 1162 5669 fratres
1185 5616 1519 5671 cbarissimi.
1570 5618 1900 5673 Sermonum

323 5711 366 5750 νι
396 5702 764 5759 llomiliarnm.
803 5706 867 5759 lit
891 5705 995 5760 alia
1022 5706 1209 5770 multa,
1240 5724 1363 5776 qua:
1393 5726 1498 5762 non
1526 5713 1656 5764 vtdi.
1692 5711 1900 5765 (llarnit

326 5795 410 5847 sub
441 5796 690 5854 Ileinrirn
725 5817 848 5868 rege
879 5799 969 5867 IV,
1005 5819 1144 5857 anno
1172 5800 1383 5853 Domini
1422 5802 1575 5857 toan,

2013 493 2166 549 Idem
2194 495 2535 560 Trit/temius,
2570 495 2660 549 lib.
2697 423 2908 562 ιμλεῖιί).
2937 494 3029 556 93,
3069 491 3144 545 De
3176 490 3303 545 viris
3335 487 3634 544 illustribus

2558 567 2674 620 0rd.
2697 567 2753 620 S.
2786 564 3080 617 Benedicti.

2083 663 2277 718 Petrus
2326 661 2573 715 Damiani
2619 661 2926 715 monachus
2978 658 3319 713 Vivaricnsis
3370 655 3635 722 emnobii,

2011 753 2301 822 episcopus
2350 751 2644 814 Ostiensis,
2698 759 2754 804 et
2815 748 3139 810 cardinalis,
3193 747 3280 802 vir
3326 747 3380 801 in
3433 747 3636 802 divinis

2014 845 2317 915 Seripturis
2346 844 2775 906 eruditissimus,
2810 843 3030 912 ingenio
3063 840 3304 907 subtilis,
3336 848 3392 894 et
3415 839 3638 910 eloquio

2013 936 2272 999 disertus,
2321 944 2377 988 et
2429 934 2788 1006 Gregorianm
2829 933 3162 1002 eloquentiae
3203 933 3407 997 instar,
3461 931 3638 989 dulcis

2013 1036 2069 1080 et
2101 1036 2350 1089 ornatus,
2386 1033 2439 1080 et
2465 1026 2531 1079 ad
2564 1024 3010 1094 persuadendum
3035 1025 3172 1079 satis
3208 1042 3221 1078 :
3254 1039 3379 1079 cum
3408 1038 3507 1093 per
3535 1022 3638 1077 ali-

2013 1127 2148 1187 quot
2205 1133 2377 1171 annos
2427 1115 2810 1187 pontificatum
2845 1125 3069 1171 strenue
3105 1117 3371 1183 rexisset,
3401 1126 3458 1172 et
3500 1116 3635 1170 vitia

2016 1209 2308 1278 impiorum
2326 1210 2444 1263 sine
2474 1209 2689 1264 delectu
2724 1225 3088 1280 personarum
3123 1209 3452 1279 corriperet,
3481 1211 3638 1264 senio

2018 1300 2232 1354 tandem
2270 1300 2574 1365 conlectus,
2604 1311 2679 1361 et,
2711 1300 2873 1355 ttedio
2891 1299 2959 1354 ad
2985 1298 3378 1355 conSuIendum
3403 1300 3638 1369 propria:

2014 1391 2196 1458 saluti,
2231 1392 2608 1461 episcopatum
2639 1392 2886 1447 deseruit
2931 1409 2945 1448 :
2990 1401 3048 1447 et
3094 1390 3346 1462 exemplo
3381 1389 3637 1460 Gregorii

2015 1483 2557 1553 Magni,Nazianzeni
2575 1485 2851 1553 quondam
2870 1485 3136 1554 episcopi,
3154 1484 3222 1537 ad
3238 1483 3636 1539 monachorum

2015 1578 2192 1632 studia
2229 1589 2530 1632 rcmcatur.
2571 1578 2725 1634 Unde
2757 1594 2924 1647 super
2953 1580 3057 1634 hoc
3099 1594 3128 1632 a
3163 1579 3338 1633 tribus
3368 1576 3637 1631 Romanis

2017 1671 2372 1740 pontiticibus
2404 1671 2679 1742 arguitur,
2715 1670 2859 1740 quod
2888 1670 2972 1724 vir
3015 1680 3122 1724 tam
3154 1670 3370 1744 doctus,
3408 1677 3465 1723 et
3489 1667 3639 1722 utilis

2020 1762 2300 1824 Εειτιρείω.
2351 1763 2661 1818 deseruerit
2707 1764 3113 1833 episcopatum,
3166 1771 3222 1816 et
3278 1760 3634 1817 commodum

2017 1855 2289 1924 privatum
2326 1856 2551 1910 utilitati
2602 1856 2967 1927 praeposuerit
3028 1855 3342 1919 communi;
3399 1869 3523 1908 cum
3567 1852 3638 1907 ad

2015 1950 2260 2016 regimen
2290 1950 2602 2004 animarum
2631 1951 2801 2004 verbo
2835 1958 2888 2003 et
2919 1947 3173 2018 exctnplo
3201 1956 3350 2002 esset
3377 1947 3634 2002 idoneus.

2013 2043 2086 2096 At
2117 2042 2311 2097 Petrus
2369 2041 2654 2097 humiliter
2696 2058 2756 2098 se
2805 2057 3087 2097 excusans
3140 2040 3362 2110 scripsit
3401 2054 3504 2112 pro
3535 2053 3639 2093 suo

2015 2135 2159 2189 facto
2181 2135 2584 2206 Apologeticos.
2612 2135 2812 2207 quibus
2839 2135 3053 2190 ratione
3079 2143 3134 2189 et
3164 2133 3422 2204 exemplo
3453 2131 3639 2204 ponti-

2015 2225 2146 2281 lices
2190 2225 2321 2280 fecit
2347 2226 2696 2296 tranquillos.
2723 2226 2960 2297 Scripsit
2995 2227 3101 2280 alia
3125 2225 3297 2281 multa
3333 2223 3636 2288 volumina,

2013 2319 2081 2374 de
2119 2319 2322 2389 quibus
2350 2335 2450 2391 ego
2481 2327 2692 2374 tantum
2721 2320 2900 2389 reperi
2937 2319 3207 2390 subjecta.
3237 2317 3316 2370 Ad
3349 2314 3640 2371 Nicolaum

2012 2427 2210 2482 papam
2244 2411 2286 2466 ll
2316 2411 2762 2483 Apologeticum,
2791 2412 2884 2468 lib.
2913 2413 2965 2467 1.
2995 2412 3075 2466 Ad
3110 2411 3486 2466 Alexandrum
3518 2409 3560 2463 ll
3584 2415 3641 2463 et

2011 2503 2337 2575 Gregorium
2360 2502 2570 2567 Vll,lib.
2585 2504 2645 2559 2.
2665 2503 2743 2560 De
2761 2503 3446 2574 profectn'monacbornm,
3467 2499 3562 2554 lib.
3582 2499 3636 2555 1.

2011 2595 2324 2668 Antilogion
2365 2605 2554 2652 contra
2594 2596 2834 2664 Iudaeos,
2874 2598 2912 2651 l.
2957 2598 3004 2651 1.
3052 2599 3124 2652 De
3143 2596 3375 2653 avaritia
3391 2593 3642 2666 prtelato-

2011 2703 2154 2754 ram,
2172 2687 2264 2745 lib.
2290 2688 2547 2745 i.Contra
2561 2689 2845 2761 episcopos
2862 2689 3214 2753 simoniacos,
3236 2687 3390 2742 lib.l.
3413 2682 3641 2741 DeCon-

2013 2784 2245 2837 tinentia
2280 2783 2650 2847 sacerdotum,
2673 2781 2768 2836 lib.
2804 2782 2856 2836 1.
2883 2781 2961 2836 De
2979 2782 3245 2836 uxoribus
3285 2778 3634 2841 clericorum,

2011 2874 2104 2930 lib.
2128 2876 2177 2929 1.
2195 2875 2274 2930 Ad
2305 2875 2542 2931 Leonem
2567 2875 2909 2942 solitarium;
2943 2891 3011 2930 an
3032 2875 3274 2930 solitarie
3287 2887 3456 2928 orans
3472 2885 3638 2927 cano-

2011 2971 2164 3024 nicas
2191 2969 2356 3024 horas
2381 2969 2581 3024 debeat
2629 2969 2796 3024 etiam
2821 2968 3088 3024 Dominus
3118 2966 3402 3022 vobiscum
3425 2965 3638 3029 dicere,

2009 3079 2132 3117 cum
2152 3079 2259 3119 non
2280 3063 2476 3118 habeat
2497 3064 2943 3134 respondentem,
2964 3061 3059 3116 lib.
3086 3061 3138 3116 I.
3158 3061 3420 3133 Regulam
3438 3060 3642 3116 eremi-

2017 3163 2194 3207 larum
2211 3164 2264 3208 et
2283 3153 2762 3219 iuclusorumJlib.
2782 3153 2804 3206 1
2821 3193 2835 3207 .
2851 3152 3302 3208 Exhortatorium
3316 3151 3382 3204 ad
3408 3136 3636 3215 fratres,

2016 3245 2126 3300 Ι.1.
2170 3245 2244 3301 De
2273 3245 2600 3315 quibusdam
2627 3245 3040 3302 incredibilibus
3073 3261 3174 3300 suo
3190 3254 3436 3316 tempore
3452 3244 3636 3310 factis,

2014 3337 2112 3394 lib.
2136 3337 2185 3392 1.
2207 3337 2388 3393 V'ilam
2417 3338 2474 3393 S.
2497 3337 2749 3394 Odilonis
2776 3338 2994 3395 abbatis
3023 3337 3424 3403 Cluniacensis,
3457 3336 3555 3392 lib.
3582 3336 3638 3392 I.

2013 3433 2090 3487 De
2141 3444 2353 3488 terrore
2396 3432 2612 3498 mortis,
2663 3431 2757 3487 lib.
2798 3433 2847 3486 I.
2888 3431 2966 3485 De
3011 3431 3372 3487 meditatione
3417 3431 3636 3498 mortis,

2012 3523 2108 3578 lib.
2155 3526 2205 3578 1.
2240 3523 2316 3578 De
2344 3522 2446 3578 SS.
2484 3522 2644 3578 Flora
2695 3532 2754 3578 et
2783 3522 3013 3587 Lucilla,
3051 3521 3146 3578 lib.
3192 3522 3242 3577 1.
3287 3521 3493 3586 Alium,
3541 3521 3639 3593 qui

2012 3626 2350 3687 prtenotatur
2380 3614 2778 3681 Gravissimus,
2813 3631 2909 3670 seu
2940 3613 3393 3678 Probatissimus,
3430 3613 3526 3669 lib.
3584 3613 3637 3669 I.

2011 3710 2291 3764 Adversus
2343 3707 2640 3778 quemdam
2672 3708 3014 3778 cpisc0pmn,
3064 3706 3159 3777 qui
3211 3705 3518 3761 monac-hos
3566 3705 3638 3762 ad

2012 3802 2270 3860 steculum
2319 3803 2635 3866 revocabat,
2677 3801 2774 3856 lib.
2822 3803 2870 3856 l.
2906 3801 2985 3858 De
3026 3801 3321 3857 insolentia
3356 3801 3632 3873 maligno-

2013 3913 2133 3951 rum
2192 3895 2512 3961 hominum,
2574 3894 2669 3950 lib.
2713 3896 2765 3949 1.
2825 3894 3266 3950 Declamatioues
3317 3895 3635 3960 rhetoricae,

2013 3989 2106 4043 lib.
2144 3989 2192 4042 1.
2229 3987 2302 4043 De
2330 3997 2526 4042 natura
2551 3988 2916 4057 quorumdam
2947 3987 3291 4052 animalium,
3326 3985 3422 4042 lib.
3453 3986 3504 4040 1.
3561 3985 3638 4042 De

2011 4083 2070 4136 S.
2119 4080 2383 4136 Cassiano
2415 4091 2682 4153 martyre,
2725 4089 3023 4135 tractatum
3046 4081 3094 4134 1.
3128 4079 3205 4134 De
3238 4078 3297 4134 S.
3327 4078 3635 4145 Bonifacio,

2013 4181 2174 4228 tract.
2208 4173 2258 4226 I.
2288 4172 2364 4226 De
2395 4172 2500 4227 situ
2525 4183 2582 4227 et
2627 4173 2950 4227 fundatione
2983 4171 3326 4227 Vivariensis
3370 4169 3635 4234 emnobii,

2011 4264 2046 4317 l.
2088 4264 2139 4318 1.
2171 4262 2471 4320 Sermones
2501 4273 2556 4319 et
2602 4263 2873 4320 Homilias
2897 4264 3120 4334 scripsit
3147 4278 3288 4334 pene
3313 4263 3631 4318 innumera-

2010 4356 2191 4411 biles:
2235 4355 2512 4426 Epistolas
2557 4357 2724 4411 etiam
2767 4355 2955 4428 plures
2998 4355 3066 4408 ad
3107 4355 3399 4410 diversos:
3430 4365 3488 4410 et
3526 4353 3633 4409 alia

2013 4449 2204 4517 tnnlta,
2223 4465 2346 4520 qua:
2366 4451 2418 4504 in
2446 4465 2640 4505 manus
2657 4460 2875 4506 nostras
2899 4450 3080 4504 adlmc
3096 4449 3323 4503 minimc
3340 4457 3631 4505 venerunt.

1935 4560 1981 4619 υ
2010 4544 2218 4597 (llaruit
2241 4542 2345 4598 sub
2374 4543 2611 4599 lIeurico
2640 4543 2724 4610 III,
2755 4558 2901 4598 anno
2931 4541 3147 4598 Domini
3179 4541 3339 4597 11160.

2750 4634 2889 4690 XVI.

2015 4727 2216 4783 Eadem
2243 4730 2378 4783 serie
2404 4730 2512 4798 ipse
2535 4727 2861 4783 Tritltemius
2882 4729 3039 4784 habet
3071 4729 3163 4782 tib.
3193 4743 3265 4791 tv,
3293 4745 3412 4796 cap.
3440 4727 3530 4794 55,
3561 4728 3632 4783 Da

2084 4800 2210 4854 viris
2263 4800 2563 4855 illustribus
2622 4802 2742 4854 ortl.
2804 4799 2864 4855 S.
2914 4799 3119 4854 Betted.
3152 4799 3217 4852 At
3256 4802 3311 4851 in
3369 4798 3632 4856 Chronico

2084 4870 2134 4924 Η
2143 4873 2484 4941 irsaugicnsis
2511 4871 2824 4925 monasterii
2850 4873 2947 4925 sub
2976 4887 3066 4924 an.
3095 4871 3156 4926 (ἱ.
3191 4869 3329 4925 I056
3351 4871 3488 4926 Ita'c.

2082 4961 2279 5020 Petrus
2300 4977 2520 5035 quoque
2550 4963 2850 5020 Damianns
2877 4979 2947 5020 ex
2976 4963 3251 5035 monacho
3285 4965 3456 5020 nostri
3485 4965 3627 5020 ordi-

2014 5061 2404 5131 nisepiscopus
2430 5058 2728 5125 Ostiensis,
2752 5068 2810 5114 et
2832 5068 3208 5114 sacrosancta:
3240 5058 3502 5114 Ecclesia:
3529 5060 3634 5113 Ito-

2013 5167 2188 5208 mana:
2227 5152 2546 5218 cardinalis,
2605 5152 2693 5208 his
2743 5151 3090 5222 temporibus
3139 5150 3326 5206 clarus
3359 5151 3632 5216 habetur;

2011 5247 2096 5301 vir
2135 5256 2284 5304 certe
2316 5247 2461 5303 inter
2487 5246 2680 5303 doctos
2712 5247 2797 5302 sui
2831 5244 3098 5316 temporis
3148 5243 3511 5300 doctissimus
3538 5262 3552 5299 :
3584 5254 3638 5298 et

2015 5358 2121 5396 non
2153 5341 2336 5396 minus
2368 5341 2692 5428 sanctitate,
2717 5355 2884 5410 quam
2926 5337 3236 5394 eruditione
3268 5337 3630 5400 venerabilis,

2013 5434 2105 5504 qui
2131 5433 2302 5488 multa
2330 5433 2534 5505 ingenii
2559 5433 2643 5488 sui
2671 5432 2934 5504 praeclara
2961 5430 3239 5486 volumina
3265 5430 3460 5496 edidit,
3494 5446 3634 5500 quo-

2015 5543 2132 5580 rmn
2174 5528 2360 5582 titulos
2393 5527 2520 5581 alibi
2552 5526 2711 5597 plene
2741 5526 3093 5598 digessimus.
3131 5524 3231 5578 llic
3277 5539 3468 5578 amore
3504 5525 3633 5576 reli-

2011 5625 2187 5694 gionis
2243 5630 2448 5676 sancire
2502 5621 2884 5692 episcopatum
2938 5637 3099 5674 somn
3151 5619 3432 5700 deseruit,
3465 5627 3522 5672 et
3563 5617 3631 5669 ad

2014 5716 2408 5770 monasterium
2440 5731 2694 5771 reversus
2710 5725 2816 5770 est.
2848 5714 2916 5768 Et
2938 5717 3100 5784 paulo
3122 5723 3261 5784 post.
3291 5713 3460 5783 Igitur
3484 5729 3630 5765 anno

2012 5808 2095 5872 ((ἰ.
2134 5807 2269 5862 11169
2305 5812 2316 5862 l
2347 5805 2623 5861 Wilhelmi
2661 5807 2805 5873 (ﬂl’b.
2845 5809 2907 5870 12
2971 5805 3394 5874 llirsnugirnsii)
3429 5804 3605 5871 ['riutzo
