4176 6368
296 392 392 447 Q‘Zl

1544 381 1858 440 CARMI'NA
1896 379 1984 436 ET
2026 379 2320 436 l’RliCES.

3478 374 3587 432 91?.

296 506 558 573 suiliciat;
596 518 723 561 ecce
770 519 853 558 co:
868 519 968 573 pus
1016 517 1192 557 meum
1221 544 1237 569 ,
1288 516 1384 571 per
1427 498 1572 570 quod
1624 505 1676 553 te
1719 496 1885 551 miser
1909 497 1963 556 Α
1987 496 2153 549 Orate
2180 510 2278 563 pro
2297 508 2384 548 me
2400 507 2599 549 misero
2618 499 2671 548 et
2693 490 2935 546 funditus
2964 490 3199 561 perdito,
3227 491 3429 547 domini
3455 490 3584 556 mei,

274 600 531 667 eotl'endi,
576 608 667 663 tu,
717 598 809 667 qui
853 613 913 653 es
966 596 1268 652 animarum
1321 594 1583 655 medicus,
1629 590 1876 652 verbera,

295 691 538 765 ﬂagella;
589 693 701 745 sive
749 690 926 760 lepra,
977 690 1091 745 sive
1144 688 1557 757 quibuscunque
1604 682 1880 738 doloribus

300 782 399 836 tibi
446 783 621 836 visum
672 779 868 843 fuerit,
926 779 1214 833 durissime
1265 784 1512 846 percute.
1562 772 1676 827 Tua
1722 771 1881 840 plane

298 879 552 930 creatura
584 885 726 934 sum,
764 870 1013 926 conditor
1054 882 1232 929 meus;
1284 876 1338 918 ιιι
1364 880 1450 919 me
1482 865 1587 919 luis
1609 863 1765 931 cinge
1789 859 1884 917 ﬂa-

296 961 474 1035 gellis,
517 975 616 1016 nec
649 960 833 1015 tradas
883 974 967 1014 me
1022 958 1073 1011 in
1132 972 1325 1011 manus
1370 956 1573 1011 inimici
1616 954 1751 1018 mei;
1791 960 1884 1007 aut

295 1053 611 1119 lieousque
657 1067 773 1107 mea
828 1050 1092 1121 processit
1142 1050 1404 1119 iniquitas
1451 1048 1593 1102 utin
1630 1048 1735 1103 hac
1775 1062 1880 1101 non

298 1143 474 1213 possit
509 1143 615 1197 vitt
662 1140 864 1204 deleri,
895 1139 1131 1209 pnecipe
1181 1152 1352 1209 usque
1394 1139 1462 1193 ad
1506 1138 1648 1193 diem
1691 1135 1883 1206 judicii

296 1232 379 1288 tui
407 1232 567 1289 ul'r'o
589 1233 691 1289 bus
721 1246 803 1286 me
828 1230 1008 1301 pomis
1037 1228 1296 1301 aﬂligi,ut
1330 1238 1454 1285 tunc
1475 1229 1666 1284 saltem
1697 1236 1880 1283 extre-

298 1338 423 1380 mus
449 1326 688 1380 omnium
736 1322 1033 1378 electorum
1101 1333 1317 1379 tuorum
1364 1336 1579 1377 merear
1624 1320 1881 1376 inveniri.

296 1416 457 1473 Absit
478 1417 623 1472 enim
659 1431 689 1470 a
718 1430 806 1471 me
825 1423 884 1469 ut
914 1415 1181 1485 postulem
1207 1415 1457 1487 gloriam.
1492 1412 1697 1470 Sullicit
1728 1414 1882 1479 mihi,

296 1520 357 1566 ut
390 1510 767 1565 tantummodo
802 1523 997 1579 pmnas
1029 1509 1279 1563 evadant.

371 1599 478 1657 Sed
508 1600 762 1672 quoniam
795 1615 984 1671 preces
1014 1616 1167 1664 meae,
1199 1608 1309 1655 tam
1356 1600 1576 1656 sordido
1618 1615 1714 1656 ore
1757 1614 1885 1670 pro-

294 1694 444 1759 latae,
483 1696 551 1749 ad
576 1701 626 1748 te
654 1709 761 1748 non
793 1702 1074 1749 merentur
1102 1694 1418 1757 ascendere,
1459 1702 1510 1747 te
1540 1708 1696 1762 rogo,
1724 1692 1884 1747 beata

292 1784 449 1853 virgo
479 1783 667 1844 Maria.
707 1784 964 1855 templum
1000 1784 1091 1839 Dei
1127 1785 1228 1838 vivi
1257 1827 1270 1850 ,
1316 1784 1438 1838 aula
1471 1783 1633 1855 Regis
1668 1784 1880 1846 mterui,

291 1876 595 1930 sacrarium
625 1875 862 1944 Spiritus
891 1876 1083 1934 sancti.
1110 1874 1246 1930 bene
1269 1876 1389 1928 {icta
1416 1875 1558 1929 inter
1588 1873 1877 1936 mulieres;
1916 1850 1957 1909 Β

291 1967 500 2022 redolet
540 1984 671 2037 ager
715 1967 1068 2023 sacratissimi
1108 1967 1244 2021 uteri
1303 1966 1377 2021 tui
1433 1966 1654 2020 naribus
1702 1964 1883 2019 cordis

290 2058 431 2119 mei;
462 2072 524 2110 ex
576 2071 705 2122 quo,
749 2055 1001 2111 vili-licet
1040 2070 1193 2123 agro,
1225 2055 1353 2109 dum
1402 2055 1618 2108 unicum
1667 2052 1795 2107 illud
1821 2067 1885 2107 ac

289 2144 567 2215 sit-gulam
595 2144 765 2198 lilium
795 2144 1016 2215 prodiit,
1045 2159 1207 2198 omne
1237 2160 1359 2198 cum
1386 2160 1450 2197 eo
1481 2144 1743 2197 vir'utum
1776 2142 1886 2211 spi-

292 2238 565 2293 ritualimn
614 2253 835 2307 germen
878 2238 1077 2307 erupit.
1121 2237 1198 2290 Tu
1237 2238 1381 2317 enim
1422 2251 1482 2290 es
1518 2234 1755 2291 caelestis
1797 2235 1884 2288 illa

292 2342 460 2393 terra,
493 2348 614 2401 quae
656 2329 806 2386 dedit
834 2331 1070 2385 fructum
1116 2345 1292 2385 suum.
1329 2329 1405 2384 Te
1452 2329 1734 2382 materiam
1787 2326 1886 2381 Sa-

218 2410 219 2413 “
290 2426 499 2494 pientia
544 2424 782 2480 cmlestis
808 2425 1017 2487 habuit,
1068 2424 1206 2479 unde
1237 2423 1495 2493 templum
1528 2423 1610 2477 sui
1640 2423 1885 2491 corporis

292 2518 599 2572 falnivavit.
634 2516 709 2571 Te
760 2516 996 2583 Spiritus
1026 2528 1245 2571 sanctus
1294 2516 1555 2583 implevit.
1590 2514 1666 2568 Te
1716 2515 1887 2569 virtus

290 2607 556 2662 A‘l.issimi
608 2607 953 2661 inetialiilitcr
996 2605 1359 2661 obumbrmit.
1393 2604 1470 2658 Tu
1510 2603 1660 2658 defer
1700 2618 1887 2672 preces

295 2716 327 2753 ν
351 2713 444 2754 eis
470 2700 537 2754 ad
564 2699 756 2752 Fil'nm
782 2698 1097 2753 Crratorem
1131 2695 1431 2750 tnum.hno
1458 2704 1510 2750 tn
1537 2710 1629 2749 ora
1656 2710 1753 2763 pro
1779 2708 1886 2759 me,

294 2801 351 2846 tu
375 2791 627 2853 ηιιεαιτιι,
654 2789 807 2854 cujus
836 2789 1239 2843 nimirum‘vota
1269 2803 1375 2841 non
1404 2796 1629 2855 possunt
1658 2786 1885 2853 deSpiei,

292 2880 452 2948 cuius
480 2895 671 2948 pret-rs
701 2882 751 2932 in
774 2877 895 2948 ejus
925 2886 1217 2946 conspectu
1250 2885 1523 2945 nequeunt
1549 2875 1885 2943 parvipendi.

294 2968 698 3033 Eri:e,Do:i:ina
719 2983 860 3031 mea,
876 2966 1060 3040 infelix
1080 2980 1179 3036 ego
1196 2965 1566 3034 deprehensus
1584 2965 1635 3019 in
1661 2963 1890 3018 crimine

293 3064 465 3115 ducor
485 3059 548 3112 ad
575 3059 775 3122 furcas,
793 3067 976 3125 raptor
996 3072 1027 3112 a
1050 3056 1165 3127 lgla
1189 3058 1341 3119 lium,
1358 3057 1651 3125 pertrahor
1672 3056 1740 3110 ad
1761 3070 1890 3125 sup-

295 3151 538 3224 plicium.
559 3152 825 3219 Exsurgat
844 3164 976 3218 ergo
1001 3148 1201 3218 Regina
1222 3149 1430 3213 mundi,
1447 3158 1680 3218 opponat
1709 3164 1785 3214 se,
1806 3147 1888 3202 in-

336 3245 575 3298 rediatur
595 3243 660 3295 ad
686 3241 878 3295 Filium
907 3252 960 3295 et
979 3238 1171 3294 liberet
1205 3256 1375 3294 reum.
1413 3241 1650 3294 Accurre
1678 3248 1731 3294 et
1758 3249 1836 3305 tu,
1855 3256 1886 3294 ο

388 3334 638 3396 Michael,
668 3333 905 3389 cmlestis
931 3332 1132 3388 militia:
1181 3331 1432 3402 princeps
1474 3342 1531 3386 et
1559 3332 1648 3402 qui
1690 3333 1742 3385 in
1785 3334 1891 3388 line

295 3428 482 3483 mundi
535 3434 915 3497 perempturus
948 3439 1007 3479 es
1044 3425 1441 3479 Antichristum
1470 3432 1658 3479 contra
1721 3425 1887 3478 Deum

293 3534 356 3573 se
411 3514 806 3572 contumaciter
856 3512 1364 3582 estollentem,jam
1421 3513 1568 3568 illum
1620 3512 1791 3581 dejire
1836 3513 1888 3568 in

289 3610 458 3665 Corde
504 3623 623 3661 meo
674 3622 899 3675 regnare
935 3614 1254 3661 tentantezu.
1290 3605 1482 3659 Libera
1524 3620 1553 3658 a
1595 3604 1890 3659 tentatioue

292 3700 530 3756 animum
563 3712 739 3751 meam
790 3696 916 3750 dum
959 3696 1090 3749 vivit
1137 3696 1187 3748 in
1226 3712 1471 3764 corpore,
1510 3706 1567 3749 ut
1609 3712 1729 3751 eam
1769 3705 1891 3765 post

288 3788 761 3861 obitumﬁrratori
788 3785 1061 3855 suodignc
1090 3786 1272 3841 valeas
1304 3795 1653 3854 przrsentare.
1680 3785 1885 3853 Ailjuva

290 3896 381 3937 tne
402 3889 454 3933 ct
483 3888 558 3941 tu,
590 3896 622 3931 υ
649 3876 710 3930 Β.
736 3865 1315 3937 (ἷιιειτῖοι,’ΐωάονιιιοι·
1335 3876 1639 3930 caelestium
1676 3876 1890 3945 nuptia-

292 3988 446 4032 rum;
480 3970 623 4024 salva
657 3987 741 4023 me
772 3968 1023 4038 precibus
1071 3968 1177 4023 tuis
1215 3968 1472 4022 miserum
1522 3976 1886 4038 peccator-em,

291 4065 385 4133 qui
442 4063 590 4116 illum
635 4060 833 4116 missus
862 4075 921 4114 es
950 4059 1200 4113 nuntiare
1233 4060 1322 4129 qui
1354 4066 1614 4114 venturus
1661 4066 1781 4112 erat
1832 4058 1886 4112 in

293 4156 559 4209 mnmlum
584 4162 902 4223 peccatores
950 4160 1004 4204 ct
1064 4151 1291 4205 m‘sros
1340 4150 1571 4206 liberare
1632 4149 1784 4219 (Luc.
1822 4149 1885 4219 ι).

295 4246 508 4303 Medere
531 4257 586 4301 et
618 4255 669 4299 tu
701 4242 962 4313 languida:
988 4242 1183 4295 animre
1210 4257 1365 4306 mete,
1392 4239 1453 4295 S.
1485 4226 1744 4310 Raphael,
1768 4240 1888 4310 qui-

291 4354 399 4409 que
454 4336 606 4393 Sara:
658 4332 982 4389 daemonium
1024 4330 1318 4395 abstulisti,
1349 4338 1401 4385 et
1459 4329 1641 4385 Tubiat
1679 4330 1884 4395 oculos,

287 4440 430 4500 quos
455 4423 762 4496 perdiderat
812 4420 1086 4476 reddidisti
1128 4418 1279 4489 (Τυιι.
1316 4435 1396 4483 ιιι,
1432 4418 1539 4488 si);
1593 4418 1888 4491 malignum

1982 599 2173 643 omnes
2194 584 2367 639 sancti
2396 584 2511 637 Dei.

2053 695 2121 750 Et
2149 711 2268 764 quze
2297 703 2380 749 est
2416 702 2524 749 tam
2568 692 2808 753 crudelis
2858 691 3151 747 multitudo
3205 691 3434 761 peccati,
3464 706 3587 762 qua

1984 797 2062 840 tot
2086 795 2398 841 senatorum
2438 784 2745 839 coalestium
2773 794 3049 853 nequeant
3074 781 3469 837 intercessione
3490 780 3589 837 de-

1984 877 2117 931 leri?
2147 875 2257 931 Nec
2284 876 2429 931 enim
2462 876 2691 945 potestis
2734 890 2858 930 esse
2898 874 3272 929 misericordia
3302 870 3458 927 vacui
3490 870 3587 940 qui

1984 983 2107 1025 eum
2160 969 2276 1038 ipso
2325 967 2475 1023 [οιιιο
2526 967 2919 1022 misericordiae
2975 963 3413 1034 inseparabiliter
3456 961 3591 1019 estis

1986 1059 2139 1113 ttttiti.
2193 1058 2338 1123 Scio,
2375 1058 2626 1126 Domine,
2648 1058 2776 1127 quia
2822 1074 2928 1111 non
2964 1072 3179 1112 mereor
3204 1054 3449 1111 ecclesia:
3482 1062 3590 1111 tua:

1984 1149 2171 1204 limina
2202 1166 2357 1205 sacra
2384 1151 2725 1219 contingere,
2768 1165 2867 1206 nec
2897 1148 3142 1205 infelices
3163 1147 3352 1203 oculos
3380 1147 3447 1203 ad
3476 1161 3590 1203 cas-

1986 1238 2095 1294 lum
2137 1240 2332 1296 levare.
2366 1238 2621 1311 Indignus
2658 1255 2777 1295 sum
2825 1238 3169 1295 benedictum
3197 1248 3253 1294 et
3291 1238 3588 1309 gloriosum

1985 1346 2182 1387 nomen
2213 1341 2357 1385 tuum
2391 1344 2487 1401 per
2510 1329 2713 1401 polluta
2742 1339 2792 1386 et
2822 1330 3077 1401 spurcida
3128 1330 3267 1385 labia
3308 1344 3426 1385 mea
3460 1344 3589 1398 pro-

1985 1420 2157 1486 ferre;
2211 1421 2305 1476 sed
2344 1422 2548 1485 veniat,
2593 1437 2717 1487 oro,
2773 1422 3013 1491 Spiritus
3063 1430 3187 1478 tuus
3238 1422 3293 1477 in
3349 1421 3590 1478 animant

1985 1529 2191 1581 meam,
2216 1514 2465 1571 etomnia
2495 1514 2611 1569 haec
2632 1514 3045 1585 inquinamenta
3068 1515 3336 1587 detergat.
3356 1511 3413 1570 Si
3442 1513 3589 1569 enim

1984 1604 2064 1661 sol
2099 1606 2221 1669 iste,
2260 1605 2351 1673 qui
2386 1620 2490 1658 non
2526 1605 2591 1660 de
2622 1603 3032 1659 sublimioribus
3064 1603 3170 1659 tuis
3190 1602 3589 1665 estcreaturis,
3617 1619 3621 1625 ·

1986 1704 2168 1751 tantas
2198 1695 2361 1749 habet
2386 1693 2532 1749 vires
2570 1705 2629 1749 ut
2663 1694 2855 1749 sordes
2882 1692 3086 1756 deleat,
3122 1703 3302 1748 terras
3334 1692 3590 1757 illustret,

1988 1801 2116 1840 arva
2160 1784 2440 1849 fecundel;
2488 1794 2694 1851 quanto
2732 1784 2923 1853 nmgis,
2958 1784 3000 1837 si
3051 1794 3359 1838 coaeternus
3382 1796 3435 1838 et
3461 1774 3597 1839 cou-

1989 1875 2365 1933 substantialis
2396 1877 2491 1931 tibi
2518 1876 2753 1947 Spiritus
2786 1886 2909 1931 tuus
2953 1874 3223 1931 infelicem
3259 1876 3399 1931 hanc
3437 1873 3587 1929 arbn.

1987 1966 2192 2021 si'ulam
2229 1977 2568 2021 arescentem
2592 1964 2708 2034 jam
2741 1966 3020 2036 comisque
3050 1965 3309 2020 nudatam
3335 1966 3596 2035 dignetur

1987 2059 2239 2121 invisere,
2269 2056 2429 2112 faciet
2453 2072 2573 2111 eam
2606 2058 2853 2127 protinus
2884 2056 3253 2112 revirescere!
3294 2070 3395 2112 nec
3422 2058 3598 2123 impos

1990 2156 2108 2202 tens
2130 2148 2235 2220 erit
2260 2162 2379 2200 eam
2407 2147 2666 2200 virtutum
2720 2144 2944 2199 [laribus
2986 2160 3049 2198 ac
3106 2144 3607 2199 vernmitiumfrua

1987 2248 2169 2294 ctuum
2232 2239 2430 2294 decore
2487 2239 2707 2293 vestire.
2767 2238 2921 2302 Veni,
2956 2239 3184 2294 Domine
3233 2236 3384 2299 Jesu,
3445 2238 3597 2304 veni,

1988 2332 2160 2387 dulcis
2193 2331 2467 2387 habitator
2498 2330 2548 2385 in
2578 2346 2683 2386 me.
2718 2328 2867 2384 OJor
2902 2339 3026 2385 tuus
3056 2331 3237 2384 omnia
3266 2330 3437 2385 vincit
3464 2346 3595 2384 aro-

1987 2431 2153 2486 mata,
2183 2423 2425 2478 suavitas
2456 2431 2547 2476 tua
2576 2420 2726 2475 favos
2749 2428 2805 2475 et
2837 2421 3018 2474 omnia
3047 2419 3204 2475 mella
3231 2422 3595 2475 transcendit.

1989 2513 2149 2579 Veni,
2176 2514 2427 2577 obsecro,
2462 2522 2749 2583 totumque
2779 2528 2863 2565 me
2889 2520 2982 2565 tuo
3012 2510 3120 2576 juri
3152 2511 3232 2565 sic
3262 2511 3508 2573 vendica,
3539 2520 3605 2573 ut

1992 2606 2194 2661 nullam
2224 2606 2276 2659 in
2303 2614 2513 2675 partem
2542 2605 2607 2659 de
2639 2612 2842 2659 caetero
2868 2618 2927 2659 se
2971 2610 3238 2673 tyrannus
3273 2599 3478 2655 habere
3503 2616 3598 2656 co-

1989 2706 2231 2770 gnoscat,
2264 2697 2358 2752 sed
2383 2697 2570 2751 dedica
2607 2711 2694 2751 me
2717 2694 2957 2764 undique
2982 2691 3239 2764 templum
3266 2700 3443 2755 tuum,
3467 2690 3594 2759 quia

1992 2804 2045 2846 tu
2062 2808 2121 2846 es
2146 2791 2286 2846 Deus
2304 2801 2358 2844 et
2375 2789 2633 2843 Dominus
2661 2804 2832 2843 meus.
2849 2787 2941 2857 qui
2970 2802 3093 2840 cum
3129 2784 3291 2839 Patre
3305 2791 3361 2839 et
3386 2781 3595 2853 Spiritu

1990 2893 2179 2937 sancto
2219 2882 2354 2935 vivis
2397 2890 2453 2935 ct
2480 2893 2676 2947 regnas
2705 2877 2757 2932 in
2789 2877 2983 2953 seecula
3015 2876 3359 2931 saeculorum.
3394 2874 3591 2929 Amen.

2212 3013 2298 3068 ΙΙΙ.
2325 3012 2513 3067 Oratio
2544 3009 2614 3063 ad
2639 3008 2807 3064 Deum
2831 3006 3087 3079 Spiritum
3108 3017 3371 3062 sanctum.

2066 3131 2304 3201 Spiritus
2332 3137 2520 3185 sancte
2552 3127 2717 3191 Deus,
2746 3126 3113 3197 omnipotens,
3150 3124 3526 3181 coessentialis
3540 3133 3598 3181 et

1917 3197 1962 3258 (ἶ
1995 3234 2265 3280 cozcterne
2293 3236 2506 3277 summo
2526 3220 2674 3274 Patri
2702 3234 2767 3273 ac
2794 3218 2954 3281 Filio,
2985 3216 3330 3273 iuell‘abiliter
3352 3218 3595 3271 abuti-o-

1992 3332 2097 3386 que
2155 3316 2476 3386 procedens,
2526 3312 2674 3367 cordi
2726 3325 2847 3365 meo
2902 3309 3192 3380 dignanter
3241 3306 3483 3373 illabere,
3539 3316 3597 3364 et

1994 3407 2249 3476 nequitia:
2274 3419 2405 3460 meae
2429 3403 2683 3457 tenebras
2723 3399 2987 3455 mirificus
3012 3399 3310 3453 illustrator
3337 3398 3548 3469 expelle
3575 3415 3591 3464 ;

1994 3506 2052 3551 ιιι
2084 3497 2221 3551 sicut
2254 3495 2347 3549 Dei
2382 3492 2617 3549 Verbum
2650 3490 2930 3560 virginalis
2958 3492 3137 3558 potuit
3179 3496 3365 3544 uterus
3394 3497 3448 3543 te
3498 3504 3592 3543 su-

1991 3589 2343 3661 perveniente
2382 3583 2700 3654 concipere;
2736 3583 2808 3635 ita
2840 3592 2895 3635 et
2918 3596 3019 3652 ego
3049 3594 3147 3650 per
3174 3578 3434 3633 auxilium
3466 3594 3594 3649 gra-

1994 3683 2080 3735 tizc
2112 3690 2235 3744 tuae,
2258 3678 2315 3750 Β
2340 3678 2590 3732 eumdem
2646 3690 2779 3729 mea:
2808 3673 2999 3729 salutis
3062 3661 3355 3727 Auctorem
3383 3671 3595 3727 valeam

1992 3788 2207 3841 semper
2249 3772 2301 3825 in
2334 3778 2514 3824 mente
2545 3777 2787 3838 portare.
2814 3766 2892 3821 Tu
2924 3768 3092 3830 enim,
3122 3766 3366 3829 Domine,
3400 3766 3489 3819 lux
3534 3781 3597 3821 es

1992 3864 2280 3927 mentium,
2316 3873 2371 3917 tu
2404 3861 2575 3916 virtus
2604 3861 2876 3920 cordium,
2920 3869 2973 3913 tu
3014 3859 3120 3913 vita
3151 3874 3210 3913 es
3264 3859 3591 3915 a;.imarum.

1992 3954 2071 4009 Tu
2096 3954 2326 4025 l..rgitus
2354 3967 2415 4007 es
2434 3952 2640 4007 sanctis
2668 3950 2930 4021 apostolis
2952 3958 3011 4005 ut
3040 3950 3106 4005 ad
3137 3950 3354 4020 plenum
3382 3950 3596 4006 redem-

1991 4045 2192 4116 plionis
2221 4045 2472 4099 humana:
2522 4052 2864 4098 sacramenta
2905 4049 3301 4109 cognoscerent
3349 4049 3406 4095 et
3465 4040 3595 4096 ﬁdei

1993 4138 2233 4209 regulam
2288 4134 2551 4191 inoffenso
2594 4135 2843 4189 veritatis
2866 4134 3038 4188 limite
3073 4133 3459 4205 praedicarent.
3511 4130 3594 4188 Tu

1991 4230 2187 4285 dedisti
2217 4230 2391 4284 beatis
2413 4228 2748 4297 martyribus
2769 4235 2972 4282 sancta:
2995 4226 3264 4282 libertatis
3284 4225 3593 4292 audaciam,

1990 4334 2052 4377 ut
2101 4334 2157 4377 rt
2204 4320 2390 4376 mundi
2445 4320 2716 4390 principes
2771 4332 2878 4372 non
2906 4325 3212 4371 metuerent
3242 4325 3299 4371 et
3325 4315 3595 4387 exquisita

1990 4430 2273 4487 piratarum
2298 4428 2497 4483 genera
2519 4409 2958 4467 constantissima
2981 4406 3395 4479 longanimitate
3419 4416 3597 4461 trans-

289 4494 364 4573 ὦ)
401 4494 581 4571 anima
615 4527 730 4567 mea
756 4511 1027 4582 spiritum,
1062 4510 1152 4580 qui
1180 4509 1358 4564 virum
1385 4510 1502 4578 ejus
1522 4508 1797 4564 Christum
1822 4509 1889 4563 ab
1922 4542 1967 4602 υ
1995 4506 2155 4561 irent.
2190 4504 2269 4558 Tu
2319 4503 2531 4557 locutus
2582 4514 2643 4555 es
2688 4500 2741 4554 in
2769 4499 3069 4569 prophetis,
3101 4506 3156 4551 tu
3183 4497 3234 4551 in
3266 4494 3597 4567 patriarchis

292 4632 356 4673 ca
390 4615 632 4670 dividere
657 4624 910 4676 conatur,
939 4611 1167 4666 exclude
1194 4618 1248 4665 et
1276 4626 1420 4666 οωοο
1460 4610 1609 4667 cordi
1653 4625 1773 4666 meo
1808 4609 1891 4663 lu-

294 4717 461 4774 minis
495 4714 659 4786 jubar
710 4711 951 4769 infunde.
986 4711 1154 4768 Orate
1207 4726 1307 4781 pro
1358 4725 1467 4777 me,
1497 4724 1687 4765 omnes
1715 4710 1892 4765 sancti

292 4817 495 4889 angeli,
524 4829 716 4870 omnes
744 4813 918 4869 sancti
948 4813 1282 4884 archangeli,
1310 4824 1502 4867 omnes
1555 4818 1759 4866 sancta;
1782 4810 1892 4865 vir-

288 4928 461 4979 tutes,
495 4929 688 4969 outnes
709 4921 912 4969 sancta:
936 4921 1259 4983 potestates,
1285 4923 1474 4966 omnes
1499 4918 1703 4965 sancta:
1722 4909 1897 4965 domi-

294 5020 567 5093 nationes,
596 5031 787 5071 omnes
835 5016 1007 5071 sancti
1063 5014 1416 5085 principatus.
1467 5012 1575 5069 Ora
1627 5028 1727 5084 pro
1782 5028 1889 5077 me,

295 5130 486 5179 sancte
538 5120 740 5176 chorus
791 5118 993 5181 throni,
1023 5133 1120 5172 ora
1158 5134 1256 5188 pro
1308 5132 1416 5182 me,
1448 5124 1638 5170 sancte
1690 5115 1894 5169 chorus

294 5220 601 5283 cherubim,
640 5233 736 5273 ora
784 5233 884 5289 pro
935 5232 1043 5279 me.
1095 5225 1283 5273 sancte
1341 5216 1541 5272 chorus
1590 5214 1889 5282 seraphin).

294 5323 461 5384 Orate
482 5336 582 5393 pro
604 5334 713 5382 me,
729 5334 923 5375 omnes
943 5319 1114 5374 sat-.cri
1142 5318 1488 5389 patriarclue,
1507 5330 1697 5371 omnes
1717 5313 1891 5370 sancti

292 5424 592 5499 prophetae.
654 5420 785 5477 Oret
833 5435 931 5489 pro
984 5437 1069 5475 me
1097 5421 1264 5489 iudex
1305 5418 1671 5489 apostolorum
1727 5432 1890 5472 sena-

294 5524 406 5576 tus.
437 5514 568 5573 Oret
589 5530 687 5587 pro
702 5530 788 5567 me
812 5510 1132 5567 candidatus
1161 5520 1460 5582 martyrum
1483 5510 1701 5563 chorus.
1722 5508 1893 5563 Orent

293 5620 398 5681 pro
426 5622 512 5662 me
535 5606 711 5661 sancti
732 5602 1069 5660 confessores
1089 5616 1386 5672 omnesque
1410 5608 1613 5656 sancte
1634 5598 1894 5668 virgines.

370 5776 487 5851 (58)
528 5775 582 5831 ld
623 5785 726 5841 cst,
757 5762 861 5828 vita
904 5770 1172 5843 spirituali
1204 5772 1471 5843 privetur.

1995 4599 2118 4653 ﬁdei
2152 4596 2501 4652 fundamenta
2538 4592 2890 4648 constituisti.
2918 4589 2997 4643 Tu
3032 4588 3238 4645 sanctis
3264 4588 3515 4643 omnibus
3542 4596 3598 4643 ct

1994 4693 2131 4748 vclle
2159 4701 2215 4746 et
2263 4705 2436 4760 pOSse,
2468 4686 2822 4755 omniumque
2859 4684 3120 4737 virtutum
3176 4678 3358 4743 ﬂores,
3395 4680 3597 4751 quibus

1996 4784 2235 4840 caelest’a
2285 4780 2628 4842 scanderent,
2662 4775 2957 4848 pnrbuisti.
2990 4774 3052 4829 Et
3080 4788 3203 4845 ego,
3231 4781 3483 4842 peccator
3514 4771 3590 4826 in-

1999 4876 2151 4940 felix,
2179 4873 2448 4943 quomodo
2472 4872 2590 4925 sine
2613 4882 2665 4925 te
2690 4868 2875 4922 salvus
2909 4867 3024 4922 fieri
3058 4865 3230 4931 valeo,
3262 4864 3353 4934 qui
3384 4862 3597 4919 scilicet

2000 4969 2206 5037 absque
2236 4974 2307 5029 te,
2340 4963 2468 5034 quid
2492 4960 2683 5016 saltem
2715 4973 2874 5015 orare
2903 4957 3152 5020 debeam,
3187 4969 3294 5009 non
3328 4952 3597 5024 agnosco?

1998 5054 2552 5119 l’rot‘ecto,‘Domiue,
2598 5052 2644 5106 si
2700 5061 2756 5105 tu
2811 5048 3039 5111 recedis,
3074 5046 3253 5100 auium
3314 5058 3433 5099 mea
3487 5058 3593 5105 non

1997 5151 2148 5204 vivit.
2174 5146 2325 5203 Sicut
2353 5145 2497 5201 enim
2518 5144 2795 5199 subtracta
2829 5140 3032 5203 anima,
3064 5152 3264 5208 corpus
3290 5136 3592 5201 emoritur;

1996 5244 2076 5299 sic
2119 5252 2171 5297 te
2219 5240 2511 5296 recedente
2534 5277 2549 5304 ,
2587 5236 2701 5307 ipsa
2734 5234 2983 5305 protinus
3018 5230 3220 5294 anima,
3260 5241 3484 5283 necesse
3510 5234 3597 5282 est

1994 5319 2373 5406 cxsiiuguatur
2397 5332 2531 5406 (58).
2560 5329 2767 5394 Sentio,
2793 5325 2988 5390 sentio,
3021 5323 3245 5379 Domine
3268 5361 3284 5386 ,
3315 5319 3440 5390 quia
3467 5334 3592 5373 cum

1998 5444 2097 5498 per
2121 5425 2389 5481 occultam
2422 5423 2652 5495 gratiam
2685 5431 2810 5476 tuus
2838 5416 3131 5487 aliquando
3154 5414 3308 5482 vigor
3335 5410 3547 5467 accedit
3572 5449 3588 5473 .

1999 5534 2151 5574 meus
2183 5517 2327 5573 illico
2348 5516 2576 5587 spiritus
2603 5510 2955 5569 convalescit.
2983 5509 3119 5565 Cum
3149 5519 3280 5559 vero
3306 5514 3359 5559 te
3390 5516 3589 5572 pecca-

1999 5608 2068 5666 tis
2102 5608 2240 5666 meis
2267 5606 2609 5681 cxigentibus
2653 5601 2929 5661 subtrahis
3015 5594 3199 5653 infelix
3241 5592 3420 5650 anima
3472 5605 3593 5649 mea
