4176 6422
704 380 808 434 933

1530 381 1590 438 S.
1629 380 1829 437 PETRI
1867 378 2149 447 DAMIANI
2185 379 2337 437 OPP.
2379 378 2612 437 TOMUS
2645 377 2775 436 SEU
2813 378 2992 436 PARS
3029 379 3121 433 IV.

3885 382 4001 440 θξι

703 498 947 567 protinus
976 494 1209 553 arelecta
1240 496 1571 553 contabescit
1596 507 1649 551 et
1676 497 1918 560 corruit;
1952 510 2051 551 nec
2100 504 2158 550 ut
2205 495 2262 550 in
2287 497 2336 557 Α
2364 493 2568 549 hostias
2607 498 2816 564 oll'erat,
2849 493 3106 550 ineffabili
3133 503 3239 550 ture
3283 494 3594 550 dulcedinis
3622 496 3799 568 adipe
3846 500 4006 569 sagi-

704 589 882 644 studio
901 604 1049 659 pura:
1069 588 1326 643 orationis
1354 596 1667 642 exerceatur
1688 588 1942 659 assurgit.
1991 587 2265 642 Descende

704 693 835 748 ergo
863 677 915 731 in
940 693 1049 741 me,
1080 673 1377 730 viviﬂcator
1403 685 1602 732 aeterne
1624 716 1639 740 .
1665 677 1876 747 meique
1900 677 2133 745 pectoris
2154 676 2266 747 gla-

705 763 842 822 ciez'n
895 765 1108 820 ﬂamma
1140 775 1240 820 tua:
1279 766 1520 821 caritatis
1564 768 1814 822 accende.
1868 766 2053 822 Przebe
2101 766 2264 836 capiti

705 866 825 908 meo
852 868 1066 922 aquam,
1097 861 1149 907 et
1174 869 1392 908 saxeam
1422 854 1598 908 (crdis
1622 855 1726 908 mei
1752 854 1958 909 resolve
1976 853 2260 920 duritiam';

703 957 866 1012 super
914 942 1016 996 hoc
1064 942 1270 997 scilicet
1311 942 1682 1008 elementum,
1731 944 1988 1009 Domine,
2032 951 2088 998 et
2139 952 2266 999 ante

701 1032 887 1087 tnundi
911 1032 1173 1102 originem
1194 1031 1454 1088 ferebaris
1474 1031 1624 1108 (Gen.
1653 1031 1716 1102 t);
1743 1040 1798 1086 et
1823 1047 1964 1088 nunc
1987 1034 2054 1087 azi
2080 1032 2266 1101 puriﬂ-

703 1122 972 1176 cationem
1001 1121 1300 1175 animarum
1339 1120 1390 1174 in
1432 1121 1643 1175 viviﬁca
1690 1121 1852 1177 fontis
1903 1120 2099 1177 ﬂuenta
2141 1124 2266 1176 des-

705 1211 906 1266 cendis.
935 1209 1067 1265 Vem
1091 1224 1220 1272 ergo
1250 1210 1302 1263 in
1335 1224 1419 1264 me
1443 1225 1562 1263 cum
1611 1225 1746 1280 aqua
1794 1211 2220 1280 compnnctiouis
2246 1251 2262 1276 ,

702 1307 756 1352 et
782 1307 963 1368 potum
988 1296 1116 1351 mihi
1140 1297 1204 1351 da
1238 1298 1289 1351 in
1323 1296 1580 1368 lacryntis
1609 1298 1662 1352 in
1701 1311 1975 1353 mensura.
2023 1300 2114 1354 Vae
2139 1300 2265 1355 mihi

701 1388 900 1443 misero
943 1389 1208 1458 peccaturi
1237 1428 1254 1453 ,
1304 1388 1396 1456 qui
1453 1397 1506 1443 et
1556 1390 1966 1445 innumerabilia
2030 1391 2266 1459 quotidie

700 1475 874 1531 ﬂenda
903 1491 969 1532 co
993 1478 1202 1541 nunitto,
1232 1487 1285 1532 et
1316 1487 1493 1532 tamen
1519 1476 1648 1534 ﬂere
1700 1495 1806 1534 non
1846 1481 1997 1536 valeo
2025 1481 2038 1534 !
2093 1481 2268 1535 Imber

699 1579 830 1635 ergo
854 1566 1040 1635 gratia:
1063 1574 1163 1622 tua:
1184 1605 1200 1629 ,
1232 1564 1490 1630 Domine,
1519 1566 1570 1620 di
1604 1567 1741 1621 tillet
1768 1568 1820 1621 in
1851 1583 1935 1622 me
1960 1609 1975 1636 ,
2003 1578 2061 1622 ut
2088 1569 2266 1623 anima

702 1666 820 1706 mea
846 1691 861 1715 ,
893 1667 1012 1721 quae
1039 1667 1070 1707 a
1100 1653 1222 1707 vitte
1248 1652 1393 1709 fonte
1417 1655 1674 1710 recedens
1717 1665 1966 1723 aruerat,
2015 1672 2113 1727 per
2163 1667 2268 1712 tua

702 1739 1025 1794 visitationis
1050 1737 1287 1795 aﬂlatum
1325 1743 1536 1796 noviter
1565 1740 1872 1799 ret'irescat.
1901 1737 2154 1801 Paratum
2175 1759 2267 1802 cur

2363 591 2487 638 nata
2506 584 2842 654 pinguescat.
2872 583 3116 639 lllumina
3148 601 3256 652 me,
3288 585 3382 641 lux
3416 587 3702 653 veritatis,
3733 594 4005 648 accende

2363 688 2469 739 me,
2498 672 2723 742 puriﬂca
2749 689 2855 729 me.
2888 672 3138 729 Tu'enim
3183 691 3245 731 es
3271 675 3502 748 largitor
3538 679 4000 745 charismatum,

2364 771 2422 816 tu
2460 771 2648 818 auctor
2668 764 3179 825 sanctiﬂcationum.
3207 775 3263 820 et
3284 767 3530 822 omnium
3561 770 3840 824 remissio
3867 785 4002 840 pec-

2364 860 2633 906 catorum.
2680 851 2759 906 Tu
2799 853 3024 909 virtutes
3075 854 3350 924 angelicas
3387 859 3456 911 ad
3510 873 3774 914 amorem
3837 866 4000 915 tuum

2364 940 2730 998 indesinenter
2751 941 3084 1006 inﬂammas;
3114 952 3218 998 tuas
3239 944 3530 1001 cbaritatis
3562 949 3841 1005 incendio
3866 949 4004 1006 clte-

2365 1033 2542 1088 rubim
2571 1040 2629 1088 et
2658 1034 2926 1103 seraphim
2952 1034 3451 1105 incomparabiliter
3471 1048 3737 1094 astuant.
3767 1039 3862 1095 Tu
3890 1056 4000 1103 me,

2364 1122 2612 1188 Domine,
2637 1121 2731 1176 tibi
2763 1131 2931 1176 totum
2983 1123 3220 1190 vindica,
3253 1131 3426 1179 totum
3459 1127 3709 1195 posside,
3744 1129 4002 1184 nullam-

2365 1227 2471 1282 que
2505 1213 2560 1268 in
2590 1227 2676 1268 me
2701 1221 2912 1282 partem
2943 1229 2976 1268 a
3022 1223 3077 1269 te
3102 1230 3301 1272 vacare
3329 1218 3591 1286 permitte
3623 1235 3636 1271 :
3673 1219 3783 1274 sed
3845 1220 4004 1274 solus

2365 1302 2420 1362 in
2469 1318 2556 1358 me
2621 1302 2775 1360 vivas
2805 1345 2821 1369 ,
2885 1319 3081 1375 meque
3153 1306 3248 1361 tibi
3317 1307 3419 1362 soli
3506 1309 3696 1364 vivere
3755 1310 3952 1366 facias
3984 1351 3999 1376 .

2366 1393 2458 1462 qui
2509 1393 2646 1450 vivis
2692 1404 2749 1450 et
2793 1395 3043 1466 gloriaris
3088 1397 3142 1452 in
3203 1397 3474 1454 Trinitate
3523 1401 3787 1470 perfecta
3849 1418 4002 1460 unus

2366 1489 2422 1536 et
2481 1497 2644 1538 verus
2718 1483 2863 1540 Deus
2928 1499 3027 1554 per
3101 1487 3284 1543 omnia
3363 1488 3562 1544 sarcula
3639 1490 3998 1549 saeculorum

2365 1570 2561 1626 Amen.

2616 1660 2699 1715 IV.
2728 1663 2813 1716 Ad
2834 1676 3067 1718 sanctam
3095 1664 3402 1722 Trinitatem
3425 1672 3726 1728 orationes.

2429 1747 2516 1804 'Te
2538 1751 2724 1811 adoro.
2762 1760 2813 1805 te
2834 1752 2975 1817 colo,
3005 1762 3056 1808 te
3083 1754 3346 1824 gloriﬂco,
3376 1765 3427 1812 te
3459 1754 3794 1830 magnifico,
3825 1763 4002 1821 bene-

702 1845 902 1893 meum,
933 1838 1176 1900 paratum
1214 1847 1308 1886 eor
1357 1848 1552 1887 meum.
1595 1832 1755 1900 Ecce,
1804 1835 2044 1903 L‘omine,
2083 1851 2271 1891 omnes
2299 1834 2345 1893 Β
2374 1837 2532 1900 dicte,
2561 1840 2925 1908 omnipotens,
2956 1842 3138 1907 Pater,
3167 1853 3223 1898 et
3251 1844 3445 1912 Filius,
3469 1856 3529 1902 et
3571 1847 3836 1919 Spiritus
3869 1869 4002 1908 san-

700 1922 853 1977 s'nus
895 1920 987 1975 tibi
1029 1920 1131 1974 mei
1178 1921 1354 1976 cordis
1379 1922 1583 1992 aperio,
1612 1938 1808 1980 arcana
1845 1926 2078 1994 pectoris
2123 1926 2266 1994 laxo,

703 2021 915 2083 tumque
943 2016 1262 2085 dignationis
1284 2032 1558 2074 accessum
1586 2018 1862 2075 inbianter
1889 2031 2162 2091 exspecto.

773 2102 946 2160 Habet
973 2118 1120 2162 certe
1160 2108 1347 2162 oculus
1372 2110 1550 2164 carnis
1581 2107 1758 2164 lumen
1801 2125 1978 2178 suum,
2008 2110 2270 2166 visibilem

703 2189 907 2246 scilicet
929 2192 1126 2260 solem;
1158 2195 1251 2248 sed
1276 2203 1328 2250 te
1350 2195 1574 2250 interior
1603 2195 1762 2251 homo
1799 2211 1948 2253 meus
1971 2205 2264 2268 exspectat,

702 2282 794 2352 qui
821 2282 1000 2341 lumen
1046 2293 1129 2340 est
1167 2286 1488 2344 animarum.
1537 2286 1636 2354 Qui
1669 2286 1976 2342 illuminasti
2011 2302 2210 2344 caecum
2237 2303 2270 2342 a

701 2371 982 2427 nativitate
1011 2371 1193 2442 (Joan.
1227 2373 1325 2445 ix),
1374 2373 1611 2428 illumina
1653 2389 1758 2429 me.
1789 2375 1892 2443 Qui
1934 2377 2270 2432 resuscitasti

703 2456 964 2515 Lazarum
1018 2461 1199 2533 (loco.
1229 2461 1328 2535 xt),
1375 2461 1585 2518 viviﬂca
1613 2478 1719 2519 me.
1761 2463 1899 2529 Heu,
1930 2465 2054 2530 heu,
2085 2465 2272 2539 infelix

706 2551 909 2616 anima,
937 2565 1058 2606 cum
1090 2561 1144 2606 tu
1180 2553 1254 2618 sis
1279 2553 1388 2607 vita
1410 2554 1668 2624 corporis,
1699 2555 1812 2625 ipsa
1835 2565 2044 2610 mortua
2059 2555 2268 2625 jacens,

705 2642 1271 2699 viviﬂcatorem-tuum
1322 2644 1524 2700 habere
1573 2644 1833 2714 Spiritum
1877 2662 1982 2701 non
2025 2648 2268 2702 mereris.

704 2730 911 2785 Mortua
935 2731 1051 2802 tibi,
1078 2733 1213 2787 vivis
1233 2731 1352 2796 alii;
1387 2732 1606 2801 ipsaque
1629 2733 1683 2787 in
1708 2734 1940 2788 tenebris
1958 2735 2269 2798 constituta,

704 2821 958 2876 exteriori
987 2822 1297 2876 substantia:
1324 2821 1502 2876 lumen
1533 2824 1810 2887 attribuis;
1836 2824 1929 2879 sed
1954 2826 2133 2880 videre
2165 2841 2272 2880 non

703 2911 872 2977 vales,
896 2913 1019 2980 quia
1046 2927 1148 2966 non
1171 2913 1445 2982 proprium
1462 2913 1636 2967 lumen
1666 2915 1852 2970 habes.
1873 2915 1999 2970 Veni
2028 2917 2274 2980 tu,obse-

705 3013 822 3064 cro,
849 2998 1080 3068 Spiritus
1103 2999 1370 3062 veritatis.
1398 3009 1451 3054 et
1467 3014 1664 3055 omnes
1688 3016 1929 3056 errorum
1962 3003 2214 3058 tenebras
2241 3018 2272 3058 a

706 3104 796 3144 nte
813 3097 1058 3157 potenter
1077 3088 1300 3156 expelle.
1320 3087 1526 3151 Judica,
1553 3088 2063 3152 Domine.nocentes
2089 3107 2194 3158 me,
2218 3101 2274 3148 et

2367 1938 2507 1993 ctus,
2539 1928 2709 1984 trinus
2738 1939 2794 1984 et
2823 1946 2966 1986 unus
2990 1932 3152 1987 Deus.
3184 1933 3396 2004 Adjuva
3442 1951 3553 2002 me,
3592 1938 3865 2005 Domine.
3892 1941 3997 1996 alt-

2367 2016 2512 2071 solve
2535 2031 2637 2079 me,
2663 2018 2889 2087 put-inca
2915 2035 3022 2084 me,
3049 2021 3249 2076 munda
3282 2037 3391 2087 me,
3419 2023 3536 2079 Rex
3562 2041 3723 2083 meus
3749 2037 3812 2084 et
3847 2029 3999 2086 Deus

2367 2119 2540 2161 meus.
2599 2105 2673 2160 Da
2718 2108 2850 2162 mihi
2902 2108 3196 2179 justitiam,
3230 2109 3631 2182 fortitudinem,
3664 2128 4000 2188 temperan-

2368 2193 2495 2248 tiam
2519 2202 2574 2249 et
2613 2196 2970 2265 prudentiam.
2997 2199 3072 2252 Da
3119 2199 3251 2253 mihi
3280 2199 3582 2269 perfectam
3605 2203 3812 2269 ﬁdem,
3838 2221 3998 2278 spem

2367 2293 2424 2338 et
2445 2284 2790 2340 charitatem.
2814 2285 3067 2344 Concede
3116 2288 3250 2344 mihi
3282 2289 3550 2361 Spiritum
3577 2295 3909 2364 sapientiae,
3941 2304 3998 2351 et

2369 2372 2697 2440 intellectus,
2723 2374 2959 2440 consilii,
2987 2384 3043 2431 et
3074 2375 3433 2444 fortitudinis,
3473 2381 3747 2446 scientiae,
3779 2395 3843 2438 et
3879 2384 4000 2455 pir-

2371 2461 2518 2525 talis,
2552 2470 2607 2517 et
2631 2462 2844 2519 timoris
2883 2463 2983 2519 tui.
3031 2463 3108 2519 Da
3149 2466 3286 2520 mihi
3333 2467 3602 2538 irriguum
3636 2471 3886 2528 inferius
3935 2481 3993 2528 et

2370 2550 2631 2621 irriguum
2657 2553 2927 2621 superius.
2975 2553 3051 2608 Da
3101 2555 3706 2614 mihibenedictionem
3758 2563 3833 2617 de
3868 2575 3996 2618 rore

2371 2639 2494 2695 caali
2524 2649 2576 2696 et
2618 2641 2687 2696 de
2725 2642 3052 2712 pinguedine
3078 2653 3256 2698 terrm.
3299 2645 3575 2711 Molliﬂca,
3611 2647 3881 2714 Domine,
3917 2651 3998 2705 la-

2369 2732 2586 2800 pideum
2615 2747 2709 2786 cor
2731 2747 2933 2787 meum.
2969 2734 3044 2788 Da
3076 2735 3206 2788 mihi
3231 2738 3712 2808 compunetionem
3767 2752 3830 2799 et
3861 2758 3998 2799 cono

2371 2823 2642 2877 tritionem
2674 2824 2875 2889 cordis,
2905 2833 2966 2880 ut
3011 2823 3236 2880 deﬂeam
3285 2827 3709 2884 innumerabilia
3757 2841 3995 2903 peccata

2372 2927 2512 2966 mea.
2537 2912 2782 2977 Domine,
2810 2928 2916 2968 non
2962 2929 3081 2968 sum
3139 2915 3332 2984 dignus
3379 2923 3437 2970 ut
3483 2917 3686 2973 intrem
3725 2921 3783 2975 in
3815 2921 3994 2976 eccle-

2372 3003 2511 3056 siam
2565 3011 2731 3056 tuam.
2782 3003 3040 3074 indignus
3094 3020 3213 3059 sum
3257 3005 3440 3062 levare
3493 3007 3744 3065 infelices
3797 3011 3995 3067 oculos

2374 3107 2524 3147 meos
2567 3093 2634 3147 ad
2683 3092 2901 3158 caelum,
2955 3093 3039 3148 vel
3084 3095 3391 3165 exprimere
3444 3113 3646 3154 nomen
3680 3109 3844 3156 tuum
3891 3102 3992 3157 b3-

706 3175 2273 3250 expugnaimpugnantesme;appreltendearmaetsctttum,
2304 3168 2349 3230 C
2381 3182 2654 3236 nedictum
2705 3197 2803 3251 per
2832 3181 2973 3236 labia
3022 3199 3172 3249 mea;
3222 3184 3317 3240 sed
3372 3195 3451 3252 tu,
3505 3189 3598 3256 qui
3653 3193 3866 3246 creasti
3908 3206 3995 3249 me

705 3275 759 3320 et
784 3279 1010 3334 exsurge
1030 3267 1080 3319 in
1098 3265 1416 3335 adjutorium
1433 3266 1560 3320 mihi
1583 3266 1754 3337 (Psal.
1780 3267 1982 3328 xxxm.
1999 3268 2076 3327 Tu
2091 3268 2277 3338 purifi-

707 3362 861 3408 cator
889 3355 1252 3410 etviviiicator
1277 3353 1525 3426 Spiritus.
1542 3356 1881 3425 omnipotens
1893 3366 2094 3413 :eterne
2113 3358 2272 3420 Deus.

708 3442 846 3514 ignis
869 3458 1190 3500 consumens
1201 3459 1274 3498 es.
1293 3443 1371 3499 Tu
1387 3443 1618 3513 Spiritus
1632 3444 1844 3513 judicii,
1866 3452 1920 3499 tu
1941 3445 2175 3517 Spiritus
2193 3463 2280 3502 ar-

708 3531 872 3588 doris.
898 3533 1117 3603 Corripe
1134 3536 1308 3604 itaque
1337 3549 1431 3590 cor
1452 3549 1647 3601 meum,
1671 3545 1726 3590 et
1749 3537 1988 3592 omnium
2002 3538 2279 3608 culparum

710 3621 1069 3693 vitiorumque
1093 3626 1390 3695 rubiginem
1413 3626 1611 3681 virtute
1639 3627 1711 3682 tui
1735 3628 1943 3683 ardoris
1965 3639 2202 3699 exterge,
2227 3637 2282 3685 et

710 3713 989 3771 inimicum
1021 3717 1112 3772 tibi
1135 3718 1385 3787 nequitiae
1422 3718 1667 3786 spiritum
1697 3733 1728 3772 a
1757 3722 1968 3776 cunctis
1995 3721 2130 3776 meis
2153 3735 2279 3776 sen-

711 3804 864 3860 sibus
885 3820 1106 3874 prorsus
1130 3805 1370 3861 exclude.
1403 3806 1670 3877 Exsurgat
1694 3807 1853 3886 DeusJ
1878 3818 1934 3863 et
1956 3809 2282 3890 dissipentur

712 3888 915 3948 inimici
928 3892 1064 3960 ejus,
1079 3893 1352 3965 etfugiant
1365 3910 1393 3948 a
1406 3895 1456 3964 7
1475 3895 1613 3951 facie
1624 3895 1759 3965 ejus,
1776 3898 1867 3966 qui
1880 3898 2111 3953 oderunt
2136 3888 2279 3954 eum.

2377 3273 2518 3326 sicut
2545 3272 2629 3327 vis
2674 3281 2730 3328 et
2757 3272 2898 3328 sicut
2935 3273 3062 3340 scis,
3093 3273 3354 3330 miserere
3378 3277 3504 3343 mei,
3537 3278 3802 3350 Domine,
3843 3282 3989 3339 Dem

2379 3367 2548 3417 meus.

2880 3452 2943 3507 V.
2974 3450 3219 3509 Secunda
3249 3459 3445 3513 oratio.

2450 3541 2728 3606 Miserere,
2755 3542 3002 3609 Domine,
3027 3545 3281 3602 omnibus
3329 3549 3524 3604 amicis
3578 3552 3739 3618 meis,
3767 3562 3830 3608 et
3862 3570 3988 3625 pro-

2379 3632 2614 3702 pinqnis,
2666 3641 2721 3688 et
2767 3634 3022 3690 omnibus
3051 3634 3495 3692 benefactoribus
3545 3639 3706 3706 meis,
3758 3652 3823 3697 et
3869 3656 3988 3699 om-

2380 3725 2537 3780 nibus
2576 3726 2668 3794 qui
2730 3735 2889 3781 orant
2944 3735 2996 3782 te
3043 3741 3141 3811 pro
3185 3742 3291 3794 me,
3324 3737 3381 3784 et
3434 3730 3694 3786 omnibus
3741 3735 3843 3802 qni
3902 3749 3988 3790 reo

2381 3823 2504 3885 gant
2533 3829 2620 3869 me
2641 3816 2799 3870 orare
2843 3831 2942 3885 pro
2969 3831 3048 3872 se.
3097 3816 3172 3870 Da
3203 3818 3286 3872 eis
3322 3819 3704 3887 ptenitentiam
3751 3823 3814 3894 8
3840 3823 3988 3880 fruc-

2383 3911 2634 3966 tuosam,
2685 3901 2950 3958 mortiﬂca
3011 3904 3065 3958 in
3095 3903 3176 3958 eis
3211 3906 3396 3960 omnia
3447 3907 3600 3972 vitia,
3657 3919 3710 3964 et
3748 3910 3840 3966 fac
3890 3927 3986 3966 eos

713 3974 865 4033 Sicut
894 3977 1074 4034 deﬂcit
1097 3978 1293 4046 fumus,
1324 3981 1602 4050 deﬁciant;
1631 3984 1769 4039 sicut
1791 3983 1906 4039 ﬂuit
1941 4001 2063 4041 cera
2089 4002 2120 4042 a
2149 3987 2286 4044 facie
2384 3990 2576 4046 ﬂorere
2621 3993 2912 4048 virtutibus
2959 3994 3083 4049 tuis.
3141 3995 3252 4050 Fac
3299 4009 3416 4062 eos,
3464 3998 3716 4064 Domine,
3768 4001 3858 4058 sic
3889 4016 3988 4073 per

714 4067 874 4138 ignis,
899 4070 979 4124 sic
993 4080 1214 4139 pereant
1235 4081 1548 4140 peccatores
1569 4089 1598 4127 a
1619 4074 1757 4130 facie
1772 4076 1864 4141 Dei
1893 4075 2063 4147 (Psal.
2094 4081 2283 4150 uvn).

2385 4082 2572 4136 omnia
2607 4083 2809 4147 vivere,
2841 4091 2903 4137 ut
2931 4084 3203 4152 majestati
3234 4093 3338 4140 tua:
3362 4086 3580 4142 valeant
3604 4089 3672 4143 de
3697 4091 3844 4146 bona
3887 4107 3984 4146 sua

713 4154 872 4221 Veni,
895 4172 1097 4226 quaeso.
1120 4160 1263 4223 veni,
1283 4160 1560 4215 benedicte
1582 4160 1814 4232 Spiritus
1827 4166 2088 4231 veritatis,
2110 4177 2162 4221 et
2176 4183 2290 4221 om-
2385 4171 2795 4227 conversatione
2828 4171 3063 4242 placere.
3095 4173 3374 4239 Miserere,
3401 4176 3544 4232 Deus
3561 4217 3577 4242 ,
3603 4180 3982 4248 pontiﬁcibus.

721 4257 820 4302 nes
839 4259 1077 4300 meorum
1101 4247 1366 4302 viscerum
1394 4263 1561 4305 venas
1584 4251 1802 4306 intimus
1818 4264 2087 4309 scrutator
2110 4255 2288 4325 ingre-

721 4333 870 4389 dere.
892 4334 1039 4390 Tolle
1054 4336 1311 4406 quidquid
1328 4338 1723 4406 fermentatum,
1740 4342 1996 4413 quidquid
2014 4344 2284 4412 vitiosum,

718 4421 975 4490 quidquid
1011 4425 1212 4492 reperis
1248 4426 1421 4480 noxiae
1447 4431 1726 4484 vetustatis
1759 4440 1908 4500 peste
1933 4444 2282 4504 corruptum;

2387 4258 2635 4332 regibus,
2684 4264 3049 4331 potestatibus
3099 4272 3154 4320 et
3200 4268 3345 4321 omni
3395 4267 3597 4339 pepulo
3642 4268 3982 4327 Christiano.

2389 4349 2584 4405 Saneta
2619 4350 2808 4417 Maria,
2836 4367 2932 4408 ora
2977 4368 3078 4424 pro
3118 4355 3198 4410 eis
3246 4357 3520 4412 omnibus.
3554 4358 3761 4416 Omnes
3804 4361 3982 4416 sancti

2390 4449 2443 4495 et
2489 4449 2691 4495 sancta:
2729 4441 2845 4503 Dei,
2893 4452 3048 4498 orate
3099 4458 3198 4514 pro
3226 4445 3328 4500 eis.
3386 4445 3680 4514 Miserere,
3729 4450 3980 4514 Domine,

719 4511 1023 4610 mequefac
1047 4528 1296 4583 azymum
1325 4529 1392 4571 ac
1413 4523 1515 4571 tute
1549 4493 1824 4573 munditia:
1844 4522 2077 4588 puritate
2092 4493 2280 4582 since-
2315 4493 2367 4556 υ
2389 4493 2640 4583 omnibus
2667 4493 3680 4602 benefactorib'usrm'eisdefit—noli;et

719 4615 859 4656 rum.
890 4599 1074 4658 Redde
1101 4618 1186 4659 me
1215 4615 1492 4661 mortuum
1528 4609 1677 4674 mihi,
1713 4611 1976 4667 viventem
2004 4614 2117 4669 tibi.
2146 4614 2284 4670 Mor-

717 4689 866 4747 tiﬂca
917 4691 970 4746 in
1015 4708 1101 4748 me
1149 4709 1338 4752 omnes
1365 4696 1580 4753 fomites
1608 4701 1900 4757 carnalium
1930 4704 2278 4774 voluptatum.

719 4794 956 4850 excoque
998 4797 1084 4837 me
1117 4784 1182 4838 ad
1208 4775 1423 4853 purum,
1450 4795 1505 4842 et
1534 4803 1639 4843 non
1688 4789 1858 4845 solum
1883 4793 2051 4859 vitiis,
2084 4799 2176 4850 sed
2230 4808 2286 4853 et

720 4868 921 4924 mundo
941 4885 1027 4924 me
1053 4871 1214 4927 redde
1235 4888 1453 4941 prorsus
1479 4878 1819 4934 exstinctum.
1847 4880 2000 4950 Veni,
2033 4888 2278 4954 obsecro,

723 4953 956 5028 Spiritus
984 4961 1370 5020 benedictionis
1398 4966 1635 5035 aeternis,
1659 4985 1950 5043 omnesque
1970 4977 2072 5031 mei
2096 4953 2282 5046 pecto-

723 5045 802 5102 ris
847 5047 1078 5104 latebras
1135 5053 1478 5111 inenarrabili
1515 5067 1617 5113 tute
1666 5061 1967 5119 dulcedinis
2021 5045 2286 5123 suavitate

724 5137 1004 5208 perfunde.
1027 5140 1218 5195 Anima
1248 5158 1364 5198 mea
1393 5147 1460 5199 ad
1503 5156 1650 5204 tuum
1685 5150 1946 5220 liquescat
1973 5155 2281 5221 adventum,

724 5227 999 5284 caelestem
1024 5231 1274 5286 virtutem
1297 5248 1391 5302 per
1415 5244 1466 5289 te
1496 5250 1745 5294 renovata
1770 5243 2059 5313 concipiat.
2085 5245 2168 5301 Ad
2200 5249 2281 5302 sui

724 5318 924 5389 vigoris
956 5320 1216 5390 originem
1242 5322 1424 5378 redeat
1450 5334 1608 5394 atque
1637 5329 1687 5381 in
1713 5344 1949 5387 amorem
1980 5344 2127 5389 tuum
2159 5352 2284 5391 suc-

723 5403 903 5461 censis
927 5410 1219 5465 visceribus
1273 5413 1596 5470 inardescat.
1636 5416 1886 5485 Benedic,
1927 5423 2102 5478 anima
2145 5441 2288 5490 mea.

723 5491 1030 5562 Dominum,
1062 5509 1115 5552 et
1142 5502 1317 5560 omnia
1346 5504 1603 5581 interiora
1646 5520 1762 5560 mea
1811 5523 2004 5567 nomen
2041 5525 2288 5571 sanctum

723 5580 840 5650 eius
866 5583 1037 5652 (Psal.
1065 5588 1180 5655 cn).
1223 5589 1448 5647 Uberem
1477 5596 1661 5662 gratiae
1710 5604 1812 5651 tute
1841 5598 2285 5668 benedictionem,

734 5674 968 5742 nomine,
996 5678 1170 5734 anima
1201 5695 1316 5735 mea
1346 5683 1632 5754 suscipiat;
1656 5694 1730 5751 et,
1764 5696 1820 5741 ut
1855 5689 1946 5745 tibi
1975 5693 2290 5750 medullatas

2387 4620 2703 4688 buscunque
2759 4635 2915 4677 orare
2971 4623 3187 4679 debitor
3239 4641 3390 4693 sum;
3455 4637 3510 4684 et
3561 4644 3756 4687 omnes
3792 4633 3978 4689 ﬂdeles

2391 4722 2515 4764 tuus
2551 4709 2768 4765 absolve
2793 4751 2808 4774 ,
2837 4719 2893 4765 et
2921 4711 2986 4767 da
3014 4713 3092 4768 eis
3130 4724 3342 4784 partem
3387 4726 3444 4772 et
3480 4720 3802 4776 societatem
3854 4737 3974 4779 cum

2396 4801 2599 4856 sanctis
2652 4802 2780 4857 tuis.
2825 4802 3025 4860 Sancta
3062 4806 3219 4878 virgo
3273 4807 3464 4875 Maria,
3497 4825 3597 4866 ora
3653 4829 3754 4884 pro
3802 4816 3976 4871 omni-

2393 4891 2528 4956 bus;
2560 4903 2748 4948 omnes
2799 4894 2974 4949 sancti
3021 4903 3077 4950 et
3124 4907 3328 4952 sancta:
3383 4899 3509 4966 Dei,
3550 4911 3706 4958 orate
3749 4918 3851 4974 pro
3897 4904 3974 4962 eis

2392 4981 2658 5038 omnibus.

2920 5073 3009 5129 Vl.
3051 5073 3093 5129 Τ
3093 5076 3225 5130 ertia
3247 5078 3437 5132 oratio.

2460 5160 2535 5215 ’l'e
2565 5162 2729 5216 adoro
2755 5177 2919 5217 unum
2959 5165 3010 5218 in
3048 5165 3311 5232 trinitate,
3346 5177 3402 5223 et
3441 5169 3647 5225 trinum
3693 5172 3748 5226 in
3792 5173 3966 5229 unita-

2389 5235 2463 5312 té,
2493 5248 2800 5315 benedicte,
2828 5253 3190 5322 omnipotens,
3219 5254 3403 5322 Pater,
3440 5269 3496 5314 et
3542 5260 3736 5330 Filius,
3765 5274 3822 5320 et
3857 5263 3972 5338 Spi-

2395 5336 2533 5390 ritus
2560 5348 2798 5393 sanctus.
2857 5339 3119 5397 Miserere
3162 5345 3293 5399 mihi
3328 5347 3640 5405 miserrimo
3676 5336 3966 5421 peccato'ri.

2391 5425 2847 5497 clementissime,
2883 5432 3024 5488 Deus
3076 5451 3258 5503 meus,
3312 5447 3368 5494 et
3411 5442 3674 5497 miserere
3722 5448 3966 5501 omnibus

2392 5518 2636 5577 ﬁdelibus
2662 5523 2765 5576 tuis
2794 5525 2929 5580 vivis
2950 5535 3004 5580 et
3028 5527 3312 5585 defunctis.
3347 5530 3548 5587 Sancta
3585 5535 3740 5606 virgo
3782 5537 3960 5601 Maria.

2392 5615 2563 5663 mater
2586 5608 2678 5665 Dei
2702 5619 2756 5667 et
2783 5614 3039 5680 hominis,
3073 5617 3330 5688 templum
3373 5621 3468 5675 Dei
3508 5623 3638 5689 vivi,
3667 5626 3819 5696 virgo
3848 5633 3962 5681 ante

2391 5709 2604 5768 partum
2633 5710 2686 5756 et
2715 5702 2866 5775 virgo
2896 5715 3016 5772 post
3043 5716 3278 5778 partum,
3319 5711 3556 5770 exaltata
3585 5730 3753 5788 super
3778 5720 3964 5776 choros
