4176 6368
271 409 386 468 923

279 614 535 682 princeps
563 605 766 659 militize
795 603 1056 667 caelestis,
1095 611 1280 657 sancte
1306 600 1545 664 Gabriel,
1571 599 1868 656 fcederator

277 701 583 756 caelestium
611 696 943 765 nuptiarum,
965 702 1150 748 sancte
1173 691 1436 762 Raphael,
1468 691 1734 747 medicina
1748 689 1863 754 Dei,

276 809 298 844 ‹
319 803 434 846 rate
460 806 557 860 pro
579 787 754 841 nobis.
791 786 848 840 S.
879 785 1115 840 Joannes
1142 783 1402 855 Baptista,
1437 799 1531 838 ora
1564 797 1662 853 pro
1688 780 1863 835 nobis.

281 883 340 936 S.
372 881 554 946 Petre,
585 878 676 947 qui
708 877 874 932 hahes
895 875 1076 932 claves
1101 874 1248 943 regni
1277 873 1559 935 caelorum,
1591 871 1650 926 S.
1676 871 1860 933 Paule,

280 972 343 1026 S.
376 967 616 1034 Andrea,
647 969 705 1021 S.
731 966 966 1022 Joannes
990 963 1344 1032 evangelista,
1378 972 1531 1017 orate
1567 977 1667 1031 pro
1708 960 1868 1016 nobis

281 1061 558 1116 omnibus.
601 1058 658 1112 S.
692 1057 987 1126 Stcphane,
1017 1053 1074 1109 S.
1119 1053 1468 1123 Apollinaris,
1494 1051 1552 1104 S.
1585 1051 1864 1115 Laurenti,

284 1171 302 1205 ‹
324 1164 438 1207 rate
467 1167 564 1222 pro
592 1149 746 1204 nobis
792 1145 1062 1202 omnibus.
1095 1143 1154 1199 S.
1187 1143 1470 1204 Silvester,
1508 1141 1564 1194 S.
1608 1140 1865 1202 Martine,

283 1241 324 1295 S
398 1240 709 1302 Benedfcte,
761 1234 1088 1290 venerabilis
1130 1245 1284 1306 pater
1331 1241 1535 1297 noster,
1568 1239 1721 1286 orate
1769 1246 1868 1301 pro

281 1331 440 1385 nobis
459 1329 730 1386 omnibus.
766 1324 964 1380 Sancta
995 1325 1230 1394 Agatha,
1269 1324 1327 1378 S.
1361 1323 1559 1394 Agnes,
1594 1321 1651 1376 S.
1694 1319 1866 1376 Carci-

279 1421 370 1481 lia.
397 1428 552 1477 orate
598 1433 694 1488 pro
720 1416 877 1472 nobis
905 1416 1177 1470 omnibus.
1218 1412 1422 1468 Omnes
1461 1414 1634 1467 sancti
1691 1411 1866 1482 angeli

276 1524 330 1564 et
367 1508 704 1580 archangeli,
740 1506 919 1562 throni
955 1513 1009 1559 et
1044 1503 1473 1565 dominationes,
1507 1501 1865 1570 principatus,

275 1607 599 1671 potestates,
626 1598 880 1661 virtutes,
910 1593 1216 1656 cherubim,
1244 1601 1298 1645 et
1332 1591 1631 1660 seraphim,
1677 1604 1867 1645 omnes

279 1694 456 1746 sancti
488 1689 814 1760 patriarcha:
850 1696 902 1742 et
929 1685 1226 1757 prophetas,
1269 1681 1519 1754 apostoli,
1571 1689 1863 1751 martyres,

275 1781 646 1844 confessores,
702 1778 960 1848 virgines,
1013 1775 1373 1838 anachoreta,
1419 1772 1614 1833 vidum,
1674 1785 1864 1826 omnes

1525 398 1832 459 CARMINA
1872 399 1961 455 ET
2003 396 2292 458 PRECES.

285 518 625 589 angelotnm,
651 531 742 568 ora
775 527 873 583 pro
905 513 1060 569 nobis
1085 512 1355 568 omnibus.
1378 511 1577 566 Sancte
1613 509 1865 575 Michael,
1899 515 1948 572 Α

2484 509 2667 566 XVIII.
2711 510 2789 565 De
2822 522 3034 581 patenti.

1973 597 2135 654 Esum
2164 609 2439 669 perpetuat
2463 600 2684 670 pariunt
2709 601 2824 655 hmc
2847 600 3053 656 fercula
3085 602 3228 657 vitaz.

2258 690 2398 745 XIX.
2441 690 2544 745 Ubi
2565 692 2736 746 ludus
2767 683 3049 750 Dominum
3077 698 3263 751 tradit.

1970 780 2127 835 Falsa
2154 781 2300 836 ferox
2327 781 2525 836 blando
2549 782 2707 851 lupus
2743 785 2928 838 oscula
2960 788 3185 856 porrigit
3215 788 3393 858 Agno.

2027 939 2029 942 g
2276 871 2394 925 XX.
2443 871 2543 926 Ubi
2572 871 2813 929 Christus
2845 885 2992 944 rogat
3020 875 3255 932 Patrem.

1969 959 2210 1028 Patrem,
2233 961 2472 1028 Cl.riste,
2503 980 2681 1034 rogas,
2707 980 2828 1018 cum
2849 981 2958 1034 quo
2980 967 3141 1020 simul
3164 970 3345 1024 omnia
3373 971 3572 1044 dom,

2071 1049 2208 1105 XXI.
2257 1051 2512 1106 Dominus
2542 1054 2670 1106 dicit
2697 1055 2970 1124 discipulis
3004 1056 3112 1110 suis
3144 1071 3163 1109 .'
3216 1056 3461 1130 I'igilate.

1969 1139 2117 1206 Quos
2137 1157 2303 1211 sopor
2326 1143 2619 1213 oppressit,
2647 1145 2871 1215 vigilum
2906 1145 3018 1201 Rex
3043 1163 3270 1220 surgere
3287 1149 3472 1219 jussit.

1973 1255 2112 1310 XXII
2141 1265 2196 1311 et
2222 1255 2406 1310 XXIII.
2439 1256 2718 1312 Orationes
2741 1259 2826 1313 die
2858 1258 3072 1315 Veneris
3097 1273 3278 1317 sancto
3313 1265 3366 1318 in
3396 1265 3567 1321 crucis

2457 1328 2771 1382 adoratioue
2807 1330 3068 1385 dicendw.

2041 1417 2223 1486 (59)...
2259 1417 2498 1473 indictus
2530 1418 2598 1473 ad
2656 1433 2781 1474 eum
2834 1421 3154 1491 respiceret,
3209 1432 3268 1478 et
3297 1438 3572 1482 venenum

1969 1508 2192 1564 exitiale
2242 1508 2526 1574 evaderet,
2555 1517 2753 1580 optatae
2785 1509 2978 1566 salutis
3023 1513 3187 1567 vitam
3241 1513 3575 1584 adipiscere-

1969 1605 2076 1660 tur,
2109 1597 2422 1667 signiﬁcans
2447 1607 2498 1653 te
2535 1597 2711 1668 ipsum
2738 1599 2917 1652 futura
2950 1600 3106 1674 longe
3133 1611 3254 1671 post
3286 1602 3569 1661 curricula

1968 1702 2067 1758 pro
2095 1688 2169 1742 ttti
2194 1686 2367 1743 salute
2390 1687 2673 1758 plasmatis
2703 1689 2883 1744 crucis
2906 1690 3150 1758 patibulo
3171 1705 3234 1746 es
3246 1691 3571 1761 tollendum,

1968 1787 2029 1832 ut
2079 1793 2219 1848 quos
2247 1778 2498 1832 diabolus
2556 1779 2726 1833 armis
2777 1779 2994 1833 invidiae
3042 1782 3441 1849 captivaverat,
3473 1791 3570 1838 tua

273 1872 454 1928 sancti
478 1883 531 1926 et
553 1880 754 1925 sanetae
780 1868 900 1931 Dei,
928 1874 1078 1922 orate
1107 1880 1203 1935 pro
1242 1865 1398 1920 nobis
1433 1863 1687 1918 omnibus
1729 1862 1863 1918 ﬁde-
1895 1862 1939 1920 Β
1970 1867 2344 1926 desiderabilis
2371 1871 2551 1940 passio
2577 1872 2646 1927 ad
2687 1872 2918 1942 patriam
2970 1883 3269 1948 revocaret.
3317 1873 3574 1932 Concedo

274 1963 423 2022 libus
455 1962 656 2017 Christi
694 1960 834 2014 vivis
870 1967 925 2012 et
954 1955 1239 2012 defunctis.
1276 1953 1439 2009 Pater
1465 1965 1656 2008 noster.

457 2049 568 2105 νιι.
609 2049 767 2115 Item,
798 2047 1063 2101 orationes
1099 2046 1164 2100 de
1183 2055 1365 2099 sancta
1405 2043 1682 2098 Triuitate.

345 2141 514 2206 Deus,
572 2139 727 2209 cujus
778 2151 1001 2192 umnere
1050 2144 1106 2191 et
1152 2135 1455 2189 trinitatem
1505 2133 1557 2187 in
1588 2133 1860 2203 personis,

269 2244 328 2288 et
388 2234 652 2288 unitatem
730 2230 782 2284 iu
862 2228 1042 2282 divina
1119 2225 1421 2281 substantia
1499 2223 1864 2290 confitemur,

270 2321 516 2378 concede
568 2319 835 2392 propitius
892 2326 970 2382 ut,
1022 2317 1124 2372 hac
1182 2315 1303 2370 ﬁdei
1362 2314 1532 2370 lorica
1578 2315 1798 2378 muniti,
1833 2329 1863 2369 a

269 2411 489 2469 cunctis
515 2425 824 2466 mereamur
869 2406 1292 2463 adversitatibus
1323 2404 1570 2461 liberari.
1623 2403 1727 2459 Per
1752 2403 1863 2462 Do-

270 2503 504 2558 tninum.

404 2610 408 2613 ·
910 2590 1039 2644 VIII.
1083 2589 1222 2643 Alia.

351 2684 624 2749 Concede,
680 2697 1009 2751 quaesumus,
1061 2682 1404 2750 omnipotens
1451 2680 1717 2740 Deus.ut
1770 2679 1864 2748 qui

270 2785 478 2833 sancta:
536 2773 823 2829 Trinitatis
891 2790 1052 2827 unam
1129 2773 1450 2827 conﬁtemur
1515 2772 1862 2837 essentiam;

272 2870 419 2923 sicut
447 2881 588 2920 nunc
616 2864 983 2925 ambulamus,
1017 2873 1067 2917 te
1101 2864 1348 2928 ducente,
1386 2879 1485 2933 per
1531 2863 1727 2927 ﬁdem;
1785 2863 1864 2917 sic

271 2957 609 3028 aliquando,
665 2964 719 3010 te
771 2954 1139 3023 suscipiente,
1188 2954 1554 3023 perducantur
1608 2953 1677 3008 ad
1735 2968 1861 3023 spe-

270 3051 434 3106 eiem.
465 3047 588 3103 Per.

933 3135 1022 3190 IX.
1064 3137 1207 3190 Alia.

349 3229 510 3293 Dens,
544 3228 634 3299 qui
667 3243 764 3283 nos
807 3237 861 3282 et
889 3229 1006 3283 sine
1058 3228 1380 3283 confusmne
1429 3228 1755 3291 trinitatem,
1812 3235 1867 3280 et
1894 3219 1937 3278 C

272 3325 397 3378 sine
441 3321 708 3377 divisione
739 3321 1099 3375 substantiam
1152 3331 1253 3374 tute
1288 3319 1590 3386 majestatis
1642 3320 1868 3372 credere

271 3416 530 3484 docuisti,
561 3416 760 3485 largire
790 3416 1145 3486 supplicibus,
1184 3425 1240 3470 ut
1288 3431 1454 3486 super
1482 3417 1586 3470 hoc
1636 3415 1869 3470 catholi-

270 3527 354 3566 cre
394 3511 515 3565 ﬁdei
556 3511 970 3566 fundamentum
1017 3520 1209 3582 surgat
1258 3511 1314 3582 9
1350 3512 1401 3564 in
1456 3511 1612 3566 nobis
1651 3519 1867 3565 sancta-

271 3619 398 3659 rum
435 3612 712 3658 structura
742 3603 1029 3656 virtutum.
1065 3602 1168 3656 Per
1199 3603 1504 3656 Dominum.

953 3689 1022 3744 Χ.
1065 3691 1204 3743 Alia.

349 3787 510 3849 Deus,
540 3785 631 3855 qui
662 3783 815 3838 nobis
860 3793 1062 3838 sancta:
1109 3783 1392 3837 Trinitatis
1424 3782 1744 3853 mysterium
1779 3796 1864 3833 re-

270 3873 489 3938 velasti,
521 3872 718 3936 tribue,
750 3886 1084 3941 quaesumus,
1108 3881 1167 3925 ut
1191 3871 1281 3942 qui
1324 3871 1437 3941 jam
1478 3888 1544 3925 ex
1585 3871 1687 3925 ﬁde
1737 3870 1868 3923 vivi-

273 3981 420 4028 mus,
444 3979 542 4034 per
569 3963 695 4018 boni
735 3965 915 4034 operis
943 3974 1232 4035 augmenta
1263 3979 1596 4020 crescamus.
1638 3963 1742 4019 Per
1762 3964 1866 4018 Do-

274 4055 486 4110 minum
516 4065 781 4109 nostrum.

617 4145 709 4200 XI.
751 4145 830 4200 De
860 4147 1260 4200 nununtiatione
1293 4145 1525 4201 Domini.

274 4237 420 4294 Ecce
450 4244 608 4307 parat
632 4235 871 4290 clausam
902 4236 1063 4308 Regis
1091 4237 1428 4307 praenuntius
1457 4235 1655 4293 aulam.

680 4325 794 4381 XII.
838 4325 915 4380 De
937 4327 1207 4380 nativitate
1241 4325 1474 4379 Domini.

280 4417 454 4473 Natus
483 4417 553 4473 ab
573 4427 780 4472 aeterno
805 4418 987 4488 prodit
1017 4421 1082 4472 de
1116 4417 1352 4488 Virginis
1373 4417 1517 4483 alvo.

670 4507 806 4562 XIII.
852 4507 926 4562 De
949 4507 1210 4562 oblatione
1236 4507 1470 4562 Domini.

278 4599 394 4655 Non
419 4600 629 4669 capitur
657 4600 831 4666 caelis,
868 4599 1087 4655 Simeon
1114 4616 1274 4670 quem
1306 4600 1522 4672 stringit
1550 4601 1603 4656 in
1629 4600 1790 4656 ulnis.

679 4688 814 4743 XIV.
857 4688 933 4743 De
956 4690 1209 4759 baptismo
1237 4689 1471 4744 Domini.

280 4779 359 4835 Eu
388 4778 581 4834 ﬂuvius
637 4779 838 4835 fontem
891 4781 1150 4834 mundum
1183 4780 1350 4845 lavat,
1385 4782 1548 4847 unda,
1594 4782 1865 4838 lavantem

279 4869 474 4933 A!.lue,
508 4869 785 4936 Iordanis,
807 4885 835 4924 a
861 4884 968 4939 quo
1005 4871 1177 4940 magis
1208 4871 1323 4941 ipse
1358 4871 1577 4928 lavaris.

585 4959 702 5014 XV.
744 4960 820 5014 De
847 4961 1310 5031 Iransﬁguratioue
1331 4961 1563 5029 Domini.

283 5049 421 5106 Ilinc
459 5051 602 5106 Deus
626 5051 861 5106 ostendit
889 5053 1030 5122 quod
1058 5053 1242 5108 carnis
1284 5055 1520 5124 tegmine
1546 5054 1760 5110 clausit.

599 5141 735 5197 XVI.
776 5141 877 5197 Ubi
895 5144 1045 5213 pueri
1072 5145 1252 5197 dicunt
1289 5144 1568 5201 Hosanna.

281 5237 441 5290 Astra
471 5278 485 5300 ,
517 5237 703 5308 polus,
736 5249 880 5293 terra
902 5280 918 5305 ,
951 5248 1200 5294 metuunt
1229 5256 1390 5310 quem
1447 5251 1632 5312 portat
1682 5243 1868 5297 asella.

285 5323 429 5381 Voce
463 5327 574 5382 Deo
601 5341 797 5398 magna
825 5338 1001 5384 coetus
1026 5329 1296 5399 depromit
1326 5332 1594 5388 hosanna.

713 5416 875 5473 XVII.
912 5417 990 5473 De
1028 5436 1171 5474 arua
1211 5420 1444 5477 Domini.

286 5508 388 5575 Qui
427 5519 587 5581 caput
611 5519 694 5564 est
717 5509 883 5578 justis
909 5513 1135 5585 vestigia
1175 5515 1337 5586 tergit
1360 5515 1617 5574 alumnis.

286 5601 438 5669 Quod
465 5601 639 5657 vetuit
661 5603 826 5672 parti,
854 5602 1049 5660 Petrus
1083 5605 1196 5658 vult
1227 5605 1438 5662 solvere
1469 5607 1588 5663 toti.

1971 1967 2082 2014 tam
2134 1961 2267 2015 mibi
2319 1962 2520 2016 misero
2577 1962 2682 2032 ιο
2735 1970 2789 2016 et
2838 1965 3112 2032 pcecatori
3165 1980 3328 2034 quam
3385 1962 3571 2021 omni-

1969 2049 2070 2105 bus
2137 2059 2228 2105 tuo
2298 2065 2494 2107 cruore
2563 2052 2865 2118 mercatis,
2928 2054 3021 2123 qui
3089 2053 3253 2108 hodie
3322 2062 3574 2112 sanctam

1968 2143 2278 2212 passionem
2339 2153 2488 2198 tuam
2535 2143 2809 2214 supplices
2866 2153 3196 2199 venerantur
3259 2144 3575 2216 lignumque

1967 2235 2096 2290 vita:
2126 2238 2379 2302 adorant,
2428 2245 2488 2290 ut
2539 2235 2835 2291 diabolicas
2888 2236 3115 2292 insidias
3176 2245 3228 2292 te
3280 2238 3576 2309 adiuvante

1966 2325 2270 2388 vincamus,
2303 2335 2360 2382 et
2384 2335 2605 2382 aeterna:
2641 2327 2767 2381 vitae
2815 2327 3109 2398 participes
3157 2327 3303 2384 efﬁci
3356 2342 3571 2385 merea-

1967 2432 2114 2482 mur,
2174 2419 2270 2486 qui
2322 2432 2446 2472 cum
2499 2417 2665 2473 Patre
2716 2427 2772 2474 et
2823 2418 3034 2490 Spiritu
3087 2432 3279 2480 sancto
3335 2421 3475 2477 vivis
3513 2429 3573 2478 et

1969 2520 2164 2581 regnas
2187 2509 2329 2565 Deus
2359 2525 2457 2578 per
2483 2511 2667 2591 omnia
2694 2510 2890 2565 stecula
2919 2511 3266 2568 saeculorum.
3299 2513 3494 2569 Amen.

2303 2603 2491 2660 XXIV.
2535 2604 2600 2660 In
2633 2607 2788 2660 tertia
2829 2607 3214 2677 genu/iesione.

2039 2697 2267 2752 Domine
2298 2695 2425 2752 Jesu
2453 2697 2694 2763 Christe,
2722 2701 2812 2769 qui
2838 2715 2937 2755 nos
2967 2715 3065 2768 per
3094 2701 3404 2770 passionem
3441 2714 3570 2756 san-

1967 2793 2071 2840 ctae
2095 2786 2277 2841 crucis
2303 2787 2568 2841 hodierna
2598 2788 2684 2842 die
2711 2788 2778 2841 de
2809 2788 3079 2843 diabolica
3115 2790 3379 2843 servitute
3431 2789 3572 2845 libe-

1967 2877 2118 2940 rasti,
2145 2885 2206 2932 ut
2239 2892 2347 2947 quo
2375 2879 2462 2932 die
2488 2878 2767 2932 hominem
2801 2878 3150 2945 eondideras,
3179 2880 3371 2934 eodem
3403 2889 3457 2934 et
3486 2895 3574 2936 re-

1966 2967 2256 3031 formares,
2291 2968 2491 3023 exaudi
2527 2983 2613 3023 me
2635 2969 2896 3023 miserum
2926 2979 2982 3024 et
3002 2981 3344 3039 peccatorem
3382 2987 3569 3027 coram

1968 3056 2072 3110 hoc
2100 3056 2382 3124 signaculo
2412 3068 2616 3110 sancite
2638 3057 2818 3111 crucis
2846 3067 2952 3112 tua:
2980 3059 3330 3114 conﬁtentem
3364 3068 3419 3114 et
3474 3061 3570 3116 de-

1968 3156 2301 3218 precantem,
2331 3147 2561 3216 uthujus
2585 3149 2910 3204 venerabilis
2939 3159 2995 3204 et
3015 3150 3196 3204 vitalis
3220 3151 3356 3220 signi
3377 3152 3566 3206 tuitio-

1973 3253 2041 3292 ne
2069 3238 2334 3301 munitus,
2360 3247 2414 3293 et
2447 3239 2615 3292 hostis
2641 3239 2960 3307 nequissimi
2985 3241 3150 3309 ignita
3177 3240 3281 3294 tela
3304 3240 3570 3310 repellere

1972 3331 2139 3385 etab
2199 3330 2421 3385 inﬂictis
2469 3332 2724 3385 evacnari
2780 3331 3114 3396 vulneribus,
3175 3341 3227 3384 et
3280 3331 3348 3385 ad
3407 3332 3573 3388 vitam

1972 3429 2234 3475 :eternam
2287 3421 2499 3476 valeam
2533 3421 2841 3490 pervenire,
2895 3437 2990 3491 per
3044 3431 3118 3487 te,
3170 3422 3398 3478 Domine
3443 3421 3573 3478 Iesu

1972 3509 2212 3575 Christe,
2243 3511 2334 3580 qui
2368 3527 2490 3566 eum
2521 3510 2683 3565 Patre
2711 3521 2767 3566 ct
2787 3509 2993 3580 Spiritu
3023 3521 3216 3568 sancto
3242 3511 3378 3567 vivis
3407 3521 3462 3568 et
3483 3525 3573 3569 re-

1973 3617 2108 3673 gnas
2137 3602 2281 3658 Deus
2312 3601 2364 3656 in
2403 3603 2599 3657 saecula
2633 3602 2978 3657 smculorum.
3015 3603 3210 3658 Amen.

2260 3691 2426 3746 XXV.
2471 3692 2546 3746 De
2586 3691 2647 3747 S.
2675 3709 2828 3747 cruce
2851 3694 3116 3748 orationes
3141 3693 3282 3749 alia’.

2041 3782 2182 3837 Dum
2241 3797 2460 3838 crucem
2505 3782 2843 3838 dilectissimi
2901 3783 3022 3838 Filii
3069 3785 3170 3848 tui,
3225 3785 3574 3854 omnipotens

1971 3872 2155 3940 Pater,
2199 3875 2386 3938 adoro,
2436 3883 2621 3946 pateat
2669 3875 2802 3929 mihi
2854 3875 3075 3942 coelum,
3122 3877 3355 3932 obsecro
3399 3884 3458 3931 ut
3516 3885 3574 3933 et

1971 3966 2151 4021 oratio
2178 3981 2299 4021 mea
2328 3966 2618 4036 pervenire
2647 3969 2819 4038 possit
2842 3969 2909 4021 ad
2938 3977 3012 4032 te,
3038 3977 3092 4022 et
3131 3977 3222 4021 tua
3268 3968 3575 4026 descendat

1971 4059 2346 4113 misericordia
2375 4075 2541 4129 super
2572 4075 2680 4114 me.
2708 4059 2834 4114 Htec
2865 4061 3009 4115 enim
3051 4061 3228 4115 hostia
3253 4061 3570 4131 singularis,

1971 4148 2475 4219 piissimeDomine,
2508 4151 2560 4205 in
2585 4151 2807 4206 odorem
2846 4153 2942 4207 tibi
2965 4154 3252 4209 suavitatis
3276 4155 3480 4218 oblata,
3515 4163 3574 4210 et

1972 4250 2123 4295 tuam
2155 4240 2300 4295 circa
2326 4255 2428 4294 nos
2463 4239 2733 4310 justitiam
2783 4241 3021 4314 mitigat,
3056 4251 3130 4306 et,
3180 4252 3436 4314 tanquam
3487 4245 3564 4314 pii

1971 4330 2147 4384 thuris
2179 4329 2492 4383 incendium
2518 4329 2584 4383 de
2617 4331 2896 4385 thuribulo
2947 4333 3336 4387 sacratissima).
3362 4333 3573 4403 passio-

1972 4422 2058 4476 nis
2081 4435 2408 4491 evaporans,
2440 4421 2803 4476 humanarum
2838 4423 3099 4476 mentium
3154 4438 3315 4478 nares
3371 4424 3569 4480 obdul-

1971 4525 2079 4568 rat.
2113 4513 2158 4569 Ο
2190 4513 2575 4569 inenarrabilis
2599 4513 2845 4576 victima,
2871 4530 2991 4583 qute
3017 4523 3070 4570 et
3105 4516 3411 4570 cautionem
3455 4531 3573 4570 ma-

1975 4604 2159 4659 ledicti
2191 4605 2394 4659 veteris
2418 4603 2674 4669 abolevit,
2699 4613 2755 4658 et
2781 4604 3120 4675 signaculum
3160 4605 3317 4661 nobis
3354 4616 3574 4663 mternte

1973 4698 2372 4753 benedictionis
2403 4695 2698 4766 impressit.
2745 4695 3144 4753 Osaeriﬁcium
3193 4715 3337 4754 vera:
3384 4699 3571 4770 placa-

1976 4791 2142 4844 tionis
2186 4797 2240 4844 et
2290 4787 2666 4858 IaUtIi8,q"0tI
2717 4797 2772 4842 et
2827 4789 3066 4859 antiqua:
3117 4790 3572 4859 transgressionis

1974 4880 2294 4935 inimicitias
2322 4878 2567 4943 abstulit,
2599 4889 2655 4935 et
2679 4879 2821 4933 inter
2846 4880 3044 4934 cmlum
3081 4889 3135 4935 et
3169 4891 3367 4936 terram
3394 4880 3574 4937 fmdus

1975 4980 2196 5024 aeterna!
2245 4970 2552 5027 concordia:
2593 4969 2930 5024 reformavit.
2987 4969 3092 5025 Per
3148 4969 3271 5036 hoc,
3318 4969 3568 5034 Domine,

1976 5069 2084 5115 tute
2107 5060 2326 5114 virtutis
2349 5060 2559 5130 insigne
2584 5057 2839 5113 vexillum
2871 5058 3124 5114 miseram
3157 5075 3244 5114 me
3285 5059 3360 5113 tui
3391 5058 3575 5130 gregis

1974 5150 2246 5206 oviculam
2279 5151 2344 5203 de
2383 5150 2595 5205 cruenti
2627 5148 2799 5205 leonis
2829 5149 3081 5205 faucibus
3103 5151 3276 5222 eripe.
3309 5159 3369 5204 ut
3395 5149 3572 5205 victus

1977 5251 2142 5315 atque
2164 5241 2435 5296 contritus
2458 5255 2486 5294 a
2520 5249 2572 5295 te
2601 5255 2765 5311 super
2788 5255 2873 5294 me
2917 5251 3156 5311 nequeat
3205 5241 3569 5311 triumphare.

1974 5329 2161 5385 Reduc
2189 5345 2273 5385 me
2304 5330 2372 5383 ad
2417 5345 2632 5399 pascuae
2670 5339 2773 5384 tua:
2803 5346 3019 5401 semper
3059 5345 3276 5385 ammna
3315 5322 3570 5396 virentia,

1980 5437 2083 5477 nec
2119 5421 2346 5490 abjicias
2375 5436 2622 5485 servum,
2655 5436 2754 5490 pro
2793 5435 2902 5490 quo
2940 5421 3154 5476 tradere
3201 5421 3455 5489 dignatus
3507 5432 3572 5475 es

1978 5513 2197 5579 Filium,
2223 5513 2314 5583 qui
2348 5521 2522 5568 tecum
2552 5520 2750 5566 etcum
2782 5509 2988 5580 Spiritu
3015 5518 3207 5565 sancto
3234 5509 3368 5565 vivit
3397 5515 3453 5564 et
3482 5521 3580 5566 ro-

1978 5613 2109 5675 gnat
2133 5603 2274 5659 Deus
2295 5604 2347 5658 in
2386 5601 2580 5659 sarcula
2611 5599 2952 5658 stecnlorum.
2985 5601 3178 5654 Amen.

361 5793 478 5870 (‘59)
517 5792 707 5852 Oratio
747 5795 930 5866 primm
969 5793 1382 5868 geuuﬁcxionis,
1416 5798 1559 5856 sicut
1583 5807 1637 5857 et
1665 5800 1915 5857 secundae
1948 5808 2075 5873 pars
2105 5797 2276 5854 desid.
2303 5795 2357 5854 in
2380 5809 2483 5853 ms.
