5962 6464
1152 461 1275 517 923

2368 420 2371 421 ί
2407 445 2712 500 omnm
2760 444 2844 499 ET
2888 442 3180 499 PRECES.

4351 440 4461 499 930

1153 584 1284 633 tute
1328 577 1595 635 invocata,
1629 567 1872 624 victricia
1908 565 2009 620 tela
2060 562 2289 625 ellicias;
2324 568 2375 613 et
2424 572 2754 627 consurgcno
2788 562 2832 617 Α
2861 553 3021 623 hujus
3045 551 3302 609 salutaris
3330 551 3469 623 signi
3531 550 3921 621 redemptionis
3971 558 4172 606 ucstra:
4227 552 4471 613 redimas

1155 678 1277 725 tem
1312 682 1396 721 me
1431 677 1605 719 tecum
1638 662 1691 715 iu
1723 666 1966 713 novitate
1987 656 2211 727 spiritus
2250 662 2304 705 et
2329 650 2536 719 glorim,
2566 650 2631 701 ad
2664 661 2749 706 ea.

1148 773 1288 829 qua:
1327 769 1543 811 sursum
1590 758 1735 815 sunt,
1761 765 1884 803 cum
1936 746 2140 802 sanctis
2184 753 2239 798 et
2287 742 2476 796 electis
2532 740 2651 829 tuis
2684 739 2752 793 ad

1151 828 1444 903 dexteram
1505 852 1649 895 tuatn
1706 837 1915 909 positis,
1956 834 2267 905 pertingere
2317 831 2587 884 concedas
2640 828 2755 896 ipse

1151 936 1415 1004 idemque
1445 932 1571 987 .Iesu
1621 929 1856 990 Christe,
1889 927 2033 981 Deus
2076 922 2430 986 immortalis,
2481 921 2573 990 qui
2624 935 2751 973 cum

1152 1027 1277 1080 Deo
1302 1023 1461 1078 Patre
1490 1032 1547 1076 et
1585 1020 1794 1091 Spiritu
1823 1025 2013 1072 sancto
2033 1013 2173 1068 vivis
2203 1022 2257 1067 et
2280 1015 2475 1083 regnas
2502 1026 2600 1082 per
2632 1009 2753 1064 infi-

1150 1117 1274 1171 nita
1301 1114 1499 1170 tmcula
1525 1112 1869 1168 sarculorum.
1903 1107 2098 1160 Amen.

1747 1196 1930 1254 XXXu
1960 1196 2169 1251 Oratio.

1227 1296 1458 1352 Domine
1485 1292 1613 1350 Jesu
1654 1290 1890 1352 Christe,
1921 1271 2154 1343 Fili'Dei
2185 1286 2314 1350 vivi,
2355 1285 2749 1357 gloriosissime

1150 1386 1418 1444 Conditor
1445 1381 1655 1445 mundi,
1698 1379 1789 1449 qui
1821 1394 1945 1433 cum
1978 1377 2054 1432 sis
2097 1376 2353 1447 splendor
2387 1374 2488 1445 13
2539 1374 2746 1445 gloriae,

1149 1484 1462 1533 corcternus
1491 1480 1547 1527 et
1574 1469 1803 1540 aequalis
1831 1468 1977 1523 Patri
2005 1476 2301 1535 sanctoque
2333 1464 2587 1535 Spiritui,
2627 1467 2749 1521 idco

1152 1565 1419 1636 dignatus
1448 1578 1508 1619 es
1528 1575 1750 1616 carnem
1779 1557 2185 1614 imntaculatam
2227 1572 2291 1610 ex
2321 1555 2540 1625 Virgine
2567 1572 2748 1612 sume-

1150 1669 1239 1720 re,
1267 1663 1323 1708 et
1351 1653 1673 1708 innocentes
1698 1666 1763 1706 ac
1790 1649 2054 1721 gloriosas
2087 1655 2209 1701 tuas
2240 1646 2451 1716 palmas
2481 1646 2536 1700 in
2568 1648 2747 1703 crucis

1152 1743 1402 1815 patibulo
1451 1742 1750 1814 permisisti
1790 1740 1984 1812 conligi
2036 1746 2095 1792 ut
2158 1736 2395 1791 claustra
2451 1737 2749 1807 dissipares

1151 1835 1353 1891 inferni
1379 1844 1435 1890 et
1458 1834 1752 1890 humanum
1780 1846 1951 1902 genus
1977 1830 2238 1885 liberares
2262 1828 2328 1884 de
2353 1838 2546 1885 morte.
2588 1828 2746 1884 Μεδε-

2861 660 2947 697 me
2975 645 3233 698 miserum
3266 649 3320 696 et
3366 641 3587 713 dignum
3619 650 3793 696 morte
3837 650 4215 710 peccatorem,
4249 643 4317 696 ab
4346 657 4467 697 out-

2860 734 3018 788 nibus
3050 733 3373 787 criminibus
3402 740 3458 787 et
3507 731 3846 787 facinoribus
3892 732 4062 796 meis,
4097 739 4153 785 et
4178 730 4348 786 libera
4377 746 4468 788 mo

2857 824 2927 878 ab
2954 825 3210 879 omnibus
3231 824 3390 880 malis
3414 824 3727 893 praeteritis,
3758 823 4122 893 praesentibus
4144 832 4198 878 et
4221 822 4423 879 futuris
4446 864 4461 890 ,

2856 924 2909 971 et
2940 916 3207 971 mortiﬁca
3241 915 3292 970 iu
3338 930 3426 970 me
3452 914 3637 970 omnia
3666 913 3801 968 vitia
3831 913 4198 984 spiritualium
4234 924 4289 969 et
4341 928 4467 968 ear-

2856 1006 3060 1061 nalium
3088 1005 3456 1075 nequitiarum
3474 1045 3489 1070 ,
3512 1014 3567 1059 et
3589 1004 3675 1058 fac
3707 1018 3795 1060 me
3820 1016 4106 1074 resurgere
4129 1003 4182 1057 in
4209 1001 4316 1076 15
4342 1003 4463 1060 vir-

2856 1106 2969 1153 tute
3004 1097 3198 1168 gratite
3260 1105 3313 1151 et
3370 1096 3556 1168 gloria:
3614 1104 3753 1161 tum;
3804 1104 3860 1150 et
3904 1109 4028 1165 qua:
4059 1108 4275 1148 sursum
4303 1104 4462 1161 sunt,

2853 1187 3098 1243 caelestia
3127 1186 3443 1242 desiderare
3475 1194 3529 1242 et
3556 1202 3803 1257 quaerere
3822 1226 3837 1251 ,
3886 1194 3943 1241 et
3983 1184 4051 1241 ad
4080 1195 4303 1241 internae
4331 1184 4462 1240 bea-

2854 1278 3103 1335 titudinis
3134 1278 3360 1347 gloriam
3412 1278 3649 1334 feliciter
3692 1278 4014 1348 pervenire,
4049 1287 4342 1349 pnestante
4372 1287 4461 1336 tua

2852 1370 3118 1425 immensa
3147 1370 3470 1433 clementia,
3522 1368 3750 1425 Domine
3793 1368 3922 1425 Jesu
3954 1367 4193 1435 Christe,
4231 1368 4372 1423 Deus
4404 1378 4461 1423 ct

2851 1462 3114 1518 Dominus
3163 1470 3372 1525 nOSler,
3428 1461 3523 1532 qui
3571 1478 3696 1517 cum
3748 1463 3860 1517 Deo
3921 1460 4090 1517 Patre
4140 1470 4199 1517 et
4251 1459 4463 1532 Spiritu

2849 1567 3041 1612 sancto
3068 1558 3119 1612 iu
3154 1558 3363 1612 unitate
3408 1559 3627 1613 deitatis
3676 1558 3858 1613 omnia
3896 1558 4135 1614 creando
4166 1558 4344 1630 regis,
4378 1557 4462 1614 vi-

2852 1648 3037 1704 viiicas
3064 1657 3120 1704 et
3148 1650 3423 1719 gubernas
3469 1665 3567 1721 per
3616 1649 3948 1705 immortalia
3994 1649 4191 1705 swcula
4235 1648 4463 1708 saeculo-

2850 1758 2990 1797 rum.
3022 1742 3216 1797 Amen.

3383 1831 3626 1889 XXXIV.
3668 1832 3916 1889 Litaniw.

1154 1942 1278 1983 rere
1310 1928 1440 1983 mihi
1469 1926 2244 1995 misero,Dominc,oppresso
2268 1921 2743 1993 gravifacinornm
2779 1927 2821 1985 Β
2920 1923 3166 1989 Christe,
3214 1924 3338 1979 audi
3388 1939 3520 1991 nos,
3570 1940 3654 1980 ιιι.
3710 1924 3875 1980 Pater
3924 1926 3991 1981 de
4042 1925 4227 1993 cmlis,
4280 1926 4456 1995 Deus,

1151 2020 1394 2089 pondere
1422 2018 1825 2087 multarumque
1875 2014 2240 2085 nequitiarum
2269 2013 2521 2069 sordibus
2569 2014 2747 2085 inqui-

1153 2119 1299 2165 uato.
1336 2108 1457 2165 Noli
1481 2124 1566 2165 me
1595 2108 1923 2178 relinquere,
1954 2106 2199 2177 piissime
2238 2104 2484 2169 Domine,
2528 2104 2622 2159 sed
2664 2105 2747 2159 in-

1152 2201 1313 2266 dulge
1341 2200 1789 2262 misericorditer,
1819 2198 1965 2268 quod
2008 2196 2175 2265 impie
2216 2195 2382 2265 gessi,
2410 2204 2465 2250 et
2494 2211 2615 2266 qua:
2646 2211 2742 2251 nc-

1151 2291 1420 2363 gligcnter
1446 2291 1573 2347 feci.
1606 2289 1814 2345 Exaudi
1850 2303 1957 2355 me,
1985 2302 2191 2358 quaeso,
2216 2287 2645 2343 clementissime
2679 2302 2742 2344 ac

1152 2382 1665 2439 misericordissime
1688 2380 1838 2444 Jesu,
1868 2380 2011 2436 Deus
2042 2382 2182 2435 bone
2225 2388 2281 2434 et
2322 2378 2577 2450 benigne,
2619 2394 2742 2449 pro-

1148 2482 1380 2528 stratum
1409 2481 1538 2527 ante
1581 2472 1913 2527 adorandam
1956 2468 2404 2541 gloriosissimam
2437 2477 2585 2523 tuam
2618 2484 2742 2524 cru-

1148 2580 1289 2629 cem,
1322 2563 1459 2618 utin
1490 2564 1576 2618 his
1603 2564 1813 2617 sanctis
1840 2562 2033 2615 diebus
2058 2569 2111 2614 et
2139 2574 2355 2630 semper
2398 2560 2491 2613 tibi
2526 2574 2741 2615 merear

1148 2653 1405 2709 assistere
1434 2652 1690 2718 mundus,
1720 2661 1773 2707 et
1799 2653 1906 2706 tuis
1928 2640 2135 2722 jugiter
2170 2649 2388 2721 placere
2425 2653 2736 2722 conspecti-

1146 2743 1269 2810 bus,
1293 2753 1563 2814 quatenus
1606 2744 1870 2798 liberatus
1899 2758 1929 2794 a
1966 2741 2121 2795 malis
2170 2739 2443 2803 omnibus,
2485 2749 2581 2795 tuo
2633 2742 2735 2796 sim

1114 2838 1117 2842 ’
1148 2854 1363 2908 semper
1397 2838 1669 2906 adiutorio
1690 2837 2031 2913 consolatus,
2074 2833 2289 2890 Christe
2322 2834 2546 2889 Domine
2569 2875 2585 2899 ,
2617 2834 2736 2889 Sal—

1148 2938 1302 2985 vator
1334 2930 1543 2995 mundi,
1573 2930 1664 2999 qui
1692 2928 1828 2983 vivis
1854 2937 1910 2982 et
1943 2941 2142 2999 regnas
2174 2925 2227 2979 in
2273 2924 2472 2983 saecula
2510 2926 2735 2982 saculo-

1147 3037 1285 3078 rum.
1316 3022 1511 3077 Amen.

1714 3111 1906 3168 XXXI.
1950 3111 2156 3167 Oratio.

1216 3206 1460 3273 Christe,
1498 3207 1591 3276 qui
1620 3221 1718 3276 pro
1748 3206 1903 3260 uobis
1931 3206 2230 3277 patibulum
2262 3206 2444 3261 crucis
2486 3214 2542 3261 et
2580 3221 2724 3259 mor-

1149 3307 1253 3353 tcm
1280 3299 1533 3363 subiisti,
1564 3306 1619 3352 ut
1649 3312 1680 3350 a
1727 3296 1883 3350 nobis
1922 3296 2222 3365 expcllercs
2270 3297 2462 3350 mortis
2493 3305 2733 3365 potesta-
2760 3286 2807 3347 (ἶ

1148 3402 1254 3446 tem
1275 3430 1290 3456 ,
1317 3398 1372 3445 et
1399 3388 1684 3459 sanguinis
1714 3388 1792 3441 tui
1826 3403 1923 3443 nos
1951 3389 2128 3457 pretio
2154 3388 2443 3454 liberares,
2471 3388 2732 3443 miserere

1145 3481 1273 3536 mihi
1307 3478 1607 3535 humillimo
1635 3493 1795 3534 servo
1824 3488 1936 3545 tuo,
1962 3487 2017 3533 et
2047 3479 2290 3533 omnium
2322 3494 2567 3535 meorum
2596 3479 2728 3533 mihi

1140 3572 1350 3626 veniam
1395 3571 1571 3625 tribue
1604 3581 1989 3641 peccatorum,
2019 3583 2075 3625 et
2102 3587 2189 3626 me
2238 3588 2424 3627 coram
2454 3573 2729 3628 adoranda

1143 3675 1231 3720 tua
1256 3680 1417 3721 cruce
1444 3673 1777 3736 prostratum
1809 3664 1864 3717 in
1901 3664 1986 3717 his
2021 3664 2229 3718 sanctis
2260 3664 2471 3730 diebus,
2502 3674 2558 3719 et
2582 3663 2728 3734 jugi-

1143 3768 1224 3812 ter
1250 3756 1317 3812 ab
1346 3740 1609 3811 omnibus
1628 3754 1783 3809 malis
1823 3754 1976 3823 eripe
1998 3794 2012 3819 ,
2062 3754 2327 3825 bonisque
2376 3756 2483 3809 tuis
2515 3756 2729 3810 miseri-

1138 3850 1377 3905 corditer
1402 3848 1599 3913 refice,
1629 3848 1720 3917 qui
1747 3860 1884 3901 cum.
1902 3846 2013 3901 Deo
2033 3845 2199 3900 Patre
2220 3856 2275 3901 et
2299 3848 2508 3917 Spiritu
2541 3856 2731 3903 sancto

1138 3940 1274 3996 vivis
1329 3949 1383 3995 et
1436 3954 1630 4012 regnas
1666 3953 1777 4008 per
1820 3939 2084 3993 immensa
2143 3937 2339 3993 saecula
2377 3939 2726 3995 saeculorum.

1136 4034 1327 4087 Amen.

1696 4119 1911 4174 XXXII.
1950 4120 2155 4175 Oratio.

1207 4211 1382 4277 Deus,
1412 4212 1503 4282 qui
1536 4211 1680 4281 ligno
1710 4220 2029 4280 pereuntem
2082 4212 2356 4266 hominem
2394 4228 2492 4281 per
2520 4211 2725 4281 lignum

1137 4303 1399 4373 reparasti
1453 4302 1506 4357 in
1555 4300 2173 4371 mclius,-‘qu:esumus,
2230 4309 2288 4354 ιιι
2345 4302 2518 4355 virtus
2569 4302 2730 4371 hujus

1138 4389 1475 4462 triumphalis
1520 4390 1651 4461 ligni
1699 4400 1875 4445 morte
1918 4398 1974 4445 et
2004 4390 2265 4459 sanguine
2297 4400 2388 4445 tuo
2418 4391 2573 4445 ditati
2594 4431 2608 4458 ,
2639 4394 2727 4447 rui

1136 4490 1245 4538 tota
1274 4480 1557 4536 devotione
1596 4478 1732 4535 colla
1766 4479 2173 4544 submittimus,
2206 4490 2262 4535 et
2290 4480 2420 4534 vitia
2466 4482 2518 4535 iu
2569 4481 2726 4537 uobis

1136 4573 1381 4627 universa
1416 4570 1739 4637 mortificet,
1789 4578 1846 4626 et
1892 4581 2085 4626 contra
2126 4573 2305 4626 omnia
2345 4574 2575 4628 adversa
2622 4589 2723 4629 uos

1135 4664 1376 4730 mutiiat,
1422 4664 1512 4733 qui
1562 4663 1699 4718 vivis
1728 4636 1795 4718 et
1831 4678 2026 4734 regnas
2055 4679 2179 4717 cum
2222 4662 2386 4719 Patre
2422 4674 2477 4720 et
2519 4664 2721 4721 Suiritu
2756 4636 2804 4694 υ

1134 4764 1323 4814 sancto
1350 4753 1496 4811 Deus
1524 4771 1623 4827 per
1652 4754 1832 4810 omnia
1862 4756 2057 4811 sreeula
2090 4756 2434 4811 surculorum.

1690 4847 1903 4916 χχχιιι
1960 4847 2163 4903 Oratio.
2530 4896 2531 4899 χ

1208 4937 1431 4993 Domine
1454 4937 1580 4995 Jesu
1603 4938 1842 5004 Christe,
1865 4939 1956 5010 qui
1983 4954 2043 4994 es
2072 4949 2128 4994 et
2162 4940 2251 5009 qui
2277 4955 2401 4996 eras
2432 4939 2573 4996 Dens
2595 4957 2720 4997 eam

1136 5026 1293 5084 Patre
1323 5036 1449 5082 ante
1477 5028 1669 5109 saecula
1698 5030 1942 5099 genitus,
1972 5029 2117 5084 Deus
2150 5045 2215 5085 ex
2248 5030 2359 5085 Deo
2390 5046 2519 5085 vero
2542 5072 2557 5097 ,
2586 5047 2719 5087 cou-

1134 5126 1321 5189 ceptus
1345 5119 1414 5177 de
1440 5118 1645 5188 Spiritu
1672 5125 1860 5176 sancto
1880 5160 1895 5185 ,
1924 5131 1980 5174 et
2007 5129 2167 5175 natus
2198 5120 2362 5177 homo
2392 5122 2447 5176 in
2478 5124 2586 5177 line
2613 5140 2717 5178 sa:-

1135 5214 1377 5271 culorum
1400 5214 1468 5271 de
1485 5214 1697 5285 virgine
1720 5230 1936 5285 semper
1956 5214 2149 5281 Maria,
2174 5217 2267 5287 qui
2288 5216 2547 5273 obedieus
2570 5217 2716 5275 Patri

1133 5322 1303 5377 usque
1328 5306 1394 5362 ad
1423 5315 1675 5373 mortem,
1718 5315 1950 5363 mortem
1979 5320 2163 5363 autem
2196 5308 2406 5372 crucis,
2436 5309 2715 5365 redemisti

1136 5414 1233 5454 nos
1262 5408 1352 5453 tuo
1398 5404 1588 5453 saneto
1614 5405 1670 5451 et
1710 5398 1948 5467 pretioso
1994 5396 2290 5468 sanguine,
2338 5408 2393 5453 et
2438 5398 2657 5454 destruc
2682 5416 2716 5454 ο

1135 5490 1322 5547 mortis
1355 5489 1578 5561 imperio
1603 5530 1617 5554 ,
1646 5490 1897 5546 onmihus
1930 5490 1982 5543 in
2021 5498 2072 5543 te
2101 5489 2452 5546 credentibus
2474 5490 2716 5571 coelesns

1134 5584 1315 5655 gloria:
1342 5583 1547 5639 aditum
1578 5584 1867 5649 reserasti,
1902 5594 1954 5638 te
1999 5583 2166 5638 Deum
2198 5599 2385 5639 verum
2406 5625 2420 5648 ,
2451 5593 2505 5639 et
2536 5583 2717 5639 Domi-

1135 5691 1258 5732 num
1296 5689 1475 5731 meum
1505 5676 1822 5745 suppliciter
1851 5676 2057 5743 adoro,
2100 5675 2379 5731 sedentem
2408 5677 2477 5731 ad
2522 5677 2712 5732 dexte-

1136 5783 1245 5823 ram
1273 5767 1363 5821 Dei
1393 5765 1567 5822 Patris
1593 5768 2011 5836 omnipotentis,
2056 5767 2398 5837 deprecando
2446 5768 2711 5824 infinitam

1134 5867 1184 5912 vl
1213 5854 1531 5913 ineffabilem
1561 5857 1987 5914 misericordiam
2036 5867 2217 5927 tuam,
2248 5868 2304 5913 ut
2331 5872 2429 5932 per
2459 5860 2712 5919 virtutem

2849 2014 3114 2070 miserere
3195 2013 3371 2070 nobis.
3445 2012 3551 2068 Fili
3610 2014 3949 2086 Redemptor
3995 2016 4213 2081 mundi,
4273 2017 4453 2087 Deus,

2847 2105 3111 2161 miserere
3168 2104 3359 2161 nobis..
3398 2102 3637 2175 Spiritus
3679 2113 3902 2171 sancte,
3955 2105 4135 2173 Deus,
4191 2109 4460 2166 miserere

2846 2198 3021 2253 nobis.
3056 2196 3259 2253 Sancta
3290 2197 3564 2261 Trinitas,
3604 2212 3744 2251 unus
3775 2198 3940 2263 Deus,
3975 2199 4242 2255 miserere
4274 2199 4453 2256 nobis.

2846 2287 3049 2342 Sancta
3081 2287 3175 2342 Dei
3206 2286 3489 2353 Ceuitrix,
3518 2299 3737 2358 semper
3766 2287 4093 2343 intemerata
4112 2328 4128 2354 ,
4156 2289 4311 2358 virgo
4342 2288 4458 2344 hla-

2844 2382 2954 2445 ria,
2987 2391 3041 2434 et
3069 2382 3254 2434 omnia
3283 2388 3474 2435 sancta
3523 2379 3802 2449 seraphim
3836 2388 3894 2435 et
3920 2380 4246 2449 cherubim,
4283 2381 4453 2437 inter-

2844 2469 3021 2525 cedite
3048 2484 3146 2539 pro
3175 2468 3334 2525 nobis
3381 2478 3437 2523 et
3482 2483 3585 2540 pro
3612 2468 3870 2526 omnibus
3913 2471 4052 2527 vivis
4081 2480 4137 2525 et
4181 2469 4456 2529 defuturi:

2845 2562 3183 2619 ﬁdelibus...

3187 2652 3405 2709 XXXV.
3448 2653 3694 2725 Hymnus
3724 2655 3791 2709 de
3823 2655 3886 2712 S.
3916 2672 4090 2709 cruce.

3410 2745 3493 2798 Ad
3531 2758 3871 2800 nocturnum.

3122 2832 3269 2888 Crux
3295 2833 3444 2888 orbis
3477 2834 3627 2889 salus
3661 2836 3900 2905 perditi,

3051 2923 3325 2995 Pcrempti
3360 2926 3469 2979 vita
3495 2925 3680 2980 saeculi
3700 2965 3716 2991 ,

3051 3012 3225 3081 Quam
3255 3015 3394 3070 victa
3428 3024 3672 3071 tremunt
3697 3024 3902 3070 tartara
4000 3026 4003 3027 '

3050 3104 3184 3160 ϐα)Ιὶ
3220 3114 3475 3160 verentur
3494 3106 3746 3177 agmina.

3118 3195 3175 3249 In
3212 3206 3262 3252 te
3293 3197 3421 3251 dum
3447 3198 3555 3251 vita
3590 3200 3846 3263 moritur,

3054 3288 3251 3345 Mortis
3278 3300 3469 3344 catena
3498 3290 3747 3355 solvitur,

3054 3378 3425 3451 1Egypiijr:gu
3458 3379 3613 3434 liberi

3066 3471 3218 3525 Verte
3244 3479 3371 3525 sunt
3399 3471 3534 3525 lucis
3568 3471 3683 3526 lilii.

3121 3560 3199 3615 Te
3223 3562 3377 3631 ponit
3405 3560 3580 3617 Judex
3613 3564 3891 3630 omnium,

3054 3649 3191 3705 Cum
3210 3650 3513 3720 iudicatur,
3542 3653 3769 3721 solium;

3049 3738 3167 3793 Jatn
3199 3750 3309 3795 tum
3343 3743 3528 3803 haedos
3551 3746 3620 3797 ab
3647 3746 3846 3800 ovibus

3051 3829 3316 3901 Segregat
3346 3832 3398 3886 in
3432 3832 3757 3891 latronibus.

3116 3924 3196 3979 Tu
3237 3925 3423 3980 mundi
3453 3925 3593 3989 ludis
3630 3929 3967 3999 principem,

3046 4016 3183 4072 Dum
3217 4018 3377 4088 punis
3407 4020 3831 4089 impassibilem,

3044 4109 3189 4166 Reos
3213 4109 3412 4168 oﬂ'errc
3438 4112 3599 4167 solita

3040 4204 3213 4271 Quem
3243 4220 3389 4261 nunc
3414 4207 3540 4272 das,
3564 4206 3746 4262 aufert
3776 4207 3973 4281 Spolia.

3124 4298 3182 4352 Ιιι
3215 4308 3267 4354 te
3295 4306 3568 4375 mactatur
3595 4299 3816 4355 victima
3839 4341 3854 4363 ,

3044 4390 3174 4457 Qua:
3212 4391 3398 4446 mundi
3433 4400 3628 4464 purgat
3662 4395 3891 4449 crimina
3913 4434 3929 4462 ,

3041 4482 3161 4537 Tibi
3197 4483 3458 4539 talentum
3486 4484 3753 4551 creditur,

3046 4574 3179 4629 Adae
3204 4575 3347 4645 quod
3382 4575 3545 4631 solvit
3571 4577 3835 4632 debitum.

3118 4666 3226 4721 Nos
3256 4668 3380 4721 vita:
3408 4667 3621 4739 signum
3648 4678 3873 4740 protegc

3053 4754 3201 4819 Quos
3228 4744 3343 4811 Rex
3373 4758 3675 4827 triumphat
3703 4759 3892 4830 gloriae
3928 4777 3944 4792 ο

3046 4847 3152 4903 Per
3179 4856 3232 4903 te
3262 4849 3329 4903 ad
3362 4864 3587 4920 regnum
3623 4851 3923 4922 provehat,

3044 4938 3191 5007 Quos
3214 4941 3481 4998 servitute
3516 4940 3733 4998 liberat.

3114 5029 3197 5087 Sit
3228 5030 3377 5088 Patri
3405 5032 3526 5088 laus
3556 5033 3799 5105 ingenito
3818 5074 3832 5099 ,

3044 5120 3126 5177 Sit
3153 5122 3319 5181 decus
3354 5122 3648 5195 Unigenito

2970 5274 2971 5277 η
3039 5213 3123 5269 Sit
3152 5215 3438 5287 utriusque
3462 5215 3624 5287 parili

3033 5293 3287 5377 Maiestas
3313 5324 3527 5363 summa
3554 5308 3812 5364 Flamini.

3318 5400 3560 5458 XXXV].
3598 5403 3683 5456 Ad
3712 5402 3920 5459 lauder.

3107 5494 3255 5550 Cm:
3285 5495 3473 5551 mundi
3500 5495 3843 5563 benedictio,

3037 5586 3174 5657 Spes
3199 5595 3255 5642 et
3288 5597 3439 5642 certa
3475 5586 3779 5657 redemptio
3799 5630 3815 5653 ,

3031 5673 3171 5733 Olim
3200 5679 3462 5749 gehennae
3494 5677 3672 5748 bajula
3695 5723 3708 5744 ,

3028 5767 3184 5824 Nunc
3209 5772 3356 5823 clara
3390 5768 3511 5825 οωΙί
3539 5768 3710 5840 janua

3115 5859 3175 5919 In
3206 5867 3263 5918 te
3289 5859 3501 5918 levatur
3526 5861 3736 5931 hostia,
