2981 3199
1325 171 1374 202 1³1
1628 172 1656 201 5.
1678 173 1779 201 PETRI
1799 174 1940 203 DAMHNI
1960 175 2036 203 OPP.
2057 175 2175 205 TOMUS
2195 176 2260 207 SEU
2277 178 2367 206 PARS
2386 179 2431 207 ιν.
2450 196 2484 202 —-
2502 180 2649 210 PROLEC.

2276 233 2341 266 Quae
2352 235 2459 264 subruit
2476 236 2532 264 lle:
2550 237 2641 274 gloria:

2271 279 2338 306 Cum
2353 280 2432 309 laude
2446 281 2575 309 victoriae.

1432 228 1472 256 Ad
1485 235 1514 256 se
1527 228 1571 263 qui
1589 228 1671 255 traxit
1686 229 1789 258 omnia.
2132 236 2154 262 Α

1426 273 1512 306 Quam
1527 273 1617 299 mundi
1632 273 1758 308 princeps
1773 274 1876 308 impetit

1426 317 1563 351 Suumque
1576 317 1642 343 nihil
1655 318 1767 344 invenit.

1458 362 1522 389 Tuo:
1537 362 1602 396 legis
1613 363 1743 390 articulus

1424 407 1506 434 Vetus
1519 413 1609 434 cassat
1622 408 1850 443 chirographum,

1421 452 1538 487 Antiqua
1554 453 1624 487 perit
1636 454 1753 480 servitus
1765 473 1772 484 ,

1420 497 1490 525 Vera
1507 499 1618 525 libertas
1635 499 1766 525 redditur.

1456 544 1554 571 Odoris
1568 546 1604 570 tui
1620 545 1695 578 copia

1424 590 1525 615 Cuncta
1543 589 1625 615 vincit
1641 593 1761 614 aromata
1773 608 1780 619 ,

1419 634 1469 669 15
1490 634 1538 660 Tui
1553 633 1665 660 dulcedo
1681 634 1798 660 nectaris

1416 679 1511 714 Replet
1527 687 1625 705 arcana
1644 679 1770 712 pectoris.

2306 324 2444 359 Stupenda
2460 326 2500 354 lex
2515 328 2635 362 mysterii
2648 348 2655 360 ,

2268 368 2369 396 Novum
2384 377 2468 404 genus
2482 371 2567 405 pmlii
2576 391 2583 403 ,

2269 413 2378 449 Ligaltts
2391 423 2473 443 nexos
2487 416 2600 450 liberat,

2269 458 2390 487 Momms
2407 460 2543 494 viviﬁcat;

2271 504 2323 539 ιε
2343 504 2464 539 Dumque
2477 506 2531 533 ma
2543 507 2696 541 perimitur,

2269 550 2362 577 Mortis
2376 559 2448 579 mors
2461 552 2585 580 eﬂicizur.

2299 595 2404 623 Staiera
2418 599 2508 625 micis
2521 599 2665 634 pendulum

2263 640 2352 667 Mundi
2373 642 2452 669 librat
2467 645 2583 678 pretium
2596 665 2604 676 ,

2262 686 2337 718 Quod
2353 687 2416 714 dum
2433 692 2545 717 exactor
2560 692 2637 725 petiit

974 2956 1222 3199 ιι
2040 3171 2401 3175 μ

2262 730 2307 757 his
2324 732 2465 767 antiquum
2480 735 2597 769 perdidit
2607 756 2615 769 ,

2262 776 2358 804 l-Sscam
2373 777 2471 812 glutire
2485 779 2592 813 nititur,

2263 821 2316 848 Sed
2333 822 2414 849 hamo
2430 823 2608 859 transﬂgitur.

2294 867 2451 902 Composuit
2462 868 2676 907 chirographum

2256 911 2443 947 Protoplastus
2458 914 2611 945 hominum.

2250 955 2326 989 Quod
2341 957 2467 985 Christus
2482 964 2542 993 post
2555 960 2582 988 in
2601 961 2653 989 alia

2253 1000 2337 1028 Solvit
2354 1002 2415 1037 ligni
2436 1003 2542 1036 tabula;

2251 1046 2315 1079 Qua:
2328 1048 2432 1081 primus
2445 1049 2531 1077 Adam
2543 1051 2689 1086 scripserat
2699 1072 2710 1087 ,

2254 1092 2393 1120 Secundus
2409 1094 2547 1124 obliterat.

2284 1138 2351 1165 Cum
2366 1142 2469 1168 Auctor
2482 1140 2544 1168 vitm
2558 1141 2683 1176 moritur,

2250 1183 2331 1210 Orbis
2348 1189 2375 1211 et
2389 1186 2580 1220 commoritur;

2254 1228 2299 1254 Sol
2316 1229 2406 1256 radios
2420 1230 2526 1264 operuit
2536 1238 2544 1263 ;

2254 1274 2359 1307 Litgcns
2374 1279 2445 1302 terra
2462 1276 2590 1309 tremuit;

2254 1317 2353 1352 fempli
2370 1319 2457 1347 velum
2470 1320 2612 1354 dividitur,

2251 1363 2295 1390 \‘is
2311 1372 2440 1391 saxorum
2455 1365 2598 1393 scinditur.

2283 1410 2359 1438 Brevi
2376 1410 2500 1445 sepulcro
2517 1410 2663 1445 clauditr,

2245 1454 2297 1486 Qui
2313 1454 2382 1480 cmlo
2398 1462 2451 1482 non
2467 1455 2582 1491 capitur.

2248 1499 2340 1526 l’rzctla
2355 1500 2469 1528 vallatus
2483 1501 2582 1533 divite,

2246 1544 2324 1571 Victo
2343 1546 2440 1574 mortis
2454 1546 2576 1582 princire

2242 1589 2425 1624 Triumphalis
2439 1592 2559 1626 potentia

2246 1636 2339 1670 Surgit
2355 1637 2399 1663 die
2413 1637 2503 1665 tertia.

1450 725 1501 751 Per
1516 732 1623 751 crucem
1635 744 1641 754 ,
1664 724 1789 754 Christe.
1805 731 1960 758 qtizcsumns
1971 744 1978 755 ,

1412 770 1451 796 Ad
1467 770 1527 796 vitm
1543 769 1661 795 transfer
1679 769 1836 802 praemium,

1415 816 1490 849 Quos
1504 815 1566 850 ligni
1587 815 1655 841 fnus
1672 815 1782 849 stipite,

1415 862 1544 896 Dignatus
1558 868 1587 887 es
1601 861 1742 887 redimere.

1449 908 1490 934 Sit
1504 907 1573 933 Patri
1590 906 1647 932 laus
1661 906 1795 940 ingenito,
2113 914 2135 943 Β

1412 951 1453 978 Sit
1465 952 1546 978 decus
1562 951 1704 984 linigeuito
1714 971 1720 982 ,

1414 998 1455 1025 Sit
1470 998 1608 1032 utriusque
1624 997 1699 1031 parili

1410 1042 1534 1076 Majestas
1550 1050 1654 1069 summa
1671 1042 1797 1068 Flamini.

1365 1087 1496 1115 XXXVII.
1519 1087 1715 1114 Pararlcricum
1732 1096 1836 1114 carmen
1852 1088 1883 1114 de
1901 1088 1930 1114 S.
1947 1097 2031 1114 cruce.

1304 1131 1388 1161 Unica
1405 1140 1467 1167 spes
1483 1134 1637 1163 hominum,
1655 1140 1719 1159 crux
1739 1141 1754 1159 ο
1770 1133 1924 1159 venerabile
1940 1134 2063 1168 signum,

1336 1178 1467 1206 Omnibus
1480 1184 1539 1205 esto
1554 1179 1625 1204 salus
1636 1198 1642 1207 .
1662 1178 1741 1204 unica
1758 1186 1819 1212 spes
1836 1179 1985 1205 hominum.

1302 1223 1391 1257 Bajula
1410 1229 1435 1250 tu
1451 1224 1546 1257 pretii,
1566 1223 1636 1257 quod
1657 1223 1750 1249 mundi
1766 1224 1855 1250 debita
1872 1224 1967 1256 solvit,

1334 1269 1394 1302 Quo
1409 1269 1507 1295 meruit
1520 1268 1615 1295 redimi
1626 1288 1633 1298 .
1648 1268 1736 1301 bajula
1755 1273 1781 1294 tu
1797 1269 1887 1303 pretii.

1300 1312 1383 1343 Unica
1398 1321 1459 1347 spes
1473 1314 1612 1340 hominum
1624 1333 1630 1344 ,
1648 1321 1714 1340 crux
1731 1321 1747 1339 ο
1766 1314 1920 1340 venerabile
1938 1314 2055 1348 signum,

1330 1358 1462 1387 Omnibus
1475 1364 1533 1385 esto
1557 1358 1630 1385 salus
1641 1379 1647 1390 ,
1662 1360 1740 1385 unica
1755 1366 1817 1393 spes
1832 1359 1983 1386 hominum.

1301 1403 1409 1432 Tartara
1425 1405 1495 1431 victa
1513 1405 1565 1430 tuis
1581 1405 1694 1437 spolium
1714 1412 1820 1431 cessere
1836 1406 1999 1439 triumphis;

1332 1450 1435 1486 Lugent
1449 1450 1554 1477 vexillis
1571 1455 1672 1476 tartara
1688 1450 1758 1477 victa
1778 1451 1841 1477 tuis.

1296 1496 1393 1523 Paulis
1408 1501 1434 1523 ct
1448 1500 1519 1522 astra
1538 1495 1605 1530 piis,
1621 1497 1729 1529 proprio
1743 1503 1811 1530 Quos
1826 1496 1953 1531 stigmate
1977 1497 2085 1532 siguas;

1331 1542 1382 1568 Das
1399 1541 1519 1575 requiem
1534 1540 1629 1572 fessis,
1644 1541 1740 1575 pandis
1755 1545 1781 1567 et
1799 1546 1871 1568 astra
1887 1542 1946 1575 piis.

1296 1587 1379 1615 Unica
1394 1595 1456 1622 spes
1470 1587 1625 1618 hominum,
1643 1595 1709 1614 crux
1728 1595 1744 1614 ο
1761 1588 1916 1614 venerabile
1932 1589 2053 1623 signum,
2099 1587 2119 1614 (,

1328 1634 1459 1662 Omnibus
1472 1637 1530 1660 esto
1550 1633 1623 1660 salus
1633 1654 1640 1664 ,
1657 1633 1734 1660 unica
1749 1641 1811 1668 spes
1824 1634 1977 1660 hominum.

1292 1679 1507 1715 Chirographum
1523 1679 1598 1706 vetiti
1618 1680 1718 1714 pepigit
1735 1679 1807 1713 quod
1826 1680 1917 1707 cautio
1932 1680 2011 1715 ligni,

1327 1724 1412 1752 Diluis
1425 1729 1452 1751 et
1464 1725 1534 1759 pomi
1548 1724 1755 1759 chirographum
1770 1724 1855 1752 veliti.

1293 1770 1361 1801 Lux,
1376 1769 1474 1801 honor,
1489 1769 1643 1804 imperium,
1659 1768 1727 1801 laus,
1742 1770 1838 1803 gloria,
1850 1770 1920 1796 doxa
1935 1778 1982 1805 per
1996 1778 2082 1797 33H")!

1327 1815 1370 1844 Sit
1385 1815 1444 1847 tibi,
1461 1815 1529 1842 trine
1546 1815 1633 1847 Deus,
1649 1814 1709 1846 lux,
1726 1815 1823 1846 honor,
1840 1816 1994 1849 imperium.

1292 1861 1374 1890 Unica
1390 1868 1452 1895 spes
1465 1861 1602 1888 hominum
1615 1881 1622 1892 ,
1635 1868 1700 1887 crux
1716 1868 1733 1887 ο
1750 1861 1906 1887 venerabile
1925 1862 2043 1896 signum,

1323 1905 1455 1935 Omnibus
1469 1911 1527 1933 esto
1541 1906 1614 1933 salus
1624 1926 1630 1937 ,
1647 1906 1726 1932 unica
1741 1914 1802 1940 spes
1821 1907 1971 1933 hominum.

1502 1950 1643 1977 XXXVIII.
1664 1950 1702 1977 De
1726 1951 1756 1978 S.
1778 1959 1865 1978 crure.

1288 1996 1422 2026 Omnibus
1435 2000 1476 2023 est
1490 2003 1542 2022 una
1557 2003 1618 2030 spes
1632 1997 1689 2023 hazc
1704 1997 1847 2023 metuenda
1864 1997 1947 2032 tigura
1957 2017 1964 2029 ,

1288 2043 1397 2071 Cernite
1409 2042 1505 2068 librata
1519 2042 1634 2076 pretium
1648 2042 1765 2076 pendere
1780 2047 1880 2069 statera
1892 2063 1899 2074 ,

2277 1682 2391 1709 Reddite
2403 1682 2542 1711 Christum
2555 1684 2650 1719 vigiles

2241 1727 2325 1760 Quem
2340 1728 2469 1756 servastis
2484 1728 2598 1763 milites,

2246 1773 2290 1799 Vel
2305 1779 2441 1801 mortuum
2459 1776 2592 1804 ostendite
2599 1797 2607 1808 .

2243 1817 2290 1844 Vel
2304 1819 2329 1845 in
2343 1818 2432 1846 vivum
2444 1819 2562 1852 credite.

2237 1860 2291 1888 Cur
2304 1862 2389 1895 gratis
2403 1869 2466 1889 vera
2478 1862 2568 1890 dicitis
2577 1883 2584 1894 .

2238 1906 2327 1941 Empti
2342 1907 2407 1935 falsa
2429 1907 2547 1942 ﬁngitis?

2274 1952 2335 1979 Mox
2350 1952 2456 1980 intonat
2467 1953 2604 1989 angelicus

2236 1998 2331 2026 Sermo
2344 1999 2513 2031 mulieribus,

2238 2043 2376 2078 Apostolis
2391 2048 2421 2071 ut
2433 2044 2521 2072 dulcia

2235 2088 2297 2116 Hec
2311 2087 2448 2116 deferrent
2463 2089 2554 2116 nuntia
2573 2099 2579 2117 :

2236 2134 2264 2161 in
2283 2134 2422 2162 Galiimam
2437 2135 2555 2171 pergite.

2233 2180 2270 2207 lbi
2286 2180 2425 2208 Christum
2440 2181 2554 2209 cernite.

2262 2225 2320 2252 1am
2337 2226 2407 2260 regis
2420 2225 2587 2261 (Egyptiaei,

2234 2272 2371 2299 Servitute
2385 2272 2478 2303 lihcri,

2232 2316 2297 2344 Post
2312 2318 2395 2345 maris
2408 2317 2492 2346 Rubri
2507 2319 2649 2348 transitum
2658 2340 2668 2355 ,
2699 2343 2702 2348 .

2235 2362 2338 2390 Novum
2354 2363 2450 2391 demus
2462 2364 2595 2393 canticum
2606 2385 2615 2399 ,

2235 2407 2327 2435 Mortis
2344 2408 2423 2435 soluti
2436 2408 2554 2443 legibus,

2229 2453 2337 2480 Christo
2349 2454 2580 2482 consurreximus.

2260 2498 2359 2530 Colite.
2379 2499 2441 2526 novi
2455 2498 2557 2534 populi,

2231 2546 2292 2573 [lite
2306 2546 2411 2573 Pascha
2429 2545 2532 2573 Domini
2539 2566 2548 2577 .

2226 2590 2351 2618 Paschali
2366 2590 2435 2625 Agni
2449 2590 2579 2625 sangttinc
2611 2606 2618 2613 ς

2227 2634 2321 2662 Postcs
2332 2633 2427 2662 domus
2440 2634 2551 2670 tingite;

2227 2680 2400 2708 Fermentum
2416 2686 2493 2708 vetus
2504 2680 2609 2716 pellite.

2225 2726 2326 2760 Azyma
2341 2725 2484 2753 comedite.

2259 2769 2335 2797 Totis
2347 2769 2455 2797 Christe
2467 2770 2614 2798 visceribus

2223 2816 2283 2844 ’I'ibi
2299 2816 2392 2844 laudes
2407 2816 2543 2845 reddimus
2557 2824 2565 2844 :

2222 2861 2274 2896 Qui
2287 2868 2434 2897 resurgens
2447 2869 2461 2888 θ
2477 2861 2590 2890 martuis
2599 2882 2607 2895 .

1287 2088 1365 2122 Quod
1381 2087 1509 2114 mundum
1523 2087 1629 2113 redimit
1644 2087 1804 2121 protoplasti
1819 2088 1908 2114 debita
1921 2088 2010 2115 solvit.

1287 2134 1359 2162 Crux
1371 2137 1411 2160 est
1424 2133 1478 2159 vita
1495 2133 1560 2159 mihi
1570 2152 1576 2162 ,
1593 2140 1666 2160 mors
1681 2133 1789 2160 inimice
1803 2133 1861 2161 tibi.

1289 2177 1484 2207 XXXIXJtem
1494 2198 1501 2209 ,
1517 2178 1550 2204 ds
1563 2177 1592 2204 S.
1607 2175 1811 2210 cruce,‘duabus
1825 2178 1933 2205 invicem
1950 2179 2071 2206 inimic.'.t.

1289 2224 1359 2252 Ecce
1374 2224 1453 2251 rubet
1465 2223 1566 2250 Christi
1582 2231 1647 2250 crux
1662 2223 1792 2258 sanguine
1810 2223 1891 2251 tincta
1908 2225 2018 2254 recenti.

1287 2269 1351 2298 llmc
1365 2270 1461 2297 cmlum
1476 2269 1555 2296 terris
1575 2268 1758 2302 eonfuaderat,
1776 2269 1866 2296 intima
1882 2271 1994 2298 summis
2012 2280 2018 2297 ε
2091 2262 2114 2291 θ

1286 2314 1350 2344 "ac
1366 2314 1442 2348 jubet
1453 2314 1483 2340 in
1498 2314 1573 2341 vobis
1584 2334 1590 2345 ,
1607 2320 1635 2340 ιιι
1650 2314 1693 2340 lux
1710 2315 1815 2341 oriatur
1830 2315 1930 2342 amoris
1941 2336 1947 2347 ,

1284 2360 1389 2390 Liiibus
1403 2360 1504 2388 sedatis
1517 2359 1664 2386 succedant
1675 2360 1766 2386 oscula
1783 2360 1868 2394 pacis.

1491 2404 1548 2431 XL.
1569 2403 1713 2438 thythmus
1726 2405 1868 2439 paschalis.

1422 2449 1562 2477 Paschalis
1574 2448 1634 2476 festi
1648 2450 1774 2484 gaudium

1389 2494 1479 2521 Mundi
1494 2494 1577 2528 replet
1591 2494 1720 2520 ambitum
1732 2516 1738 2525 ,

1388 2539 1492 2567 Curium
1502 2559 1509 2570 ,
1525 2539 1616 2569 tellus.
1631 2546 1662 2565 ac
1675 2539 1759 2566 maria

1387 2584 1460 2612 Ltcta
1474 2588 1598 2618 promant
1613 2584 1731 2612 carmina
1742 2604 1750 2616 .

1386 2630 1419 2658 Et
1434 2629 1540 2657 alleluia
1557 2630 1684 2657 consonis

1386 2674 1555 2703 Hodulentur
1568 2675 1685 2709 organis.

1421 2720 1500 2748 Solus
1515 2720 1597 2747 ulnlet
1610 2724 1728 2747 tartarus

1384 2767 1470 2802 Rapta
1485 2767 1574 2801 praeda
1589 2774 1689 2794 vacuus
1699 2787 1707 2799 ,

1383 2812 1497 2841 Fractos
1510 2815 1614 2843 vectes,
1628 2816 1655 2839 et
1669 2811 1758 2840 ferrea

1387 2855 1478 2888 Strata
1492 2856 1597 2892 plorent
1612 2857 1726 2891 multis,

2906 187 2945 216 εει
