5962 6484
1171 411 1240 465 35
2393 411 2473 465 CA
2487 407 2698 463 RMINA
2742 405 2828 462 ET
2872 405 2957 460 PIl
2968 404 3161 462 ECES.

2748 526 2798 582 Α

1133 412 1240 468 055

1355 525 1501 580 Ultra
1525 524 1635 593 jam
1669 538 1774 578 non
1808 522 2058 577 moreris.

1351 615 1433 670 Sil.
1462 615 1613 668 Patri
1646 615 1764 668 laus
1789 623 1843 668 et
1882 615 2038 682 parili

1352 704 1528 760 Decus
1558 718 1717 758 omne
1751 703 2005 759 Flamini.
2037 703 2230 757 Amen.

1507 793 1640 847 XLI.
1687 793 1759 848 De
1787 793 2086 847 ascensione
2128 791 2362 845 Domini.

1130 882 1246 937 Ima
1278 881 1421 938 Deus
1451 884 1605 952 petiit
1625 923 1639 946 ,
1668 882 1762 938 sed
1793 898 1898 936 nou
1927 879 2139 935 excelsa
2169 881 2412 948 reliquit;

1209 974 1303 1028 Est
1331 973 1402 1028 ibi
1433 989 1539 1042 quo
1571 974 1769 1038 tendit,
1799 981 2079 1042 permanet
2111 971 2250 1024 unde
2279 972 2445 1024 venit.

1203 1064 1360 1121 XEI.
1402 1064 1645 1135 Hymnus
1669 1067 1725 1120 in
1752 1064 2053 1119 ascensione
2085 1064 2316 1117 Domini.
2353 1064 2431 1116 Ad
2462 1063 2668 1118 laudes.

1417 1157 1570 1213 Clara
1602 1159 1844 1228 polorum
1872 1157 2107 1210 culmina

1343 1246 1492 1305 Lana
1520 1249 1786 1303 mirentur
1816 1247 2015 1300 lumina
2034 1286 2048 1310 ,

1349 1338 1452 1409 l7
1482 1338 1612 1406 Qua:
1640 1346 1889 1406 penetrat
1911 1335 2026 1390 Rex
2065 1335 2252 1404 gloriae

1344 1429 1476 1484 Cum
1512 1429 1784 1498 triumpho
1807 1427 2072 1482 victorias.

1415 1518 1517 1585 Qui
1544 1519 1841 1574 moriturus
1871 1525 2118 1580 venerat,

1345 1606 1629 1679 Pcrempta
1662 1618 1834 1663 morte
1863 1615 2069 1661 remeat

1350 1696 1532 1753 Victor
1553 1701 1617 1754 ad
1646 1708 1790 1753 astra
1822 1696 2041 1759 nubilis,

1279 1815 1287 1821 -
1346 1785 1537 1856 Raptis
1568 1788 1828 1858 gehenna:
1858 1785 2065 1855 spoliis.

1410 1877 1647 1932 Acclivis
1672 1887 1730 1932 ut
1756 1878 2015 1947 erigeret,

1351 1965 1608 2021 Venditus
1633 1977 1690 2021 ut
1722 1967 2033 2029 redimeret,

1254 2055 1259 2060 ’
1343 2062 1555 2130 Spretis
1582 2071 1853 2116 errantem
1889 2059 2106 2128 pascuis

1342 2153 1507 2208 Ovem
1533 2162 1776 2222 reportat
1801 2151 2058 2220 paseulis.

1407 2241 1548 2306 Iam,
1579 2257 1729 2302 caro,
1758 2242 1927 2294 lutum
1952 2240 2189 2310 despice,

1343 2333 1572 2397 Caelum,
1603 2332 1782 2395 tellus,
1815 2331 2100 2402 ingredere
2126 2349 2138 2384 :

1349 2421 1483 2477 Nam
1518 2422 1773 2477 membris
1808 2422 1890 2474 via
1923 2421 2185 2475 sternitur

1345 2512 1462 2580 Quo
1488 2519 1650 2581 caput
1679 2513 1756 2565 ire
1776 2510 2036 2565 cernitur.

1407 2601 1559 2664 Jesu,
1584 2603 1748 2655 decus
1779 2599 2108 2670 angelicum,

1343 2691 1602 2754 Dulcedo,
1633 2690 1984 2752 desiderium,

1340 2781 1410 2837 Et
1439 2797 1536 2836 nos
1567 2783 1691 2836 totis
1720 2781 2022 2834 visceribus

1345 2866 1432 2922 Te'
1460 2867 1545 2922 l'ac
1576 2867 1803 2929 ambire,
1843 2881 2176 2935 quzesumus.

1418 2956 1494 3010 Da
1528 2955 1760 3010 nobisin
1794 2967 1844 3009 te
1875 2956 2077 3020 vivere,

1342 3050 1421 3103 Ad
1451 3057 1503 3103 te
1529 3064 1625 3102 cor
1652 3060 1894 3101 n05trum
1931 3047 2122 3118 dirige,

1343 3137 1620 3192 Accendat
1658 3146 1838 3189 nostra
1871 3145 2091 3204 pectora

1344 3226 1490 3280 'l‘uns
1520 3240 1672 3278 amor
1698 3226 1748 3277 in
1777 3223 1993 3278 satcnla.

1133 3312 1311 3372 XLIII.
1347 3314 1448 3370 Ubi
1478 3314 1709 3384 Spiritus
1735 3325 1948 3367 sanctus
1967 3315 2232 3368 descendi:
2254 3333 2409 3386 super
2429 3319 2712 3387 apostolos.

1205 3410 1336 3476 lgnit
1361 3407 1714 3478 apostolicum
1742 3406 2046 3474 linguarum
2081 3404 2297 3460 ﬂamma
2330 3419 2604 3467 senatum.

1204 3498 1484 3554 Germiuat
1510 3507 1564 3554 et
1593 3491 1769 3552 varias
1803 3497 1954 3566 quasi
1982 3511 2083 3551 vox
2124 3497 2351 3553 fecunda
2382 3501 2638 3571 loquelas.

1131 3586 1315 3645 XLIV.
1357 3588 1422 3642 In
1455 3586 2210 3660 annuntiationebeatissima:
2239 3589 2450 3660 virginis
2500 3592 2710 3650 Μαι-ἕω.

1561 3657 1826 3727 Hymnus.
1851 3656 1931 3709 Ad
1950 3670 2283 3712 nocturnum.

1412 3749 1650 3805 Terrena
1681 3747 2145 3817 cunctajubilent,

1342 3840 1500 3894 Astra
1535 3839 1783 3893 laudibus
1816 3839 2085 3904 intonent,

1348 3928 1582 4000 Virginis
1617 3939 1742 3983 ante
1774 3929 2074 3983 thalamum

1337 4019 1549 4076 Laudes
1577 4021 1851 4075 alternent
1887 4020 2248 4091 dragmatum.

1413 4109 1538 4164 llaec
1567 4109 1732 4181 Virgo
1761 4109 1940 4164 Verbo
1964 4112 2184 4181 gravida

1341 4201 1431 4259 Fit
1458 4202 1693 4272 paradisi
1711 4201 1901 4270 janua,

1341 4290 1474 4360 Quae
1513 4291 1679 4346 Deum
1711 4294 1912 4346 mundo
1945 4293 2176 4348 reddidit

1340 4377 1552 4438 Caelum
1582 4382 1738 4437 nobis
1764 4383 1995 4452 aperuit.

1409 4471 1562 4527 Felix
1592 4473 1695 4526 ista
1728 4486 2011 4542 puerpera,

1339 4561 1466 4620 Eva:
1494 4563 1609 4634 lege
1636 4564 1937 4628 liberrima,

1341 4656 1601 4726 Concepit
1633 4655 1752 4710 sine
1782 4655 2042 4721 masculo,

1341 4742 1560 4816 Peperit
1587 4747 1790 4816 absque
1816 4747 2039 4817 gemitu.

1415 4838 1578 4894 Dives
1615 4839 1798 4894 Maria:
1833 4841 2102 4911 gremium

1348 4915 1530 4983 Mundi
1561 4930 1792 5001 gestavit
1819 4931 2074 5000 pretium,

1351 5018 1467 5086 Quo
1494 5019 1792 5090 gloriamur
1815 5022 2028 5087 redimi,

1345 5109 1517 5165 Soluti
1537 5111 1672 5183 jugo
1695 5113 1891 5167 debiti.

1415 5204 1586 5272 Quam
1617 5205 1796 5260 Patris
1827 5207 2012 5277 implet
2041 5207 2212 5265 Filius

1355 5291 1590 5349 Sanctus
1616 5294 1907 5350 obumbrat
1943 5295 2214 5367 Spiritus;

1341 5384 1548 5441 leum
1578 5385 1713 5441 ﬁunt
1738 5389 2041 5444 castissima

1343 5471 1525 5529 Sacra!
1547 5475 1739 5544 puella:
1762 5478 1996 5533 viscera.

1415 5563 1500 5620 Sit
1533 5567 1626 5620 tibi
1657 5565 1793 5630 laus,
1818 5566 2118 5631 Altissime,

1345 5656 1447 5724 Qui
1486 5668 1645 5712 natus
1675 5674 1734 5713 es
1757 5675 1823 5713 ex
1856 5658 2100 5728 Virgine,

1339 5743 1423 5801 Sit
1456 5746 1629 5801 honor
1664 5747 1918 5803 inell'abili

1344 5833 1491 5892 Patri
1518 5847 1818 5908 sanctoque
1843 5837 2095 5894 Flamini.
2127 5839 2325 5898 Amen.

3518 449 3521 452 .
4309 405 4414 462 938

3364 515 3522 570 XLV.
3559 518 3639 570 Αιι
3667 517 3870 572 laudes.

3111 609 3321 663 Aurora
3352 610 3498 664 velut
3526 603 3750 682 I'ulgi.la,

3041 699 3121 753 Ad
3149 699 3269 753 εωιί
3307 710 3447 755 tneztt
3476 701 3736 764 culmina,

3038 790 3109 845 Ut
3137 790 3216 843 sol
3251 790 3417 845 Maria
3446 792 3748 861 sple.tdida,

3041 879 3322 948 Tanquam
3357 881 3481 935 luna
3517 884 3909 952 pulcherrinta.

3107 970 3312 1040 llegina
3343 974 3528 1025 mundi
3561 974 3723 1028 hodie

3039 1057 3316 1114 Throaum
3345 1065 3664 1117 conscendit
3687 1063 3893 1134 gloriae,

3039 1146 3191 1201 Illum
3218 1152 3376 1204 enixa
3417 1152 3604 1214 lilium,

3039 1237 3138 1303 Qui
3173 1250 3254 1292 est
3283 1249 3408 1294 ante
3435 1240 3768 1297 Luciferum.

3113 1330 3220 1400 18
3248 1332 3536 1401 Assuntpta
3577 1349 3740 1404 super
3766 1333 3989 1405 angelos

3037 1418 3264 1474 Excedit
3287 1431 3340 1475 et
3364 1424 3756 1495 archangelos;

3037 1512 3244 1566 (Iuncta
3274 1523 3591 1569 sanctorum
3622 1520 3817 1572 merita

3041 1599 3401 1658 Transcendit
3433 1621 3540 1658 una
3587 1605 3810 1661 femina.

3105 1691 3275 1757 Quem
3306 1692 3530 1749 foverat'
3555 1697 3607 1750 in
3641 1697 3873 1766 gremio,

3033 1782 3264 1839 Locarat
3289 1786 3339 1840 in
3368 1791 3656 1858 prmsepio,

3034 1874 3187 1932 Nune
3216 1892 3398 1948 regem
3425 1895 3602 1950 super
3629 1883 3812 1938 omnia

3041 1967 3220 2024 Patris
3244 1973 3392 2026 videt
3424 1974 3475 2026 in
3508 1975 3696 2043 gloria.

3097 2059 3207 2115 Pro
3239 2065 3418 2129 nobis,
3449 2065 3611 2136 Virgo
3641 2068 3912 2138 virginum

3038 2150 3214 2206 Tuum
3246 2155 3479 2224 drposce
3505 2157 3739 2224 Filium;

3037 2240 3139 2295 Per
3158 2253 3321 2313 quant
3350 2259 3532 2300 nostra
3559 2259 3879 2319 susceperat

3046 2328 3113 2384 Ut
3139 2346 3234 2384 sua
3270 2335 3425 2388 nobis
3456 2338 3584 2404 pne!
3607 2347 3714 2390 eat.

3102 2419 3186 2473 Sit
3209 2421 3300 2475 tibi
3334 2422 3471 2487 laus,
3495 2425 3796 2492 Altissinto,

3033 2510 3134 2577 Qui
3167 2522 3326 2568 natus
3349 2531 3408 2570 es
3437 2531 3505 2572 ex
3540 2519 3779 2592 Virgine,

3032 2599 3115 2655 Sit
3147 2604 3320 2658 honor
3353 2605 3613 2662 ineﬂ‘abili

3034 2689 3207 2756 Patri,
3240 2707 3541 2767 sanctoque
3569 2698 3820 2753 Flamini.
3852 2701 4047 2757 Amen.

2821 2779 3001 2835 XLVI.
3045 2781 3115 2835 In
3151 2787 3332 2872 eadem
3378 2791 4150 2872 annuntiatione“beatissima:
4198 2797 4419 2872 virginis

3166 2853 3377 2911 Mariis.
3408 2858 3489 2910 Ad
3522 2861 3756 2923 missam,
3785 2858 4068 2930 Pra'fnlio.

2890 2943 2994 2996 Per
3017 2944 3290 3000 Christum
3330 2949 3617 3003 Dominum
3645 2965 3912 3007 nostrum.
3944 2955 4045 3022 Qui
4077 2958 4418 3019 intemerata

2818 3033 3100 3099 Genitrici,
3149 3039 3324 3108 gratia
3379 3038 3572 3108 plenas,
3623 3058 3722 3112 per
3778 3046 4096 3118 archangeli
4143 3049 4417 3112 Gabrielis

2818 3124 3120 3190 oraculum,
3157 3127 3417 3182 hodierna
3448 3130 3536 3185 die
3561 3131 3818 3189 salutaris
3851 3136 4120 3192 adventus
4151 3140 4234 3194 sui
4265 3151 4418 3211 pate-

2757 3246 2787 3304 :
2823 3211 2947 3267 fecit
2979 3229 3270 3281 arcanum;
3321 3219 3523 3287 quique
3572 3223 3850 3276 vernantis
3892 3224 4063 3280 vulvae
4106 3225 4238 3282 llore
4283 3245 4417 3285 con-

2821 3314 3027 3373 ceptus,
3080 3305 3408 3362 fermentum
3458 3319 3614 3364 vetus
3669 3313 3721 3366 in
3767 3329 4015 3384 azymam
4066 3320 4251 3382 vertit,
4286 3323 4415 3390 quia

2821 3392 3095 3448 hominem
3132 3396 3379 3460 induens,
3427 3397 3677 3454 humana:
3717 3412 3928 3457 natura:
3965 3405 4307 3476 originaliter
4334 3411 4417 3465 vi-

2823 3485 2965 3537 tiata:
2993 3487 3243 3555 contagia
3288 3501 3393 3540 non
3439 3491 3732 3544 contraxit.
3783 3491 4033 3548 Loricam
4075 3511 4272 3568 nempe
4313 3499 4419 3558 sibi

2819 3576 2884 3630 de
2914 3585 3097 3630 nostra
3140 3577 3434 3648 fragilitate
3465 3583 3794 3650 composuit,
3839 3585 3890 3638 in
3917 3601 4022 3654 qua
4048 3588 4333 3646 exsultans
4357 3601 4421 3646 ut

2818 3668 2991 3736 gigas,
3024 3678 3078 3722 et
3105 3677 3294 3737 potens
3323 3685 3388 3724 ac
3405 3669 3563 3726 fortis
3589 3673 3638 3726 in
3666 3674 3876 3738 praelia,
3905 3686 4202 3744 potestates
4223 3695 4416 3736 aereas

2817 3758 3127 3814 debellavit.
3162 3760 3395 3815 Inlirmaa
3425 3778 3482 3816 se
3509 3765 3691 3818 Carnis
3735 3767 3944 3822 obtexit
3989 3768 4280 3836 velamine,
4322 3775 4415 3842 qui

2817 3859 2935 3904 erat
2984 3851 3329 3921 omnipotens
3378 3853 3431 3907 in
3488 3857 3744 3925 perennis
3792 3859 4047 3913 essentia:
4093 3861 4414 3931 majestate;

2816 3941 3056 4012 dumque
3084 3957 3142 3997 se
3183 3942 3436 3998 humana:
3479 3955 3691 4001 natura:
3724 3945 3961 4002 Verbum
3993 3949 4172 4006 Patris
4193 3953 4416 4018 'univit,

2816 4031 2872 4090 in
2899 4025 3180 4102 virginalis
3208 4035 3313 4088 alvi
3345 4035 3581 4090 thalamo
3609 4038 3854 4094 caelestis
3884 4039 4130 4111 Sponsus
4161 4054 4411 4101 sanctam

2816 4124 3035 4178 sibimet
3085 4125 3385 4181 Ecclesiam
3423 4127 3733 4196 fmrleravit,
3775 4147 3875 4202 pro
3903 4134 4059 4205 cujus
4087 4151 4275 4194 amore
4312 4154 4416 4193 an-

2817 4213 3026 4282 gustias
3075 4216 3307 4270 materni
3346 4233 3452 4271 non
3501 4219 3824 4288 dedignatus
3870 4234 3957 4278 est
3989 4227 4150 4290 uteri,
4199 4228 4291 4298 qui
4335 4228 4420 4284 itt-

2817 4307 2968 4362 linita
2995 4309 3279 4368 latitudine
3311 4329 3417 4368 non
3443 4315 3655 4383 capitur
3685 4317 3829 4372 εαξη.
3862 4318 4033 4387 Quem
4065 4321 4288 4379 laudant
4319 4343 4418 4381 an-

2817 4396 2942 4466 geli.

2817 4489 3025 4545 XLVII.
3069 4492 3136 4546 ln
3170 4496 3526 4578 assumptione
3554 4498 3719 4578 ipsius
3763 4503 4117 4559 sanctissima:
4161 4504 4414 4578 Virginis,

3300 4564 3542 4636 Hymnus
3572 4564 3643 4621 od
3673 4587 3930 4641 vesperas.

3034 4653 3301 4709 Gaudium
3327 4658 3536 4722 mundi,
3574 4674 3714 4714 nova
3742 4647 3900 4717 stella
3927 4677 4075 4730 eam,

2962 4746 3264 4804 Proereans
3296 4749 3499 4816 Solem,
3529 4754 3750 4821 pariens
3779 4756 4070 4812 Parentem

2959 4836 3038 4892 Da
3067 4854 3260 4895 manus
3293 4841 3481 4911 lapsis,
3519 4842 3599 4898 fer
3623 4860 3780 4915 opem
3809 4849 4052 4914 caducis,

3407 4935 3574 5006 Virgo
3613 4935 3807 4992 Maria.

3035 5021 3113 5077 'I‘e
3144 5023 3254 5079 Deo
3282 5024 3481 5080 factam
3515 5027 3686 5097 liquet
3715 5044 3836 5084 esse
3864 5034 4092 5098 scalam,

2963 5108 3082 5177 Qua
3112 5121 3301 5167 tenens
3326 5129 3621 5181 summum,
3655 5120 3791 5184 petit
3819 5121 3962 5179 altus
3987 5125 4175 5190 imum,

2965 5202 3074 5259 Nos
3099 5205 3167 5258 ad
3207 5205 3405 5260 excelsi
3439 5221 3684 5264 remeare
3715 5211 3838 5266 coeli

3390 5297 3642 5353 Culmina
3677 5302 3838 5356 dona.

3036 5382 3113 5438 Te
3138 5385 3422 5440 beatorum
3453 5388 3656 5443 chorus
3678 5392 4022 5462 angelorum,

2968 5477 3044 5532 Te
3071 5479 3214 5534 sacri
3245 5492 3397 5535 vates
3424 5490 3478 5534 et
3513 5485 3881 5552 apostolorum

2962 5567 3110 5624 Ordo
3139 5569 3415 5640 pralatam
3448 5572 3550 5626 sibi
3584 5574 3760 5627 cernit
3789 5592 3950 5630 unam

3392 5660 3523 5717 Post
3561 5664 3847 5719 Deitatem.

3041 5751 3178 5806 Aula
3209 5751 3453 5807 cmlestis
3489 5755 3732 5822 speciosa
3768 5756 3952 5827 llegis,

2967 5838 3127 5896 Fulta
3157 5841 3396 5912 septenis
3424 5843 3629 5914 sophia:
3656 5844 3925 5904 columnis
3954 5864 3967 5901 :
