5962 6490
1161 442 1264 500 957
2419 451 2724 510 CARMINA
2767 453 2853 512 ΕΤ
2893 457 3178 515 PRECES.

1386 563 1500 619 Tua
1525 572 1837 634 prementes
1865 563 2058 618 merita

1386 656 1468 712 Ad
1492 656 1618 711 cmli
1649 653 1884 710 transfer
1917 656 2156 724 praemia.

1451 747 1533 800 Sit
1561 748 1654 802 tibi
1681 747 1818 812 laus,
1846 749 2140 810 Altissime,

1379 836 1478 902 Qui
1507 848 1668 890 natus
1700 854 1756 892 cs
1785 854 1850 892 ex
1887 837 2144 907 Virgine;

1376 925 1458 980 Sit
1488 927 1662 981 honor
1693 927 1944 982 inell‘abili

1377 1015 1544 1078 Patri.
1579 1029 1872 1089 sanctoque
1904 1019 2152 1073 Flamini.
2187 1019 2380 1074 Amen.

1379 1108 1486 1176 21
1528 1108 1674 1162 LVI.’
1702 1108 1942 1177 Hymnus
1981 1109 2049 1160 ad
2089 1109 2505 1177 completorium.

1443 1195 1610 1250 Maria
1635 1239 1648 1261 ,
1685 1198 1850 1266 Virgo
1883 1197 2055 1264 regia,

1375 1286 1543 1340 David
1573 1287 1738 1355 stirpe
1766 1289 2046 1358 progenita
2071 1327 2086 1351 ,

1366 1369 1486 1427 Non
1515 1384 1622 1426 tam
1649 1385 1873 1442 paterna
1903 1376 2099 1430 nobilis

1365 1457 1536 1526 Quam
1569 1463 1829 1534 dignitate
1859 1465 2081 1519 sobolis.

1442 1550 1520 1602 Tu
1547 1592 1560 1614 ,
1607 1567 1704 1606 nos
1732 1553 1945 1607 avulsos
1979 1555 2177 1619 veteri,

1373 1638 1693 1709 Complanta
1722 1657 1861 1696 novo
1893 1645 2122 1713 germini
2151 1663 2165 1709 ;

1364 1726 1466 1782 Per
1497 1738 1546 1783 te
1577 1731 1646 1783 sit
1673 1747 1843 1800 genus
1870 1733 2146 1786 hominum

1367 1816 1566 1885 Regale
1591 1825 1973 1880 sacerdotium.

1437 1910 1520 1964 Sit
1553 1913 1644 1966 tibi
1682 1914 1830 1980 laus,
1859 1918 2169 1986 Altissime,

1364 2000 1463 2067 Qui
1487 2013 1646 2058 natus
1673 2020 1731 2059 es
1758 2021 1820 2059 ex
1849 2009 2104 2078 Virgine;

1355 2089 1439 2144 Sit
1467 2091 1640 2148 honor
1665 2094 1921 2151 ineffabili

1351 2178 1529 2246 Patri,
1563 2196 1856 2255 sanctoque
1886 2187 2138 2246 Flamini.
2176 2193 2371 2251 Amen.

1246 2269 1398 2324 LVII.
1441 2272 1571 2326 Ista:
1601 2277 1862 2330 orationes
1893 2279 2141 2334 dicantur
2167 2299 2265 2352 per
2294 2287 2452 2340 liora:
2492 2290 2615 2343 dici.

1211 2363 1375 2429 Deus,
1405 2367 1494 2435 qui
1528 2367 1721 2422 Filium
1747 2379 1895 2424 tuum
1928 2373 1994 2427 ad
2038 2390 2135 2430 nos
2169 2392 2268 2444 per
2315 2379 2590 2450 Virginem
2639 2384 2721 2438 di-

1139 2463 1336 2523 gnatus
1367 2470 1428 2509 es
1462 2457 1711 2524 mittere,
1747 2460 1812 2513 da
1846 2459 2011 2518 nobis
2061 2467 2124 2518 ad
2170 2476 2252 2532 te,
2304 2470 2724 2542 suﬂ'ragantibus

1136 2543 1376 2611 ejusdem
1411 2547 1472 2600 Β.
1520 2547 1702 2604 Maria:
1731 2553 2005 2620 precibus,
2035 2553 2242 2626 jugitcr
2285 2559 2565 2617 festinare.
2618 2563 2724 2620 Per

1135 2633 1385 2689 eumdem
1409 2634 1711 2692 Dominum.
2001 2713 2006 2719 _

1747 2732 1924 2789 LVIII.
1964 2737 2106 2793 Alia.

1205 2814 1368 2884 Deus,
1403 2820 1494 2890 qui
1523 2820 1772 2876 humanm
1793 2826 2110 2882 substantiae
2133 2831 2416 2886 veritatem
2447 2835 2512 2889 de
2545 2837 2715 2908 virgi-

1128 2905 1274 2962 nalis
1303 2910 1443 2964 uteri
1465 2913 1692 2966 materia
1714 2916 2023 2984 suscepisti,
2058 2919 2123 2972 da
2162 2921 2316 2976 nobis
2345 2925 2519 2980 beata:
2550 2905 2716 2982 chi-

1129 2996 1290 3052 tricis
1320 3006 1421 3054 tua:
1448 3001 1699 3070 precibus
1744 3005 1815 3058 ita
1867 3006 2186 3076 degenerem
2234 3027 2436 3068 eruere
2474 3026 2716 3074 vetusta-

1126 3091 1243 3138 tem
1264 3125 1279 3149 ,
1305 3095 1362 3140 ut
1390 3096 1442 3142 te
1473 3105 1624 3146 novae
1668 3095 2036 3162 generationis
2064 3098 2351 3155 induantus
2393 3104 2709 3161 Auctorem.

1125 3173 1236 3240 Qui
1265 3190 1388 3232 cum
1419 3177 1602 3236 Patre.

1762 3275 1898 3330 LIX.
1940 3277 2081 3333 Alia.

1199 3353 1446 3414 Concede
1469 3376 1586 3424 nos,
1606 3379 1937 3433 quaesumus,
1954 3371 2296 3440 omnipotens
2322 3373 2482 3439 Deus,
2510 3375 2570 3429 Β.
2597 3376 2712 3431 Ma-

1117 3444 1224 3499 ria:
1250 3462 1464 3520 semper
1509 3453 1741 3525 Virginis
1771 3459 2023 3525 precibus
2060 3461 2360 3527 sublevari,
2417 3480 2515 3536 per
2559 3468 2710 3537 cujus

1115 3537 1452 3596 ineﬂ'abilem
1480 3554 1693 3612 partum
1716 3551 2018 3617 procurasti
2042 3550 2230 3608 salutis
2263 3555 2512 3612 humana:
2538 3573 2710 3615 reme-

1113 3626 1297 3684 dium.
1342 3630 1446 3686 Per
1483 3633 1790 3692 Dominum.

1758 3730 1873 3785 LX.
1913 3734 2050 3786 Alia.

1197 3812 1360 3880 Deus,
1397 3815 1488 3884 qui
1520 3818 1720 3874 vitiatae
1753 3822 1939 3891 stirpis
1989 3824 2253 3895 originem
2295 3845 2393 3900 per
2429 3832 2706 3904 virginalis

1107 3903 1262 3958 uteri
1287 3919 1507 3975 reparas
1528 3908 1866 3979 dignitatem,
1903 3918 2143 3977 concede,
2160 3922 2446 3990 propitius,
2481 3903 2539 3979 ut
2569 3943 2705 3998 quos

1105 3993 1324 4062 proprii
1365 4007 1547 4053 reatus
1573 4001 1743 4056 moles
1774 4014 1998 4073 gravat,
2034 4007 2352 4068 intercessio
2387 4014 2562 4072 beata:
2587 3993 2702 4074 -Dei

1108 4083 1412 4142 Genitrieis
1437 4089 1665 4144 attollat.
1691 4092 1795 4148 Per
1817 4095 2124 4153 Dominum.

1347 4174 1482 4232 LXI.
1524 4179 1815 4250 Rhymmus
1846 4187 1911 4239 de
1943 4186 2002 4241 S.
2043 4189 2218 4246 Maria
2255 4195 2468 4266 virgine.

1401 4271 1446 4324 0
1466 4272 1694 4340 genitrix
1725 4278 1910 4332 aeterni
1936 4319 1951 4343 ,

1332 4357 1497 4430 Virgo
1536 4362 1702 4419 Maria
1728 4365 1928 4431 ,Verbi
1960 4411 1975 4435 ,

1327 4450 1458 4517 Quae
1485 4469 1608 4519 vox,
1641 4473 1761 4527 quae
1796 4459 1976 4530 lingua
2007 4468 2190 4522 carnis

1324 4539 1430 4595 Par
1461 4544 1692 4600 erit‘tuaa
1722 4548 1938 4605 laudis?

1398 4631 1476 4686 'I‘u
1503 4649 1640 4690 nova
1674 4640 1841 4694 maris
1872 4643 2024 4698 stella
2043 4686 2058 4710 ,

1329 4719 1480 4776 Celsa
1515 4725 1620 4794 poli
1653 4726 1887 4784 fenestra
1911 4773 1925 4796 ,

1328 4808 1483 4867 Scala
1523 4829 1640 4882 qua:
1667 4817 1862 4873 coelum
1891 4825 2052 4879 terris
2072 4865 2087 4892 ,

1327 4897 1517 4972 Jungis
1551 4904 1657 4959 ima
1684 4912 1952 4977 supernis.

1384 4994 1710 5051 Immensum
1740 5003 2037 5070 concepisti

1320 5080 1602 5140 Parentetn
1625 5089 1882 5157 peperisti
1907 5133 1920 5154 ,

1317 5169 1407 5226 Fit
1439 5172 1634 5235 Factor
1660 5187 1714 5232 et
1732 5176 1940 5234 factura
1960 5221 1983 5246 .,

1320 5260 1522 5316 Creatis
1549 5274 1605 5319 et
1626 5277 1899 5323 creatura.

1384 5350 1553 5417 Quem
1589 5357 1822 5412 mundus
1851 5359 1998 5416 ferre
2023 5367 2211 5435 nequit

1319 5439 1512 5498 Totum
1542 5445 1698 5502 vulva
1731 5453 1981 5522 concepit
2004 5472 2020 5522 ;

1314 5531 1430 5599 Quo
1453 5536 1714 5593 circuitur
1741 5541 1930 5610 aether,

1313 5622 1509 5680 Puella:
1542 5629 1739 5684 clausit
1767 5642 1975 5690 venter.

1388 5714 1540 5771 Servi
1569 5719 1742 5775 forma
1777 5724 1999 5779 indutus
2018 5767 2034 5793 ,

1313 5802 1500 5861 Divina
1533 5823 1638 5863 non
1669 5824 1865 5871 exutus
1887 5856 1903 5880 ,

1541 5901 1814 5971 Ρλτιοι..
1855 5899 2096 5974 CXLV.
2191 5950 2196 5958 η

2782 571 2834 628 Α

2742 3266 2786 3327 C
2813 3317 2815 3319 .

3073 568 3324 637 Suscepit
3359 566 3572 637 quidem
3606 576 3728 634 tua,

3073 659 3180 713 Sed
3217 676 3320 714 non
3354 661 3536 715 amisit
3563 676 3678 714 sua.

3136 751 3242 818 22
3283 752 3468 804 Oritur
3498 760 3651 804 ortus
3686 765 3866 803 rerum
3889 787 3906 815 ,

3063 839 3151 893 Fit
3181 842 3436 910 antiquus
3461 842 3669 895 dierum
3698 857 3711 905 ;

3058 930 3219 983 Orbis
3247 933 3399 1000 origo
3429 932 3592 999 ccepit
3619 970 3633 993 ,

3058 1019 3258 1073 Factus
3288 1037 3353 1073 cx
3385 1019 3469 1072 his
3494 1035 3613 1087 qua:
3641 1018 3790 1072 fecit.

3127 1111 3434 1180 Conceptus
3475 1110 3818 1175 fecundavit,

3056 1200 3225 1254 Natus
3252 1218 3355 1255 non
3386 1203 3644 1265 violavit,

3056 1291 3282 1344 Intravit
3313 1301 3368 1344 et
3395 1293 3564 1346 exivit
3591 1333 3603 1352 .

3055 1377 3160 1432 Sed
3203 1380 3441 1433 clausam
3477 1381 3786 1449 dereliquit.

3125 1468 3202 1520 Tu
3233 1469 3412 1523 Aaron
3443 1485 3501 1524 es
3528 1471 3697 1540 virga,

3057 1565 3330 1628 Fecunda,
3361 1565 3488 1621 licet
3515 1567 3658 1621 sicca
3682 1609 3696 1630 ,

3050 1656 3182 1720 Quae
3211 1671 3432 1724 germen
3465 1658 3759 1725 protulisti,

3051 1745 3155 1800 Sed
3185 1745 3350 1816 Virgo
3379 1749 3725 1816 permansisti

3121 1835 3196 1888 Te
3230 1837 3398 1889 rubus
3429 1837 3777 1906 prmlucebat,

3056 1921 3158 1986 Qui
3191 1925 3390 1979 ardens
3421 1941 3526 1979 non
3555 1927 3818 1980 ardebat:
3857 1940 3863 1947 '

3047 2009 3177 2077 Quae
3207 2015 3323 2068 sine
3348 2025 3482 2069 aestu
3515 2018 3713 2070 utentis

3044 2100 3302 2158 Fructum
3327 2106 3522 2160 dedisti
3547 2108 3774 2162 ventris.

3114 2195 3181 2245 Et
3203 2203 3330 2248 ante
3356 2205 3570 2264 partum
3604 2195 3790 2266 Virgo,

3040 2280 3146 2337 Sed
3175 2294 3296 2351 post
3324 2287 3593 2356 virginum
3624 2289 3823 2360 Virgo;

3042 2371 3229 2427 Crevit
3252 2375 3304 2427 in
3331 2386 3452 2429 ortu
3486 2377 3654 2446 prolis

3048 2461 3339 2533 Intcgritas
3369 2467 3611 2535 pudoris.

3114 2555 3212 2609 Est
3247 2558 3565 2626 angelorum
3597 2560 3752 2615 cibus

3038 2641 3156 2700 Tuo
3181 2643 3319 2698 lacte
3349 2647 3588 2701 nutritus
3613 2665 3626 2712 ;

3034 2735 3137 2800 Qui
3165 2739 3301 2790 mari
3334 2739 3541 2808 praebet
3565 2740 3738 2795 undas

3034 2825 3258 2896 Papillae
3288 2831 3432 2899 sugit
3459 2840 3660 2900 guttas.

3105 2917 3263 2972 Geris
3295 2921 3345 2972 in
3377 2921 3499 2974 sinu
3525 2913 3731 2990 prolem

3039 3009 3141 3076 Qui
3176 3022 3334 3065 terra:
3361 3012 3523 3067 librat
3549 3014 3774 3080 molem;

3039 3099 3213 3154 Fovcs
3243 3118 3272 3153 a
3307 3118 3414 3170 quo
3453 3101 3657 3158 foveris
3684 3144 3697 3168 .

3035 3189 3238 3246 Servas
3267 3209 3298 3246 a
3323 3210 3430 3263 quo
3464 3195 3650 3248 tueris.

3105 3283 3396 3349 Blandire,
3439 3285 3640 3351 Mater,
3677 3289 3879 3355 charo,

3039 3373 3141 3439 Qui
3175 3384 3225 3429 te
3257 3377 3464 3430 creavit
3487 3418 3500 3442 ,
3530 3378 3700 3444 Nato;

3027 3462 3222 3519 Oscula
3246 3477 3398 3535 grata
3431 3467 3532 3537 ﬁge
3561 3510 3576 3534 ,

3008 3553 3238 3610 'Fasciis
3266 3558 3510 3612 membra
3540 3560 3716 3630 cinge.

3094 3651 3436 3720 Amplectere
3464 3653 3739 3709 caelestem
3761 3696 3776 3723 ,

3023 3738 3194 3805 Quem
3220 3741 3456 3811 genuisti
3479 3742 3683 3814 Regem
3712 3785 3727 3810 ,

3021 3829 3120 3885 Cui
3157 3833 3326 3908 servit
3362 3834 3442 3888 sol
3471 3844 3525 3888 et
3557 3834 3681 3889 luna
3703 3876 3716 3901 ,

3011 3921 3093 3977 Et
3119 3926 3298 3979 omnis
3322 3938 3594 3982 creatura.

3094 4015 3261 4069 Chori
3289 4017 3550 4072 virtutum
3578 4027 3818 4074 tremunt

3019 4103 3192 4171 Quem
3221 4107 3353 4161 viles
3374 4109 3536 4177 panni
3572 4120 3762 4181 tegunt
3790 4130 3806 4167 :

3016 4196 3185 4251 Pavet
3214 4199 3411 4253 caelum
3448 4209 3505 4254 et
3542 4209 3686 4256 terra

3016 4288 3188 4356 Quem
3217 4291 3420 4360 bajulat
3444 4292 3641 4361 puella.

3089 4382 3249 4451 Vagit
3279 4383 3332 4436 in
3361 4384 3482 4438 sinu
3511 4385 3729 4449 matris,

3015 4464 3231 4543 Regnat
3254 4473 3307 4527 in
3333 4474 3388 4527 th
3399 4489 3529 4528 rono
3557 4474 3734 4531 Patris
3767 4493 3782 4530 :

3021 4561 3220 4632 Legem
3252 4564 3446 4618 matris
3473 4564 3763 4631 observat,

3021 4651 3202 4707 Mundi
3233 4652 3354 4722 jura
3395 4653 3678 4724 gubernat.

3082 4741 3161 4797 Tu
3194 4743 3359 4799 fontis
3384 4743 3508 4802 fons
3541 4745 3773 4802 viventis

3011 4834 3210 4890 Oriens
3236 4837 3494 4901 orientis;

3008 4926 3172 4982 Liber
3199 4929 3291 4983 ille
3318 4929 3564 5000 signatus

3009 5016 3216 5074 Victori
3251 5021 3366 5075 viro
3395 5021 3573 5077 datus.

3086 5109 3167 5163 'I‘u
3197 5119 3351 5180 porta
3394 5111 3580 5182 templi
3609 5112 3827 5181 clausa,

3008 5200 3244 5272 Superni
3274 5203 3439 5273 Regis
3474 5205 3614 5269 aula;

3003 5289 3286 5347 Erat-ium
3318 5293 3503 5348 talenti
3531 5334 3547 5359 ,

2983 5361 3112 5434 “Per
3141 5381 3284 5450 quod
3313 5397 3500 5438 sumus
3536 5383 3820 5456 redempti.

3075 5472 3278 5528 Hortus
3311 5475 3631 5532 deliciarum

3001 5565 3147 5621 Odor
3175 5568 3539 5635 suavitatum;

3005 5652 3085 5708 'I‘u
3113 5670 3244 5725 ager
3280 5657 3369 5712 ille
3398 5658 3589 5727 plenus
3609 5700 3624 5726 ,

2999 5741 3098 5798 Cui
3135 5745 3413 5802 benedixit
3448 5748 3612 5805 Deus.

3069 5835 3151 5892 Ex
3183 5847 3234 5893 te
3259 5839 3452 5897 botrus
3480 5856 3754 5915 egressus,

3858 5940 3937 6001 30

4338 455 4444 515 938
