4260 6420
746 391 842 446 187

1600 383 1655 434 S.
1688 372 2350 434 PETI'IUSDAMIANCS
2391 371 2449 425 S.
2493 371 2557 423 Β.
2595 368 2655 422 Ε.
2693 367 3126 423 CARDINALIS.

3899 361 4002 416 l33

760 509 953 560 Petrus
984 501 1276 557 Damianus
1315 513 1381 551 ex
1405 495 1594 549 ordine
1623 503 1808 547 nostro
1839 499 2195 546 sacrosancta:
2218 487 2318 541 Ec-
2345 490 2391 551 Α
2421 483 2695 555 opuscula,
2727 491 3005 537 sermones
3033 495 3247 551 quoque
3279 478 3551 550 elegantes
3573 475 3815 547 scripsit,
3843 486 3900 530 et
3923 493 4006 532 re-

746 592 925 650 vlesia:
963 590 1215 644 Romana:
1244 587 1528 657 episcopus
1572 581 1892 642 cardinalis.
1935 581 2001 634 de
2026 593 2132 649 quo
2159 578 2315 648 longe

747 684 994 751 superius
1039 678 1364 732 mentionem
1405 674 1663 737 fecimus,
1704 689 1733 727 a
1765 688 1900 742 papa
1941 670 2246 724 Alexandro
2274 669 2316 722 ll

747 774 953 843 lvgatus
975 769 1040 822 ad
1072 783 1250 838 regem
1282 767 1570 821 llenricum
1590 767 1641 818 in
1665 764 2012 820 Germaniam
2041 761 2272 814 mittitur
2297 779 2309 814 :

747 872 801 915 et
826 861 964 931 apud
988 857 1420 918 Frankl‘ordiam,
1449 857 1500 910 in
1535 855 1814 926 praesentia
1842 854 2130 906 multorum
2160 852 2313 920 prin-

739 952 936 1021 cipmn,
972 949 1115 1003 sedis
1143 947 1453 1018 apostolica:
1484 947 1731 1000 tttattdala
1764 944 1898 1013 regi,
1925 958 2044 997 cum
2077 941 2316 995 auctori-

744 1051 854 1096 tate
877 1055 1090 1110 magna,
1120 1049 1175 1094 et
1201 1038 1467 1108 sapientia
1493 1037 1733 1106 exponit.

1455 1127 1614 1183 XVII.

737 1219 970 1275 Iacobus
1020 1219 1292 1290 Philippus
1339 1220 1698 1289 Bergomensis
1743 1219 1853 1289 (an.
1903 1215 2100 1290 1500),Δ
2126 1213 2318 1290 rem

810 1291 1022 1344 eremita
1050 1283 1462 1359 Angustininnus
1491 1290 1580 1341 lib.
1618 1304 1689 1359 xu
1746 1283 2100 1354 Supplementi
2146 1283 2315 1339 Chro-

811 1362 1043 1414 uicvrum
1070 1357 1190 1417 edit.
1222 1364 1404 1430 prima:
1434 1361 1500 1412 ad
1531 1377 1619 1412 an.
1649 1357 1708 1412 (Σ.
1739 1359 1890 1411 I070.

809 1448 1004 1505 Petrus
1054 1451 1345 1506 Dan-uanus
1387 1451 1611 1515 doctor,
1662 1461 1716 1506 et
1760 1453 2014 1508 Ecclesia!
2061 1454 2317 1510 Romana:

740 1541 1370 1613 cardinalisepiscopus,
1405 1543 1458 1598 iu
1489 1544 1687 1598 divinis
1733 1545 2030 1615 Scripturis
2056 1548 2313 1600 eruditis-

738 1632 938 1696 simus,
985 1634 1068 1688 his
1101 1635 1430 1705 temporilms
1472 1650 1568 1691 eas
1607 1638 1676 1691 ob
1710 1652 1795 1691 res
1843 1639 2013 1692 nmlto
2059 1639 2108 1693 in
2143 1640 2315 1709 pretio

740 1722 955 1778 habitus
984 1734 1066 1778 est
1093 1743 1105 1777 :
1134 1730 1224 1794 qui
1255 1735 1307 1779 et
1336 1727 1592 1781 nonnulla
1625 1728 1778 1783 laude
1807 1729 1963 1798 digna
1985 1729 2150 1783 edidit
2178 1744 2313 1798 opu.

738 1819 912 1874 scula.
954 1819 1114 1884 Erat,
1144 1829 1204 1874 ut
1239 1821 1550 1876 Vincentius
1572 1822 1757 1876 Gallus
1806 1821 1941 1876 libro
1969 1838 2092 1876 xxvi
2121 1822 2307 1883 refert,

735 1908 821 1961 vir
849 1910 1106 1978 religione
1148 1919 1202 1964 et
1251 1911 1551 1965 humilitate
1571 1953 1584 1977 ,
1615 1928 1678 1967 ac
1705 1912 1966 1982 sapientia
1997 1915 2312 1968 nominatis-

737 2003 927 2067 simus,
971 2005 1216 2073 quicum
1258 2005 1548 2060 cardinalis
1594 2007 1877 2076 episcOpus
1922 2016 2087 2071 esset,
2119 2015 2176 2061 ut
2214 2007 2311 2062 soli

739 2094 849 2149 Deo
897 2095 948 2150 in
998 2095 1302 2150 lmmilitate
1349 2097 1609 2161 serviret,
1651 2097 1982 2166 episcopatui
2027 2098 2229 2151 cessit:
2260 2106 2316 2151 et

733 2201 858 2241 cum
889 2203 917 2239 a
949 2186 1213 2258 Gregorio
1243 2187 1495 2257 pontiﬁce.
1539 2203 1657 2242 eam
1694 2189 1762 2242 ob
1793 2204 1908 2242 rem
1954 2188 2315 2258 reprehende-

735 2286 908 2341 retur,
948 2275 1144 2331 librant
1191 2277 1615 2346 pulcherrirnmu
1665 2278 1731 2331 ad
1779 2278 2026 2332 eumdem
2074 2277 2312 2348 scripsit,

739 2365 972 2421 reddens
998 2365 1283 2432 rationem,
1307 2380 1474 2436 quare
1500 2367 1868 2437 episcopatum
1906 2367 2188 2422 dimiserit.

1436 2455 1621 2510 XVIII.

736 2541 886 2599 Idem
926 2541 1160 2599 Iacobus
1193 2543 1485 2668 Philippnsd
1517 2546 1822 2670 Βεὲιιῖηιρη.
1866 2547 1978 2600 loco
2017 2548 2205 2614 citato,
2234 2563 2314 2602 u-

1350 2631 1448 2669 cnn
1490 2631 1536 2670 re
1565 2632 1591 2669 ε
1633 2635 1646 2668 ι
1675 2654 1690 2668 .

1350 2631 1536 2670 6101οω
1565 2631 1690 2670 (all.

803 2703 993 2760 Petrus
1021 2705 1312 2761 Damianns
1339 2721 1405 2761 ex
1450 2709 1732 2771 monacho,
1772 2707 2026 2763 Ecclesia:
2057 2709 2312 2765 Romana:

733 2796 1022 2854 cardinalis
1069 2798 1384 2868 episcopus,
1430 2799 1484 2854 in
1533 2798 1730 2853 divinis
1778 2798 2076 2872 Scripturis
2120 2800 2311 2856 doctor

731 2887 1155 2951 ernditissirnus,
1189 2887 1273 2942 his
1315 2889 1650 2957 temporibus
1678 2903 1772 2944 cas
1810 2890 1879 2943 ob
1910 2905 1995 2944 res
2036 2905 2230 2962 magno
2256 2891 2310 2945 in

731 2977 906 3044 pretio
932 2976 1148 3031 habitus
1175 2986 1272 3030 est.
1309 2978 1457 3042 lirat,
1503 2988 1697 3049 prazter
1737 2981 2094 3035 eruditionem
2138 2998 2313 3037 mast-

731 3079 898 3128 mam,
929 3074 982 3118 et
1012 3066 1304 3136 religione,
1330 3077 1386 3120 ct
1429 3069 1688 3138 sapientia
1718 3070 1915 3139 ubique
1941 3073 2309 3128 nominatissi—

731 3169 850 3209 mus
887 3156 1004 3208 vir:
1037 3167 1260 3226 eratque
1289 3167 1342 3212 et
1383 3159 1600 3228 ingenio
1643 3160 1964 3215 mitissimus
1997 3171 2053 3216 et
2081 3173 2301 3229 acutus;

728 3245 943 3316 eloquio
969 3246 1226 3315 placidus,
1252 3260 1304 3302 et
1329 3250 1681 3318 compositus,
1708 3260 1762 3305 et
1787 3251 1852 3304 ad
1877 3255 2303 3321 persuadendum
2333 3223 2377 3284 ε

731 3336 866 3389 satis
896 3338 1140 3391 idoneus.
1168 3338 1268 3405 Qui
1301 3354 1485 3393 amore
1513 3341 1819 3396 solitudinis
1847 3353 1900 3396 et
1927 3345 2124 3412 quietis
2147 3386 2160 3408 ,
2189 3347 2304 3416 epi-

730 3435 1008 3494 scopatum
1037 3438 1090 3480 et
1113 3428 1428 3498 dignitatem
1455 3431 1745 3485 maximam
1771 3432 2026 3486 deseruit.
2061 3433 2157 3488 llic
2183 3451 2303 3489 cum

727 3529 872 3572 esset
919 3518 1002 3571 vir
1043 3519 1455 3575 eminentissimi
1506 3522 1724 3592 ingenii,
1759 3525 1872 3580 inec
1915 3542 2034 3595 qua:
2065 3527 2306 3597 subjecta

729 3616 875 3669 sunt,
908 3607 1069 3660 edidit
1102 3607 1360 3664 librornm
1403 3610 1679 3666 volumina
1713 3630 1728 3667 ;
1756 3625 1808 3668 et
1837 3617 2010 3683 primo
2039 3617 2304 3688 Apologe-

728 3696 956 3751 ticornm
993 3697 1085 3752 lib.
1118 3699 1172 3753 5.
1209 3701 1282 3753 De
1308 3701 1700 3758 incontinentia
1739 3707 2103 3772 Sacerdotum,
2134 3709 2224 3763 lib.
2255 3711 2302 3764 1.

729 3788 802 3844 De
834 3791 1087 3846 uxoribus
1126 3793 1481 3860 clericorum,
1511 3796 1601 3850 lib.
1635 3798 1685 3852 1.
1722 3799 1794 3852 De
1839 3801 2081 3869 profectu
2114 3817 2305 3857 mona-

728 3885 972 3950 chormn,
1004 3885 1095 3939 lib.
1124 3889 1172 3942 1.
1207 3887 1409 3960 Regula
1449 3891 1853 3959 solitariormu,
1890 3894 1980 3950 lib.
2008 3899 2059 3950 1.
2093 3898 2305 3954 Exhor-

727 3975 978 4028 tatorium
1011 3978 1076 4031 ad
1107 3981 1419 4046 monachos,
1453 3980 1542 4036 lib.
1571 3982 1620 4035 l.
1647 3981 2024 4040 Miraculorum
2055 3990 2136 4042 sui
2171 3998 2303 4043 tem-

725 4065 905 4136 poris,
941 4066 1032 4120 lib.
1067 4069 1114 4122 l.
1149 4070 1455 4141 Antilogion
1483 4085 1670 4127 contra
1719 4073 1963 4141 Iudaeos,
2004 4078 2098 4132 lib.
2132 4079 2183 4133 1.
2228 4081 2304 4135 De

729 4157 952 4210 avaritia
976 4159 1340 4225 prxlatorum,
1374 4162 1465 4216 lib.
1490 4164 1541 4217 l.
1561 4163 1637 4218 De.
1661 4175 1865 4219 terrore
1896 4171 2104 4232 mortis,
2130 4170 2224 4225 lib.
2249 4173 2299 4226 l.

725 4246 800 4302 De
829 4250 1178 4306 meditatione
1219 4256 1426 4318 mortis,
1476 4256 1570 4311 lib.
1605 4257 1654 4312 1.
1705 4257 1780 4314 De
1815 4260 2094 4316 insolentia
2146 4263 2301 4319 mali-

723 4361 949 4423 gnorum
983 4348 1284 4414 hominum,
1311 4350 1402 4406 lib.
1431 4353 1481 4406 1.
1511 4352 1710 4408 Contra
1741 4355 2021 4427 episcopos
2047 4359 2302 4415 simonia-

725 4451 838 4501 ωε,
866 4438 956 4492 lib.
991 4439 1042 4492 1.
1071 4437 1269 4496 Contra
1311 4445 1598 4512 quemdam
1622 4447 1956 4517 episcopum,
1989 4449 2081 4505 lib.
2115 4451 2165 4505 1.
2201 4452 2300 4508 De-

725 4526 1070 4599 clamationes
1095 4531 1402 4598 rhetoricze,
1427 4535 1515 4589 lib.
1537 4537 1587 4589 l.
1615 4538 1687 4593 De
1714 4542 1920 4596 naturis
1941 4546 2295 4612 quorumdam

650 4637 653 4640 ·
725 4618 1058 4684 :mimalium,
1093 4621 1185 4676 lib.
1212 4623 1261 4676 1.
1288 4623 1361 4679 De
1387 4624 1485 4682 SS.
1513 4626 1667 4683 Flora
1691 4629 1991 4698 ctLucilla,
2017 4634 2110 4689 lib.
2142 4637 2191 4691 l.
2222 4639 2296 4694 De

725 4707 783 4762 8.
814 4706 1074 4767 Cassiano
1093 4723 1353 4786 martyre,
1386 4717 1480 4771 lib.
1511 4720 1562 4774 1.
1593 4720 1667 4776 De
1696 4721 1753 4776 S.
1788 4722 2082 4792 Bonilacio,
2116 4727 2208 4782 lib.
2240 4731 2289 4785 1.

726 4798 1044 4854 Sermonqu
1073 4813 1126 4857 et
1162 4805 1524 4878 homiliarum,
1553 4812 1647 4870 lib.
1678 4813 1728 4867 1.
1763 4815 1830 4870 Et
1853 4816 1956 4871 alia
1986 4819 2176 4873 multa.

1436 4897 1576 4957 XIX.

794 4980 1193 5067 llartlzmannus
1223 4989 1525 5067 Schedrlius
1553 5007 1662 5063 (an.
1695 4998 1853 5067 1505)
1891 5001 1946 5054 in
1981 4998 2223 5057 Historia

1099 5061 1404 5116 universali.
1442 5067 1524 5118 Ad
1552 5061 1640 5120 an.
1672 5061 1908 5124 C.l068.

785 5144 976 5204 Petrus
1003 5149 1272 5218 Damiani,
1298 5168 1358 5208 ca
1370 5155 1591 5213 rdinalis
1617 5159 1846 5231 legatus,
1878 5160 2172 5222 fortissime
2193 5182 2291 5222 ex-

717 5238 963 5307 sequitur
989 5255 1142 5297 suam
1171 5245 1494 5315 legationem
1523 5261 1714 5306 contra
1758 5254 2166 5325 imperatorem,
2198 5275 2294 5315 vo-

716 5329 914 5385 lentem
943 5330 1214 5391 divertero
1258 5353 1288 5391 a
1329 5341 1516 5410 regina
1560 5358 1728 5400 uxore
1772 5360 1868 5430 sua
1909 5346 2167 5418 legitima.
2199 5349 2290 5422 (Et

712 5422 872 5489 paulo
895 5434 1008 5493 post
1029 5428 1124 5480 sub
1153 5429 1452 5487 Alexandro
1477 5435 1536 5489 Il
1561 5441 1744 5506 papa.)
1773 5422 1968 5496 Petrus
1997 5440 2291 5500 Damiauus

713 5519 904 5572 doctor
934 5530 988 5575 et
1017 5521 1266 5580 Ecclesia
1299 5527 1553 5585 Romamn
1585 5532 1878 5589 cardinalis
1899 5536 2204 5608 episcopus,
2236 5541 2288 5596 in

713 5608 910 5665 divinis
942 5610 1238 5685 Scripturis
1261 5620 1682 5692 eruditissimus,
1720 5626 1804 5682 his
1832 5633 2163 5701 temporibus
2194 5649 2287 5691 eas

720 5713 782 5753 'JO
808 5716 895 5758 res
925 5714 1090 5760 multo
1117 5706 1169 5762 in
1201 5719 1371 5778 pretio
1398 5713 1612 5773 habitus
1640 5729 1720 5775 est
1759 5721 1811 5776 in
1855 5723 2025 5790 Italia,
2061 5726 2191 5789 vita.
2232 5737 2285 5786 et

715 5805 935 5848 meum
969 5807 1193 5868 .nsigms
1248 5820 1341 5861 lNl
1375 5814 1430 5864 et
1458 5813 1711 5871 nonnulla
1742 5812 1897 5874 laude
1928 5815 2087 5892 digna
2116 5821 2280 5877 edidit

2416 573 2589 644 gulam
2612 573 2964 636 eremiticam,
2993 570 3134 624 etde
3158 567 3348 623 ordine
3371 567 3497 622 vita:
3517 565 3843 630 eremitiece;
3874 563 4002 621 item

2418 667 2612 721 librum
2654 674 2846 720 contra
2890 663 3134 727 Judaeos;
3183 670 3368 716 narrat
3417 671 3474 716 et
3519 659 3673 730 plura
3723 659 4001 731 exempla,

2415 775 2533 828 qua:
2559 758 2672 813 suis
2712 754 3044 828 temporibus
3076 756 3439 824 contigerunt.
3476 752 3608 808 Erat
3633 752 3778 809 enim
3811 752 3897 806 vir
3923 766 4007 807 re-

2417 853 2632 923 ligione.
2672 857 2727 903 et
2759 848 3065 902 luunilitate
3100 862 3165 900 ac
3203 845 3472 914 sapientia
3515 843 4004 907 nominatissimus,

2417 943 2507 1011 qui
2537 956 2660 996 cum
2688 937 2986 994 cardiualis
3012 937 3300 1006 episcopus
3328 942 3494 998 esset,
3538 943 3598 986 ut
3628 932 3725 986 soli
3761 931 3873 986 Deo
3910 931 4006 986 hu-

2418 1029 2645 1084 militate
2680 1027 2926 1089 serviret,
2959 1023 3289 1094 episcopatui
3326 1025 3510 1083 cessit,
3538 1029 3596 1074 ut
3637 1021 3749 1075 Deo
3777 1020 4004 1075 liberius

2416 1126 2638 1173 vacaret
2667 1136 2677 1171 :
2711 1127 2763 1172 et
2793 1131 2917 1171 cum
2960 1133 2989 1170 a
3035 1114 3298 1186 Gregorio
3337 1111 3594 1182 pontiﬁce
3627 1126 3748 1165 eam
3790 1112 3863 1166 ob
3894 1126 4005 1165 rem

2419 1208 2928 1277 reprehenderetur,
2955 1206 3148 1260 librum
3180 1203 3605 1275 pulcherrimum
3635 1203 3700 1256 ad
3721 1217 3847 1258 eum
3871 1202 4010 1259 scri-

2415 1297 2536 1366 psit,
2566 1297 2793 1353 reddens
2811 1297 3097 1359 rationem,
3121 1310 3292 1363 quare
3315 1295 3687 1364 episcopatum
3712 1293 4009 1351 dimiserit.

3153 1385 3272 1442 XX.

2418 1481 2719 1552 Anonymus
2769 1482 3053 1535 monachus
3093 1479 3311 1535 cmnabii
3361 1476 3417 1534 S.
3459 1476 3678 1552 Crucis,
3727 1493 3794 1552 ea
3842 1475 4014 1534 Fonte

2487 1549 2750 1606 Αυέιιαηαε
2779 1555 2890 1623 (an.
2920 1552 3103 1623 1557),
3133 1551 3186 1604 in
3217 1561 3446 1604 tractatu
3475 1549 3702 1619 quodam
3733 1549 3799 1603 dc
3828 1551 4012 1602 eodem

2486 1622 2820 1676 monasterio.
2855 1622 3006 1690 Apud
3038 1637 3116 1674 me
3145 1635 3244 1674 ms.

2486 1712 2622 1770 Olim
2662 1729 2692 1768 a
2734 1724 2892 1784 partu
2931 1711 3170 1784 Virginis
3204 1728 3348 1767 anno
3395 1711 3722 1775 millesimo,
3757 1710 3860 1765 l'uit
3889 1711 4013 1782 qui-

2416 1804 2540 1858 dam
2587 1803 2758 1869 locus,
2792 1803 2882 1873 qui
2929 1803 3130 1858 dicitur
3176 1803 3321 1858 Fons
3361 1801 3669 1866 Avellanze,
3718 1802 3771 1856 in
3823 1811 4014 1857 monte

2346 1873 2715 1963 BApennino,
2764 1894 2818 1947 in
2870 1892 3143 1948 radicibus
3199 1893 3400 1947 montis
3450 1891 3670 1956 Catrize,
3725 1892 4010 1949 Orientem

2419 1997 2628 2048 versus,
2674 1981 3086 2052 quatuordeeim
3137 1981 3375 2036 millibus
3416 1996 3677 2051 passuum
3719 1981 3935 2038 distans
3981 1998 4014 2037 ι

2413 2073 2633 2127 civitate
2681 2072 2988 2144 Euguhina,
3032 2073 3083 2127 in
3133 2087 3241 2141 quo
3283 2079 3402 2126 erat
3448 2071 3716 2128 :edilicata
3754 2072 4012 2143 quaedam

2413 2165 2606 2219 domus
2654 2179 2776 2218 cum
2823 2178 2991 2234 parvo
3020 2163 3298 2226 oratorio,
3327 2161 3469 2232 quod
3515 2171 3634 2216 erat
3679 2161 4010 2216 bent-licium

2411 2253 2692 2321 cujusdam
2743 2253 3008 2323 Lndolphi
3062 2252 3321 2308 Gessonis
3375 2251 3508 2315 lliii,
3557 2253 3749 2322 paucis
3805 2252 4011 2307 ibidem

2411 2345 2795 2401 habitantibus.
2847 2344 3038 2400 Postea
3086 2359 3249 2410 vero,
3281 2358 3422 2398 anno
3454 2343 3626 2408 1047,
3679 2342 4012 2400 venerabilis

2411 2436 2635 2491 eremita
2665 2435 2861 2490 Petrus
2888 2434 3202 2495 Damianus.
3231 2443 3591 2504 cognomento
3619 2431 3905 2498 Peecator,
3939 2432 4008 2486 de

2413 2526 2691 2591 Ravenna,
2723 2523 2932 2579 ordinis
2955 2523 3009 2578 S.
3043 2523 3344 2587 Benedicti,
3372 2523 3562 2577 doctor
3591 2522 3846 2586 exiiuius,
3881 2519 4010 2576 reli-

2411 2617 2592 2688 gione,
2627 2617 2869 2671 moribus
2897 2624 2952 2670 et
2980 2615 3247 2670 charitate
3277 2614 3748 2684 praeclarissimas,
3774 2613 3866 2681 qui
3890 2613 4010 2668 suis

2409 2708 2700 2762 virtutibus
2737 2706 2837 2761 l‘uit
2881 2707 3166 2778 episc0pus
3195 2704 3481 2767 Ostiensis,
3516 2714 3573 2759 et
3605 2704 3664 2760 S.
3696 2703 3761 2758 Il.
3793 2704 3854 2760 E.
3884 2719 4014 2759 caro

2411 2797 2625 2861 dinalis,
2659 2797 2728 2852 ob
2756 2797 3115 2851 lmmilitatem
3146 2796 3345 2851 invitus
3368 2805 3580 2860 tamen;
3608 2804 3662 2850 et
3693 2795 3771 2851 sic
3802 2809 4010 2866 paucos

2411 2896 2531 2957 post
2561 2901 2733 2942 annos
2754 2887 3127 2957 cpiseOpatum
3156 2887 3509 2947 renuntiavit,
3533 2885 3676 2954 quod
3703 2882 4010 2955 Gregorius

2415 2977 2497 3033 VII
2528 2977 2770 3048 pontifex
2803 2977 3071 3030 maximus
3114 2990 3259 3044 aegro
3290 2975 3411 3029 tal.t
3439 2976 3650 3040 animo,
3689 2974 3755 3028 ad
3804 2973 4010 3044 praedi-

2409 3080 2554 3124 ctum
2585 3067 2773 3122 Fontis
2799 3066 3074 3120 Avellana:
3103 3065 3277 3120 locum
3307 3077 3364 3119 sc
3388 3063 3641 3128 contulit,
3668 3073 3723 3118 et
3747 3063 4010 3118 eumdem

2409 3159 2803 3229 omnipotentis
2839 3159 2933 3213 Dei
2967 3157 3204 3213 servitiis
3234 3159 3367 3213 satis
3401 3157 3515 3213 fore
3559 3172 3862 3228 congruum
3910 3155 4008 3212 ad-

2405 3251 2702 3321 judicavit,
2756 3249 2848 3304 ubi
2901 3250 3090 3306 domos
3139 3258 3193 3302 et
3239 3251 3538 3303 oratorium
3592 3249 3747 3302 auxit
3784 3267 3797 3303 ;
3833 3258 3891 3303 et
3938 3251 4009 3306 ab

2408 3357 2550 3394 anno
2598 3340 2886 3395 millesimo
2936 3341 3353 3410 quadragesimo
3403 3341 3656 3411 septimo,
3708 3354 3884 3409 usque
3937 3340 4010 3397 ad

2407 3429 2786 3493 centesimum,
2817 3438 2871 3484 et
2899 3429 3036 3482 ultra
3068 3443 3189 3482 eum
3221 3430 3408 3499 viginti
3445 3430 3728 3484 monachis
3765 3429 3850 3483 vel
3887 3429 4005 3484 cir-

2408 3537 2468 3575 ca
2491 3563 2505 3584 ,
2555 3522 2799 3576 eremitis
2833 3521 3077 3590 ejusdem
3124 3520 3330 3574 ordinis
3373 3519 3472 3574 sibi
3507 3520 3690 3584 sociis,
3725 3519 4010 3575 continuis

2407 3611 2770 3673 orationibus,
2810 3620 2866 3665 et
2913 3609 3272 3680 paenitentiis,
3304 3608 3403 3662 soli
3452 3608 3562 3662 Deo
3609 3608 4008 3673 servientibus,

2407 3711 2462 3754 ct
2499 3701 2804 3770 quindecim
2835 3701 3112 3756 conversis
3135 3701 3294 3754 simul
3323 3715 3445 3754 eum
3477 3699 3696 3756 {an-alis
3721 3699 3836 3756 fere
3859 3715 4008 3757 sem-

2409 3811 2506 3864 per
2540 3803 2905 3850 commoratus
2941 3803 3043 3848 est.
3078 3793 3196 3862 Ipse
3230 3796 3375 3848 enim
3430 3795 3566 3848 hanc
3615 3808 3835 3849 sacram
3880 3809 4008 3851 ere-

2409 3903 2554 3942 mum
2586 3889 2792 3944 sanctis
2819 3888 3096 3956 operibus,
3128 3895 3180 3941 et
3213 3888 3397 3941 divino
3441 3889 3590 3943 cultu
3639 3891 3850 3958 primus
3882 3888 4009 3943 illu-

2406 3979 2620 4044 stravit,
2657 3994 2720 4033 ac
2748 3979 2927 4034 eidem
2957 3979 3188 4033 diversis
3215 3980 3265 4032 in
3303 3979 3436 4032 locis
3467 3980 3839 4047 possessiones
3869 3981 4008 4035 lide-

2403 4072 2533 4126 lium
2601 4072 2970 4129 oblationibus
3032 4073 3356 4142 acquisivit;
3423 4070 3820 4130 Bibliothecam
3886 4074 4008 4131 fere

2402 4165 2645 4219 omnium
2680 4165 2894 4220 Veteris
2921 4171 2976 4219 et
3005 4163 3138 4219 Novi
3170 4163 3505 4220 Testamenti
3537 4165 3873 4220 voluminum
3907 4183 3999 4223 re-

2405 4254 2591 4322 liquit;
2623 4255 2918 4309 claustrum
2947 4253 3104 4321 juxta
3147 4254 3442 4310 Ecclesiam
3490 4258 3831 4322 construxit;
3868 4272 4000 4311 cru-

2405 4359 2521 4400 cem
2552 4355 2864 4416 argenteam
2903 4345 3036 4399 satis
3069 4345 3319 4401 idoneam
3358 4347 3700 4417 proeuravit;
3736 4347 4007 4403 tintinna-

2403 4435 2551 4501 bula,
2577 4437 2902 4507 diversaque
2922 4435 3120 4490 divina:
3143 4436 3338 4491 domus
3359 4437 3611 4492 utensilia
3634 4440 4002 4508 comparavit,

2404 4526 2604 4582 calices
2632 4541 2852 4598 quoque
2886 4527 3021 4581 duos
3070 4536 3358 4598 argenteos
3407 4527 3777 4598 pulcherrime
3824 4529 4004 4584 deau-

2403 4626 2549 4672 ratos
2577 4619 2833 4688 providit.
2866 4626 3026 4688 prout
3078 4618 3129 4672 in
3167 4619 3282 4674 suis
3323 4617 3690 4674 voluminibus
3719 4620 4006 4676 memorias

2404 4705 2566 4762 latius
2591 4710 2862 4779 proditum
2892 4716 2993 4764 est.
3027 4707 3130 4776 Qui
3167 4709 3385 4764 tandem
3415 4709 3519 4766 sub
3542 4725 3687 4766 anno
3708 4709 4006 4768 millesimo

2404 4799 2722 4864 centesimo,
2751 4808 2948 4869 quarto
2991 4798 3112 4854 idus
3155 4799 3386 4870 Aprilis,
3419 4800 3568 4856 diem
3593 4817 3753 4857 suum
3798 4803 4007 4859 clausit

2402 4899 2724 4955 extremum,
2752 4901 2807 4946 et
2838 4890 2954 4960 ejus
2982 4893 3202 4947 beatum
3243 4907 3439 4963 corpus
3464 4892 3857 4949 ecclesiastica
3888 4905 4007 4951 tra-

2403 4981 2572 5036 ditum
2598 4992 2680 5038 est
2709 4983 3018 5054 sepulturae,
3057 4984 3109 5038 iu
3137 4983 3354 5037 abbatia
3380 4982 3437 5039 S.
3471 4983 3653 5038 Maria?
3683 4984 3750 5040 de
3781 4984 4007 5042 Faven-

2403 5073 2512 5136 tia,
2545 5074 2610 5128 de
2657 5074 2919 5129 membris
2967 5083 3229 5143 perpetuo
3275 5076 3442 5130 unitis
3493 5076 3772 5145 pradictze
3809 5091 4008 5135 eremo

2401 5161 2458 5217 S.
2491 5164 2673 5218 crucis
2701 5163 2890 5218 Fontis
2916 5164 3188 5219 Avellanaa
3219 5182 3234 5219 :
3274 5164 3428 5234 cujus
3464 5167 3703 5222 animam
3733 5177 3789 5223 et
3815 5172 4008 5225 socio-

2396 5269 2515 5306 rum
2545 5268 2763 5308 suornm
2793 5255 3048 5324 precibus
3074 5254 3316 5327 Virginis
3342 5258 3603 5326 perducat
3636 5258 3902 5315 Dominus
3930 5264 4007 5318 ad

2393 5346 2569 5400 locum
2600 5356 2818 5402 teternze
2863 5348 3235 5403 beatitudinis.
3279 5347 3584 5405 Praemissis
3633 5351 3802 5419 igitur
3842 5361 4007 5407 stan-

2398 5435 2560 5499 tibus,
2592 5437 2714 5506 quis
2743 5437 3070 5492 dubitaverit
3117 5437 3334 5494 Petrum
3369 5441 3716 5505 Damianum,
3745 5451 3804 5496 et
3835 5441 4010 5514 hujus

2395 5543 2564 5582 sacrae
2599 5530 2767 5584 eremi
2814 5531 2968 5599 quasi
3002 5531 3345 5587 l'undatorem
3368 5574 3382 5596 ,
3429 5543 3483 5588 et
3531 5534 3833 5590 eremiticze
3871 5537 4016 5591 vitm

2392 5619 2770 5673 instruetorem
2786 5621 3093 5687 exstitisse;
3116 5624 3414 5691 praesertim
3432 5639 3553 5676 cum
3578 5632 3704 5676 ante
3718 5622 3836 5692 ejus
3859 5633 4010 5682 tem-

2390 5726 2517 5780 pora
2530 5752 2542 5774 ,
2561 5713 2612 5766 in
2637 5712 2891 5780 praedicto
2909 5713 3094 5769 Fontis
3110 5713 3381 5768 Avellanae
3400 5713 3519 5769 loco
3538 5715 3638 5769 sub
3654 5713 3889 5786 alicujus
3909 5732 4008 5770 re-

2389 5802 2506 5872 gula
2533 5818 2856 5874 quemquam
2881 5807 3143 5862 meruisse
3167 5806 3442 5862 memoria:
3473 5807 3721 5864 relictum
3750 5823 3857 5864 non
3886 5809 3958 5864 sit
3976 5809 4009 5865 ἲ
