5962 6446
1260 446 1356 504 9M
2493 444 2802 502 CAMINA
2841 445 2931 502 ET
2971 444 3148 501 ΡΒΕο
3157 445 3263 501 ES.

2493 444 2802 502 CAMINA
2841 445 2931 502 ET
2971 444 3148 501 ΡΒΕο
3157 445 3263 501 ES.
4367 387 4471 452 mg

1257 563 1508 632 Concipis
1533 561 1736 632 absque
1769 558 1908 624 viro,
1937 564 1994 613 tu
2026 555 2140 612 sola
2169 565 2436 626 puerpera
2459 553 2656 623 Virgo,
2861 560 2913 618 Α
3152 552 3322 608 Veste
3346 557 3558 621 sumpta
3586 564 3708 604 cum
3730 549 3921 618 caligis

1325 651 1456 720 Qua:
1481 649 1716 706 Verbum
1739 644 1905 703 verbo
1926 645 2166 716 concipis
2180 645 2398 715 absque
2425 643 2564 700 viro.
3149 645 3443 699 Patescunt
3473 642 3616 696 fores
3645 645 3904 698 carceris.

1252 741 1482 799 Tartara
1504 740 1648 811 quod
1673 745 1940 799 metuunt,
1982 734 2140 790 tellus
2174 743 2354 804 pavet,
2382 743 2528 788 astra
2549 745 2828 799 verentur,
3219 731 3302 786 Sit
3341 730 3486 786 Patri
3516 731 3634 784 laus
3661 730 3919 800 ingenito,
3957 739 3969 749 ί

1325 830 1568 885 Pectoris
1598 836 1754 882 antra
1779 827 1981 890 ferunt,
2018 826 2206 879 tartari
2242 824 2385 894 quod
2422 831 2686 878 metuunt.
3154 822 3239 878 Sit
3267 823 3432 878 decus
3455 820 3769 889 Unigenito,

1250 919 1472 990 Virgine
1497 919 1604 973 vita
1629 918 1768 972 redit
1795 916 2028 979 homini,
2061 929 2220 984 quem
2250 915 2402 984 virgo
2423 913 2681 983 peremit;
3147 911 3231 966 Sit
3265 911 3551 978 utriusque
3573 906 3728 977 parili

1321 1009 1466 1065 Mors
1493 1024 1625 1065 nece
1653 1009 1792 1063 victa
1816 1007 1986 1077 perit,
2016 1004 2239 1076 Virgine
2265 1007 2377 1060 vita
2402 1005 2562 1059 redit.
3143 997 3397 1067 Maiestas
3430 1011 3640 1052 summa
3662 996 3916 1051 Flamini.
3952 996 4143 1061 Amen.

1247 1100 1328 1157 Tu
1354 1117 1517 1173 super
1539 1109 1685 1157 astra
1712 1100 1848 1163 leva,
1877 1098 2132 1167 petimus,
2165 1097 2306 1166 quod
2347 1095 2564 1152 subruit
2592 1095 2743 1160 Eva;
3249 1087 3485 1144 LXXIII.
3526 1087 3605 1140 De
3655 1083 3716 1141 S.
3763 1085 3937 1140 Paulo
3979 1085 4233 1157 apostolo.

2933 1177 3196 1233 Mellilluis
3222 1192 3438 1232 omnem
3468 1176 3667 1231 Paulus
3699 1177 3838 1248 rigat
3869 1177 4131 1232 imbribus
4164 1180 4381 1233 orbem.

3001 1270 3111 1342 26
3137 1268 3373 1324 LXXIV.
3434 1268 3511 1322 De
3559 1267 3622 1324 S.
3664 1265 3837 1322 Paulo
3882 1273 4138 1338 apostolo.
4183 1268 4442 1340 Hymnus.

3212 1362 3398 1427 Paule,
3437 1362 3629 1417 doctor
3655 1361 3892 1433 egregie,

1223 1205 1227 1209 ‘
1318 1191 1411 1246 Illa
1437 1199 1625 1262 gravat
1653 1189 1840 1258 culpa,
1874 1195 1930 1241 tu
1955 1202 2118 1256 super
2141 1195 2290 1241 astra
2313 1186 2453 1240 leva.

1244 1280 1431 1339 Gloria
1461 1296 1674 1336 summa
1702 1278 1871 1342 Patri.
1903 1278 2098 1349 genita:
2123 1277 2195 1332 sit
2221 1275 2389 1347 gloria
2421 1275 2569 1330 Proli
2594 1315 2609 1342 ,

1314 1369 1560 1427 Flumine
1587 1384 1707 1424 eum
1729 1368 1915 1438 parili,
1949 1367 2118 1436 gloria
2151 1381 2362 1421 summa
2386 1365 2556 1419 Patri.
2598 1368 2792 1421 Amen.

1441 1457 1624 1514 LXVI.
1668 1456 1835 1513 Missa
1873 1458 1937 1511 de
1974 1455 2032 1510 S.
2072 1454 2294 1509 Daniele
2329 1453 2602 1524 propheta.
3143 1453 3296 1508 Tuba
3335 1453 3594 1523 clangens
3623 1452 3895 1521 Ecclesiae,

1937 1543 2144 1600 Oratio.
3142 1541 3325 1598 Nubes
3351 1542 3542 1597 volans
3569 1556 3634 1596 ac
3660 1541 3918 1596 tonitrum

1313 1638 1478 1702 Deus,
1514 1637 1607 1706 qui
1636 1635 1876 1704 antiquis
1919 1634 2162 1705 patribus
2201 1648 2352 1689 novae
2395 1635 2584 1706 gratia:
2620 1641 2826 1711 myste-
3143 1633 3248 1688 Per
3277 1633 3515 1703 amplum
3548 1632 3733 1687 mundi
3762 1631 4046 1687 circulum.

1241 1727 1384 1783 rium
1409 1726 1691 1792 revelasti,
1721 1734 1951 1795 praesta,
1984 1739 2293 1793 quaesumus
2312 1762 2328 1790 ,
2359 1733 2418 1778 ut
2450 1724 2690 1778 Ecclesia
2733 1733 2822 1777 tua
3210 1719 3377 1775 Nobis
3401 1728 3652 1790 potenter
3676 1720 3865 1774 intona

1239 1817 1481 1874 Danielis
1502 1817 1749 1873 foveatur
1776 1814 1991 1872 auxiliis
2009 1856 2024 1881 ,
2048 1816 2206 1886 cujus
2225 1817 2558 1889 propheticis
2586 1825 2671 1872 est
2696 1816 2826 1872 aedi-

1239 1904 1404 1962 ﬁcata
1434 1906 1716 1961 doctrinis.
1749 1905 1856 1960 Per
1885 1906 2195 1960 Dominum.
2851 1893 2898 1951 Β

1663 1993 1770 2064 25
1799 1993 2006 2069 LXVII.
2047 1994 2169 2048 Alia
2205 1997 2396 2051 oratio.

1295 2084 1454 2140 "Deus
1478 2123 1494 2149 ,
1517 2084 1609 2155 qui
1643 2098 1741 2154 per
1762 2083 2045 2152 utriusque
2074 2083 2409 2139 Testamenti
2449 2092 2636 2154 patres
2659 2081 2821 2138 unius

1237 2174 1499 2231 Ecclesia
1548 2183 1652 2229 tua:
1696 2172 2045 2228 fundamenta
2086 2173 2375 2228 constituis
2399 2213 2414 2238 ,
2469 2175 2537 2228 da
2568 2172 2722 2229 nobis
2752 2171 2814 2225 Β.

1235 2263 1476 2320 Danielis
1500 2261 1807 2334 patrocinio
1831 2261 2063 2332 protegi,
2091 2261 2246 2330 cujus
2269 2276 2452 2317 sumus
2471 2262 2715 2331 mysticis
2735 2276 2819 2316 re-

1230 2353 1606 2409 velationibus‘
1621 2351 1912 2408 salubriter
1943 2352 2195 2406 instituti.
2227 2352 2329 2407 Per
2365 2351 2673 2406 Dominum.

1763 2441 1992 2498 LXVIII.
2053 2440 2286 2498 Secreta.

3140 1808 3398 1880 Duraque
3426 1809 3608 1865 cordis
3635 1809 3828 1881 irriga:

3136 1899 3391 1964 Caelestis
3413 1900 3583 1954 imbre
3611 1900 3801 1969 gratia:

3143 1989 3350 2066 lientes
3381 1990 3657 2044 virescant
3693 1988 3879 2044 aridte.

3204 2081 3250 2138 Ο
3278 2097 3535 2152 magnum
3561 2079 3712 2135 Pauli
3742 2082 4020 2147 meritum,

3133 2171 3344 2229 Ctelum
3372 2171 3685 2225 conscendit
3710 2171 3954 2235 tertium,

3135 2263 3303 2318 Audit
3335 2255 3497 2316 verba
3521 2261 3786 2326 mysterii,

3133 2353 3263 2421 Qum
3292 2353 3452 2409 nullis
3479 2355 3641 2410 audet
3663 2353 3864 2424 eloqui.

3206 2443 3345 2500 Dum
3376 2445 3540 2501 Verbi
3569 2445 3774 2516 spargit
3801 2445 4031 2512 semina,

3139 2534 3305 2608 Seges
3336 2537 3511 2608 surgit
3541 2535 3816 2592 uberrima
3835 2553 3850 2599 ;

3151 2625 3243 2680 Sic
3268 2625 3392 2681 cmli
3421 2626 3632 2694 replent
3661 2625 3916 2681 horreum

3124 2710 3400 2782 Bonorum
3431 2712 3615 2785 fruges
3641 2727 3887 2784 operum.

3198 2805 3449 2861 Micantis
3477 2821 3630 2862 more
3658 2805 3943 2874 lampadis,

1303 2532 1467 2598 Deus,
1481 2533 1575 2604 qui
1606 2532 1909 2588 Susannam
1933 2547 2032 2602 per
2058 2533 2122 2590 Β.
2143 2531 2379 2588 Danielis
2397 2529 2818 2600 judiciumlibe-

1224 2625 1391 2691 rasti,
1415 2623 1532 2680 hac
1555 2637 1780 2678 munera
1808 2622 2078 2694 propitius
2109 2623 2340 2692 respice,
2367 2631 2531 2692 atque
2553 2619 2670 2688 eius
2698 2635 2816 2709 pre-

1224 2714 1385 2771 cibus
1428 2714 1753 2770 venerandis
1784 2714 1854 2770 ah
1893 2713 2040 2770 omni
2080 2728 2179 2770 nos
2205 2713 2532 2770 adversitate
2562 2712 2809 2768 defende.

1222 2801 1336 2860 Per
1359 2803 1668 2860 Dominum.

1677 2890 1867 2948 LXIX.
1912 2890 2353 2946 Postoornmunio.

1298 2985 1460 3050 Deus,
1472 2987 1565 3056 qui
1593 2999 1690 3056 per
1711 2982 1968 3039 Habacuc
1995 2983 2316 3054 prophetam
2338 2981 2624 3036 B.Danieli
2650 2995 2812 3049 pran-

1219 3075 1375 3132 dium
1407 3075 1716 3140 destinasti,
1746 3072 1862 3144 ipso
1893 3073 2284 3128 interveniente
2303 3112 2319 3138 ,
2349 3073 2582 3127 concede
2613 3077 2669 3124 ut
2693 3083 2813 3139 qum

1217 3167 1294 3224 de
1319 3166 1528 3223 scelesti
1560 3179 1744 3220 mensa
1769 3163 2112 3234 percepimus
2154 3160 2384 3219 sinceris
2414 3160 2685 3217 mentibus
2715 3159 2812 3214 illi-

1215 3255 1353 3315 bata
1393 3252 1693 3311 servemus.
1724 3253 1831 3309 Per
1864 3253 2173 3308 Dominum.
2838 3244 2884 3304 C
2916 3314 2919 3315 ν

1553 3344 1715 3400 LXX.
1757 3344 1836 3400 De
1874 3344 1937 3400 S.
1966 3343 2194 3398 Joanne
2225 3341 2487 3414 Baptista.

1214 3435 1431 3493 Pravis
1463 3445 1714 3492 materno
1743 3435 1982 3492 Verbum
2009 3449 2112 3492 vox
2142 3435 2309 3492 sentit
2332 3435 2386 3490 in
2413 3435 2553 3490 alvo.

1375 3535 1378 3538 ’
1529 3525 1730 3601 LXXI.
1770 3526 1849 3582 De
1883 3525 1946 3582 S.
1995 3525 2152 3580 Petro
2200 3527 2455 3598 apostolo.

1213 3618 1434 3689 Sperne
1473 3621 1642 3676 maris
1680 3634 1894 3687 navem,
1922 3618 2067 3684 cteli,
2099 3617 2277 3685 Petre,
2305 3619 2519 3689 suscipe
2554 3618 2800 3685 clavem;

1212 3708 1504 3767 Fluctibus
1525 3718 1582 3766 et
1602 3711 1822 3781 spretis,
1852 3719 2067 3779 portum
2092 3708 2226 3764 mihi
2250 3709 2412 3764 redde
2441 3708 2639 3777 quietis

1415 3801 1627 3858 LXXII.
1668 3801 1747 3856 De
1779 3801 1842 3857 S.
1886 3797 2048 3856 Petro
2093 3799 2329 3870 apostolo
2372 3800 2613 3869 hymnus.
2703 3875 2706 3877 Δ

1504 3894 1739 3948 Senatus
1762 3890 2044 3962 apostolici
2534 3915 2537 3918 ί

1433 3983 1694 4054 Princeps
1716 3991 1772 4038 et
1791 3996 1970 4052 praeco
2008 3982 2244 4048 Domini,

3126 2893 3412 2949 Perfundit
3437 2893 3625 2949 orbem
3653 2895 3840 2955 radiis,

3118 2984 3298 3056 Fugat
3329 2999 3578 3040 errorum
3610 2985 3882 3050 tenebras.

3129 3079 3201 3135 Ut
3228 3078 3340 3134 sola
3378 3087 3568 3148 regnet
3592 3078 3815 3136 veritas.

3197 3168 3281 3224 Sit
3308 3167 3454 3223 Patri
3493 3169 3613 3225 laus
3645 3170 3906 3240 ingenito,

3126 3258 3212 3314 Sit
3245 3258 3408 3314 decus
3437 3257 3750 3329 Unigenito,

3127 3351 3214 3408 Sit
3248 3351 3528 3420 utriusque
3563 3352 3721 3422 parili

3125 3442 3382 3512 Maiestas
3409 3457 3623 3497 summa
3653 3441 3902 3496 Flamini.
3940 3456 4132 3497 nmen.

3080 3531 3295 3587 LXXV.
3332 3532 3413 3587 De
3444 3527 3504 3587 8.
3535 3533 3746 3587 Andrea
3773 3534 4031 3604 apostolo.
4064 3531 4326 3603 Hymnus.

3191 3625 3453 3695 Captatur
3484 3623 3610 3680 olim
3642 3624 3896 3696 piscium,

3127 3714 3249 3770 Jam
3281 3731 3424 3772 nunc
3451 3717 3687 3786 piscator
3717 3717 4016 3780 hominum,

3121 3803 3254 3861 Tuis
3283 3805 3498 3861 Andrea
3528 3805 3732 3861 retibus

3128 3894 3313 3951 Mundi
3341 3912 3438 3951 nos
3460 3903 3594 3966 rape
3619 3896 3888 3978 ﬂuctibus.

3186 3987 3490 4043 Germanus
3515 3987 3662 4043 Petri
3693 4004 3942 4058 corpore,

1436 4073 1629 4130 Pastor
1652 4075 1828 4144 prime
1848 4073 2109 4138 fidelium,

1429 4163 1652 4234 Custodi
1678 4177 1895 4236 gregem
1918 4163 2206 4219 creditum.

1499 4253 1606 4309 Per
1631 4267 1830 4324 pascua
1848 4254 2096 4319 virentia,

1429 4344 1538 4401 Nos
1562 4345 1713 4402 verbi
1750 4345 1905 4416 fruge
1934 4360 2119 4402 recrea
2151 4365 2165 4400 :

1432 4433 1681 4492 Refec‘tas
1710 4449 1837 4492 oves
1862 4439 2094 4506 praevius

1427 4523 1609 4580 Caulis
1641 4523 1781 4580 infer
1810 4525 2143 4582 caelestibus.

1500 4615 1759 4687 Supernae
1786 4617 1965 4674 claves
1986 4619 2167 4689 janute

1435 4706 1581 4773 Tibi,
1605 4707 1787 4773 Petro,
1819 4718 1948 4765 sunt
1977 4711 2210 4776 traditae,

1429 4798 1666 4870 Tuisque
1687 4809 1875 4871 patent
1895 4800 2102 4872 legibus

1426 4888 1664 4947 Terrena
1687 4907 1810 4948 cum
1838 4892 2172 4948 cmlestibus.

1493 4977 1576 5034 Tu
1601 4988 1809 5050 petram
1841 4995 1983 5036 vera:
2019 4980 2163 5038 lidei.

1431 5067 1514 5126 Tu
1533 5069 1705 5126 basim
1731 5071 1945 5127 ediﬁcii

1429 5157 1667 5225 Fundus,
1692 5161 1746 5216 in
1773 5163 1879 5231 qua
1902 5161 2166 5219 catholica

1422 5249 1555 5307 Fixa
1579 5251 1754 5323 surgit
1779 5252 2040 5309 Ecclesia.

1495 5340 1697 5398 Umbra
1722 5351 1835 5406 tua,
1859 5343 1984 5398 dum
2012 5347 2277 5415 graderis,

1423 5428 1513 5485 Fit
1535 5430 1798 5486 medicina
1829 5431 2127 5504 languidis;

1422 5519 1696 5575 Textrinis
1725 5536 1820 5576 usa
1844 5523 2072 5578 vestium

1421 5609 1638 5681 Sprevit
1667 5612 1911 5681 Tabithm
1935 5615 2215 5674 feretrum.

1498 5701 1697 5758 Catena
1720 5704 1956 5760 vinctum
1985 5708 2198 5776 gemina

1426 5791 1613 5852 Virtus
1639 5793 1797 5854 solvit
1817 5793 2076 5867 angelica,

3118 4075 3231 4131 Nec
3262 4077 3452 4132 mortis
3478 4076 3664 4146 dispar
3692 4079 3918 4134 ordine:

3120 4166 3267 4234 Quos
3291 4182 3397 4221 una
3421 4181 3551 4223 caro
3577 4169 3782 4239 genuit,

3118 4257 3264 4313 Crux
3298 4258 3436 4314 coelo
3466 4258 3665 4313 fratres
3692 4260 3883 4314 edidit.

3185 4347 3230 4403 0
3266 4362 3487 4419 germen
3520 4363 3650 4403 vero
3679 4349 3884 4411 nobile!

3122 4432 3167 4488 Ο
3193 4449 3292 4504 par
3318 4449 3520 4491 corona
3546 4435 3761 4507 glorise!

3115 4520 3374 4578 Ecclesiae
3402 4533 3583 4595 patres
3609 4526 3704 4596 pii,

3113 4613 3304 4670 Crucis
3333 4623 3458 4669 sunt
3482 4614 3635 4684 aeque
3662 4615 3778 4670 lilii.

3188 4704 3266 4758 Ad
3292 4703 3472 4759 Jesum
3502 4703 3657 4759 fratri
3689 4707 3941 4777 prtevius,

3120 4795 3392 4866 Indexque
3418 4797 3540 4851 vita:
3564 4804 3845 4864 strenuus,

3097 4891 3182 4944 .Et
3209 4890 3364 4945 nobis
3391 4898 3506 4945 esto
3535 4892 3750 4946 miseris

3113 4978 3264 5033 Beati
3301 4979 3406 5034 dux
3437 4979 3666 5035 itineris.

3180 5072 3264 5128 Sit
3288 5072 3436 5128 Patri
3469 5073 3583 5127 laus
3612 5073 3872 5145 ingenito,

3117 5161 3200 5218 Sit
3230 5163 3395 5218 decus
3427 5161 3734 5234 Uuigenilo,

3120 5253 3204 5309 Sit
3232 5271 3261 5307 υ
3274 5255 3512 5323 triusque.
3541 5254 3705 5324 parili

3106 5345 3360 5410 Maiestas
3386 5360 3594 5400 summa
3621 5345 3867 5401 Flamini.
3895 5346 4086 5405 Amen.

3439 5435 3671 5490 LXXVI.
3716 5435 3933 5492 Divisio.

3173 5530 3405 5584 Andrea
3439 5527 3632 5584 festum
3660 5531 3871 5600 Colitur,

3107 5618 3223 5674 Lux
3250 5620 3395 5674 clara
3421 5622 3523 5690 piis
3547 5623 3743 5701 oritur,

3105 5710 3210 5766 Per
3235 5727 3396 5782 quem
3429 5714 3682 5769 tenebras
3707 5715 3989 5784 deserunt,

3109 5803 3191 5858 Ad
3225 5819 3411 5861 verum
3440 5804 3621 5862 lumen
3650 5819 3898 5866 reccunt.
