  <div class='ocr_page' id='page_1' title='image "/cluster/home/n/w/nwhite01/storage/ocr_20150623/144-145/uc1.31175001639262/1012.png"; bbox 0 0 5962 6440; ppageno 0'>
   <div class='ocr_carea' id='block_1_1' title="bbox 1102 449 1217 507">
    <p class='ocr_par' dir='ltr' id='par_1_1' title="bbox 1102 449 1217 507">
     <span class='ocr_line' id='line_1_1' title="bbox 1102 449 1217 507; baseline 0.017 -1"><span class='ocrx_word' id='word_1_1' title='bbox 1102 449 1217 507; x_wconf 73' lang='grc'><strong>945</strong></span> 
     </span>
    </p>
   </div>
   <div class='ocr_carea' id='block_1_2' title="bbox 2356 454 3121 522">
    <p class='ocr_par' dir='ltr' id='par_1_2' title="bbox 2356 454 3121 522">
     <span class='ocr_line' id='line_1_2' title="bbox 2356 454 3121 522; baseline 0.012 -8"><span class='ocrx_word' id='word_1_2' title='bbox 2356 454 2665 517; x_wconf 67' lang='lat' dir='ltr'><strong>CARMINA</strong></span> <span class='ocrx_word' id='word_1_3' title='bbox 2705 460 2794 518; x_wconf 82' lang='grc' dir='ltr'><strong>ΕΤ</strong></span> <span class='ocrx_word' id='word_1_4' title='bbox 2834 462 2921 520; x_wconf 83' lang='grc' dir='ltr'><strong>ΡΒ</strong></span> <span class='ocrx_word' id='word_1_5' title='bbox 2932 461 3121 522; x_wconf 73' lang='grc' dir='ltr'>εσεε.</span> 
     </span>
    </p>
   </div>
   <div class='ocr_carea' id='block_1_3' title="bbox 4279 471 4396 528">
    <p class='ocr_par' dir='ltr' id='par_1_3' title="bbox 4279 471 4396 528">
     <span class='ocr_line' id='line_1_3' title="bbox 4279 471 4396 528; baseline 0 0"><span class='ocrx_word' id='word_1_6' title='bbox 4279 471 4396 528; x_wconf 65' lang='lat' dir='ltr'><strong>9M</strong></span> 
     </span>
    </p>
   </div>
   <div class='ocr_carea' id='block_1_4' title="bbox 1101 559 4297 649">
    <p class='ocr_par' dir='ltr' id='par_1_4' title="bbox 1101 559 4297 649">
     <span class='ocr_line' id='line_1_4' title="bbox 1101 559 4297 649; baseline 0.006 -33"><span class='ocrx_word' id='word_1_7' title='bbox 1101 559 1341 632; x_wconf 73' lang='lat' dir='ltr'><strong>apostoli</strong></span> <span class='ocrx_word' id='word_1_8' title='bbox 1382 562 1455 616; x_wconf 92' lang='lat' dir='ltr'><strong>tui</strong></span> <span class='ocrx_word' id='word_1_9' title='bbox 1494 577 1770 633; x_wconf 84' lang='lat' dir='ltr'><strong>nunquam</strong></span> <span class='ocrx_word' id='word_1_10' title='bbox 1817 562 1974 629; x_wconf 83' lang='lat' dir='ltr'><strong>nobis</strong></span> <span class='ocrx_word' id='word_1_11' title='bbox 2012 563 2153 620; x_wconf 89' lang='lat' dir='ltr'><strong>desit</strong></span> <span class='ocrx_word' id='word_1_12' title='bbox 2195 563 2454 621; x_wconf 78' lang='lat' dir='ltr'><strong>auxilium</strong></span> <span class='ocrx_word' id='word_1_13' title='bbox 2478 608 2493 634; x_wconf 93' lang='lat'><strong>,</strong></span> <span class='ocrx_word' id='word_1_14' title='bbox 2539 568 2695 639; x_wconf 83' lang='lat' dir='ltr'><strong>cujus</strong></span> <span class='ocrx_word' id='word_1_15' title='bbox 2722 573 2770 635; x_wconf 79' lang='grc' dir='ltr'><strong>Α</strong></span> <span class='ocrx_word' id='word_1_16' title='bbox 2798 573 2999 631; x_wconf 81' lang='lat' dir='ltr'><strong>Lector</strong></span> <span class='ocrx_word' id='word_1_17' title='bbox 3030 576 3363 648; x_wconf 84' lang='lat' dir='ltr'><strong>apostolicas</strong></span> <span class='ocrx_word' id='word_1_18' title='bbox 3388 576 3531 634; x_wconf 82' lang='lat' dir='ltr'><strong>bene</strong></span> <span class='ocrx_word' id='word_1_19' title='bbox 3553 578 3792 648; x_wconf 81' lang='lat' dir='ltr'><strong>prudens</strong></span> <span class='ocrx_word' id='word_1_20' title='bbox 3815 576 4036 649; x_wconf 89' lang='lat' dir='ltr'><strong>perlege</strong></span> <span class='ocrx_word' id='word_1_21' title='bbox 4059 578 4297 649; x_wconf 86' lang='lat' dir='ltr'><strong>palmas,</strong></span> 
     </span>
    </p>
   </div>
   <div class='ocr_carea' id='block_1_5' title="bbox 1100 650 2694 722">
    <p class='ocr_par' dir='ltr' id='par_1_5' title="bbox 1100 650 2694 722">
     <span class='ocr_line' id='line_1_5' title="bbox 1100 650 2694 722; baseline 0.009 -17"><span class='ocrx_word' id='word_1_22' title='bbox 1100 650 1349 722; x_wconf 88' lang='lat' dir='ltr'><strong>quotidie</strong></span> <span class='ocrx_word' id='word_1_23' title='bbox 1379 666 1485 706; x_wconf 92' lang='lat' dir='ltr'><strong>non</strong></span> <span class='ocrx_word' id='word_1_24' title='bbox 1512 668 1787 710; x_wconf 78' lang='lat' dir='ltr'><strong>cessamus</strong></span> <span class='ocrx_word' id='word_1_25' title='bbox 1812 655 2172 713; x_wconf 79' lang='lat' dir='ltr'><strong>venerabilem</strong></span> <span class='ocrx_word' id='word_1_26' title='bbox 2202 658 2474 716; x_wconf 88' lang='lat' dir='ltr'><strong>honorare</strong></span> <span class='ocrx_word' id='word_1_27' title='bbox 2507 661 2694 718; x_wconf 83' lang='lat' dir='ltr'><strong>trium-</strong></span> 
     </span>
    </p>
   </div>
   <div class='ocr_carea' id='block_1_6' title="bbox 1098 740 1447 813">
    <p class='ocr_par' dir='ltr' id='par_1_6' title="bbox 1098 740 1447 813">
     <span class='ocr_line' id='line_1_6' title="bbox 1098 740 1447 813; baseline -0.003 -16"><span class='ocrx_word' id='word_1_28' title='bbox 1098 742 1295 813; x_wconf 81' lang='lat' dir='ltr'><strong>phum.</strong></span> <span class='ocrx_word' id='word_1_29' title='bbox 1325 740 1447 796; x_wconf 88' lang='lat' dir='ltr'><strong>Per.</strong></span> 
     </span>
    </p>
   </div>
   <div class='ocr_carea' id='block_1_7' title="bbox 1098 850 2690 985">
    <p class='ocr_par' dir='ltr' id='par_1_7' title="bbox 1098 850 2690 985">
     <span class='ocr_line' id='line_1_7' title="bbox 1098 850 2690 985; baseline 0.007 -79"><span class='ocrx_word' id='word_1_30' title='bbox 1098 850 1389 907; x_wconf 77' lang='lat' dir='ltr'><strong>LXXXVI.</strong></span> <span class='ocrx_word' id='word_1_31' title='bbox 1430 853 1595 911; x_wconf 72' lang='lat' dir='ltr'><strong>Missa</strong></span> <span class='ocrx_word' id='word_1_32' title='bbox 1626 857 1680 914; x_wconf 82' lang='lat' dir='ltr'><strong>in</strong></span> <span class='ocrx_word' id='word_1_33' title='bbox 1705 860 2049 985; x_wconf 57' lang='lat' dir='ltr'><strong>traibsla‘tione</strong></span> <span class='ocrx_word' id='word_1_34' title='bbox 2087 859 2145 916; x_wconf 90' lang='lat' dir='ltr'><strong>S.</strong></span> <span class='ocrx_word' id='word_1_35' title='bbox 2180 860 2422 919; x_wconf 72' lang='lat' dir='ltr'><strong>Hattluri</strong></span> <span class='ocrx_word' id='word_1_36' title='bbox 2449 864 2690 936; x_wconf 86' lang='lat' dir='ltr'><strong>apostoli.</strong></span> 
     </span>
     <span class='ocr_line' id='line_1_8' title="bbox 1846 946 2000 985; baseline 0 -1"><span class='ocrx_word' id='word_1_37' title='bbox 1846 946 1905 985; x_wconf 87' lang='lat' dir='ltr'><strong>ra</strong></span> <span class='ocrx_word' id='word_1_38' title='bbox 1929 948 2000 984; x_wconf 77' lang='lat' dir='ltr'><strong>to.</strong></span> 
     </span>
    </p>
   </div>
   <div class='ocr_carea' id='block_1_8' title="bbox 1846 942 2000 985">
    <p class='ocr_par' dir='ltr' id='par_1_8' title="bbox 1846 942 2000 985">
     <span class='ocr_line' id='line_1_9' title="bbox 1846 942 2000 985; baseline 0 -1"><span class='ocrx_word' id='word_1_39' title='bbox 1846 942 2000 985; x_wconf 75' lang='lat' dir='ltr'><strong>ratio.</strong></span> 
     </span>
    </p>
   </div>
   <div class='ocr_carea' id='block_1_9' title="bbox 1175 1009 2692 1093">
    <p class='ocr_par' dir='ltr' id='par_1_9' title="bbox 1175 1009 2692 1093">
     <span class='ocr_line' id='line_1_10' title="bbox 1175 1009 2692 1093; baseline 0.007 -26"><span class='ocrx_word' id='word_1_40' title='bbox 1175 1009 1342 1080; x_wconf 84' lang='lat' dir='ltr'><strong>Deus,</strong></span> <span class='ocrx_word' id='word_1_41' title='bbox 1372 1013 1526 1082; x_wconf 87' lang='lat' dir='ltr'><strong>cujus</strong></span> <span class='ocrx_word' id='word_1_42' title='bbox 1553 1024 1686 1073; x_wconf 92' lang='lat' dir='ltr'><strong>nutu</strong></span> <span class='ocrx_word' id='word_1_43' title='bbox 1734 1033 1834 1088; x_wconf 90' lang='lat' dir='ltr'><strong>per</strong></span> <span class='ocrx_word' id='word_1_44' title='bbox 1869 1020 2081 1076; x_wconf 89' lang='lat' dir='ltr'><strong>diversa</strong></span> <span class='ocrx_word' id='word_1_45' title='bbox 2116 1029 2385 1078; x_wconf 85' lang='lat' dir='ltr'><strong>terrarum</strong></span> <span class='ocrx_word' id='word_1_46' title='bbox 2430 1023 2546 1078; x_wconf 85' lang='lat' dir='ltr'><strong>loca</strong></span> <span class='ocrx_word' id='word_1_47' title='bbox 2578 1023 2692 1093; x_wconf 91' lang='lat' dir='ltr'><strong>ipsa</strong></span> 
     </span>
    </p>
   </div>
   <div class='ocr_carea' id='block_1_10' title="bbox 1095 1113 2689 1183">
    <p class='ocr_par' dir='ltr' id='par_1_10' title="bbox 1095 1113 2689 1183">
     <span class='ocr_line' id='line_1_11' title="bbox 1095 1113 2689 1183; baseline 0.009 -27"><span class='ocrx_word' id='word_1_48' title='bbox 1095 1116 1322 1176; x_wconf 73' lang='lat' dir='ltr'><strong>quoque</strong></span> <span class='ocrx_word' id='word_1_49' title='bbox 1374 1117 1687 1164; x_wconf 91' lang='lat' dir='ltr'><strong>sanctorum</strong></span> <span class='ocrx_word' id='word_1_50' title='bbox 1739 1126 1966 1181; x_wconf 89' lang='lat' dir='ltr'><strong>corpora</strong></span> <span class='ocrx_word' id='word_1_51' title='bbox 2022 1113 2413 1183; x_wconf 90' lang='lat' dir='ltr'><strong>disponuntur,</strong></span> <span class='ocrx_word' id='word_1_52' title='bbox 2472 1117 2689 1183; x_wconf 88' lang='lat' dir='ltr'><strong>tribue,</strong></span> 
     </span>
    </p>
   </div>
   <div class='ocr_carea' id='block_1_11' title="bbox 1094 1199 2690 1273">
    <p class='ocr_par' dir='ltr' id='par_1_11' title="bbox 1094 1199 2690 1273">
     <span class='ocr_line' id='line_1_12' title="bbox 1094 1199 2690 1273; baseline 0.011 -28"><span class='ocrx_word' id='word_1_53' title='bbox 1094 1205 1444 1264; x_wconf 64' lang='lat' dir='ltr'><strong>quaesumus,</strong></span> <span class='ocrx_word' id='word_1_54' title='bbox 1486 1207 1545 1252; x_wconf 89' lang='lat' dir='ltr'><strong>ut</strong></span> <span class='ocrx_word' id='word_1_55' title='bbox 1575 1199 1664 1268; x_wconf 90' lang='lat' dir='ltr'><strong>qui</strong></span> <span class='ocrx_word' id='word_1_56' title='bbox 1704 1200 1764 1254; x_wconf 91' lang='grc' dir='ltr'><strong>Β.</strong></span> <span class='ocrx_word' id='word_1_57' title='bbox 1800 1201 2033 1259; x_wconf 73' lang='lat' dir='ltr'><strong>Matthaei</strong></span> <span class='ocrx_word' id='word_1_58' title='bbox 2071 1206 2300 1273; x_wconf 78' lang='lat' dir='ltr'><strong>apostoli</strong></span> <span class='ocrx_word' id='word_1_59' title='bbox 2342 1207 2415 1259; x_wconf 82' lang='lat' dir='ltr'><strong>tui</strong></span> <span class='ocrx_word' id='word_1_60' title='bbox 2454 1207 2690 1262; x_wconf 86' lang='lat' dir='ltr'><strong>transla-</strong></span> 
     </span>
    </p>
   </div>
   <div class='ocr_carea' id='block_1_12' title="bbox 1098 1281 2693 1366">
    <p class='ocr_par' dir='ltr' id='par_1_12' title="bbox 1098 1281 2693 1366">
     <span class='ocr_line' id='line_1_13' title="bbox 1098 1281 2693 1366; baseline 0.012 -31"><span class='ocrx_word' id='word_1_61' title='bbox 1098 1281 1304 1338; x_wconf 93' lang='lat' dir='ltr'><strong>tionem</strong></span> <span class='ocrx_word' id='word_1_62' title='bbox 1334 1285 1581 1351; x_wconf 87' lang='lat' dir='ltr'><strong>colimus,</strong></span> <span class='ocrx_word' id='word_1_63' title='bbox 1612 1289 1717 1357; x_wconf 86' lang='lat' dir='ltr'><strong>ipsi</strong></span> <span class='ocrx_word' id='word_1_64' title='bbox 1740 1290 1904 1345; x_wconf 89' lang='lat' dir='ltr'><strong>etiam</strong></span> <span class='ocrx_word' id='word_1_65' title='bbox 1930 1308 1960 1345; x_wconf 90' lang='lat' dir='ltr'><strong>a</strong></span> <span class='ocrx_word' id='word_1_66' title='bbox 1986 1295 2256 1362; x_wconf 79' lang='lat' dir='ltr'><strong>pravitate</strong></span> <span class='ocrx_word' id='word_1_67' title='bbox 2294 1305 2482 1352; x_wconf 82' lang='lat' dir='ltr'><strong>nostra</strong></span> <span class='ocrx_word' id='word_1_68' title='bbox 2507 1297 2574 1353; x_wconf 86' lang='lat' dir='ltr'><strong>ad</strong></span> <span class='ocrx_word' id='word_1_69' title='bbox 2607 1298 2693 1366; x_wconf 84' lang='lat' dir='ltr'><strong>pie</strong></span> 
     </span>
    </p>
   </div>
   <div class='ocr_carea' id='block_1_13' title="bbox 1095 1376 2329 1445">
    <p class='ocr_par' dir='ltr' id='par_1_13' title="bbox 1095 1376 2329 1445">
     <span class='ocr_line' id='line_1_14' title="bbox 1095 1376 2329 1445; baseline 0.013 -16"><span class='ocrx_word' id='word_1_70' title='bbox 1095 1376 1314 1433; x_wconf 79' lang='lat' dir='ltr'><strong>vivendi</strong></span> <span class='ocrx_word' id='word_1_71' title='bbox 1344 1381 1723 1439; x_wconf 88' lang='lat' dir='ltr'><strong>rectitudiuem</strong></span> <span class='ocrx_word' id='word_1_72' title='bbox 1755 1387 2173 1445; x_wconf 74' lang='lat' dir='ltr'><strong>transferantur.</strong></span> <span class='ocrx_word' id='word_1_73' title='bbox 2206 1388 2329 1445; x_wconf 89' lang='lat' dir='ltr'><strong>Per.</strong></span> 
     </span>
    </p>
   </div>
   <div class='ocr_carea' id='block_1_14' title="bbox 1667 1474 2123 1545">
    <p class='ocr_par' dir='ltr' id='par_1_14' title="bbox 1667 1474 2123 1545">
     <span class='ocr_line' id='line_1_15' title="bbox 1667 1474 2123 1545; baseline 0.009 -16"><span class='ocrx_word' id='word_1_74' title='bbox 1667 1474 1778 1545; x_wconf 77' lang='lat'><strong>29</strong></span> <span class='ocrx_word' id='word_1_75' title='bbox 1814 1476 2123 1533; x_wconf 75' lang='lat' dir='ltr'><strong>LXXXVII.</strong></span> 
     </span>
    </p>
   </div>
   <div class='ocr_carea' id='block_1_15' title="bbox 1172 1558 2686 1635">
    <p class='ocr_par' dir='ltr' id='par_1_15' title="bbox 1172 1558 2686 1635">
     <span class='ocr_line' id='line_1_16' title="bbox 1172 1558 2686 1635; baseline 0.013 -22"><span class='ocrx_word' id='word_1_76' title='bbox 1172 1558 1300 1615; x_wconf 64' lang='lat' dir='ltr'><strong>Hec</strong></span> <span class='ocrx_word' id='word_1_77' title='bbox 1346 1561 1543 1630; x_wconf 88' lang='lat' dir='ltr'><strong>hostia,</strong></span> <span class='ocrx_word' id='word_1_78' title='bbox 1594 1581 1926 1635; x_wconf 71' lang='lat' dir='ltr'><strong>quaesumus,</strong></span> <span class='ocrx_word' id='word_1_79' title='bbox 1974 1571 2220 1635; x_wconf 90' lang='lat' dir='ltr'><strong>Domine,</strong></span> <span class='ocrx_word' id='word_1_80' title='bbox 2266 1572 2478 1629; x_wconf 90' lang='lat' dir='ltr'><strong>vincula</strong></span> <span class='ocrx_word' id='word_1_81' title='bbox 2517 1578 2686 1633; x_wconf 84' lang='lat' dir='ltr'><strong>nostri</strong></span> 
     </span>
    </p>
   </div>
   <div class='ocr_carea' id='block_1_16' title="bbox 1094 1654 2689 1737">
    <p class='ocr_par' dir='ltr' id='par_1_16' title="bbox 1094 1654 2689 1737">
     <span class='ocr_line' id='line_1_17' title="bbox 1094 1654 2689 1737; baseline 0.013 -32"><span class='ocrx_word' id='word_1_82' title='bbox 1094 1660 1285 1708; x_wconf 84' lang='lat' dir='ltr'><strong>reatus</strong></span> <span class='ocrx_word' id='word_1_83' title='bbox 1311 1654 1578 1722; x_wconf 81' lang='lat' dir='ltr'><strong>absolvat,</strong></span> <span class='ocrx_word' id='word_1_84' title='bbox 1606 1668 1662 1713; x_wconf 91' lang='lat' dir='ltr'><strong>et</strong></span> <span class='ocrx_word' id='word_1_85' title='bbox 1690 1658 2057 1718; x_wconf 81' lang='lat' dir='ltr'><strong>intercedente</strong></span> <span class='ocrx_word' id='word_1_86' title='bbox 2080 1662 2143 1718; x_wconf 93' lang='grc' dir='ltr'><strong>Β.</strong></span> <span class='ocrx_word' id='word_1_87' title='bbox 2169 1663 2419 1721; x_wconf 78' lang='lat' dir='ltr'><strong>Matthan</strong></span> <span class='ocrx_word' id='word_1_88' title='bbox 2446 1669 2689 1737; x_wconf 85' lang='lat' dir='ltr'><strong>apostolo</strong></span> 
     </span>
    </p>
   </div>
   <div class='ocr_carea' id='block_1_17' title="bbox 1094 1742 2553 1823">
    <p class='ocr_par' dir='ltr' id='par_1_17' title="bbox 1094 1742 2553 1823">
     <span class='ocr_line' id='line_1_18' title="bbox 1094 1742 2553 1823; baseline 0.011 -28"><span class='ocrx_word' id='word_1_89' title='bbox 1094 1746 1194 1797; x_wconf 90' lang='lat' dir='ltr'><strong>tuo</strong></span> <span class='ocrx_word' id='word_1_90' title='bbox 1222 1742 1422 1799; x_wconf 87' lang='lat' dir='ltr'><strong>donum</strong></span> <span class='ocrx_word' id='word_1_91' title='bbox 1454 1746 1607 1803; x_wconf 89' lang='lat' dir='ltr'><strong>nobis</strong></span> <span class='ocrx_word' id='word_1_92' title='bbox 1638 1750 1827 1819; x_wconf 76' lang='lat' dir='ltr'><strong>gratiae</strong></span> <span class='ocrx_word' id='word_1_93' title='bbox 1860 1750 2097 1807; x_wconf 67' lang='lat' dir='ltr'><strong>caelestis</strong></span> <span class='ocrx_word' id='word_1_94' title='bbox 2127 1756 2397 1823; x_wconf 85' lang='lat' dir='ltr'><strong>acquirat.</strong></span> <span class='ocrx_word' id='word_1_95' title='bbox 2428 1756 2553 1813; x_wconf 89' lang='lat' dir='ltr'><strong>Per.</strong></span> 
     </span>
    </p>
   </div>
   <div class='ocr_carea' id='block_1_18' title="bbox 1706 1840 2038 1899">
    <p class='ocr_par' dir='ltr' id='par_1_18' title="bbox 1706 1840 2038 1899">
     <span class='ocr_line' id='line_1_19' title="bbox 1706 1840 2038 1899; baseline 0.006 -4"><span class='ocrx_word' id='word_1_96' title='bbox 1706 1840 2038 1899; x_wconf 75' lang='lat' dir='ltr'><strong>LXXXVIII.</strong></span> 
     </span>
    </p>
   </div>
   <div class='ocr_carea' id='block_1_19' title="bbox 2866 666 4155 737">
    <p class='ocr_par' dir='ltr' id='par_1_19' title="bbox 2866 666 4155 737">
     <span class='ocr_line' id='line_1_20' title="bbox 2866 666 4155 737; baseline 0.003 -17"><span class='ocrx_word' id='word_1_97' title='bbox 2866 666 3105 722; x_wconf 83' lang='lat' dir='ltr'><strong>Credere</strong></span> <span class='ocrx_word' id='word_1_98' title='bbox 3140 682 3208 722; x_wconf 91' lang='lat' dir='ltr'><strong>ne</strong></span> <span class='ocrx_word' id='word_1_99' title='bbox 3234 667 3451 724; x_wconf 85' lang='lat' dir='ltr'><strong>dubites</strong></span> <span class='ocrx_word' id='word_1_100' title='bbox 3480 682 3617 737; x_wconf 88' lang='lat' dir='ltr'><strong>quas</strong></span> <span class='ocrx_word' id='word_1_101' title='bbox 3647 676 3798 724; x_wconf 92' lang='lat' dir='ltr'><strong>tenet</strong></span> <span class='ocrx_word' id='word_1_102' title='bbox 3826 668 3967 723; x_wconf 87' lang='lat' dir='ltr'><strong>alma</strong></span> <span class='ocrx_word' id='word_1_103' title='bbox 3999 667 4155 726; x_wconf 90' lang='lat' dir='ltr'><strong>ﬁdes.</strong></span> 
     </span>
    </p>
   </div>
   <div class='ocr_carea' id='block_1_20' title="bbox 2794 755 3967 831">
    <p class='ocr_par' dir='ltr' id='par_1_20' title="bbox 2794 755 3967 831">
     <span class='ocr_line' id='line_1_21' title="bbox 2794 755 3967 831; baseline 0.004 -20"><span class='ocrx_word' id='word_1_104' title='bbox 2794 755 3025 813; x_wconf 80' lang='lat' dir='ltr'><strong>Istorum</strong></span> <span class='ocrx_word' id='word_1_105' title='bbox 3051 756 3185 813; x_wconf 85' lang='lat' dir='ltr'><strong>lines</strong></span> <span class='ocrx_word' id='word_1_106' title='bbox 3213 760 3407 825; x_wconf 89' lang='lat' dir='ltr'><strong>nescit,</strong></span> <span class='ocrx_word' id='word_1_107' title='bbox 3435 758 3528 828; x_wconf 89' lang='lat' dir='ltr'><strong>qui</strong></span> <span class='ocrx_word' id='word_1_108' title='bbox 3558 759 3783 831; x_wconf 88' lang='lat' dir='ltr'><strong>negligit</strong></span> <span class='ocrx_word' id='word_1_109' title='bbox 3811 760 3967 825; x_wconf 89' lang='lat' dir='ltr'><strong>istos,</strong></span> 
     </span>
    </p>
   </div>
   <div class='ocr_carea' id='block_1_21' title="bbox 2867 849 4013 923">
    <p class='ocr_par' dir='ltr' id='par_1_21' title="bbox 2867 849 4013 923">
     <span class='ocr_line' id='line_1_22' title="bbox 2867 849 4013 923; baseline 0.001 -19"><span class='ocrx_word' id='word_1_110' title='bbox 2867 849 3113 917; x_wconf 84' lang='lat' dir='ltr'><strong>Qualiter</strong></span> <span class='ocrx_word' id='word_1_111' title='bbox 3139 851 3379 906; x_wconf 70' lang='lat' dir='ltr'><strong>aetherea</strong></span> <span class='ocrx_word' id='word_1_112' title='bbox 3412 867 3580 923; x_wconf 90' lang='lat' dir='ltr'><strong>regna</strong></span> <span class='ocrx_word' id='word_1_113' title='bbox 3610 852 3772 907; x_wconf 89' lang='lat' dir='ltr'><strong>beata</strong></span> <span class='ocrx_word' id='word_1_114' title='bbox 3809 860 4013 909; x_wconf 90' lang='lat' dir='ltr'><strong>tenent.</strong></span> 
     </span>
    </p>
   </div>
   <div class='ocr_carea' id='block_1_22' title="bbox 2794 940 4211 1015">
    <p class='ocr_par' dir='ltr' id='par_1_22' title="bbox 2794 940 4211 1015">
     <span class='ocr_line' id='line_1_23' title="bbox 2794 940 4211 1015; baseline 0.004 -20"><span class='ocrx_word' id='word_1_115' title='bbox 2794 940 2981 997; x_wconf 64' lang='lat' dir='ltr'><strong>Castus</strong></span> <span class='ocrx_word' id='word_1_116' title='bbox 3015 944 3345 1011; x_wconf 83' lang='lat' dir='ltr'><strong>apostolicus</strong></span> <span class='ocrx_word' id='word_1_117' title='bbox 3372 944 3584 999; x_wconf 92' lang='lat' dir='ltr'><strong>Domini</strong></span> <span class='ocrx_word' id='word_1_118' title='bbox 3612 954 3881 1014; x_wconf 83' lang='lat' dir='ltr'><strong>praecepta</strong></span> <span class='ocrx_word' id='word_1_119' title='bbox 3911 943 4211 1015; x_wconf 86' lang='lat' dir='ltr'><strong>sequendo,</strong></span> 
     </span>
    </p>
   </div>
   <div class='ocr_carea' id='block_1_23' title="bbox 2865 1031 3994 1105">
    <p class='ocr_par' dir='ltr' id='par_1_23' title="bbox 2865 1031 3994 1105">
     <span class='ocr_line' id='line_1_24' title="bbox 2865 1031 3994 1105; baseline 0.006 -21"><span class='ocrx_word' id='word_1_120' title='bbox 2865 1031 2972 1085; x_wconf 90' lang='lat' dir='ltr'><strong>Per</strong></span> <span class='ocrx_word' id='word_1_121' title='bbox 2998 1031 3121 1087; x_wconf 86' lang='lat' dir='ltr'><strong>ﬁdei</strong></span> <span class='ocrx_word' id='word_1_122' title='bbox 3150 1034 3345 1105; x_wconf 83' lang='lat' dir='ltr'><strong>dogma</strong></span> <span class='ocrx_word' id='word_1_123' title='bbox 3378 1033 3561 1090; x_wconf 85' lang='lat' dir='ltr'><strong>clarus</strong></span> <span class='ocrx_word' id='word_1_124' title='bbox 3594 1034 3646 1088; x_wconf 91' lang='lat' dir='ltr'><strong>in</strong></span> <span class='ocrx_word' id='word_1_125' title='bbox 3676 1036 3809 1091; x_wconf 84' lang='lat' dir='ltr'><strong>orbe</strong></span> <span class='ocrx_word' id='word_1_126' title='bbox 3838 1036 3994 1091; x_wconf 89' lang='lat' dir='ltr'><strong>nitet.</strong></span> 
     </span>
    </p>
   </div>
   <div class='ocr_carea' id='block_1_24' title="bbox 2792 1121 4351 1197">
    <p class='ocr_par' dir='ltr' id='par_1_24' title="bbox 2792 1121 4351 1197">
     <span class='ocr_line' id='line_1_25' title="bbox 2792 1121 4351 1197; baseline 0.003 -21"><span class='ocrx_word' id='word_1_127' title='bbox 2792 1121 2903 1193; x_wconf 80' lang='lat'><strong>30</strong></span> <span class='ocrx_word' id='word_1_128' title='bbox 2939 1121 3039 1177; x_wconf 81' lang='lat' dir='ltr'><strong>Hic</strong></span> <span class='ocrx_word' id='word_1_129' title='bbox 3067 1124 3237 1179; x_wconf 83' lang='lat' dir='ltr'><strong>codex</strong></span> <span class='ocrx_word' id='word_1_130' title='bbox 3271 1126 3473 1181; x_wconf 86' lang='lat' dir='ltr'><strong>retinet</strong></span> <span class='ocrx_word' id='word_1_131' title='bbox 3498 1125 3739 1192; x_wconf 87' lang='lat' dir='ltr'><strong>Petrum,</strong></span> <span class='ocrx_word' id='word_1_132' title='bbox 3772 1125 4111 1197; x_wconf 80' lang='lat' dir='ltr'><strong>Paulumque</strong></span> <span class='ocrx_word' id='word_1_133' title='bbox 4142 1127 4351 1194; x_wconf 85' lang='lat' dir='ltr'><strong>beatos,</strong></span> 
     </span>
    </p>
   </div>
   <div class='ocr_carea' id='block_1_25' title="bbox 2864 1213 4386 1288">
    <p class='ocr_par' dir='ltr' id='par_1_25' title="bbox 2864 1213 4386 1288">
     <span class='ocr_line' id='line_1_26' title="bbox 2864 1213 4386 1288; baseline 0.003 -22"><span class='ocrx_word' id='word_1_134' title='bbox 2864 1213 2933 1267; x_wconf 86' lang='lat' dir='ltr'><strong>Et</strong></span> <span class='ocrx_word' id='word_1_135' title='bbox 2958 1214 3203 1284; x_wconf 84' lang='lat' dir='ltr'><strong>geminos</strong></span> <span class='ocrx_word' id='word_1_136' title='bbox 3222 1214 3477 1283; x_wconf 76' lang='lat' dir='ltr'><strong>Jacobos,</strong></span> <span class='ocrx_word' id='word_1_137' title='bbox 3511 1216 4077 1288; x_wconf 75' lang='lat' dir='ltr'><strong>Bartltolomaeumque</strong></span> <span class='ocrx_word' id='word_1_138' title='bbox 4098 1216 4386 1283; x_wconf 82' lang='lat' dir='ltr'><strong>Thomam,</strong></span> 
     </span>
    </p>
   </div>
   <div class='ocr_carea' id='block_1_26' title="bbox 2791 1301 4389 1378">
    <p class='ocr_par' dir='ltr' id='par_1_26' title="bbox 2791 1301 4389 1378">
     <span class='ocr_line' id='line_1_27' title="bbox 2791 1301 4389 1378; baseline 0.003 -22"><span class='ocrx_word' id='word_1_139' title='bbox 2791 1301 3374 1373; x_wconf 59' lang='lat' dir='ltr'><strong>Andream&#39;sanctum,</strong></span> <span class='ocrx_word' id='word_1_140' title='bbox 3410 1303 3709 1373; x_wconf 88' lang='lat' dir='ltr'><strong>Simonem,</strong></span> <span class='ocrx_word' id='word_1_141' title='bbox 3744 1304 4155 1377; x_wconf 82' lang='lat' dir='ltr'><strong>Thadaeumque</strong></span> <span class='ocrx_word' id='word_1_142' title='bbox 4183 1306 4389 1378; x_wconf 85' lang='lat' dir='ltr'><strong>Philip-</strong></span> 
     </span>
    </p>
   </div>
   <div class='ocr_carea' id='block_1_27' title="bbox 4119 1395 4297 1470">
    <p class='ocr_par' dir='ltr' id='par_1_27' title="bbox 4119 1395 4297 1470">
     <span class='ocr_line' id='line_1_28' title="bbox 4119 1395 4297 1470; baseline -0.017 -20"><span class='ocrx_word' id='word_1_143' title='bbox 4119 1395 4297 1470; x_wconf 72' lang='lat' dir='ltr'><strong>(pum,</strong></span> 
     </span>
    </p>
   </div>
   <div class='ocr_carea' id='block_1_28' title="bbox 2861 1482 3877 1560">
    <p class='ocr_par' dir='ltr' id='par_1_28' title="bbox 2861 1482 3877 1560">
     <span class='ocr_line' id='line_1_29' title="bbox 2861 1482 3877 1560; baseline 0.006 -21"><span class='ocrx_word' id='word_1_144' title='bbox 2861 1482 3235 1555; x_wconf 84' lang='lat' dir='ltr'><strong>Evangelistas</strong></span> <span class='ocrx_word' id='word_1_145' title='bbox 3259 1497 3494 1558; x_wconf 86' lang='lat' dir='ltr'><strong>quatuor</strong></span> <span class='ocrx_word' id='word_1_146' title='bbox 3520 1500 3577 1543; x_wconf 93' lang='lat' dir='ltr'><strong>et</strong></span> <span class='ocrx_word' id='word_1_147' title='bbox 3600 1503 3877 1560; x_wconf 83' lang='lat' dir='ltr'><strong>proceres,</strong></span> 
     </span>
    </p>
   </div>
   <div class='ocr_carea' id='block_1_29' title="bbox 2791 1571 4027 1649">
    <p class='ocr_par' dir='ltr' id='par_1_29' title="bbox 2791 1571 4027 1649">
     <span class='ocr_line' id='line_1_30' title="bbox 2791 1571 4027 1649; baseline 0.004 -23"><span class='ocrx_word' id='word_1_148' title='bbox 2791 1571 3096 1643; x_wconf 79' lang='lat' dir='ltr'><strong>Matthiam,</strong></span> <span class='ocrx_word' id='word_1_149' title='bbox 3124 1576 3329 1646; x_wconf 89' lang='lat' dir='ltr'><strong>pariter</strong></span> <span class='ocrx_word' id='word_1_150' title='bbox 3356 1577 3662 1633; x_wconf 87' lang='lat' dir='ltr'><strong>Barnabam</strong></span> <span class='ocrx_word' id='word_1_151' title='bbox 3701 1578 3848 1649; x_wconf 85' lang='lat' dir='ltr'><strong>regia</strong></span> <span class='ocrx_word' id='word_1_152' title='bbox 3879 1591 4027 1633; x_wconf 80' lang='lat' dir='ltr'><strong>vasa.</strong></span> 
     </span>
    </p>
   </div>
   <div class='ocr_carea' id='block_1_30' title="bbox 2794 1756 4166 1831">
    <p class='ocr_par' dir='ltr' id='par_1_30' title="bbox 2794 1756 4166 1831">
     <span class='ocr_line' id='line_1_31' title="bbox 2794 1756 4166 1831; baseline 0.004 -21"><span class='ocrx_word' id='word_1_153' title='bbox 2794 1756 2855 1812; x_wconf 86' lang='lat' dir='ltr'><strong>Hi</strong></span> <span class='ocrx_word' id='word_1_154' title='bbox 2884 1757 3089 1828; x_wconf 86' lang='lat' dir='ltr'><strong>lapides</strong></span> <span class='ocrx_word' id='word_1_155' title='bbox 3115 1758 3506 1831; x_wconf 72' lang='lat' dir='ltr'><strong>nitidi&#39;lulgent</strong></span> <span class='ocrx_word' id='word_1_156' title='bbox 3538 1761 3590 1815; x_wconf 92' lang='lat' dir='ltr'><strong>in</strong></span> <span class='ocrx_word' id='word_1_157' title='bbox 3622 1769 3914 1816; x_wconf 84' lang='lat' dir='ltr'><strong>stemmate</strong></span> <span class='ocrx_word' id='word_1_158' title='bbox 3936 1760 4166 1827; x_wconf 85' lang='lat' dir='ltr'><strong>Christi,</strong></span> 
     </span>
    </p>
   </div>
   <div class='ocr_carea' id='block_1_31' title="bbox 2860 1848 4081 1921">
    <p class='ocr_par' dir='ltr' id='par_1_31' title="bbox 2860 1848 4081 1921">
     <span class='ocr_line' id='line_1_32' title="bbox 2860 1848 4081 1921; baseline 0.002 -16"><span class='ocrx_word' id='word_1_159' title='bbox 2860 1848 3094 1905; x_wconf 87' lang='lat' dir='ltr'><strong>Climata</strong></span> <span class='ocrx_word' id='word_1_160' title='bbox 3126 1866 3224 1919; x_wconf 91' lang='lat' dir='ltr'><strong>per</strong></span> <span class='ocrx_word' id='word_1_161' title='bbox 3249 1852 3436 1906; x_wconf 91' lang='lat' dir='ltr'><strong>mundi</strong></span> <span class='ocrx_word' id='word_1_162' title='bbox 3463 1866 3599 1921; x_wconf 92' lang='lat' dir='ltr'><strong>quos</strong></span> <span class='ocrx_word' id='word_1_163' title='bbox 3631 1866 3899 1913; x_wconf 81' lang='lat' dir='ltr'><strong>venerare</strong></span> <span class='ocrx_word' id='word_1_164' title='bbox 3931 1851 4081 1907; x_wconf 90' lang='lat' dir='ltr'><strong>licet.</strong></span> 
     </span>
    </p>
   </div>
   <div class='ocr_carea' id='block_1_32' title="bbox 1162 1920 4249 2011">
    <p class='ocr_par' dir='ltr' id='par_1_32' title="bbox 1162 1920 4249 2011">
     <span class='ocr_line' id='line_1_33' title="bbox 1162 1920 4249 2011; baseline 0.007 -34"><span class='ocrx_word' id='word_1_165' title='bbox 1162 1920 1369 1979; x_wconf 64' lang='lat' dir='ltr'><strong>Praesta</strong></span> <span class='ocrx_word' id='word_1_166' title='bbox 1388 1966 1406 1991; x_wconf 91' lang='lat'><strong>,</strong></span> <span class='ocrx_word' id='word_1_167' title='bbox 1438 1941 1768 1997; x_wconf 69' lang='lat' dir='ltr'><strong>quaesumus,</strong></span> <span class='ocrx_word' id='word_1_168' title='bbox 1798 1935 2141 2002; x_wconf 87' lang='lat' dir='ltr'><strong>omnipotens</strong></span> <span class='ocrx_word' id='word_1_169' title='bbox 2169 1936 2334 2006; x_wconf 89' lang='lat' dir='ltr'><strong>Deus,</strong></span> <span class='ocrx_word' id='word_1_170' title='bbox 2364 1948 2425 1995; x_wconf 90' lang='lat' dir='ltr'><strong>ut</strong></span> <span class='ocrx_word' id='word_1_171' title='bbox 2450 1943 2539 2011; x_wconf 86' lang='lat' dir='ltr'><strong>qui</strong></span> <span class='ocrx_word' id='word_1_172' title='bbox 2570 1956 2686 1998; x_wconf 77' lang='lat' dir='ltr'><strong>cm-</strong></span> <span class='ocrx_word' id='word_1_173' title='bbox 2717 1925 2763 1985; x_wconf 78' lang='grc' dir='ltr'><strong>Β</strong></span> <span class='ocrx_word' id='word_1_174' title='bbox 2795 1939 2910 1995; x_wconf 86' lang='lat' dir='ltr'><strong>Una</strong></span> <span class='ocrx_word' id='word_1_175' title='bbox 2938 1941 3070 1995; x_wconf 90' lang='lat' dir='ltr'><strong>ﬁdes</strong></span> <span class='ocrx_word' id='word_1_176' title='bbox 3110 1942 3301 2009; x_wconf 90' lang='lat' dir='ltr'><strong>tenuit,</strong></span> <span class='ocrx_word' id='word_1_177' title='bbox 3335 1920 3645 2011; x_wconf 20' lang='lat' dir='ltr'><strong>quosinunc</strong></span> <span class='ocrx_word' id='word_1_178' title='bbox 3676 1951 3825 1998; x_wconf 85' lang='lat' dir='ltr'><strong>tenet</strong></span> <span class='ocrx_word' id='word_1_179' title='bbox 3854 1942 3994 1996; x_wconf 87' lang='lat' dir='ltr'><strong>alma</strong></span> <span class='ocrx_word' id='word_1_180' title='bbox 4024 1954 4249 2009; x_wconf 79' lang='lat' dir='ltr'><strong>corona,</strong></span> 
     </span>
    </p>
   </div>
   <div class='ocr_carea' id='block_1_33' title="bbox 1090 2008 2687 2089">
    <p class='ocr_par' dir='ltr' id='par_1_33' title="bbox 1090 2008 2687 2089">
     <span class='ocr_line' id='line_1_34' title="bbox 1090 2008 2687 2089; baseline 0.013 -24"><span class='ocrx_word' id='word_1_181' title='bbox 1090 2008 1251 2067; x_wconf 80' lang='lat' dir='ltr'><strong>Iestia</strong></span> <span class='ocrx_word' id='word_1_182' title='bbox 1307 2014 1445 2070; x_wconf 92' lang='lat' dir='ltr'><strong>dona</strong></span> <span class='ocrx_word' id='word_1_183' title='bbox 1484 2020 1864 2088; x_wconf 88' lang='lat' dir='ltr'><strong>percepimus,</strong></span> <span class='ocrx_word' id='word_1_184' title='bbox 1914 2025 2289 2083; x_wconf 87' lang='lat' dir='ltr'><strong>intercedente</strong></span> <span class='ocrx_word' id='word_1_185' title='bbox 2337 2029 2398 2084; x_wconf 89' lang='grc' dir='ltr'><strong>Β.</strong></span> <span class='ocrx_word' id='word_1_186' title='bbox 2433 2008 2687 2089; x_wconf 68' lang='lat' dir='ltr'><strong>blatthaao</strong></span> 
     </span>
    </p>
   </div>
   <div class='ocr_carea' id='block_1_34' title="bbox 1090 2100 2685 2180">
    <p class='ocr_par' dir='ltr' id='par_1_34' title="bbox 1090 2100 2685 2180">
     <span class='ocr_line' id='line_1_35' title="bbox 1090 2100 2685 2180; baseline 0.018 -29"><span class='ocrx_word' id='word_1_187' title='bbox 1090 2100 1340 2169; x_wconf 76' lang='lat' dir='ltr'><strong>apostolo</strong></span> <span class='ocrx_word' id='word_1_188' title='bbox 1368 2110 1479 2168; x_wconf 91' lang='lat' dir='ltr'><strong>tuo,</strong></span> <span class='ocrx_word' id='word_1_189' title='bbox 1508 2121 1605 2175; x_wconf 90' lang='lat' dir='ltr'><strong>per</strong></span> <span class='ocrx_word' id='word_1_190' title='bbox 1633 2109 1747 2165; x_wconf 73' lang='lat' dir='ltr'><strong>haec</strong></span> <span class='ocrx_word' id='word_1_191' title='bbox 1774 2112 1841 2165; x_wconf 88' lang='lat' dir='ltr'><strong>ad</strong></span> <span class='ocrx_word' id='word_1_192' title='bbox 1866 2121 2086 2169; x_wconf 80' lang='lat' dir='ltr'><strong>:eternae</strong></span> <span class='ocrx_word' id='word_1_193' title='bbox 2114 2115 2425 2177; x_wconf 83' lang='lat' dir='ltr'><strong>retectionis</strong></span> <span class='ocrx_word' id='word_1_194' title='bbox 2450 2123 2685 2180; x_wconf 84' lang='lat' dir='ltr'><strong>esuriem</strong></span> 
     </span>
    </p>
   </div>
   <div class='ocr_carea' id='block_1_35' title="bbox 1090 2194 1623 2257">
    <p class='ocr_par' dir='ltr' id='par_1_35' title="bbox 1090 2194 1623 2257">
     <span class='ocr_line' id='line_1_36' title="bbox 1090 2194 1623 2257; baseline 0.013 -14"><span class='ocrx_word' id='word_1_195' title='bbox 1090 2201 1474 2257; x_wconf 82' lang='lat' dir='ltr'><strong>provocemur.</strong></span> <span class='ocrx_word' id='word_1_196' title='bbox 1499 2194 1623 2250; x_wconf 88' lang='lat' dir='ltr'><strong>Per.</strong></span> 
     </span>
    </p>
   </div>
   <div class='ocr_carea' id='block_1_36' title="bbox 1253 2278 2526 2370">
    <p class='ocr_par' dir='ltr' id='par_1_36' title="bbox 1253 2278 2526 2370">
     <span class='ocr_line' id='line_1_37' title="bbox 1253 2278 2526 2370; baseline 0.019 -37"><span class='ocrx_word' id='word_1_197' title='bbox 1253 2278 1538 2337; x_wconf 78' lang='lat' dir='ltr'><strong>LXXXIX.</strong></span> <span class='ocrx_word' id='word_1_198' title='bbox 1581 2285 1748 2342; x_wconf 80' lang='lat' dir='ltr'><strong>Missa</strong></span> <span class='ocrx_word' id='word_1_199' title='bbox 1787 2290 1852 2345; x_wconf 81' lang='lat' dir='ltr'><strong>de</strong></span> <span class='ocrx_word' id='word_1_200' title='bbox 1892 2290 1955 2349; x_wconf 86' lang='lat' dir='ltr'><strong>S.</strong></span> <span class='ocrx_word' id='word_1_201' title='bbox 1980 2291 2232 2352; x_wconf 82' lang='lat' dir='ltr'><strong>Burnaba</strong></span> <span class='ocrx_word' id='word_1_202' title='bbox 2272 2301 2526 2370; x_wconf 82' lang='lat' dir='ltr'><strong>apostolo.</strong></span> 
     </span>
    </p>
   </div>
   <div class='ocr_carea' id='block_1_37' title="bbox 1163 2382 2682 2553">
    <p class='ocr_par' dir='ltr' id='par_1_37' title="bbox 1163 2382 2682 2553">
     <span class='ocr_line' id='line_1_38' title="bbox 1163 2382 2682 2553; baseline 0.015 -36"><span class='ocrx_word' id='word_1_203' title='bbox 1163 2460 1331 2532; x_wconf 72' lang='lat' dir='ltr'><strong>Deus,</strong></span> <span class='ocrx_word' id='word_1_204' title='bbox 1360 2466 1453 2535; x_wconf 93' lang='lat' dir='ltr'><strong>qui</strong></span> <span class='ocrx_word' id='word_1_205' title='bbox 1498 2466 1559 2521; x_wconf 88' lang='grc' dir='ltr'><strong>Β.</strong></span> <span class='ocrx_word' id='word_1_206' title='bbox 1584 2382 2199 2545; x_wconf 45' lang='grc' dir='ltr'><strong>Βθτηθιέιιῖηὲέοειοιίε</strong></span> <span class='ocrx_word' id='word_1_207' title='bbox 2232 2481 2339 2536; x_wconf 90' lang='lat' dir='ltr'><strong>tuis</strong></span> <span class='ocrx_word' id='word_1_208' title='bbox 2387 2482 2440 2537; x_wconf 92' lang='lat' dir='ltr'><strong>in</strong></span> <span class='ocrx_word' id='word_1_209' title='bbox 2487 2484 2682 2553; x_wconf 72' lang='lat' dir='ltr'><strong>praedi-</strong></span> 
     </span>
    </p>
   </div>
   <div class='ocr_carea' id='block_1_38' title="bbox 1088 2555 2682 2645">
    <p class='ocr_par' dir='ltr' id='par_1_38' title="bbox 1088 2555 2682 2645">
     <span class='ocr_line' id='line_1_39' title="bbox 1088 2555 2682 2645; baseline 0.017 -32"><span class='ocrx_word' id='word_1_210' title='bbox 1088 2555 1308 2613; x_wconf 84' lang='lat' dir='ltr'><strong>catione</strong></span> <span class='ocrx_word' id='word_1_211' title='bbox 1356 2562 1607 2629; x_wconf 86' lang='lat' dir='ltr'><strong>sociasti,</strong></span> <span class='ocrx_word' id='word_1_212' title='bbox 1665 2568 1732 2620; x_wconf 89' lang='lat' dir='ltr'><strong>ad</strong></span> <span class='ocrx_word' id='word_1_213' title='bbox 1786 2568 1904 2638; x_wconf 86' lang='lat' dir='ltr'><strong>ejus</strong></span> <span class='ocrx_word' id='word_1_214' title='bbox 1958 2588 2090 2638; x_wconf 84' lang='lat' dir='ltr'><strong>nos,</strong></span> <span class='ocrx_word' id='word_1_215' title='bbox 2132 2590 2468 2645; x_wconf 68' lang='lat' dir='ltr'><strong>quaesumus,</strong></span> <span class='ocrx_word' id='word_1_216' title='bbox 2506 2582 2682 2639; x_wconf 91' lang='lat' dir='ltr'><strong>tribue</strong></span> 
     </span>
    </p>
   </div>
   <div class='ocr_carea' id='block_1_39' title="bbox 1087 2647 2682 2739">
    <p class='ocr_par' dir='ltr' id='par_1_39' title="bbox 1087 2647 2682 2739">
     <span class='ocr_line' id='line_1_40' title="bbox 1087 2647 2682 2739; baseline 0.019 -42"><span class='ocrx_word' id='word_1_217' title='bbox 1087 2647 1378 2716; x_wconf 80' lang='lat' dir='ltr'><strong>pervenire</strong></span> <span class='ocrx_word' id='word_1_218' title='bbox 1421 2656 1778 2722; x_wconf 83' lang='lat' dir='ltr'><strong>consortium,</strong></span> <span class='ocrx_word' id='word_1_219' title='bbox 1831 2660 1986 2731; x_wconf 83' lang='lat' dir='ltr'><strong>cujus</strong></span> <span class='ocrx_word' id='word_1_220' title='bbox 2038 2662 2335 2733; x_wconf 87' lang='lat' dir='ltr'><strong>gloriosum</strong></span> <span class='ocrx_word' id='word_1_221' title='bbox 2384 2671 2682 2739; x_wconf 87' lang='lat' dir='ltr'><strong>gaudemus</strong></span> 
     </span>
    </p>
   </div>
   <div class='ocr_carea' id='block_1_40' title="bbox 1092 2732 1909 2813">
    <p class='ocr_par' dir='ltr' id='par_1_40' title="bbox 1092 2732 1909 2813">
     <span class='ocr_line' id='line_1_41' title="bbox 1092 2732 1909 2813; baseline 0.018 -25"><span class='ocrx_word' id='word_1_222' title='bbox 1092 2732 1377 2794; x_wconf 87' lang='lat' dir='ltr'><strong>celebrare</strong></span> <span class='ocrx_word' id='word_1_223' title='bbox 1404 2742 1755 2813; x_wconf 85' lang='lat' dir='ltr'><strong>triumphum.</strong></span> <span class='ocrx_word' id='word_1_224' title='bbox 1783 2746 1909 2803; x_wconf 86' lang='lat' dir='ltr'><strong>Per.</strong></span> 
     </span>
    </p>
   </div>
   <div class='ocr_carea' id='block_1_41' title="bbox 1159 2914 2676 3005">
    <p class='ocr_par' dir='ltr' id='par_1_41' title="bbox 1159 2914 2676 3005">
     <span class='ocr_line' id='line_1_42' title="bbox 1159 2914 2676 3005; baseline 0.018 -31"><span class='ocrx_word' id='word_1_225' title='bbox 1159 2914 1352 2975; x_wconf 83' lang='lat' dir='ltr'><strong>Oblata</strong></span> <span class='ocrx_word' id='word_1_226' title='bbox 1393 2938 1640 2993; x_wconf 90' lang='lat' dir='ltr'><strong>munera,</strong></span> <span class='ocrx_word' id='word_1_227' title='bbox 1685 2943 2027 2999; x_wconf 46' lang='lat' dir='ltr'><strong>quaesumus;</strong></span> <span class='ocrx_word' id='word_1_228' title='bbox 2050 2935 2298 3005; x_wconf 89' lang='lat' dir='ltr'><strong>Domine,</strong></span> <span class='ocrx_word' id='word_1_229' title='bbox 2332 2950 2416 2996; x_wconf 90' lang='lat' dir='ltr'><strong>tua</strong></span> <span class='ocrx_word' id='word_1_230' title='bbox 2452 2942 2676 3001; x_wconf 86' lang='lat' dir='ltr'><strong>benedi—</strong></span> 
     </span>
    </p>
   </div>
   <div class='ocr_carea' id='block_1_42' title="bbox 1086 3010 2674 3094">
    <p class='ocr_par' dir='ltr' id='par_1_42' title="bbox 1086 3010 2674 3094">
     <span class='ocr_line' id='line_1_43' title="bbox 1086 3010 2674 3094; baseline 0.016 -27"><span class='ocrx_word' id='word_1_231' title='bbox 1086 3010 1273 3067; x_wconf 81' lang='lat' dir='ltr'><strong>ctione</strong></span> <span class='ocrx_word' id='word_1_232' title='bbox 1315 3017 1614 3085; x_wconf 81' lang='lat' dir='ltr'><strong>sauctiﬁca,</strong></span> <span class='ocrx_word' id='word_1_233' title='bbox 1661 3035 1782 3090; x_wconf 68' lang='lat' dir='ltr'><strong>qua:</strong></span> <span class='ocrx_word' id='word_1_234' title='bbox 1812 3031 1883 3089; x_wconf 91' lang='lat' dir='ltr'><strong>te,</strong></span> <span class='ocrx_word' id='word_1_235' title='bbox 1912 3025 2183 3094; x_wconf 88' lang='lat' dir='ltr'><strong>donante,</strong></span> <span class='ocrx_word' id='word_1_236' title='bbox 2214 3030 2304 3084; x_wconf 89' lang='lat' dir='ltr'><strong>illa</strong></span> <span class='ocrx_word' id='word_1_237' title='bbox 2337 3048 2438 3088; x_wconf 90' lang='lat' dir='ltr'><strong>nos</strong></span> <span class='ocrx_word' id='word_1_238' title='bbox 2460 3034 2674 3093; x_wconf 85' lang='lat' dir='ltr'><strong>ﬂamma</strong></span> 
     </span>
    </p>
   </div>
   <div class='ocr_carea' id='block_1_43' title="bbox 1086 3105 2676 3190">
    <p class='ocr_par' dir='ltr' id='par_1_43' title="bbox 1086 3105 2676 3190">
     <span class='ocr_line' id='line_1_44' title="bbox 1086 3105 2676 3190; baseline 0.019 -35"><span class='ocrx_word' id='word_1_239' title='bbox 1086 3109 1199 3158; x_wconf 61' lang='lat' dir='ltr'><strong>tua;</strong></span> <span class='ocrx_word' id='word_1_240' title='bbox 1238 3105 1540 3163; x_wconf 86' lang='lat' dir='ltr'><strong>dilectionis</strong></span> <span class='ocrx_word' id='word_1_241' title='bbox 1588 3116 1881 3181; x_wconf 87' lang='lat' dir='ltr'><strong>accendat,</strong></span> <span class='ocrx_word' id='word_1_242' title='bbox 1934 3131 2033 3185; x_wconf 90' lang='lat' dir='ltr'><strong>per</strong></span> <span class='ocrx_word' id='word_1_243' title='bbox 2076 3135 2238 3190; x_wconf 85' lang='lat' dir='ltr'><strong>quam</strong></span> <span class='ocrx_word' id='word_1_244' title='bbox 2292 3122 2353 3177; x_wconf 86' lang='lat' dir='ltr'><strong>B.</strong></span> <span class='ocrx_word' id='word_1_245' title='bbox 2400 3124 2676 3186; x_wconf 80' lang='lat' dir='ltr'><strong>Barnabas</strong></span> 
     </span>
    </p>
   </div>
   <div class='ocr_carea' id='block_1_44' title="bbox 1088 3193 2355 3269">
    <p class='ocr_par' dir='ltr' id='par_1_44' title="bbox 1088 3193 2355 3269">
     <span class='ocr_line' id='line_1_45' title="bbox 1088 3193 2355 3269; baseline 0.017 -22"><span class='ocrx_word' id='word_1_246' title='bbox 1088 3193 1274 3249; x_wconf 84' lang='lat' dir='ltr'><strong>omnia</strong></span> <span class='ocrx_word' id='word_1_247' title='bbox 1300 3197 1383 3250; x_wconf 86' lang='lat' dir='ltr'><strong>sui</strong></span> <span class='ocrx_word' id='word_1_248' title='bbox 1410 3202 1655 3269; x_wconf 88' lang='lat' dir='ltr'><strong>corporis</strong></span> <span class='ocrx_word' id='word_1_249' title='bbox 1689 3212 1957 3260; x_wconf 89' lang='lat' dir='ltr'><strong>tormenta</strong></span> <span class='ocrx_word' id='word_1_250' title='bbox 1987 3209 2203 3265; x_wconf 77' lang='lat' dir='ltr'><strong>devicit.</strong></span> <span class='ocrx_word' id='word_1_251' title='bbox 2235 3210 2355 3268; x_wconf 86' lang='lat' dir='ltr'><strong>Per.</strong></span> 
     </span>
    </p>
   </div>
   <div class='ocr_carea' id='block_1_45' title="bbox 1577 3291 2205 3355">
    <p class='ocr_par' dir='ltr' id='par_1_45' title="bbox 1577 3291 2205 3355">
     <span class='ocr_line' id='line_1_46' title="bbox 1577 3291 2205 3355; baseline 0.019 -12"><span class='ocrx_word' id='word_1_252' title='bbox 1577 3291 1711 3346; x_wconf 81' lang='lat' dir='ltr'><strong>XCI.</strong></span> <span class='ocrx_word' id='word_1_253' title='bbox 1755 3291 2205 3355; x_wconf 83' lang='lat' dir='ltr'><strong>Postcemmum&#39;o.</strong></span> 
     </span>
    </p>
   </div>
   <div class='ocr_carea' id='block_1_46' title="bbox 1161 3371 2673 3473">
    <p class='ocr_par' dir='ltr' id='par_1_46' title="bbox 1161 3371 2673 3473">
     <span class='ocr_line' id='line_1_47' title="bbox 1161 3371 2673 3473; baseline 0.019 -44"><span class='ocrx_word' id='word_1_254' title='bbox 1161 3371 1411 3431; x_wconf 73' lang='lat' dir='ltr'><strong>Ctelestis</strong></span> <span class='ocrx_word' id='word_1_255' title='bbox 1466 3393 1666 3436; x_wconf 69' lang='lat' dir='ltr'><strong>mensae</strong></span> <span class='ocrx_word' id='word_1_256' title='bbox 1722 3384 1950 3453; x_wconf 83' lang='lat' dir='ltr'><strong>dapibus</strong></span> <span class='ocrx_word' id='word_1_257' title='bbox 2014 3392 2285 3457; x_wconf 87' lang='lat' dir='ltr'><strong>recreati,</strong></span> <span class='ocrx_word' id='word_1_258' title='bbox 2342 3409 2673 3473; x_wconf 75' lang='lat' dir='ltr'><strong>quaesumus,</strong></span> 
     </span>
    </p>
   </div>
   <div class='ocr_carea' id='block_1_47' title="bbox 1084 3473 2676 3563">
    <p class='ocr_par' dir='ltr' id='par_1_47' title="bbox 1084 3473 2676 3563">
     <span class='ocr_line' id='line_1_48' title="bbox 1084 3473 2676 3563; baseline 0.013 -34"><span class='ocrx_word' id='word_1_259' title='bbox 1084 3473 1429 3545; x_wconf 89' lang='lat' dir='ltr'><strong>omnipotens</strong></span> <span class='ocrx_word' id='word_1_260' title='bbox 1455 3478 1615 3545; x_wconf 89' lang='lat' dir='ltr'><strong>Deus,</strong></span> <span class='ocrx_word' id='word_1_261' title='bbox 1649 3489 1727 3549; x_wconf 89' lang='lat' dir='ltr'><strong>ut,</strong></span> <span class='ocrx_word' id='word_1_262' title='bbox 1764 3484 2134 3546; x_wconf 89' lang='lat' dir='ltr'><strong>intercedente</strong></span> <span class='ocrx_word' id='word_1_263' title='bbox 2176 3489 2237 3545; x_wconf 89' lang='grc' dir='ltr'><strong>Β.</strong></span> <span class='ocrx_word' id='word_1_264' title='bbox 2262 3492 2512 3551; x_wconf 85' lang='lat' dir='ltr'><strong>Barnaba</strong></span> <span class='ocrx_word' id='word_1_265' title='bbox 2544 3510 2676 3563; x_wconf 84' lang='lat' dir='ltr'><strong>apo-</strong></span> 
     </span>
    </p>
   </div>
   <div class='ocr_carea' id='block_1_48' title="bbox 1086 3560 2678 3647">
    <p class='ocr_par' dir='ltr' id='par_1_48' title="bbox 1086 3560 2678 3647">
     <span class='ocr_line' id='line_1_49' title="bbox 1086 3560 2678 3647; baseline 0.018 -30"><span class='ocrx_word' id='word_1_266' title='bbox 1086 3560 1229 3618; x_wconf 75' lang='lat' dir='ltr'><strong>stolo</strong></span> <span class='ocrx_word' id='word_1_267' title='bbox 1266 3573 1378 3632; x_wconf 91' lang='lat' dir='ltr'><strong>tuo,</strong></span> <span class='ocrx_word' id='word_1_268' title='bbox 1410 3571 1552 3638; x_wconf 89' lang='lat' dir='ltr'><strong>quod</strong></span> <span class='ocrx_word' id='word_1_269' title='bbox 1582 3586 1678 3627; x_wconf 91' lang='lat' dir='ltr'><strong>ore</strong></span> <span class='ocrx_word' id='word_1_270' title='bbox 1707 3577 2047 3647; x_wconf 86' lang='lat' dir='ltr'><strong>percepimus</strong></span> <span class='ocrx_word' id='word_1_271' title='bbox 2084 3580 2300 3640; x_wconf 88' lang='lat' dir='ltr'><strong>sincera</strong></span> <span class='ocrx_word' id='word_1_272' title='bbox 2332 3594 2516 3645; x_wconf 86' lang='lat' dir='ltr'><strong>mente</strong></span> <span class='ocrx_word' id='word_1_273' title='bbox 2561 3603 2678 3644; x_wconf 89' lang='lat' dir='ltr'><strong>ser-</strong></span> 
     </span>
    </p>
   </div>
   <div class='ocr_carea' id='block_1_49' title="bbox 1085 3654 1450 3713">
    <p class='ocr_par' dir='ltr' id='par_1_49' title="bbox 1085 3654 1450 3713">
     <span class='ocr_line' id='line_1_50' title="bbox 1085 3654 1450 3713; baseline 0.016 -8"><span class='ocrx_word' id='word_1_274' title='bbox 1085 3664 1309 3713; x_wconf 66' lang='lat' dir='ltr'><strong>vemus.</strong></span> <span class='ocrx_word' id='word_1_275' title='bbox 1325 3654 1450 3713; x_wconf 88' lang='lat' dir='ltr'><strong>Per.</strong></span> 
     </span>
    </p>
   </div>
   <div class='ocr_carea' id='block_1_50' title="bbox 1491 3749 2276 3833">
    <p class='ocr_par' dir='ltr' id='par_1_50' title="bbox 1491 3749 2276 3833">
     <span class='ocr_line' id='line_1_51' title="bbox 1491 3749 2276 3833; baseline 0.024 -31"><span class='ocrx_word' id='word_1_276' title='bbox 1491 3749 1646 3806; x_wconf 81' lang='lat' dir='ltr'><strong>XCII.</strong></span> <span class='ocrx_word' id='word_1_277' title='bbox 1690 3752 1877 3812; x_wconf 83' lang='lat' dir='ltr'><strong>Oratio</strong></span> <span class='ocrx_word' id='word_1_278' title='bbox 1911 3760 1982 3814; x_wconf 87' lang='lat' dir='ltr'><strong>ad</strong></span> <span class='ocrx_word' id='word_1_279' title='bbox 2014 3771 2276 3833; x_wconf 66' lang='grc' dir='ltr'><strong>νέφει-αι.</strong></span> 
     </span>
    </p>
   </div>
   <div class='ocr_carea' id='block_1_51' title="bbox 1164 3831 2677 3928">
    <p class='ocr_par' dir='ltr' id='par_1_51' title="bbox 1164 3831 2677 3928">
     <span class='ocr_line' id='line_1_52' title="bbox 1164 3831 2677 3928; baseline 0.022 -42"><span class='ocrx_word' id='word_1_280' title='bbox 1164 3831 1325 3928; x_wconf 55' lang='lat' dir='ltr'><strong>De“,</strong></span> <span class='ocrx_word' id='word_1_281' title='bbox 1354 3838 1445 3906; x_wconf 86' lang='lat' dir='ltr'><strong>qui</strong></span> <span class='ocrx_word' id='word_1_282' title='bbox 1489 3839 1550 3893; x_wconf 87' lang='grc' dir='ltr'><strong>Β.</strong></span> <span class='ocrx_word' id='word_1_283' title='bbox 1577 3840 1840 3902; x_wconf 78' lang='lat' dir='ltr'><strong>Barnabas</strong></span> <span class='ocrx_word' id='word_1_284' title='bbox 1882 3831 2131 3919; x_wconf 86' lang='lat' dir='ltr'><strong>apostolo</strong></span> <span class='ocrx_word' id='word_1_285' title='bbox 2179 3865 2272 3911; x_wconf 92' lang='lat' dir='ltr'><strong>tuo</strong></span> <span class='ocrx_word' id='word_1_286' title='bbox 2311 3866 2432 3928; x_wconf 89' lang='lat' dir='ltr'><strong>post</strong></span> <span class='ocrx_word' id='word_1_287' title='bbox 2472 3861 2677 3919; x_wconf 68' lang='lat' dir='ltr'><strong>adusta</strong></span> 
     </span>
    </p>
   </div>
   <div class='ocr_carea' id='block_1_52' title="bbox 1088 3924 2673 4021">
    <p class='ocr_par' dir='ltr' id='par_1_52' title="bbox 1088 3924 2673 4021">
     <span class='ocr_line' id='line_1_53' title="bbox 1088 3924 2673 4021; baseline 0.021 -46"><span class='ocrx_word' id='word_1_288' title='bbox 1088 3924 1273 3980; x_wconf 89' lang='lat' dir='ltr'><strong>carnis</strong></span> <span class='ocrx_word' id='word_1_289' title='bbox 1300 3926 1545 3984; x_wconf 88' lang='lat' dir='ltr'><strong>incendia</strong></span> <span class='ocrx_word' id='word_1_290' title='bbox 1573 3934 1810 3992; x_wconf 70' lang='lat' dir='ltr'><strong>caelestis</strong></span> <span class='ocrx_word' id='word_1_291' title='bbox 1830 3939 2014 4008; x_wconf 70' lang='lat' dir='ltr'><strong>gloriae</strong></span> <span class='ocrx_word' id='word_1_292' title='bbox 2041 3924 2385 4017; x_wconf 79' lang='lat' dir='ltr'><strong>refrigerium</strong></span> <span class='ocrx_word' id='word_1_293' title='bbox 2411 3952 2673 4021; x_wconf 73' lang='lat' dir='ltr'><strong>tribuisti,</strong></span> 
     </span>
    </p>
   </div>
   <div class='ocr_carea' id='block_1_53' title="bbox 1086 4014 2673 4102">
    <p class='ocr_par' dir='ltr' id='par_1_53' title="bbox 1086 4014 2673 4102">
     <span class='ocr_line' id='line_1_54' title="bbox 1086 4014 2673 4102; baseline 0.022 -39"><span class='ocrx_word' id='word_1_294' title='bbox 1086 4019 1257 4067; x_wconf 65' lang='lat' dir='ltr'><strong>aestus</strong></span> <span class='ocrx_word' id='word_1_295' title='bbox 1312 4014 1364 4069; x_wconf 90' lang='lat' dir='ltr'><strong>in</strong></span> <span class='ocrx_word' id='word_1_296' title='bbox 1411 4017 1589 4085; x_wconf 90' lang='lat' dir='ltr'><strong>nobis,</strong></span> <span class='ocrx_word' id='word_1_297' title='bbox 1638 4036 1971 4093; x_wconf 63' lang='lat' dir='ltr'><strong>quaesumus,</strong></span> <span class='ocrx_word' id='word_1_298' title='bbox 2019 4014 2331 4102; x_wconf 80' lang='lat' dir='ltr'><strong>passionum</strong></span> <span class='ocrx_word' id='word_1_299' title='bbox 2376 4042 2673 4098; x_wconf 79' lang='lat' dir='ltr'><strong>carnalium</strong></span> 
     </span>
    </p>
   </div>
   <div class='ocr_carea' id='block_1_54' title="bbox 1086 4103 2671 4197">
    <p class='ocr_par' dir='ltr' id='par_1_54' title="bbox 1086 4103 2671 4197">
     <span class='ocr_line' id='line_1_55' title="bbox 1086 4103 2671 4197; baseline 0.021 -42"><span class='ocrx_word' id='word_1_300' title='bbox 1086 4103 1343 4172; x_wconf 86' lang='lat' dir='ltr'><strong>reprime,</strong></span> <span class='ocrx_word' id='word_1_301' title='bbox 1355 4114 1410 4161; x_wconf 91' lang='lat' dir='ltr'><strong>et</strong></span> <span class='ocrx_word' id='word_1_302' title='bbox 1420 4112 1582 4167; x_wconf 90' lang='lat' dir='ltr'><strong>corda</strong></span> <span class='ocrx_word' id='word_1_303' title='bbox 1597 4125 1781 4170; x_wconf 86' lang='lat' dir='ltr'><strong>nostra</strong></span> <span class='ocrx_word' id='word_1_304' title='bbox 1799 4120 1987 4189; x_wconf 69' lang='lat' dir='ltr'><strong>gratiae</strong></span> <span class='ocrx_word' id='word_1_305' title='bbox 2003 4131 2106 4179; x_wconf 76' lang='lat' dir='ltr'><strong>tuae</strong></span> <span class='ocrx_word' id='word_1_306' title='bbox 2120 4141 2241 4182; x_wconf 91' lang='lat' dir='ltr'><strong>rore</strong></span> <span class='ocrx_word' id='word_1_307' title='bbox 2253 4130 2533 4197; x_wconf 82' lang='lat' dir='ltr'><strong>perfunde.</strong></span> <span class='ocrx_word' id='word_1_308' title='bbox 2548 4134 2671 4190; x_wconf 87' lang='lat' dir='ltr'><strong>Per.</strong></span> 
     </span>
    </p>
   </div>
   <div class='ocr_carea' id='block_1_55' title="bbox 1322 4195 2431 4283">
    <p class='ocr_par' dir='ltr' id='par_1_55' title="bbox 1322 4195 2431 4283">
     <span class='ocr_line' id='line_1_56' title="bbox 1322 4195 2431 4283; baseline 0.023 -34"><span class='ocrx_word' id='word_1_309' title='bbox 1322 4195 1504 4253; x_wconf 80' lang='lat' dir='ltr'><strong>XCIII.</strong></span> <span class='ocrx_word' id='word_1_310' title='bbox 1556 4200 1749 4259; x_wconf 79' lang='lat' dir='ltr'><strong>Versus</strong></span> <span class='ocrx_word' id='word_1_311' title='bbox 1775 4208 1840 4262; x_wconf 84' lang='lat' dir='ltr'><strong>de</strong></span> <span class='ocrx_word' id='word_1_312' title='bbox 1869 4214 2026 4278; x_wconf 79' lang='lat' dir='ltr'><strong>gestis</strong></span> <span class='ocrx_word' id='word_1_313' title='bbox 2053 4195 2431 4283; x_wconf 80' lang='lat' dir='ltr'><strong>apostolorum.</strong></span> 
     </span>
    </p>
   </div>
   <div class='ocr_carea' id='block_1_56' title="bbox 1084 4279 2603 4379">
    <p class='ocr_par' dir='ltr' id='par_1_56' title="bbox 1084 4279 2603 4379">
     <span class='ocr_line' id='line_1_57' title="bbox 1084 4279 2603 4379; baseline 0.023 -45"><span class='ocrx_word' id='word_1_314' title='bbox 1084 4279 1340 4379; x_wconf 69' lang='lat' dir='ltr'><strong>Continet</strong></span> <span class='ocrx_word' id='word_1_315' title='bbox 1365 4286 1468 4343; x_wconf 90' lang='lat' dir='ltr'><strong>hoc</strong></span> <span class='ocrx_word' id='word_1_316' title='bbox 1494 4304 1693 4361; x_wconf 90' lang='lat' dir='ltr'><strong>corpus</strong></span> <span class='ocrx_word' id='word_1_317' title='bbox 1715 4293 1984 4363; x_wconf 84' lang='lat' dir='ltr'><strong>Christus,</strong></span> <span class='ocrx_word' id='word_1_318' title='bbox 2019 4279 2154 4371; x_wconf 80' lang='lat' dir='ltr'><strong>quos</strong></span> <span class='ocrx_word' id='word_1_319' title='bbox 2181 4305 2381 4362; x_wconf 89' lang='lat' dir='ltr'><strong>lumina</strong></span> <span class='ocrx_word' id='word_1_320' title='bbox 2410 4312 2603 4379; x_wconf 83' lang='lat' dir='ltr'><strong>pandit</strong></span> 
     </span>
    </p>
   </div>
   <div class='ocr_carea' id='block_1_57' title="bbox 1160 4368 2238 4450">
    <p class='ocr_par' dir='ltr' id='par_1_57' title="bbox 1160 4368 2238 4450">
     <span class='ocr_line' id='line_1_58' title="bbox 1160 4368 2238 4450; baseline 0.023 -26"><span class='ocrx_word' id='word_1_321' title='bbox 1160 4368 1251 4426; x_wconf 90' lang='lat' dir='ltr'><strong>Sal</strong></span> <span class='ocrx_word' id='word_1_322' title='bbox 1286 4377 1469 4431; x_wconf 91' lang='lat' dir='ltr'><strong>mundi</strong></span> <span class='ocrx_word' id='word_1_323' title='bbox 1495 4382 1700 4449; x_wconf 87' lang='lat' dir='ltr'><strong>pariter</strong></span> <span class='ocrx_word' id='word_1_324' title='bbox 1728 4399 1849 4441; x_wconf 88' lang='lat' dir='ltr'><strong>esse</strong></span> <span class='ocrx_word' id='word_1_325' title='bbox 1876 4368 2087 4445; x_wconf 80' lang='lat' dir='ltr'><strong>sacrata</strong></span> <span class='ocrx_word' id='word_1_326' title='bbox 2123 4396 2238 4450; x_wconf 90' lang='lat' dir='ltr'><strong>Dei.</strong></span> 
     </span>
    </p>
   </div>
   <div class='ocr_carea' id='block_1_58' title="bbox 1084 4460 2450 4556">
    <p class='ocr_par' dir='ltr' id='par_1_58' title="bbox 1084 4460 2450 4556">
     <span class='ocr_line' id='line_1_59' title="bbox 1084 4460 2450 4556; baseline 0.022 -39"><span class='ocrx_word' id='word_1_327' title='bbox 1084 4460 1276 4556; x_wconf 72' lang='lat' dir='ltr'><strong>omnia</strong></span> <span class='ocrx_word' id='word_1_328' title='bbox 1307 4463 1590 4539; x_wconf 80' lang='lat' dir='ltr'><strong>falsorum,</strong></span> <span class='ocrx_word' id='word_1_329' title='bbox 1614 4488 1710 4543; x_wconf 90' lang='lat' dir='ltr'><strong>per</strong></span> <span class='ocrx_word' id='word_1_330' title='bbox 1737 4492 1895 4546; x_wconf 89' lang='lat' dir='ltr'><strong>quos,</strong></span> <span class='ocrx_word' id='word_1_331' title='bbox 1922 4480 2176 4551; x_wconf 85' lang='lat' dir='ltr'><strong>ﬁgmenta</strong></span> <span class='ocrx_word' id='word_1_332' title='bbox 2206 4487 2450 4556; x_wconf 89' lang='lat' dir='ltr'><strong>deorum,</strong></span> 
     </span>
    </p>
   </div>
   <div class='ocr_carea' id='block_1_59' title="bbox 1149 4552 2231 4643">
    <p class='ocr_par' dir='ltr' id='par_1_59' title="bbox 1149 4552 2231 4643">
     <span class='ocr_line' id='line_1_60' title="bbox 1149 4552 2231 4643; baseline 0.024 -37"><span class='ocrx_word' id='word_1_333' title='bbox 1149 4552 1389 4643; x_wconf 81' lang='lat' dir='ltr'><strong>Ecclesia</strong></span> <span class='ocrx_word' id='word_1_334' title='bbox 1426 4558 1614 4630; x_wconf 78' lang='lat' dir='ltr'><strong>fulget,</strong></span> <span class='ocrx_word' id='word_1_335' title='bbox 1644 4565 1823 4622; x_wconf 88' lang='lat' dir='ltr'><strong>diruta</strong></span> <span class='ocrx_word' id='word_1_336' title='bbox 1849 4570 2231 4643; x_wconf 81' lang='lat' dir='ltr'><strong>valdejacent.</strong></span> 
     </span>
    </p>
   </div>
   <div class='ocr_carea' id='block_1_60' title="bbox 1082 4638 2387 4727">
    <p class='ocr_par' dir='ltr' id='par_1_60' title="bbox 1082 4638 2387 4727">
     <span class='ocr_line' id='line_1_61' title="bbox 1082 4638 2387 4727; baseline 0.025 -34"><span class='ocrx_word' id='word_1_337' title='bbox 1082 4638 1259 4711; x_wconf 84' lang='lat' dir='ltr'><strong>Elegit</strong></span> <span class='ocrx_word' id='word_1_338' title='bbox 1287 4649 1488 4703; x_wconf 90' lang='lat' dir='ltr'><strong>mundo</strong></span> <span class='ocrx_word' id='word_1_339' title='bbox 1518 4649 1796 4722; x_wconf 85' lang='lat' dir='ltr'><strong>Dominus,</strong></span> <span class='ocrx_word' id='word_1_340' title='bbox 1838 4673 1971 4727; x_wconf 88' lang='lat' dir='ltr'><strong>quos</strong></span> <span class='ocrx_word' id='word_1_341' title='bbox 2000 4638 2132 4718; x_wconf 70' lang='lat' dir='ltr'><strong>ante</strong></span> <span class='ocrx_word' id='word_1_342' title='bbox 2159 4665 2387 4724; x_wconf 89' lang='lat' dir='ltr'><strong>Creator</strong></span> 
     </span>
    </p>
   </div>
   <div class='ocr_carea' id='block_1_61' title="bbox 1156 4729 2283 4813">
    <p class='ocr_par' dir='ltr' id='par_1_61' title="bbox 1156 4729 2283 4813">
     <span class='ocr_line' id='line_1_62' title="bbox 1156 4729 2283 4813; baseline 0.024 -27"><span class='ocrx_word' id='word_1_343' title='bbox 1156 4729 1361 4789; x_wconf 63' lang='lat' dir='ltr'><strong>Saecula</strong></span> <span class='ocrx_word' id='word_1_344' title='bbox 1390 4753 1733 4806; x_wconf 74' lang='lat' dir='ltr'><strong>praenoscens</strong></span> <span class='ocrx_word' id='word_1_345' title='bbox 1764 4762 1888 4803; x_wconf 84' lang='lat' dir='ltr'><strong>esse</strong></span> <span class='ocrx_word' id='word_1_346' title='bbox 1918 4751 2010 4805; x_wconf 88' lang='lat' dir='ltr'><strong>Dei</strong></span> <span class='ocrx_word' id='word_1_347' title='bbox 2040 4752 2283 4813; x_wconf 88' lang='lat' dir='ltr'><strong>Soboles.</strong></span> 
     </span>
    </p>
   </div>
   <div class='ocr_carea' id='block_1_62' title="bbox 1084 4820 2418 4921">
    <p class='ocr_par' dir='ltr' id='par_1_62' title="bbox 1084 4820 2418 4921">
     <span class='ocr_line' id='line_1_63' title="bbox 1084 4820 2418 4921; baseline 0.025 -44"><span class='ocrx_word' id='word_1_348' title='bbox 1084 4820 1308 4880; x_wconf 79' lang='lat' dir='ltr'><strong>Pectora</strong></span> <span class='ocrx_word' id='word_1_349' title='bbox 1342 4831 1570 4899; x_wconf 85' lang='lat' dir='ltr'><strong>replevit</strong></span> <span class='ocrx_word' id='word_1_350' title='bbox 1593 4850 1823 4904; x_wconf 89' lang='lat' dir='ltr'><strong>quorum</strong></span> <span class='ocrx_word' id='word_1_351' title='bbox 1855 4840 1939 4909; x_wconf 90' lang='lat' dir='ltr'><strong>pia</strong></span> <span class='ocrx_word' id='word_1_352' title='bbox 1971 4844 2206 4913; x_wconf 86' lang='lat' dir='ltr'><strong>Spiritus</strong></span> <span class='ocrx_word' id='word_1_353' title='bbox 2243 4852 2418 4921; x_wconf 83' lang='lat' dir='ltr'><strong>almus</strong></span> 
     </span>
    </p>
   </div>
   <div class='ocr_carea' id='block_1_63' title="bbox 1157 4912 2208 4994">
    <p class='ocr_par' dir='ltr' id='par_1_63' title="bbox 1157 4912 2208 4994">
     <span class='ocr_line' id='line_1_64' title="bbox 1157 4912 2208 4994; baseline 0.023 -27"><span class='ocrx_word' id='word_1_354' title='bbox 1157 4912 1298 4971; x_wconf 89' lang='lat' dir='ltr'><strong>Dans</strong></span> <span class='ocrx_word' id='word_1_355' title='bbox 1326 4920 1491 4975; x_wconf 89' lang='lat' dir='ltr'><strong>variis</strong></span> <span class='ocrx_word' id='word_1_356' title='bbox 1516 4922 1711 4994; x_wconf 85' lang='lat' dir='ltr'><strong>linguis</strong></span> <span class='ocrx_word' id='word_1_357' title='bbox 1744 4927 1851 4982; x_wconf 88' lang='lat' dir='ltr'><strong>alta</strong></span> <span class='ocrx_word' id='word_1_358' title='bbox 1883 4912 2070 4988; x_wconf 81' lang='lat' dir='ltr'><strong>tonare</strong></span> <span class='ocrx_word' id='word_1_359' title='bbox 2094 4936 2208 4991; x_wconf 89' lang='lat' dir='ltr'><strong>Dei.</strong></span> 
     </span>
    </p>
   </div>
   <div class='ocr_carea' id='block_1_64' title="bbox 1085 4998 2292 5098">
    <p class='ocr_par' dir='ltr' id='par_1_64' title="bbox 1085 4998 2292 5098">
     <span class='ocr_line' id='line_1_65' title="bbox 1085 4998 2292 5098; baseline 0.024 -41"><span class='ocrx_word' id='word_1_360' title='bbox 1085 4998 1387 5062; x_wconf 60' lang='lat' dir='ltr'><strong>Trausl‘et’t-i</strong></span> <span class='ocrx_word' id='word_1_361' title='bbox 1417 5022 1645 5079; x_wconf 86' lang='lat' dir='ltr'><strong>montes,</strong></span> <span class='ocrx_word' id='word_1_362' title='bbox 1674 5017 1915 5074; x_wconf 89' lang='lat' dir='ltr'><strong>solvendi</strong></span> <span class='ocrx_word' id='word_1_363' title='bbox 1940 5023 2064 5090; x_wconf 88' lang='lat' dir='ltr'><strong>jure</strong></span> <span class='ocrx_word' id='word_1_364' title='bbox 2094 5026 2292 5098; x_wconf 85' lang='lat' dir='ltr'><strong>ligandi</strong></span> 
     </span>
    </p>
   </div>
   <div class='ocr_carea' id='block_1_65' title="bbox 1154 5092 2196 5183">
    <p class='ocr_par' dir='ltr' id='par_1_65' title="bbox 1154 5092 2196 5183">
     <span class='ocr_line' id='line_1_66' title="bbox 1154 5092 2196 5183; baseline 0.024 -37"><span class='ocrx_word' id='word_1_365' title='bbox 1154 5092 1357 5161; x_wconf 85' lang='lat' dir='ltr'><strong>Terris,</strong></span> <span class='ocrx_word' id='word_1_366' title='bbox 1388 5113 1451 5154; x_wconf 89' lang='lat' dir='ltr'><strong>ac</strong></span> <span class='ocrx_word' id='word_1_367' title='bbox 1480 5102 1664 5158; x_wconf 89' lang='lat' dir='ltr'><strong>tribuit</strong></span> <span class='ocrx_word' id='word_1_368' title='bbox 1698 5105 1785 5161; x_wconf 74' lang='lat' dir='ltr'><strong>his</strong></span> <span class='ocrx_word' id='word_1_369' title='bbox 1812 5108 2012 5176; x_wconf 83' lang='lat' dir='ltr'><strong>pietate</strong></span> <span class='ocrx_word' id='word_1_370' title='bbox 2040 5092 2196 5183; x_wconf 70' lang='lat' dir='ltr'><strong>polis.</strong></span> 
     </span>
    </p>
   </div>
   <div class='ocr_carea' id='block_1_66' title="bbox 1081 5186 2335 5280">
    <p class='ocr_par' dir='ltr' id='par_1_66' title="bbox 1081 5186 2335 5280">
     <span class='ocr_line' id='line_1_67' title="bbox 1081 5186 2335 5280; baseline 0.024 -42"><span class='ocrx_word' id='word_1_371' title='bbox 1081 5186 1312 5241; x_wconf 85' lang='lat' dir='ltr'><strong>Istorum</strong></span> <span class='ocrx_word' id='word_1_372' title='bbox 1354 5190 1583 5261; x_wconf 88' lang='lat' dir='ltr'><strong>imperio</strong></span> <span class='ocrx_word' id='word_1_373' title='bbox 1624 5196 1834 5267; x_wconf 81' lang='lat' dir='ltr'><strong>fugiunt</strong></span> <span class='ocrx_word' id='word_1_374' title='bbox 1867 5202 2134 5262; x_wconf 66' lang='lat' dir='ltr'><strong>daemonia</strong></span> <span class='ocrx_word' id='word_1_375' title='bbox 2172 5226 2335 5280; x_wconf 72' lang='lat' dir='ltr'><strong>smva,</strong></span> 
     </span>
    </p>
   </div>
   <div class='ocr_carea' id='block_1_67' title="bbox 1151 5274 2335 5372">
    <p class='ocr_par' dir='ltr' id='par_1_67' title="bbox 1151 5274 2335 5372">
     <span class='ocr_line' id='line_1_68' title="bbox 1151 5274 2335 5372; baseline 0.026 -45"><span class='ocrx_word' id='word_1_376' title='bbox 1151 5274 1389 5347; x_wconf 85' lang='lat' dir='ltr'><strong>Corpora</strong></span> <span class='ocrx_word' id='word_1_377' title='bbox 1420 5280 1728 5342; x_wconf 77' lang='lat' dir='ltr'><strong>functorum</strong></span> <span class='ocrx_word' id='word_1_378' title='bbox 1760 5290 1843 5347; x_wconf 76' lang='lat' dir='ltr'><strong>vel</strong></span> <span class='ocrx_word' id='word_1_379' title='bbox 1874 5295 2111 5351; x_wconf 90' lang='lat' dir='ltr'><strong>rediviva</strong></span> <span class='ocrx_word' id='word_1_380' title='bbox 2137 5274 2335 5372; x_wconf 59' lang='lat' dir='ltr'><strong>vigent.</strong></span> 
     </span>
    </p>
   </div>
   <div class='ocr_carea' id='block_1_68' title="bbox 1084 5364 2516 5457">
    <p class='ocr_par' dir='ltr' id='par_1_68' title="bbox 1084 5364 2516 5457">
     <span class='ocr_line' id='line_1_69' title="bbox 1084 5364 2516 5457; baseline 0.026 -38"><span class='ocrx_word' id='word_1_381' title='bbox 1084 5364 1348 5423; x_wconf 72' lang='lat' dir='ltr'><strong>Mentibus</strong></span> <span class='ocrx_word' id='word_1_382' title='bbox 1376 5371 1461 5425; x_wconf 90' lang='lat' dir='ltr'><strong>his</strong></span> <span class='ocrx_word' id='word_1_383' title='bbox 1489 5378 1662 5431; x_wconf 90' lang='lat' dir='ltr'><strong>sacris</strong></span> <span class='ocrx_word' id='word_1_384' title='bbox 1691 5379 1829 5436; x_wconf 91' lang='lat' dir='ltr'><strong>dans</strong></span> <span class='ocrx_word' id='word_1_385' title='bbox 1866 5385 2052 5441; x_wconf 85' lang='lat' dir='ltr'><strong>intima</strong></span> <span class='ocrx_word' id='word_1_386' title='bbox 2083 5406 2309 5450; x_wconf 88' lang='lat' dir='ltr'><strong>cernere</strong></span> <span class='ocrx_word' id='word_1_387' title='bbox 2337 5400 2516 5457; x_wconf 84' lang='lat' dir='ltr'><strong>cordis</strong></span> 
     </span>
    </p>
   </div>
   <div class='ocr_carea' id='block_1_69' title="bbox 1150 5458 2205 5544">
    <p class='ocr_par' dir='ltr' id='par_1_69' title="bbox 1150 5458 2205 5544">
     <span class='ocr_line' id='line_1_70' title="bbox 1150 5458 2205 5544; baseline 0.027 -32"><span class='ocrx_word' id='word_1_388' title='bbox 1150 5458 1373 5517; x_wconf 73' lang='lat' dir='ltr'><strong>leitus</strong></span> <span class='ocrx_word' id='word_1_389' title='bbox 1406 5474 1461 5519; x_wconf 92' lang='lat' dir='ltr'><strong>et</strong></span> <span class='ocrx_word' id='word_1_390' title='bbox 1488 5466 1599 5523; x_wconf 86' lang='lat' dir='ltr'><strong>ﬁeri</strong></span> <span class='ocrx_word' id='word_1_391' title='bbox 1633 5472 1765 5526; x_wconf 88' lang='lat' dir='ltr'><strong>mira</strong></span> <span class='ocrx_word' id='word_1_392' title='bbox 1796 5485 2046 5544; x_wconf 87' lang='lat' dir='ltr'><strong>patrante</strong></span> <span class='ocrx_word' id='word_1_393' title='bbox 2076 5483 2205 5539; x_wconf 90' lang='lat' dir='ltr'><strong>Deo.</strong></span> 
     </span>
    </p>
   </div>
   <div class='ocr_carea' id='block_1_70' title="bbox 1146 5638 2361 5739">
    <p class='ocr_par' dir='ltr' id='par_1_70' title="bbox 1146 5638 2361 5739">
     <span class='ocr_line' id='line_1_71' title="bbox 1146 5638 2361 5739; baseline 0.023 -43"><span class='ocrx_word' id='word_1_394' title='bbox 1146 5638 1313 5698; x_wconf 77' lang='lat' dir='ltr'><strong>Arida</strong></span> <span class='ocrx_word' id='word_1_395' title='bbox 1342 5646 1433 5715; x_wconf 93' lang='lat' dir='ltr'><strong>qui</strong></span> <span class='ocrx_word' id='word_1_396' title='bbox 1465 5659 1652 5706; x_wconf 86' lang='lat' dir='ltr'><strong>sancto</strong></span> <span class='ocrx_word' id='word_1_397' title='bbox 1678 5653 1931 5724; x_wconf 83' lang='lat' dir='ltr'><strong>dogmate</strong></span> <span class='ocrx_word' id='word_1_398' title='bbox 1959 5638 2120 5716; x_wconf 83' lang='lat' dir='ltr'><strong>corda</strong></span> <span class='ocrx_word' id='word_1_399' title='bbox 2161 5666 2361 5739; x_wconf 83' lang='lat' dir='ltr'><strong>rigant.</strong></span> 
     </span>
    </p>
   </div>
   <div class='ocr_carea' id='block_1_71' title="bbox 1079 5729 2273 5814">
    <p class='ocr_par' dir='ltr' id='par_1_71' title="bbox 1079 5729 2273 5814">
     <span class='ocr_line' id='line_1_72' title="bbox 1079 5729 2273 5814; baseline 0.024 -29"><span class='ocrx_word' id='word_1_400' title='bbox 1079 5729 1389 5803; x_wconf 79' lang='lat' dir='ltr'><strong>Languores</strong></span> <span class='ocrx_word' id='word_1_401' title='bbox 1415 5740 1591 5796; x_wconf 86' lang='lat' dir='ltr'><strong>varios</strong></span> <span class='ocrx_word' id='word_1_402' title='bbox 1622 5744 1895 5814; x_wconf 90' lang='lat' dir='ltr'><strong>depellunt</strong></span> <span class='ocrx_word' id='word_1_403' title='bbox 1930 5750 2131 5809; x_wconf 81' lang='lat' dir='ltr'><strong>famine</strong></span> <span class='ocrx_word' id='word_1_404' title='bbox 2157 5729 2273 5814; x_wconf 71' lang='lat' dir='ltr'><strong>solo</strong></span> 
     </span>
    </p>
   </div>
   <div class='ocr_carea' id='block_1_72' title="bbox 1151 5821 2353 5919">
    <p class='ocr_par' dir='ltr' id='par_1_72' title="bbox 1151 5821 2353 5919">
     <span class='ocr_line' id='line_1_73' title="bbox 1151 5821 2353 5919; baseline 0.027 -43"><span class='ocrx_word' id='word_1_405' title='bbox 1151 5821 1432 5896; x_wconf 82' lang='lat' dir='ltr'><strong>Corporis;</strong></span> <span class='ocrx_word' id='word_1_406' title='bbox 1469 5841 1554 5885; x_wconf 91' lang='lat' dir='ltr'><strong>ast</strong></span> <span class='ocrx_word' id='word_1_407' title='bbox 1580 5834 1775 5891; x_wconf 72' lang='lat' dir='ltr'><strong>animae</strong></span> <span class='ocrx_word' id='word_1_408' title='bbox 1802 5851 1901 5907; x_wconf 88' lang='lat' dir='ltr'><strong>per</strong></span> <span class='ocrx_word' id='word_1_409' title='bbox 1923 5840 2143 5911; x_wconf 87' lang='lat' dir='ltr'><strong>pietatis</strong></span> <span class='ocrx_word' id='word_1_410' title='bbox 2172 5863 2353 5919; x_wconf 87' lang='lat' dir='ltr'><strong>opem.</strong></span> 
     </span>
    </p>
   </div>
   <div class='ocr_carea' id='block_1_73' title="bbox 2863 2030 4153 2105">
    <p class='ocr_par' dir='ltr' id='par_1_73' title="bbox 2863 2030 4153 2105">
     <span class='ocr_line' id='line_1_74' title="bbox 2863 2030 4153 2105; baseline 0.002 -19"><span class='ocrx_word' id='word_1_411' title='bbox 2863 2030 2978 2087; x_wconf 90' lang='lat' dir='ltr'><strong>Una</strong></span> <span class='ocrx_word' id='word_1_412' title='bbox 3010 2033 3228 2102; x_wconf 79' lang='lat' dir='ltr'><strong>quidem</strong></span> <span class='ocrx_word' id='word_1_413' title='bbox 3256 2032 3478 2089; x_wconf 86' lang='lat' dir='ltr'><strong>Christo</strong></span> <span class='ocrx_word' id='word_1_414' title='bbox 3516 2033 3683 2105; x_wconf 81' lang='lat' dir='ltr'><strong>gloria</strong></span> <span class='ocrx_word' id='word_1_415' title='bbox 3724 2032 3941 2104; x_wconf 67' lang='lat' dir='ltr'><strong>Semper</strong></span> <span class='ocrx_word' id='word_1_416' title='bbox 3966 2034 4153 2092; x_wconf 85' lang='lat' dir='ltr'><strong>habet.</strong></span> 
     </span>
    </p>
   </div>
   <div class='ocr_carea' id='block_1_74' title="bbox 2790 2121 4099 2195">
    <p class='ocr_par' dir='ltr' id='par_1_74' title="bbox 2790 2121 4099 2195">
     <span class='ocr_line' id='line_1_75' title="bbox 2790 2121 4099 2195; baseline 0.005 -20"><span class='ocrx_word' id='word_1_417' title='bbox 2790 2121 3100 2195; x_wconf 80' lang='lat' dir='ltr'><strong>Martyriale</strong></span> <span class='ocrx_word' id='word_1_418' title='bbox 3130 2124 3317 2191; x_wconf 88' lang='lat' dir='ltr'><strong>decus,</strong></span> <span class='ocrx_word' id='word_1_419' title='bbox 3360 2124 3846 2195; x_wconf 80' lang='lat' dir='ltr'><strong>confessorumque</strong></span> <span class='ocrx_word' id='word_1_420' title='bbox 3880 2126 4099 2181; x_wconf 88' lang='lat' dir='ltr'><strong>beatum</strong></span> 
     </span>
    </p>
   </div>
   <div class='ocr_carea' id='block_1_75' title="bbox 2861 2214 3985 2287">
    <p class='ocr_par' dir='ltr' id='par_1_75' title="bbox 2861 2214 3985 2287">
     <span class='ocr_line' id='line_1_76' title="bbox 2861 2214 3985 2287; baseline 0.001 -19"><span class='ocrx_word' id='word_1_421' title='bbox 2861 2214 2936 2268; x_wconf 83' lang='lat' dir='ltr'><strong>Ex</strong></span> <span class='ocrx_word' id='word_1_422' title='bbox 2969 2216 3055 2271; x_wconf 90' lang='lat' dir='ltr'><strong>his</strong></span> <span class='ocrx_word' id='word_1_423' title='bbox 3084 2216 3349 2287; x_wconf 89' lang='lat' dir='ltr'><strong>incipiunt</strong></span> <span class='ocrx_word' id='word_1_424' title='bbox 3380 2217 3763 2287; x_wconf 84' lang='lat' dir='ltr'><strong>virgineusque</strong></span> <span class='ocrx_word' id='word_1_425' title='bbox 3793 2215 3985 2285; x_wconf 92' lang='lat' dir='ltr'><strong>pudor.</strong></span> 
     </span>
    </p>
   </div>
   <div class='ocr_carea' id='block_1_76' title="bbox 2786 2305 4299 2378">
    <p class='ocr_par' dir='ltr' id='par_1_76' title="bbox 2786 2305 4299 2378">
     <span class='ocr_line' id='line_1_77' title="bbox 2786 2305 4299 2378; baseline 0.003 -19"><span class='ocrx_word' id='word_1_426' title='bbox 2786 2305 3126 2361; x_wconf 68' lang='lat' dir='ltr'><strong>Christicolae</strong></span> <span class='ocrx_word' id='word_1_427' title='bbox 3154 2307 3335 2362; x_wconf 91' lang='lat' dir='ltr'><strong>cuncti</strong></span> <span class='ocrx_word' id='word_1_428' title='bbox 3366 2307 3465 2362; x_wconf 92' lang='lat' dir='ltr'><strong>hos</strong></span> <span class='ocrx_word' id='word_1_429' title='bbox 3494 2322 3710 2378; x_wconf 87' lang='lat' dir='ltr'><strong>semper</strong></span> <span class='ocrx_word' id='word_1_430' title='bbox 3737 2306 4299 2378; x_wconf 80' lang='lat' dir='ltr'><strong>celebratepatronos</strong></span> 
     </span>
    </p>
   </div>
   <div class='ocr_carea' id='block_1_77' title="bbox 2858 2394 3987 2466">
    <p class='ocr_par' dir='ltr' id='par_1_77' title="bbox 2858 2394 3987 2466">
     <span class='ocr_line' id='line_1_78' title="bbox 2858 2394 3987 2466; baseline 0.003 -18"><span class='ocrx_word' id='word_1_431' title='bbox 2858 2394 3124 2466; x_wconf 87' lang='lat' dir='ltr'><strong>Tempore</strong></span> <span class='ocrx_word' id='word_1_432' title='bbox 3151 2398 3400 2465; x_wconf 88' lang='lat' dir='ltr'><strong>solemni,</strong></span> <span class='ocrx_word' id='word_1_433' title='bbox 3432 2412 3566 2454; x_wconf 83' lang='lat' dir='ltr'><strong>voce</strong></span> <span class='ocrx_word' id='word_1_434' title='bbox 3592 2408 3824 2454; x_wconf 82' lang='lat' dir='ltr'><strong>canente</strong></span> <span class='ocrx_word' id='word_1_435' title='bbox 3856 2400 3987 2455; x_wconf 91' lang='lat' dir='ltr'><strong>Deo.</strong></span> 
     </span>
    </p>
   </div>
   <div class='ocr_carea' id='block_1_78' title="bbox 2784 2486 4153 2556">
    <p class='ocr_par' dir='ltr' id='par_1_78' title="bbox 2784 2486 4153 2556">
     <span class='ocr_line' id='line_1_79' title="bbox 2784 2486 4153 2556; baseline 0.009 -16"><span class='ocrx_word' id='word_1_436' title='bbox 2784 2486 2920 2541; x_wconf 92' lang='lat' dir='ltr'><strong>Cum</strong></span> <span class='ocrx_word' id='word_1_437' title='bbox 2949 2488 3145 2556; x_wconf 89' lang='lat' dir='ltr'><strong>quibus</strong></span> <span class='ocrx_word' id='word_1_438' title='bbox 3173 2490 3467 2547; x_wconf 85' lang='lat' dir='ltr'><strong>adveniens</strong></span> <span class='ocrx_word' id='word_1_439' title='bbox 3494 2490 3669 2547; x_wconf 72' lang='lat' dir='ltr'><strong>Judcx</strong></span> <span class='ocrx_word' id='word_1_440' title='bbox 3702 2491 3754 2545; x_wconf 90' lang='lat' dir='ltr'><strong>in</strong></span> <span class='ocrx_word' id='word_1_441' title='bbox 3786 2491 3975 2549; x_wconf 91' lang='lat' dir='ltr'><strong>limine</strong></span> <span class='ocrx_word' id='word_1_442' title='bbox 4003 2491 4153 2551; x_wconf 64' lang='lat' dir='ltr'><strong>saecli</strong></span> 
     </span>
    </p>
   </div>
   <div class='ocr_carea' id='block_1_79' title="bbox 2856 2576 4001 2648">
    <p class='ocr_par' dir='ltr' id='par_1_79' title="bbox 2856 2576 4001 2648">
     <span class='ocr_line' id='line_1_80' title="bbox 2856 2576 4001 2648; baseline 0.008 -18"><span class='ocrx_word' id='word_1_443' title='bbox 2856 2576 3103 2634; x_wconf 81' lang='lat' dir='ltr'><strong>Reddere</strong></span> <span class='ocrx_word' id='word_1_444' title='bbox 3127 2580 3249 2636; x_wconf 73' lang='lat' dir='ltr'><strong>lzeta</strong></span> <span class='ocrx_word' id='word_1_445' title='bbox 3281 2581 3456 2646; x_wconf 89' lang='lat' dir='ltr'><strong>bouis,</strong></span> <span class='ocrx_word' id='word_1_446' title='bbox 3487 2583 3663 2638; x_wconf 85' lang='lat' dir='ltr'><strong>tristia</strong></span> <span class='ocrx_word' id='word_1_447' title='bbox 3694 2584 3796 2638; x_wconf 91' lang='lat' dir='ltr'><strong>rite</strong></span> <span class='ocrx_word' id='word_1_448' title='bbox 3822 2584 4001 2648; x_wconf 89' lang='lat' dir='ltr'><strong>malis,</strong></span> 
     </span>
    </p>
   </div>
   <div class='ocr_carea' id='block_1_80' title="bbox 2784 2665 4145 2737">
    <p class='ocr_par' dir='ltr' id='par_1_80' title="bbox 2784 2665 4145 2737">
     <span class='ocr_line' id='line_1_81' title="bbox 2784 2665 4145 2737; baseline 0.007 -15"><span class='ocrx_word' id='word_1_449' title='bbox 2784 2665 3142 2737; x_wconf 90' lang='lat' dir='ltr'><strong>Omnipotens</strong></span> <span class='ocrx_word' id='word_1_450' title='bbox 3168 2669 3432 2726; x_wconf 89' lang='lat' dir='ltr'><strong>Dominus</strong></span> <span class='ocrx_word' id='word_1_451' title='bbox 3463 2672 3628 2728; x_wconf 92' lang='lat' dir='ltr'><strong>donet</strong></span> <span class='ocrx_word' id='word_1_452' title='bbox 3662 2677 3942 2729; x_wconf 89' lang='lat' dir='ltr'><strong>consortia</strong></span> <span class='ocrx_word' id='word_1_453' title='bbox 3980 2674 4145 2732; x_wconf 89' lang='lat' dir='ltr'><strong>nobis</strong></span> 
     </span>
    </p>
   </div>
   <div class='ocr_carea' id='block_1_81' title="bbox 2854 2756 4012 2835">
    <p class='ocr_par' dir='ltr' id='par_1_81' title="bbox 2854 2756 4012 2835">
     <span class='ocr_line' id='line_1_82' title="bbox 2854 2756 4012 2835; baseline 0.007 -23"><span class='ocrx_word' id='word_1_454' title='bbox 2854 2756 3118 2816; x_wconf 89' lang='lat' dir='ltr'><strong>Omnibus</strong></span> <span class='ocrx_word' id='word_1_455' title='bbox 3149 2759 3201 2815; x_wconf 92' lang='lat' dir='ltr'><strong>in</strong></span> <span class='ocrx_word' id='word_1_456' title='bbox 3230 2762 3434 2819; x_wconf 88' lang='lat' dir='ltr'><strong>sanctis</strong></span> <span class='ocrx_word' id='word_1_457' title='bbox 3464 2762 3584 2819; x_wconf 91' lang='lat' dir='ltr'><strong>luce</strong></span> <span class='ocrx_word' id='word_1_458' title='bbox 3612 2778 3855 2835; x_wconf 90' lang='lat' dir='ltr'><strong>perenne</strong></span> <span class='ocrx_word' id='word_1_459' title='bbox 3884 2764 4012 2820; x_wconf 81' lang='lat' dir='ltr'><strong>frui.</strong></span> 
     </span>
    </p>
   </div>
   <div class='ocr_carea' id='block_1_82' title="bbox 3270 2923 3876 2997">
    <p class='ocr_par' dir='ltr' id='par_1_82' title="bbox 3270 2923 3876 2997">
     <span class='ocr_line' id='line_1_83' title="bbox 3270 2923 3876 2997; baseline 0.003 -19"><span class='ocrx_word' id='word_1_460' title='bbox 3270 2923 3455 2979; x_wconf 81' lang='lat' dir='ltr'><strong>XCIV.</strong></span> <span class='ocrx_word' id='word_1_461' title='bbox 3499 2924 3653 2980; x_wconf 82' lang='lat' dir='ltr'><strong>Unde</strong></span> <span class='ocrx_word' id='word_1_462' title='bbox 3689 2942 3876 2997; x_wconf 85' lang='lat' dir='ltr'><strong>supra.</strong></span> 
     </span>
    </p>
   </div>
   <div class='ocr_carea' id='block_1_83' title="bbox 2782 3051 4174 3131">
    <p class='ocr_par' dir='ltr' id='par_1_83' title="bbox 2782 3051 4174 3131">
     <span class='ocr_line' id='line_1_84' title="bbox 2782 3051 4174 3131; baseline 0.007 -24"><span class='ocrx_word' id='word_1_463' title='bbox 2782 3051 3019 3122; x_wconf 84' lang='lat' dir='ltr'><strong>Spiritus</strong></span> <span class='ocrx_word' id='word_1_464' title='bbox 3049 3053 3210 3121; x_wconf 88' lang='lat' dir='ltr'><strong>alme,</strong></span> <span class='ocrx_word' id='word_1_465' title='bbox 3242 3059 3385 3124; x_wconf 88' lang='lat' dir='ltr'><strong>veni,</strong></span> <span class='ocrx_word' id='word_1_466' title='bbox 3420 3057 3648 3128; x_wconf 83' lang='lat' dir='ltr'><strong>perﬂatu</strong></span> <span class='ocrx_word' id='word_1_467' title='bbox 3677 3059 3933 3131; x_wconf 86' lang='lat' dir='ltr'><strong>dindyma</strong></span> <span class='ocrx_word' id='word_1_468' title='bbox 3965 3068 4174 3127; x_wconf 91' lang='lat' dir='ltr'><strong>nostro,</strong></span> 
     </span>
    </p>
   </div>
   <div class='ocr_carea' id='block_1_84' title="bbox 2852 3146 4103 3219">
    <p class='ocr_par' dir='ltr' id='par_1_84' title="bbox 2852 3146 4103 3219">
     <span class='ocr_line' id='line_1_85' title="bbox 2852 3146 4103 3219; baseline 0.006 -20"><span class='ocrx_word' id='word_1_469' title='bbox 2852 3146 2934 3199; x_wconf 83' lang='lat' dir='ltr'><strong>Ad</strong></span> <span class='ocrx_word' id='word_1_470' title='bbox 2960 3158 3207 3202; x_wconf 89' lang='lat' dir='ltr'><strong>nostrum</strong></span> <span class='ocrx_word' id='word_1_471' title='bbox 3234 3159 3439 3215; x_wconf 87' lang='lat' dir='ltr'><strong>votum,</strong></span> <span class='ocrx_word' id='word_1_472' title='bbox 3471 3150 3707 3219; x_wconf 90' lang='lat' dir='ltr'><strong>Spiritus</strong></span> <span class='ocrx_word' id='word_1_473' title='bbox 3732 3150 3895 3214; x_wconf 87' lang='lat' dir='ltr'><strong>alme,</strong></span> <span class='ocrx_word' id='word_1_474' title='bbox 3923 3152 4069 3206; x_wconf 83' lang='lat' dir='ltr'><strong>veni.</strong></span> <span class='ocrx_word' id='word_1_475' title='bbox 4094 3151 4103 3158; x_wconf 81' lang='grc'><em>’</em></span> 
     </span>
    </p>
   </div>
   <div class='ocr_carea' id='block_1_85' title="bbox 2705 3233 4217 3345">
    <p class='ocr_par' dir='ltr' id='par_1_85' title="bbox 2705 3233 4217 3345">
     <span class='ocr_line' id='line_1_86' title="bbox 2705 3233 4217 3345; baseline 0.007 -58"><span class='ocrx_word' id='word_1_476' title='bbox 2705 3280 2753 3345; x_wconf 78' lang='lat' dir='ltr'>C</span> <span class='ocrx_word' id='word_1_477' title='bbox 2774 3233 3005 3305; x_wconf 82' lang='lat' dir='ltr'><strong>Templa</strong></span> <span class='ocrx_word' id='word_1_478' title='bbox 3034 3238 3210 3292; x_wconf 88' lang='lat' dir='ltr'><strong>dicata</strong></span> <span class='ocrx_word' id='word_1_479' title='bbox 3246 3239 3339 3293; x_wconf 86' lang='lat' dir='ltr'><strong>tibi</strong></span> <span class='ocrx_word' id='word_1_480' title='bbox 3373 3241 3583 3296; x_wconf 83' lang='lat' dir='ltr'><strong>valeam</strong></span> <span class='ocrx_word' id='word_1_481' title='bbox 3612 3257 3722 3312; x_wconf 91' lang='lat' dir='ltr'><strong>quo</strong></span> <span class='ocrx_word' id='word_1_482' title='bbox 3749 3243 4010 3297; x_wconf 79' lang='lat' dir='ltr'><strong>extollere</strong></span> <span class='ocrx_word' id='word_1_483' title='bbox 4034 3244 4217 3315; x_wconf 89' lang='lat' dir='ltr'><strong>digne,</strong></span> 
     </span>
     <span class='ocr_line' id='line_1_87' title="bbox 2854 3320 3972 3345; baseline 0.008 -8"><span class='ocrx_word' id='word_1_484' title='bbox 2854 3320 2875 3345; x_wconf 72' lang='grc' dir='ltr'><strong>ι</strong></span> <span class='ocrx_word' id='word_1_485' title='bbox 2903 3324 3128 3345; x_wconf 46' lang='lat' dir='ltr'><strong>“nm</strong></span> <span class='ocrx_word' id='word_1_486' title='bbox 3437 3338 3478 3345; x_wconf 18' lang='lat' dir='ltr'><strong>.r</strong></span> <span class='ocrx_word' id='word_1_487' title='bbox 3588 3327 3601 3345; x_wconf 92' lang='lat'><strong>.</strong></span> <span class='ocrx_word' id='word_1_488' title='bbox 3686 3330 3717 3345; x_wconf 92' lang='lat'><strong>..</strong></span> <span class='ocrx_word' id='word_1_489' title='bbox 3795 3338 3805 3345; x_wconf 35' lang='grc' dir='ltr'><em>Α</em></span> 
     </span>
    </p>
   </div>
   <div class='ocr_carea' id='block_1_86' title="bbox 2854 3320 3996 3399">
    <p class='ocr_par' dir='ltr' id='par_1_86' title="bbox 2854 3320 3996 3399">
     <span class='ocr_line' id='line_1_88' title="bbox 2854 3320 3996 3399; baseline 0.01 -24"><span class='ocrx_word' id='word_1_490' title='bbox 2854 3320 3131 3381; x_wconf 84' lang='lat' dir='ltr'><strong>Laudibus</strong></span> <span class='ocrx_word' id='word_1_491' title='bbox 3162 3327 3397 3382; x_wconf 81' lang='lat' dir='ltr'><strong>exultem</strong></span> <span class='ocrx_word' id='word_1_492' title='bbox 3436 3327 3636 3399; x_wconf 80' lang='lat' dir='ltr'><strong>templa</strong></span> <span class='ocrx_word' id='word_1_493' title='bbox 3666 3330 3846 3385; x_wconf 89' lang='lat' dir='ltr'><strong>dicata</strong></span> <span class='ocrx_word' id='word_1_494' title='bbox 3880 3332 3996 3385; x_wconf 87' lang='lat' dir='ltr'><strong>tibi.</strong></span> 
     </span>
    </p>
   </div>
   <div class='ocr_carea' id='block_1_87' title="bbox 2777 3411 4124 3492">
    <p class='ocr_par' dir='ltr' id='par_1_87' title="bbox 2777 3411 4124 3492">
     <span class='ocr_line' id='line_1_89' title="bbox 2777 3411 4124 3492; baseline 0.008 -26"><span class='ocrx_word' id='word_1_495' title='bbox 2777 3411 2909 3479; x_wconf 63' lang='lat' dir='ltr'><strong>Quae</strong></span> <span class='ocrx_word' id='word_1_496' title='bbox 2938 3414 3055 3471; x_wconf 87' lang='lat' dir='ltr'><strong>sine</strong></span> <span class='ocrx_word' id='word_1_497' title='bbox 3083 3415 3188 3471; x_wconf 90' lang='lat' dir='ltr'><strong>ﬁne</strong></span> <span class='ocrx_word' id='word_1_498' title='bbox 3221 3427 3405 3473; x_wconf 86' lang='lat' dir='ltr'><strong>tenent</strong></span> <span class='ocrx_word' id='word_1_499' title='bbox 3435 3420 3699 3474; x_wconf 69' lang='lat' dir='ltr'><strong>caelorum</strong></span> <span class='ocrx_word' id='word_1_500' title='bbox 3729 3422 3924 3492; x_wconf 82' lang='lat' dir='ltr'><strong>gaudia</strong></span> <span class='ocrx_word' id='word_1_501' title='bbox 3954 3422 4124 3485; x_wconf 85' lang='lat' dir='ltr'><strong>celsa,</strong></span> 
     </span>
    </p>
   </div>
   <div class='ocr_carea' id='block_1_88' title="bbox 2848 3505 4092 3581">
    <p class='ocr_par' dir='ltr' id='par_1_88' title="bbox 2848 3505 4092 3581">
     <span class='ocr_line' id='line_1_90' title="bbox 2848 3505 4092 3581; baseline 0.006 -20"><span class='ocrx_word' id='word_1_502' title='bbox 2848 3505 3029 3561; x_wconf 80' lang='lat' dir='ltr'><strong>Gloria</strong></span> <span class='ocrx_word' id='word_1_503' title='bbox 3069 3523 3193 3563; x_wconf 89' lang='lat' dir='ltr'><strong>cum</strong></span> <span class='ocrx_word' id='word_1_504' title='bbox 3223 3511 3433 3565; x_wconf 84' lang='lat' dir='ltr'><strong>meritis</strong></span> <span class='ocrx_word' id='word_1_505' title='bbox 3459 3527 3579 3581; x_wconf 59' lang='lat' dir='ltr'><strong>quae</strong></span> <span class='ocrx_word' id='word_1_506' title='bbox 3606 3513 3722 3567; x_wconf 86' lang='lat' dir='ltr'><strong>sine</strong></span> <span class='ocrx_word' id='word_1_507' title='bbox 3751 3513 3857 3568; x_wconf 82' lang='lat' dir='ltr'><strong>ﬁne</strong></span> <span class='ocrx_word' id='word_1_508' title='bbox 3887 3522 4092 3569; x_wconf 89' lang='lat' dir='ltr'><strong>tenent.</strong></span> 
     </span>
    </p>
   </div>
   <div class='ocr_carea' id='block_1_89' title="bbox 2776 3595 4174 3678">
    <p class='ocr_par' dir='ltr' id='par_1_89' title="bbox 2776 3595 4174 3678">
     <span class='ocr_line' id='line_1_91' title="bbox 2776 3595 4174 3678; baseline 0.01 -27"><span class='ocrx_word' id='word_1_509' title='bbox 2776 3595 2884 3652; x_wconf 87' lang='lat' dir='ltr'><strong>Ore</strong></span> <span class='ocrx_word' id='word_1_510' title='bbox 2913 3599 3004 3653; x_wconf 89' lang='lat' dir='ltr'><strong>Dei</strong></span> <span class='ocrx_word' id='word_1_511' title='bbox 3039 3600 3279 3656; x_wconf 90' lang='lat' dir='ltr'><strong>sobolem</strong></span> <span class='ocrx_word' id='word_1_512' title='bbox 3310 3605 3700 3674; x_wconf 83' lang='lat' dir='ltr'><strong>prophetarum</strong></span> <span class='ocrx_word' id='word_1_513' title='bbox 3734 3606 3841 3661; x_wconf 90' lang='lat' dir='ltr'><strong>rite</strong></span> <span class='ocrx_word' id='word_1_514' title='bbox 3868 3608 4174 3678; x_wconf 60' lang='lat' dir='ltr'><strong>prophetat,</strong></span> 
     </span>
    </p>
   </div>
   <div class='ocr_carea' id='block_1_90' title="bbox 2847 3688 3935 3760">
    <p class='ocr_par' dir='ltr' id='par_1_90' title="bbox 2847 3688 3935 3760">
     <span class='ocr_line' id='line_1_92' title="bbox 2847 3688 3935 3760; baseline 0.008 -17"><span class='ocrx_word' id='word_1_515' title='bbox 2847 3688 3054 3744; x_wconf 88' lang='lat' dir='ltr'><strong>Prontit</strong></span> <span class='ocrx_word' id='word_1_516' title='bbox 3079 3692 3407 3760; x_wconf 88' lang='lat' dir='ltr'><strong>apostolicus</strong></span> <span class='ocrx_word' id='word_1_517' title='bbox 3433 3709 3527 3749; x_wconf 91' lang='lat' dir='ltr'><strong>ore</strong></span> <span class='ocrx_word' id='word_1_518' title='bbox 3555 3695 3650 3751; x_wconf 90' lang='lat' dir='ltr'><strong>Dei</strong></span> <span class='ocrx_word' id='word_1_519' title='bbox 3675 3697 3935 3753; x_wconf 89' lang='lat' dir='ltr'><strong>sobolem.</strong></span> 
     </span>
    </p>
   </div>
   <div class='ocr_carea' id='block_1_91' title="bbox 2776 3776 4193 3857">
    <p class='ocr_par' dir='ltr' id='par_1_91' title="bbox 2776 3776 4193 3857">
     <span class='ocr_line' id='line_1_93' title="bbox 2776 3776 4193 3857; baseline 0.01 -25"><span class='ocrx_word' id='word_1_520' title='bbox 2776 3776 3014 3849; x_wconf 78' lang='lat' dir='ltr'><strong>Virginis</strong></span> <span class='ocrx_word' id='word_1_521' title='bbox 3055 3781 3142 3836; x_wconf 90' lang='lat' dir='ltr'><strong>hic</strong></span> <span class='ocrx_word' id='word_1_522' title='bbox 3175 3783 3391 3851; x_wconf 89' lang='lat' dir='ltr'><strong>genitus</strong></span> <span class='ocrx_word' id='word_1_523' title='bbox 3422 3787 3675 3854; x_wconf 83' lang='lat' dir='ltr'><strong>purgavit</strong></span> <span class='ocrx_word' id='word_1_524' title='bbox 3710 3789 3943 3844; x_wconf 90' lang='lat' dir='ltr'><strong>crimina</strong></span> <span class='ocrx_word' id='word_1_525' title='bbox 3978 3790 4193 3857; x_wconf 87' lang='lat' dir='ltr'><strong>mundi,</strong></span> 
     </span>
    </p>
   </div>
   <div class='ocr_carea' id='block_1_92' title="bbox 2847 3868 4011 3948">
    <p class='ocr_par' dir='ltr' id='par_1_92' title="bbox 2847 3868 4011 3948">
     <span class='ocr_line' id='line_1_94' title="bbox 2847 3868 4011 3948; baseline 0.009 -25"><span class='ocrx_word' id='word_1_526' title='bbox 2847 3868 3073 3925; x_wconf 80' lang='lat' dir='ltr'><strong>Tartara</strong></span> <span class='ocrx_word' id='word_1_527' title='bbox 3105 3874 3361 3928; x_wconf 87' lang='lat' dir='ltr'><strong>contrivit</strong></span> <span class='ocrx_word' id='word_1_528' title='bbox 3394 3875 3629 3945; x_wconf 80' lang='lat' dir='ltr'><strong>Virginis</strong></span> <span class='ocrx_word' id='word_1_529' title='bbox 3661 3877 3749 3932; x_wconf 89' lang='lat' dir='ltr'><strong>hic</strong></span> <span class='ocrx_word' id='word_1_530' title='bbox 3777 3879 4011 3948; x_wconf 89' lang='lat' dir='ltr'><strong>genitus.</strong></span> 
     </span>
    </p>
   </div>
   <div class='ocr_carea' id='block_1_93' title="bbox 2774 3958 4205 4044">
    <p class='ocr_par' dir='ltr' id='par_1_93' title="bbox 2774 3958 4205 4044">
     <span class='ocr_line' id='line_1_95' title="bbox 2774 3958 4205 4044; baseline 0.012 -32"><span class='ocrx_word' id='word_1_531' title='bbox 2774 3958 2979 4015; x_wconf 88' lang='lat' dir='ltr'><strong>Damna</strong></span> <span class='ocrx_word' id='word_1_532' title='bbox 3010 3961 3115 4031; x_wconf 91' lang='lat' dir='ltr'><strong>poli</strong></span> <span class='ocrx_word' id='word_1_533' title='bbox 3142 3962 3405 4019; x_wconf 87' lang='lat' dir='ltr'><strong>Dominus</strong></span> <span class='ocrx_word' id='word_1_534' title='bbox 3439 3975 3709 4022; x_wconf 85' lang='lat' dir='ltr'><strong>restaurat</strong></span> <span class='ocrx_word' id='word_1_535' title='bbox 3740 3969 3877 4024; x_wconf 90' lang='lat' dir='ltr'><strong>mire</strong></span> <span class='ocrx_word' id='word_1_536' title='bbox 3902 3979 4205 4044; x_wconf 82' lang='lat' dir='ltr'><strong>perempta,</strong></span> 
     </span>
    </p>
   </div>
   <div class='ocr_carea' id='block_1_94' title="bbox 2854 4050 4075 4130">
    <p class='ocr_par' dir='ltr' id='par_1_94' title="bbox 2854 4050 4075 4130">
     <span class='ocr_line' id='line_1_96' title="bbox 2854 4050 4075 4130; baseline 0.009 -23"><span class='ocrx_word' id='word_1_537' title='bbox 2854 4050 3130 4121; x_wconf 86' lang='lat' dir='ltr'><strong>Sanguine</strong></span> <span class='ocrx_word' id='word_1_538' title='bbox 3160 4056 3400 4109; x_wconf 88' lang='lat' dir='ltr'><strong>restituit</strong></span> <span class='ocrx_word' id='word_1_539' title='bbox 3427 4057 3626 4113; x_wconf 89' lang='lat' dir='ltr'><strong>damna</strong></span> <span class='ocrx_word' id='word_1_540' title='bbox 3657 4058 3765 4130; x_wconf 90' lang='lat' dir='ltr'><strong>poli</strong></span> <span class='ocrx_word' id='word_1_541' title='bbox 3792 4060 4075 4118; x_wconf 88' lang='lat' dir='ltr'><strong>Dominus.</strong></span> 
     </span>
    </p>
   </div>
   <div class='ocr_carea' id='block_1_95' title="bbox 2774 4138 4191 4226">
    <p class='ocr_par' dir='ltr' id='par_1_95' title="bbox 2774 4138 4191 4226">
     <span class='ocr_line' id='line_1_97' title="bbox 2774 4138 4191 4226; baseline 0.01 -30"><span class='ocrx_word' id='word_1_542' title='bbox 2774 4138 2886 4196; x_wconf 76' lang='lat' dir='ltr'><strong>Rex</strong></span> <span class='ocrx_word' id='word_1_543' title='bbox 2920 4142 3039 4212; x_wconf 88' lang='lat' dir='ltr'><strong>pius</strong></span> <span class='ocrx_word' id='word_1_544' title='bbox 3069 4144 3187 4212; x_wconf 88' lang='lat' dir='ltr'><strong>ipse</strong></span> <span class='ocrx_word' id='word_1_545' title='bbox 3213 4145 3330 4213; x_wconf 90' lang='lat' dir='ltr'><strong>pios</strong></span> <span class='ocrx_word' id='word_1_546' title='bbox 3361 4148 3616 4217; x_wconf 67' lang='lat' dir='ltr'><strong>praecepit</strong></span> <span class='ocrx_word' id='word_1_547' title='bbox 3647 4164 3892 4222; x_wconf 89' lang='lat' dir='ltr'><strong>mergere</strong></span> <span class='ocrx_word' id='word_1_548' title='bbox 3920 4153 4191 4226; x_wconf 85' lang='lat' dir='ltr'><strong>lymphis;</strong></span> 
     </span>
    </p>
   </div>
   <div class='ocr_carea' id='block_1_96' title="bbox 2847 4230 3992 4313">
    <p class='ocr_par' dir='ltr' id='par_1_96' title="bbox 2847 4230 3992 4313">
     <span class='ocr_line' id='line_1_98' title="bbox 2847 4230 3992 4313; baseline 0.012 -27"><span class='ocrx_word' id='word_1_549' title='bbox 2847 4230 3005 4288; x_wconf 80' lang='lat' dir='ltr'><strong>Vexit</strong></span> <span class='ocrx_word' id='word_1_550' title='bbox 3042 4236 3108 4289; x_wconf 90' lang='lat' dir='ltr'><strong>ad</strong></span> <span class='ocrx_word' id='word_1_551' title='bbox 3136 4236 3245 4291; x_wconf 88' lang='lat' dir='ltr'><strong>alta</strong></span> <span class='ocrx_word' id='word_1_552' title='bbox 3276 4237 3381 4306; x_wconf 89' lang='lat' dir='ltr'><strong>poli</strong></span> <span class='ocrx_word' id='word_1_553' title='bbox 3412 4238 3525 4292; x_wconf 78' lang='lat' dir='ltr'><strong>Rex</strong></span> <span class='ocrx_word' id='word_1_554' title='bbox 3558 4240 3678 4310; x_wconf 89' lang='lat' dir='ltr'><strong>pius</strong></span> <span class='ocrx_word' id='word_1_555' title='bbox 3708 4242 3822 4313; x_wconf 90' lang='lat' dir='ltr'><strong>ipse</strong></span> <span class='ocrx_word' id='word_1_556' title='bbox 3851 4245 3992 4313; x_wconf 93' lang='lat' dir='ltr'><strong>pios.</strong></span> 
     </span>
    </p>
   </div>
   <div class='ocr_carea' id='block_1_97' title="bbox 2774 4322 4260 4410">
    <p class='ocr_par' dir='ltr' id='par_1_97' title="bbox 2774 4322 4260 4410">
     <span class='ocr_line' id='line_1_99' title="bbox 2774 4322 4260 4410; baseline 0.011 -33"><span class='ocrx_word' id='word_1_557' title='bbox 2774 4322 2993 4378; x_wconf 91' lang='lat' dir='ltr'><strong>Semina</strong></span> <span class='ocrx_word' id='word_1_558' title='bbox 3023 4342 3190 4395; x_wconf 79' lang='lat' dir='ltr'><strong>parva</strong></span> <span class='ocrx_word' id='word_1_559' title='bbox 3223 4327 3386 4383; x_wconf 83' lang='lat' dir='ltr'><strong>Sator</strong></span> <span class='ocrx_word' id='word_1_560' title='bbox 3415 4332 3713 4387; x_wconf 84' lang='lat' dir='ltr'><strong>cumulavit</strong></span> <span class='ocrx_word' id='word_1_561' title='bbox 3740 4334 4011 4392; x_wconf 84' lang='lat' dir='ltr'><strong>fructibus</strong></span> <span class='ocrx_word' id='word_1_562' title='bbox 4042 4336 4260 4410; x_wconf 88' lang='lat' dir='ltr'><strong>amplis,</strong></span> 
     </span>
    </p>
   </div>
   <div class='ocr_carea' id='block_1_98' title="bbox 2842 4412 4059 4494">
    <p class='ocr_par' dir='ltr' id='par_1_98' title="bbox 2842 4412 4059 4494">
     <span class='ocr_line' id='line_1_100' title="bbox 2842 4412 4059 4494; baseline 0.013 -26"><span class='ocrx_word' id='word_1_563' title='bbox 2842 4412 3223 4485; x_wconf 89' lang='lat' dir='ltr'><strong>Centuplicare</strong></span> <span class='ocrx_word' id='word_1_564' title='bbox 3253 4420 3399 4473; x_wconf 89' lang='lat' dir='ltr'><strong>dedit</strong></span> <span class='ocrx_word' id='word_1_565' title='bbox 3434 4423 3642 4481; x_wconf 88' lang='lat' dir='ltr'><strong>semina</strong></span> <span class='ocrx_word' id='word_1_566' title='bbox 3673 4439 3841 4494; x_wconf 84' lang='lat' dir='ltr'><strong>parva</strong></span> <span class='ocrx_word' id='word_1_567' title='bbox 3875 4428 4059 4483; x_wconf 88' lang='lat' dir='ltr'><strong>Sator.</strong></span> 
     </span>
    </p>
   </div>
   <div class='ocr_carea' id='block_1_99' title="bbox 2772 4502 4275 4588">
    <p class='ocr_par' dir='ltr' id='par_1_99' title="bbox 2772 4502 4275 4588">
     <span class='ocr_line' id='line_1_101' title="bbox 2772 4502 4275 4588; baseline 0.014 -32"><span class='ocrx_word' id='word_1_568' title='bbox 2772 4502 2948 4559; x_wconf 74' lang='lat' dir='ltr'><strong>Eﬁera</strong></span> <span class='ocrx_word' id='word_1_569' title='bbox 2984 4508 3149 4561; x_wconf 89' lang='lat' dir='ltr'><strong>corda</strong></span> <span class='ocrx_word' id='word_1_570' title='bbox 3180 4510 3358 4564; x_wconf 90' lang='lat' dir='ltr'><strong>nitent</strong></span> <span class='ocrx_word' id='word_1_571' title='bbox 3387 4512 3615 4567; x_wconf 83' lang='lat' dir='ltr'><strong>istorum</strong></span> <span class='ocrx_word' id='word_1_572' title='bbox 3646 4513 3908 4580; x_wconf 59' lang='lat' dir='ltr'><strong>famine,&quot;</strong></span> <span class='ocrx_word' id='word_1_573' title='bbox 3938 4529 4275 4588; x_wconf 85' lang='lat' dir='ltr'><strong>sanctorum,</strong></span> 
     </span>
    </p>
   </div>
   <div class='ocr_carea' id='block_1_100' title="bbox 2696 4596 3979 4683">
    <p class='ocr_par' dir='ltr' id='par_1_100' title="bbox 2696 4596 3979 4683">
     <span class='ocr_line' id='line_1_102' title="bbox 2696 4596 3979 4683; baseline 0.015 -35"><span class='ocrx_word' id='word_1_574' title='bbox 2696 4622 2750 4683; x_wconf 72' lang='grc' dir='ltr'><strong>ι)</strong></span> <span class='ocrx_word' id='word_1_575' title='bbox 2845 4596 2949 4652; x_wconf 86' lang='lat' dir='ltr'><strong>Pcr</strong></span> <span class='ocrx_word' id='word_1_576' title='bbox 2977 4599 3157 4655; x_wconf 88' lang='lat' dir='ltr'><strong>varios</strong></span> <span class='ocrx_word' id='word_1_577' title='bbox 3186 4600 3350 4657; x_wconf 80' lang='lat' dir='ltr'><strong>liores</strong></span> <span class='ocrx_word' id='word_1_578' title='bbox 3386 4602 3549 4660; x_wconf 69' lang='lat' dir='ltr'><strong>effera</strong></span> <span class='ocrx_word' id='word_1_579' title='bbox 3582 4608 3747 4662; x_wconf 86' lang='lat' dir='ltr'><strong>corda</strong></span> <span class='ocrx_word' id='word_1_580' title='bbox 3787 4610 3979 4667; x_wconf 86' lang='lat' dir='ltr'><strong>nitent.</strong></span> 
     </span>
    </p>
   </div>
   <div class='ocr_carea' id='block_1_101' title="bbox 2778 4682 4043 4769">
    <p class='ocr_par' dir='ltr' id='par_1_101' title="bbox 2778 4682 4043 4769">
     <span class='ocr_line' id='line_1_103' title="bbox 2778 4682 4043 4769; baseline 0.014 -32"><span class='ocrx_word' id='word_1_581' title='bbox 2778 4682 2911 4738; x_wconf 85' lang='lat' dir='ltr'><strong>Lilia</strong></span> <span class='ocrx_word' id='word_1_582' title='bbox 2944 4687 3101 4741; x_wconf 79' lang='lat' dir='ltr'><strong>mista</strong></span> <span class='ocrx_word' id='word_1_583' title='bbox 3141 4690 3279 4745; x_wconf 88' lang='lat' dir='ltr'><strong>rosis</strong></span> <span class='ocrx_word' id='word_1_584' title='bbox 3308 4692 3569 4762; x_wconf 66' lang='lat' dir='ltr'><strong>violaeque</strong></span> <span class='ocrx_word' id='word_1_585' title='bbox 3599 4710 3762 4763; x_wconf 89' lang='lat' dir='ltr'><strong>per...</strong></span> <span class='ocrx_word' id='word_1_586' title='bbox 3796 4696 4043 4769; x_wconf 82' lang='lat' dir='ltr'><strong>ﬂagrant,</strong></span> 
     </span>
    </p>
   </div>
   <div class='ocr_carea' id='block_1_102' title="bbox 2846 4773 3827 4842">
    <p class='ocr_par' dir='ltr' id='par_1_102' title="bbox 2846 4773 3827 4842">
     <span class='ocr_line' id='line_1_104' title="bbox 2846 4773 3827 4842; baseline 0.013 -14"><span class='ocrx_word' id='word_1_587' title='bbox 2846 4773 3045 4830; x_wconf 89' lang='lat' dir='ltr'><strong>Sancta</strong></span> <span class='ocrx_word' id='word_1_588' title='bbox 3079 4778 3317 4833; x_wconf 89' lang='lat' dir='ltr'><strong>renitent</strong></span> <span class='ocrx_word' id='word_1_589' title='bbox 3342 4779 3453 4834; x_wconf 88' lang='lat' dir='ltr'><strong>lilia</strong></span> <span class='ocrx_word' id='word_1_590' title='bbox 3483 4784 3640 4839; x_wconf 91' lang='lat' dir='ltr'><strong>mista</strong></span> <span class='ocrx_word' id='word_1_591' title='bbox 3670 4788 3827 4842; x_wconf 87' lang='lat' dir='ltr'><strong>rosis.</strong></span> 
     </span>
    </p>
   </div>
   <div class='ocr_carea' id='block_1_103' title="bbox 2774 4865 4133 4951">
    <p class='ocr_par' dir='ltr' id='par_1_103' title="bbox 2774 4865 4133 4951">
     <span class='ocr_line' id='line_1_105' title="bbox 2774 4865 4133 4951; baseline 0.014 -33"><span class='ocrx_word' id='word_1_592' title='bbox 2774 4865 2952 4921; x_wconf 81' lang='lat' dir='ltr'><strong>Aurea</strong></span> <span class='ocrx_word' id='word_1_593' title='bbox 2984 4883 3148 4938; x_wconf 86' lang='lat' dir='ltr'><strong>regna</strong></span> <span class='ocrx_word' id='word_1_594' title='bbox 3177 4869 3288 4938; x_wconf 88' lang='lat' dir='ltr'><strong>poli</strong></span> <span class='ocrx_word' id='word_1_595' title='bbox 3319 4870 3601 4941; x_wconf 89' lang='lat' dir='ltr'><strong>dispensat</strong></span> <span class='ocrx_word' id='word_1_596' title='bbox 3625 4875 3878 4934; x_wconf 88' lang='lat' dir='ltr'><strong>Christus</strong></span> <span class='ocrx_word' id='word_1_597' title='bbox 3910 4881 4133 4951; x_wconf 80' lang='lat' dir='ltr'><strong>ubique,</strong></span> 
     </span>
    </p>
   </div>
   <div class='ocr_carea' id='block_1_104' title="bbox 2846 4955 3906 5041">
    <p class='ocr_par' dir='ltr' id='par_1_104' title="bbox 2846 4955 3906 5041">
     <span class='ocr_line' id='line_1_106' title="bbox 2846 4955 3906 5041; baseline 0.016 -32"><span class='ocrx_word' id='word_1_598' title='bbox 2846 4955 3136 5029; x_wconf 88' lang='lat' dir='ltr'><strong>Discipulis</strong></span> <span class='ocrx_word' id='word_1_599' title='bbox 3168 4962 3355 5017; x_wconf 88' lang='lat' dir='ltr'><strong>tribuit</strong></span> <span class='ocrx_word' id='word_1_600' title='bbox 3383 4980 3548 5021; x_wconf 87' lang='lat' dir='ltr'><strong>aurea</strong></span> <span class='ocrx_word' id='word_1_601' title='bbox 3584 4982 3749 5038; x_wconf 83' lang='lat' dir='ltr'><strong>regna</strong></span> <span class='ocrx_word' id='word_1_602' title='bbox 3778 4971 3906 5041; x_wconf 92' lang='lat' dir='ltr'><strong>poli.</strong></span> 
     </span>
    </p>
   </div>
   <div class='ocr_carea' id='block_1_105' title="bbox 2712 5046 4195 5135">
    <p class='ocr_par' dir='ltr' id='par_1_105' title="bbox 2712 5046 4195 5135">
     <span class='ocr_line' id='line_1_107' title="bbox 2712 5046 4195 5135; baseline 0.017 -36"><span class='ocrx_word' id='word_1_603' title='bbox 2712 5054 2715 5057; x_wconf 75' lang='lat'><em>‘</em></span> <span class='ocrx_word' id='word_1_604' title='bbox 2772 5046 3034 5103; x_wconf 84' lang='lat' dir='ltr'><strong>Primitus</strong></span> <span class='ocrx_word' id='word_1_605' title='bbox 3065 5050 3206 5106; x_wconf 90' lang='lat' dir='ltr'><strong>alma</strong></span> <span class='ocrx_word' id='word_1_606' title='bbox 3232 5052 3365 5110; x_wconf 86' lang='lat' dir='ltr'><strong>ﬁdes</strong></span> <span class='ocrx_word' id='word_1_607' title='bbox 3394 5070 3489 5125; x_wconf 88' lang='lat' dir='ltr'><strong>per</strong></span> <span class='ocrx_word' id='word_1_608' title='bbox 3512 5057 3731 5114; x_wconf 86' lang='lat' dir='ltr'><strong>Petrum</strong></span> <span class='ocrx_word' id='word_1_609' title='bbox 3768 5061 3971 5119; x_wconf 87' lang='lat' dir='ltr'><strong>clarior</strong></span> <span class='ocrx_word' id='word_1_610' title='bbox 3994 5074 4195 5135; x_wconf 80' lang='lat' dir='ltr'><strong>exstat,</strong></span> 
     </span>
    </p>
   </div>
   <div class='ocr_carea' id='block_1_106' title="bbox 2842 5136 3965 5215">
    <p class='ocr_par' dir='ltr' id='par_1_106' title="bbox 2842 5136 3965 5215">
     <span class='ocr_line' id='line_1_108' title="bbox 2842 5136 3965 5215; baseline 0.017 -24"><span class='ocrx_word' id='word_1_611' title='bbox 2842 5136 2973 5204; x_wconf 86' lang='lat' dir='ltr'><strong>Ejus</strong></span> <span class='ocrx_word' id='word_1_612' title='bbox 3001 5142 3169 5197; x_wconf 92' lang='lat' dir='ltr'><strong>odore</strong></span> <span class='ocrx_word' id='word_1_613' title='bbox 3199 5143 3334 5198; x_wconf 84' lang='lat' dir='ltr'><strong>nitet</strong></span> <span class='ocrx_word' id='word_1_614' title='bbox 3352 5148 3611 5215; x_wconf 81' lang='lat' dir='ltr'><strong>primitus</strong></span> <span class='ocrx_word' id='word_1_615' title='bbox 3639 5151 3777 5205; x_wconf 86' lang='lat' dir='ltr'><strong>alma</strong></span> <span class='ocrx_word' id='word_1_616' title='bbox 3812 5153 3965 5210; x_wconf 75' lang='lat' dir='ltr'><strong>fides.</strong></span> 
     </span>
    </p>
   </div>
   <div class='ocr_carea' id='block_1_107' title="bbox 2772 5225 4108 5317">
    <p class='ocr_par' dir='ltr' id='par_1_107' title="bbox 2772 5225 4108 5317">
     <span class='ocr_line' id='line_1_109' title="bbox 2772 5225 4108 5317; baseline 0.019 -37"><span class='ocrx_word' id='word_1_617' title='bbox 2772 5225 2942 5283; x_wconf 77' lang='lat' dir='ltr'><strong>Roma</strong></span> <span class='ocrx_word' id='word_1_618' title='bbox 2970 5234 3153 5298; x_wconf 88' lang='lat' dir='ltr'><strong>beata,</strong></span> <span class='ocrx_word' id='word_1_619' title='bbox 3182 5236 3347 5301; x_wconf 90' lang='lat' dir='ltr'><strong>nites,</strong></span> <span class='ocrx_word' id='word_1_620' title='bbox 3380 5237 3521 5293; x_wconf 88' lang='lat' dir='ltr'><strong>Petri</strong></span> <span class='ocrx_word' id='word_1_621' title='bbox 3559 5242 3627 5297; x_wconf 91' lang='lat' dir='ltr'><strong>dc</strong></span> <span class='ocrx_word' id='word_1_622' title='bbox 3656 5258 3885 5314; x_wconf 89' lang='lat' dir='ltr'><strong>corpore</strong></span> <span class='ocrx_word' id='word_1_623' title='bbox 3909 5251 4108 5317; x_wconf 89' lang='lat' dir='ltr'><strong>sancti,</strong></span> 
     </span>
    </p>
   </div>
   <div class='ocr_carea' id='block_1_108' title="bbox 2840 5317 4096 5401">
    <p class='ocr_par' dir='ltr' id='par_1_108' title="bbox 2840 5317 4096 5401">
     <span class='ocr_line' id='line_1_110' title="bbox 2840 5317 4096 5401; baseline 0.018 -31"><span class='ocrx_word' id='word_1_624' title='bbox 2840 5317 3103 5389; x_wconf 80' lang='lat' dir='ltr'><strong>Dogmate</strong></span> <span class='ocrx_word' id='word_1_625' title='bbox 3130 5338 3345 5393; x_wconf 88' lang='lat' dir='ltr'><strong>quoque</strong></span> <span class='ocrx_word' id='word_1_626' title='bbox 3370 5342 3488 5393; x_wconf 91' lang='lat' dir='ltr'><strong>suo,</strong></span> <span class='ocrx_word' id='word_1_627' title='bbox 3518 5328 3689 5385; x_wconf 88' lang='lat' dir='ltr'><strong>Roma</strong></span> <span class='ocrx_word' id='word_1_628' title='bbox 3719 5333 3901 5401; x_wconf 88' lang='lat' dir='ltr'><strong>beata,</strong></span> <span class='ocrx_word' id='word_1_629' title='bbox 3934 5338 4096 5395; x_wconf 87' lang='lat' dir='ltr'><strong>nites.</strong></span> 
     </span>
    </p>
   </div>
   <div class='ocr_carea' id='block_1_109' title="bbox 2771 5410 4174 5498">
    <p class='ocr_par' dir='ltr' id='par_1_109' title="bbox 2771 5410 4174 5498">
     <span class='ocr_line' id='line_1_111' title="bbox 2771 5410 4174 5498; baseline 0.02 -36"><span class='ocrx_word' id='word_1_630' title='bbox 2771 5410 2960 5480; x_wconf 79' lang='lat' dir='ltr'><strong>Ampla</strong></span> <span class='ocrx_word' id='word_1_631' title='bbox 2992 5422 3190 5483; x_wconf 65' lang='lat' dir='ltr'><strong>tr0paza</strong></span> <span class='ocrx_word' id='word_1_632' title='bbox 3219 5418 3399 5473; x_wconf 89' lang='lat' dir='ltr'><strong>crucis</strong></span> <span class='ocrx_word' id='word_1_633' title='bbox 3423 5435 3523 5490; x_wconf 90' lang='lat' dir='ltr'><strong>pro</strong></span> <span class='ocrx_word' id='word_1_634' title='bbox 3552 5422 3772 5482; x_wconf 87' lang='lat' dir='ltr'><strong>Christo</strong></span> <span class='ocrx_word' id='word_1_635' title='bbox 3801 5431 4021 5497; x_wconf 88' lang='lat' dir='ltr'><strong>pertulit</strong></span> <span class='ocrx_word' id='word_1_636' title='bbox 4058 5433 4174 5498; x_wconf 91' lang='lat' dir='ltr'><strong>ille,</strong></span> 
     </span>
    </p>
   </div>
   <div class='ocr_carea' id='block_1_110' title="bbox 2840 5498 4083 5587">
    <p class='ocr_par' dir='ltr' id='par_1_110' title="bbox 2840 5498 4083 5587">
     <span class='ocr_line' id='line_1_112' title="bbox 2840 5498 4083 5587; baseline 0.022 -35"><span class='ocrx_word' id='word_1_637' title='bbox 2840 5498 3055 5558; x_wconf 86' lang='lat' dir='ltr'><strong>Vertice</strong></span> <span class='ocrx_word' id='word_1_638' title='bbox 3084 5521 3273 5562; x_wconf 87' lang='lat' dir='ltr'><strong>versus</strong></span> <span class='ocrx_word' id='word_1_639' title='bbox 3301 5510 3414 5563; x_wconf 92' lang='lat' dir='ltr'><strong>abit</strong></span> <span class='ocrx_word' id='word_1_640' title='bbox 3439 5513 3615 5583; x_wconf 89' lang='lat' dir='ltr'><strong>ampla</strong></span> <span class='ocrx_word' id='word_1_641' title='bbox 3648 5524 3848 5587; x_wconf 71' lang='lat' dir='ltr'><strong>troptea</strong></span> <span class='ocrx_word' id='word_1_642' title='bbox 3886 5523 4083 5579; x_wconf 84' lang='lat' dir='ltr'><strong>crucis.</strong></span> 
     </span>
    </p>
   </div>
   <div class='ocr_carea' id='block_1_111' title="bbox 2768 5586 4231 5683">
    <p class='ocr_par' dir='ltr' id='par_1_111' title="bbox 2768 5586 4231 5683">
     <span class='ocr_line' id='line_1_113' title="bbox 2768 5586 4231 5683; baseline 0.021 -43"><span class='ocrx_word' id='word_1_643' title='bbox 2768 5586 3027 5658; x_wconf 90' lang='lat' dir='ltr'><strong>Splendet</strong></span> <span class='ocrx_word' id='word_1_644' title='bbox 3064 5594 3264 5665; x_wconf 90' lang='lat' dir='ltr'><strong>ubique</strong></span> <span class='ocrx_word' id='word_1_645' title='bbox 3293 5608 3483 5666; x_wconf 84' lang='lat' dir='ltr'><strong>potens</strong></span> <span class='ocrx_word' id='word_1_646' title='bbox 3511 5586 3745 5667; x_wconf 80' lang='lat' dir='ltr'><strong>Paulus,</strong></span> <span class='ocrx_word' id='word_1_647' title='bbox 3764 5608 4026 5667; x_wconf 86' lang='lat' dir='ltr'><strong>mirabilis</strong></span> <span class='ocrx_word' id='word_1_648' title='bbox 4051 5623 4231 5683; x_wconf 83' lang='lat' dir='ltr'><strong>actor,</strong></span> 
     </span>
    </p>
   </div>
   <div class='ocr_carea' id='block_1_112' title="bbox 2839 5679 4102 5769">
    <p class='ocr_par' dir='ltr' id='par_1_112' title="bbox 2839 5679 4102 5769">
     <span class='ocr_line' id='line_1_114' title="bbox 2839 5679 4102 5769; baseline 0.021 -36"><span class='ocrx_word' id='word_1_649' title='bbox 2839 5679 3123 5741; x_wconf 82' lang='lat' dir='ltr'><strong>Abscissus</strong></span> <span class='ocrx_word' id='word_1_650' title='bbox 3151 5687 3327 5755; x_wconf 89' lang='lat' dir='ltr'><strong>capite</strong></span> <span class='ocrx_word' id='word_1_651' title='bbox 3359 5690 3624 5759; x_wconf 76' lang='lat' dir='ltr'><strong>Splendet,</strong></span> <span class='ocrx_word' id='word_1_652' title='bbox 3658 5695 3857 5767; x_wconf 83' lang='lat' dir='ltr'><strong>ubique</strong></span> <span class='ocrx_word' id='word_1_653' title='bbox 3888 5711 4102 5769; x_wconf 90' lang='lat' dir='ltr'><strong>potens.</strong></span> 
     </span>
    </p>
   </div>
   <div class='ocr_carea' id='block_1_113' title="bbox 2766 5767 4063 5862">
    <p class='ocr_par' dir='ltr' id='par_1_113' title="bbox 2766 5767 4063 5862">
     <span class='ocr_line' id='line_1_115' title="bbox 2766 5767 4063 5862; baseline 0.02 -38"><span class='ocrx_word' id='word_1_654' title='bbox 2766 5767 2811 5824; x_wconf 91' lang='grc' dir='ltr'>Ο</span> <span class='ocrx_word' id='word_1_655' title='bbox 2840 5775 3149 5829; x_wconf 83' lang='lat' dir='ltr'><strong>veneranda</strong></span> <span class='ocrx_word' id='word_1_656' title='bbox 3189 5778 3351 5834; x_wconf 75' lang='lat' dir='ltr'><strong>nimis</strong></span> <span class='ocrx_word' id='word_1_657' title='bbox 3381 5779 3527 5836; x_wconf 87' lang='lat' dir='ltr'><strong>Petri</strong></span> <span class='ocrx_word' id='word_1_658' title='bbox 3557 5780 3819 5857; x_wconf 84' lang='lat' dir='ltr'><strong>Paulique</strong></span> <span class='ocrx_word' id='word_1_659' title='bbox 3848 5767 4063 5862; x_wconf 83' lang='lat' dir='ltr'><strong>decore,</strong></span> 
     </span>
    </p>
   </div>
   <div class='ocr_carea' id='block_1_114' title="bbox 2839 5858 4095 5944">
    <p class='ocr_par' dir='ltr' id='par_1_114' title="bbox 2839 5858 4095 5944">
     <span class='ocr_line' id='line_1_116' title="bbox 2839 5858 4095 5944; baseline 0.022 -29"><span class='ocrx_word' id='word_1_660' title='bbox 2839 5858 3089 5933; x_wconf 78' lang='lat' dir='ltr'><strong>Romula,</strong></span> <span class='ocrx_word' id='word_1_661' title='bbox 3115 5879 3253 5937; x_wconf 86' lang='lat' dir='ltr'><strong>quos</strong></span> <span class='ocrx_word' id='word_1_662' title='bbox 3284 5870 3507 5939; x_wconf 88' lang='lat' dir='ltr'><strong>retines,</strong></span> <span class='ocrx_word' id='word_1_663' title='bbox 3532 5890 3565 5931; x_wconf 90' lang='grc' dir='ltr'>ο</span> <span class='ocrx_word' id='word_1_664' title='bbox 3593 5882 3898 5939; x_wconf 78' lang='lat' dir='ltr'><strong>veneranda</strong></span> <span class='ocrx_word' id='word_1_665' title='bbox 3933 5858 4095 5944; x_wconf 70' lang='lat' dir='ltr'><strong>nimis</strong></span> 
     </span>
    </p>
   </div>
  </div>
