4176 6418
406 494 519 553 N9

1670 502 1982 564 CARMINA
2015 506 2104 563 ετ
2135 506 2425 566 ιδειεεεε.

551 606 608 665 ln
632 610 733 667 hoc
759 610 893 668 orbe
917 605 1304 683 spectaculum.

629 700 830 757 ﬂector
858 704 1004 769 caeli,
1035 705 1166 763 Nate
1191 708 1309 772 Dei,
1341 709 1600 778 petimus,

555 788 697 844 Leva
724 807 957 858 mersos,
986 795 1135 852 solve
1166 812 1354 863 nexos,

550 879 729 952 Magni
755 885 927 939 sancti
956 888 1165 943 meritis
1193 887 1479 946 Vincentii.

618 973 696 1028 Tu
727 991 864 1045 quos
894 977 1076 1032 multa:
1104 993 1372 1048 praemunt
1401 983 1569 1055 culpa:
1597 989 1819 1055 suscita,

545 1059 675 1132 Fige
699 1074 882 1119 nostra
910 1081 1123 1122 sursum
1151 1071 1340 1135 corda,

548 1147 664 1219 Quo
693 1152 766 1206 nil
791 1163 974 1209 ament
993 1166 1190 1225 praiter
1218 1160 1482 1217 ccelestia.

548 1268 553 1274 -
611 1238 689 1294 Da
717 1245 947 1298 terrenis
966 1244 1037 1313 in
1068 1248 1325 1304 extremis

546 1325 678 1385 lei
706 1332 850 1387 celsa
881 1336 1167 1402 scandere,

544 1416 690 1485 Quos
717 1419 974 1479 misertus
1006 1427 1281 1484 redemisti

546 1506 793 1566 Pretioso
830 1515 1112 1585 sanguine,

541 1594 642 1663 Qui
667 1612 764 1668 per
791 1617 962 1657 aevum
987 1606 1111 1676 jura
1147 1625 1328 1666 rerum
1357 1615 1594 1672 ordinas.

610 1685 729 1743 Rex
757 1690 1053 1751 immensus
1080 1706 1135 1753 et
1159 1709 1418 1768 mternus,

537 1774 705 1846 Cujus
731 1793 920 1837 nutum
950 1796 1144 1862 cuncta
1183 1800 1422 1849 tremunt
1456 1797 1694 1863 condita,

535 1863 638 1933 Qui
667 1883 789 1924 cum
820 1871 1005 1938 Patre,
1032 1876 1346 1951 Spirituque
1376 1896 1565 1942 sancto

535 1952 754 2029 Regna:
780 1960 991 2019 infinita
1018 1981 1115 2036 per
1139 1972 1358 2027 saecula.
1387 1975 1586 2032 Amen.

741 2051 920 2110 XCVI.
965 2057 1040 2112 De
1073 2058 1135 2114 S.
1175 2060 1348 2117 Vitale
1377 2079 1631 2138 martyre.

899 2143 1142 2216 Hymnus
1167 2152 1237 2204 ad
1260 2151 1464 2210 laudes.

598 2229 814 2304 Insigne
844 2236 1009 2292 decus
1037 2250 1362 2312 martyrum,

527 2315 750 2375 Astrum
774 2321 965 2380 Vitalis
1002 2342 1226 2384 aureum

522 2404 629 2462 Per
652 2409 877 2480 gloriam
905 2420 1221 2477 certaminis

518 2494 727 2554 Urbem
758 2503 1040 2573 perfundit
1074 2511 1260 2567 radiis.

593 2587 738 2644 Ense
766 2595 1088 2661 praecinctus
1118 2599 1266 2667 ﬁdei,

528 2674 731 2734 Christi
769 2687 1040 2740 succurrit
1071 2689 1227 2745 militi
1253 2709 1266 2743 :

523 2761 659 2853 Dum
691 2767 840 2838 lapso
871 2788 1089 2829 nianum
1113 2781 1361 2853 porrigit,

523 2847 747 2911 Hostem
777 2859 990 2938 calcare
1013 2864 1215 2923 docuit.

591 2943 835 3016 Equuleo
867 2957 1235 3027 suspenditur,

523 3029 632 3089 Sed
660 3052 818 3107 pmna
849 3047 1278 3118 parvipenditur,

517 3119 736 3183 Amoris
771 3132 940 3186 ardor
967 3135 1144 3192 intimi

520 3207 639 3269 Non
671 3219 840 3274 sentit
869 3222 973 3276 vim
1001 3227 1273 3297 supplicii.

652 3308 761 3380 33
787 3311 971 3367 Terra:
1004 3331 1216 3373 mersus
1247 3319 1526 3391 infoditur,

582 3393 694 3452 Sed
719 3415 884 3469 super
910 3411 1058 3458 astra
1095 3407 1339 3464 tollitur:

580 3480 846 3544 Obruitur
867 3493 1177 3564 ruderibus,

587 3577 782 3639 Radiat
813 3586 867 3640 in
889 3588 1222 3648 coelestibus.

649 3671 782 3740 Nos,
807 3687 1017 3750 martyr
1045 3683 1423 3755 invictissime,

587 3760 666 3816 Da
691 3773 814 3834 post
845 3769 1056 3825 ruinam
1086 3773 1338 3842 vincere,

546 3885 558 3896 ι
577 3850 856 3924 Digneque
887 3869 1010 3927 post
1039 3861 1324 3921 victoriam

575 3941 659 4000 Ad
684 3947 808 4001 ειειὶ
834 3943 1070 4006 transfer
1092 3953 1342 4022 gloriam.
1356 3969 1413 4021 ..‘

649 4029 900 4090 SitPatri
929 4036 1045 4094 laus
1075 4041 1346 4112 ingenito,

577 4119 666 4176 Sit
695 4123 859 4181 decus
887 4125 1205 4200 Unigenito,

577 4208 662 4267 Sit
684 4215 970 4288 utriusque
1004 4222 1167 4289 parili

573 4297 828 4370 Majestas
856 4321 1065 4364 summa
1091 4310 1346 4370 Flamini.
1369 4317 1563 4377 Amen.

503 4386 708 4446 XCVII.
750 4395 816 4448 In
845 4397 1124 4465 festivitate
1163 4403 1227 4458 S.
1251 4407 1507 4465 Ant/rimi.
1538 4412 1802 4486 Hymnus.

644 4483 860 4555 lnsigne
893 4489 1058 4544 decus
1089 4504 1385 4567 martyrum

569 4567 713 4626 Laus
737 4585 919 4630 nostra
944 4590 1160 4646 promat
1189 4585 1506 4645 Antbimum
1523 4632 1538 4658 ,

572 4656 736 4728 Cujus
761 4671 1033 4730 testantur
1059 4672 1240 4726 omnia

570 4745 849 4807 Elementa
878 4757 1183 4815 victoriam.

643 4839 881 4898 Furores
912 4847 1089 4904 calcat
1113 4853 1443 4927 principum,

568 4925 758 4986 Manus
783 4934 920 4990 ridet
950 4925 1298 5013 carniﬁcum,

569 5015 826 5078 Fundata:
849 5027 1013 5081 robur
1033 5029 1159 5087 ﬁdei

566 5104 683 5164 Non
711 5125 937 5180 quassat
966 5121 1047 5176 vis
1073 5124 1344 5192 supplicii.

634 5194 764 5252 Post
786 5200 1066 5269 carcerum
1086 5214 1361 5273 custodias
1377 5258 1392 5284 ,

568 5283 698 5342 Post
719 5292 1005 5350 verberum
1038 5300 1294 5360 victorias
1313 5347 1329 5372 ,

567 5373 711 5432 Saxo
735 5381 945 5439 vinctus
965 5392 1309 5459 suspenditur

562 5464 632 5521 Et
656 5470 736 5524 sic
763 5472 816 5525 in
840 5473 1034 5533 ﬂuctus
1063 5485 1344 5554 mergitur.

638 5561 745 5618 Sed
769 5578 804 5619 o
832 5565 1043 5624 felicem
1073 5575 1414 5648 naufragum!

564 5648 688 5707 Mox
717 5655 920 5712 clarum
949 5665 1122 5719 cernit
1147 5671 1424 5743 angelum,

564 5738 792 5827 Deponit
822 5759 1019 5816 przesto
1040 5753 1310 5814 vinculum
1332 5801 1350 5827 ,

565 5826 727 5887 Liber
752 5835 892 5890 redit
913 5838 1223 5909 hospitium.

2024 626 2072 685 Α

2287 653 2291 655 λ
2387 623 2566 697 Caput
2593 639 2763 682 casus
2794 623 3032 694 interiit,

2308 714 2427 772 Sed
2466 717 2640 771 victor
2670 729 2818 774 astra
2851 721 3035 790 petiit;

2312 807 2455 862 Dum
2487 811 2680 865 mortis
2705 810 2810 865 fert
2832 814 3095 880 atrociam
3116 853 3131 880 ,

2312 896 2451 952 Vitas
2486 910 2757 954 mercatur
2786 901 3034 970 gloriam.

2385 984 2594 1055 Magnis
2617 999 2862 1045 votorum
2896 991 3147 1052 laudibus

2308 1074 2517 1146 Dignus
2540 1087 2626 1132 est
2651 1089 2857 1152 martyr
2879 1081 3193 1155 Antbimus,

2307 1163 2413 1232 Qui
2437 1166 2606 1236 signis
2634 1179 2689 1224 et
2711 1172 2960 1229 mirificis

2307 1252 2412 1308 Tot
2443 1255 2638 1312 claruit
2667 1262 2949 1334 prodigiis.

2379 1345 2479 1403 Hic
2499 1347 2711 1406 Piniani
2742 1353 3057 1425 languidam

2303 1434 2562 1504 Carnem,
2595 1441 2756 1495 simul
2781 1452 2837 1499 et
2857 1445 3095 1501 animam
3116 1489 3134 1514 ,

2306 1523 2535 1582 Cunctis
2559 1529 2870 1586 morborum
2902 1535 3134 1591 nexibus

2304 1614 2491 1672 Sacris
2515 1618 2746 1675 absolvit
2767 1624 3039 1692 precibus.

2377 1706 2590 1765 Vesana
2621 1713 2832 1769 daemon
2861 1715 3004 1772 furia

2300 1795 2602 1864 Quemdam
2633 1813 2794 1858 vexat
2834 1805 2886 1859 in
2919 1806 3180 1875 vulnera;

2298 1886 2458 1945 Pacis
2491 1891 2663 1948 hostis
2691 1896 3002 1966 expellitur,

2307 1978 2401 2035 Sic
2426 1997 2580 2038 mens
2605 1995 2798 2054 pacata
2832 1989 3096 2047 redditur.

2377 2070 2474 2138 Te,
2503 2083 2715 2146 martyr
2737 2076 2902 2144 alme,
2931 2081 3207 2150 poscimus

2296 2159 2490 2237 cordis
2511 2164 2732 2235 orisque
2757 2167 3010 2237 vocibus,

2296 2234 2498 2307 Uﬁos
2525 2234 2812 2311 tremendo
2828 2234 3010 2315 Judici

2286 2340 2662 2400 .Commendcs
2687 2362 2850 2417 prece
2870 2349 3120 2422 supplici.

2361 2422 2447 2489 Sit
2473 2435 2621 2492 Patri
2653 2438 2772 2495 laus
2804 2440 3046 2514 ingenito
3062 2485 3078 2511 ,

2294 2525 2380 2583 Sit
2407 2530 2574 2585 decus
2619 2531 2902 2604 Unigenito
2921 2576 2938 2603 ,

2297 2615 2381 2672 Sit
2410 2621 2692 2692 utriusque
2713 2625 2872 2694 parili

2293 2703 2546 2778 Maiestas
2575 2725 2786 2767 summa
2807 2714 3059 2774 Flamini.
3091 2721 3286 2777 Amen.

2201 2792 2430 2852 XCVIII.
2463 2799 2533 2854 In
2563 2802 2894 2861 solemnitate
2921 2805 2981 2862 S.
3017 2808 3268 2868 Ursicini.
3301 2810 3563 2887 Hymnus.

2358 2887 2526 2965 Dulce
2558 2901 2768 2964 martyr
2795 2896 3029 2955 eximius

2284 2976 2508 3033 Festum
2538 2983 2746 3068 prazbet
2786 2984 3105 3056 Ursicinus,

2189 3083 2192 3087 ·
2285 3066 2403 3133 Quo
2428 3070 2609 3127 victus
2637 3066 2814 3130 victor
2851 3077 3092 3146 exstitit,

2283 3157 2352 3228 Et
2381 3160 2563 3217 clarus
2592 3173 2738 3220 astra
2777 3169 2950 3237 petiit.

2358 3246 2495 3302 Nam
2517 3265 2718 3320 poenas
2744 3265 2867 3323 post
2887 3255 3175 3317 horriﬁcas

2281 3335 2476 3392 Carnis
2504 3349 2666 3408 pavet
2691 3341 3011 3412 infirmitas,

2284 3424 2393 3482 Sed
2423 3445 2549 3484 mox
2579 3433 2646 3486 ad
2675 3448 2771 3488 cor
2807 3437 3119 3507 revertitur,

2282 3515 2351 3572 Et
2376 3518 2534 3575 laetus
2557 3521 2610 3576 in
2641 3538 2702 3578 se
2728 3525 2955 3583 caeditur
2986 3547 2999 3582 :

2361 3610 2547 3683 Digna:
2575 3625 2766 3686 raptor
2790 3619 3009 3677 erubuit

2281 3699 2508 3770 Rapina:
2534 3721 2658 3761 cum
2686 3713 3006 3782 succubuit,

2279 3791 2392 3864 35
2420 3793 2487 3847 Et
2505 3794 2662 3853 hoste
2684 3798 2837 3870 lapso
2860 3806 3130 3876 perdidit,

2281 3878 2383 3947 Qui
2405 3885 2574 3938 stanti
2598 3887 2797 3944 vulnus
2830 3892 3034 3950 intulit.

2348 3972 2418 4028 Et
2454 3990 2556 4032 nos
2579 3978 2720 4035 inter
2741 3985 3064 4053 certamina,

2272 4060 2482 4136 Martyr
2520 4067 2770 4140 insignis,
2801 4074 2996 4145 adjuva
3023 4095 3038 4143 ;

2187 4224 2192 4229 .
2273 4149 2352 4207 Da
2381 4154 2705 4216 dissidentes
2737 4161 2906 4221 fidere

2271 4239 2567 4317 Victosque
2596 4266 2814 4309 rursum
2851 4256 3092 4318 vincere.

2347 4333 2459 4402 Sic,
2488 4341 2795 4399 animarum
2827 4348 3069 4407 medicus
3083 4391 3100 4418 ,

2266 4424 2418 4482 All‘er
2441 4444 2598 4498 opem
2624 4431 3035 4506 languentibus;

2269 4512 2480 4572 Haustu
2510 4519 2754 4578 cmlestis
2781 4527 2973 4595 gratiae

2269 4603 2453 4676 Egrae
2476 4619 2738 4667 curantur
2759 4616 2974 4673 animm.

2339 4695 2423 4752 Sit
2459 4698 2608 4755 Patri
2632 4702 2748 4759 laus
2770 4705 3009 4779 ingenito
3025 4753 3038 4778 ,

2265 4786 2354 4842 Sit
2381 4789 2546 4846 decus
2569 4793 2861 4866 Unigenito
2878 4840 2894 4866 ,

2265 4875 2348 4932 Sit
2369 4881 2653 4953 utriusque
2690 4890 2850 4958 parili

2262 4967 2517 5041 Majestas
2545 4992 2759 5035 summa
2784 4981 3034 5043 Flamini.
3064 4989 3255 5050 Amen.

2145 5053 2329 5114 XCIX.
2372 5062 2540 5120 Missa
2567 5081 2872 5130 sanctorum
2895 5088 3092 5148 septem
3120 5081 3529 5144 Dormientium.

2748 5163 2956 5223 Oratio.

2115 5238 2281 5309 Deus,
2311 5247 2403 5316 qui
2437 5247 2490 5302 in
2544 5250 2718 5308 beatis
2766 5260 3096 5331 martyribus
3143 5266 3248 5321 tuis
3288 5265 3638 5346 Maximiano,

2042 5327 2271 5397 Halano,
2313 5337 2656 5406 Martiniano,
2684 5327 2964 5418 Dionysio,
2991 5352 3220 5421 Joanne,
3255 5356 3554 5431 Serapione
3582 5327 3640 5422 ei

2041 5419 2417 5491 Constantino,
2463 5429 2657 5488 futurae
2703 5441 3123 5505 resurrectionis
3156 5419 3425 5518 primitias
3463 5457 3639 5513 susci-

2044 5512 2196 5575 tasti,
2225 5513 2290 5567 da
2316 5519 2472 5574 nobis
2500 5521 2580 5576 sic
2616 5538 2644 5577 a
2673 5529 2858 5583 mundi
2897 5512 3308 5600 perturba-tione
3332 5543 3633 5615 quiescere,

2043 5610 2106 5655 ut
2135 5605 2202 5659 ad
2229 5607 2508 5667 caelestem
2558 5615 2729 5673 vitam
2770 5635 3080 5682 mereamur
3105 5629 3172 5685 de
3221 5605 3379 5691 teme
3409 5637 3631 5706 pulvere

2040 5691 2284 5764 vigilare.
2309 5697 2434 5757 Per.

2803 5800 2864 5857 ε.

2109 5871 2331 5933 Munera
2362 5882 2546 5953 populi
2577 5885 2675 5955 tui,
2703 5903 3035 5964 quaesumus,
3065 5898 3313 5973 Domine,
3344 5904 3623 5968 beatorum
