5962 6488
1704 386 1803 441 95‘!

1710 515 2009 603 martyrum
2037 518 2246 570 tuorum
2296 519 2680 582 intercessione
2728 530 3025 596 sanctiﬁca,
3067 547 3130 588 ac
3175 550 3271 591 nos
3299 545 3352 603 Α

1704 595 1868 648 etiam
1919 613 2018 667 per
2059 603 2171 659 hac
2214 621 2244 660 a
2285 621 2632 679 peccatorum
2689 621 2916 675 maculis
2975 622 3271 680 clementer

1701 689 1950 744 emunda.
1982 691 2103 748 Per.

1768 848 2017 909 Celestis
2060 871 2258 914 mensae
2319 863 2543 934 dapibus
2615 871 2875 934 recreati,
2934 886 3265 940 quzesumus,

1703 941 2042 1010 omnipotens
2071 945 2228 1014 Deus,
2259 960 2318 1004 ut
2343 953 2498 1009 nullis
2538 971 2636 1010 nos
2680 958 2959 1026 permittas
2989 961 3267 1016 erroribus

1699 1029 1895 1098 decipi,
1926 1048 2059 1101 quos
2085 1052 2181 1105 per
2207 1041 2467 1108 gloriosos
2490 1053 2694 1113 septem
2720 1057 2987 1119 martyres
3017 1051 3081 1105 de
3105 1052 3264 1106 beata

1696 1126 2111 1181 resurrectionis
2130 1129 2297 1198 gloria
2334 1135 2685 1194 conﬁrmasti.
2716 1137 2837 1192 Per.

1697 1207 1800 1263 CII.
1837 1211 1915 1265 De
1949 1213 2008 1268 S.
2048 1218 2344 1284 Apollinare
2373 1225 2607 1293 episccpo
2650 1236 2698 1279 et
2737 1238 2982 1297 martyre.
3024 1231 3103 1283 Ad
3126 1241 3259 1301 vesp.

2279 1305 2658 1358 responsormm
2669 1334 2680 1346 .

1761 1369 1851 1422 Ait
1876 1369 1934 1422 Β.
1966 1370 2156 1428 Petrus
2177 1380 2448 1445 apostolus
2463 1382 2779 1448 Apollinari
2811 1385 3074 1455 discipqu
3113 1402 3210 1442 suo
3244 1404 3259 1442 :

1697 1457 1813 1512 Eia.
1877 1458 2020 1515 νινε.
2079 1464 2268 1536 Surge.
2326 1467 2472 1524 Vera.
2532 1473 2668 1528 Ecce
2716 1477 2860 1529 enim
2915 1480 3157 1531 eruditus
3202 1494 3262 1534 es

1690 1548 1759 1601 de
1791 1551 2060 1619 omnibus,
2090 1570 2208 1624 qua:
2237 1556 2363 1612 fecit
2393 1559 2568 1616 Jesus.
2610 1563 2677 1616 Et
2703 1579 2883 1634 perge.
2942 1565 3082 1620 Vers.
3129 1567 3259 1620 Mul-

1691 1639 1864 1693 titudo
1909 1643 2050 1697 enim
2097 1649 2276 1715 populi
2326 1649 2431 1705 illic
2492 1663 2747 1708 moratur.
2806 1655 3060 1712 Prtedica.
3112 1655 3256 1712 Ven.

1692 1733 1916 1792 Constat
1951 1739 2093 1793 enim
2135 1741 2269 1810 apud
2303 1751 2375 1806 te,
2415 1746 2554 1814 quod
2585 1761 2706 1798 vere
2747 1747 2815 1800 sit
2860 1748 2948 1802 Dei
2978 1748 3163 1803 Filius.
3195 1750 3262 1804 Et

1690 1822 1890 1879 nefor.
1943 1825 2083 1882 Vers.
2122 1829 2289 1885 Hodie
2329 1832 2639 1900 splendidus
2681 1845 2891 1906 martyr
2936 1838 3258 1906 Apollinaris

1689 1913 1863 1970 victor
1878 1922 2180 1985 penetravit
2202 1922 2393 1976 coelum
2410 1939 2424 1987 ;
2441 1925 2738 1992 gaudentes
2750 1926 2878 1980 socii
2891 1970 2902 1990 ,
2920 1927 3094 1982 canite
3111 1947 3121 1979 :
3139 1929 3254 1984 Eia.
3288 1909 3334 1968 Β

2081 2007 2206 2062 CIII.
2248 2009 2488 2079 Hymnus
2519 2015 2586 2065 ad
2617 2031 2870 2080 vesperas.

1971 2098 2168 2156 Consul
2187 2103 2374 2156 aeterni
2406 2103 2649 2158 trabeate
2678 2104 2848 2174 regni,

1902 2185 2079 2241 Mente
2103 2190 2294 2243 devota
2315 2192 2571 2259 petimus,
2599 2192 2783 2246 labora

1897 2274 2112 2330 Curiam
2135 2278 2255 2333 caeli
2289 2294 2532 2334 reserare
2559 2281 2718 2349 plebi,

2189 2368 2527 2437 Apollinaris.

1963 2455 2174 2511 Ianitor
2202 2460 2394 2513 summi
2424 2461 2542 2528 pius
2565 2460 2665 2514 hoc
2690 2459 2886 2530 olympi

1896 2544 2109 2599 Annuat
2133 2548 2265 2600 tanti
2295 2546 2511 2602 famulis
2542 2549 2770 2613 alumni,

1894 2634 1996 2703 Qui
2028 2648 2144 2692 tuas
2166 2640 2396 2708 gaudent
2425 2657 2678 2696 resonare
2707 2642 2891 2697 laudes

2210 2728 2461 2782 Dulcibus
2493 2731 2721 2800 hymnis.

1963 2812 2172 2868 Intimis
2195 2830 2436 2884 pressam
2465 2819 2701 2871 tenebris
2733 2818 3041 2874 Ravennam

1892 2901 2313 2974 Daemonumque
2342 2908 2493 2961 vanis
2518 2910 2775 2964 inhiando
2798 2912 2990 2976 sacris,

1888 2990 2079 3046 Clarus
2112 2994 2237 3049 Eois
2269 2999 2487 3052 veniens
2512 3000 2578 3052 ab
2615 3002 2725 3054 oris

2237 3087 2446 3142 Lucifer
2469 3091 2697 3144 intrans.

1959 3177 2145 3233 Caecus
2172 3181 2345 3234 orbati
2379 3197 2509 3252 puer
2538 3181 2720 3236 Ireuazi

1889 3265 1966 3321 Te
1987 3269 2178 3336 probat
2205 3271 2448 3324 dextrum
2481 3271 2702 3325 rutilare
2726 3271 2897 3337 sidus,

1888 3356 1989 3424 Qui
2019 3361 2156 3428 patri
2179 3361 2375 3425 cordis,
2404 3362 2682 3431 sobolique
2707 3363 2903 3419 frontis

2224 3448 2447 3504 Lumina
2478 3454 2682 3520 pandis.

1944 3539 2061 3608 35
2087 3538 2170 3590 Nil
2197 3543 2369 3606 poteSt
2396 3556 2552 3610 :egrae
2583 3544 2845 3598 medicina
2875 3544 3107 3609 Thecla',

1885 3623 1970 3678 Nil
2005 3627 2353 3694 profanorum
2386 3644 2640 3684 numerus
2669 3631 2930 3696 deorum;

1889 3713 1968 3768 Tu
1999 3729 2093 3769 cor
2123 3716 2189 3770 ad
2211 3717 2405 3776 coelum
2435 3716 2587 3781 facis,
2624 3729 2786 3788 atque
2803 3720 2994 3775 laetum

2233 3805 2439 3859 Tollere
2471 3807 2696 3860 vultum.

1951 3890 2094 3945 Lana
2123 3893 2419 3948 Classensis
2448 3907 2628 3950 monet
2656 3912 2754 3952 ora
2785 3898 2920 3952 civis

1886 3978 2102 4036 Viribus
2126 3999 2292 4037 sacra:
2315 3996 2551 4038 reserata
2575 3987 2791 4054 linguae,

1879 4069 2053 4124 Patris
2079 4081 2336 4126 aeternum
2360 4085 2598 4127 reserata
2625 4073 2860 4129 Verbum

2239 4159 2410 4214 Verba
2436 4160 2690 4215 fatentur.

1948 4244 2118 4301 Morte
2145 4247 2448 4303 defunctam
2472 4250 2666 4318 duplici
2694 4251 2928 4318 puellam

1876 4334 2076 4389 Reddis
2099 4337 2310 4406 utrique
2346 4339 2651 4392 miserando
2681 4342 2835 4404 vitae;

1882 4423 2072 4478 Flatus
2099 4427 2222 4480 hinc
2245 4441 2482 4493 carnem,
2515 4428 2655 4482 Deus
2687 4431 2808 4485 inde
2837 4440 3070 4486 mentem

2218 4514 2466 4570 Protinus
2487 4517 2691 4585 implet.

1945 4603 2180 4658 Gloriam
2212 4605 2356 4658 Patri
2384 4606 2681 4661 referamus
2719 4609 2813 4672 illi,

1885 4695 2046 4748 fanta
2075 4698 2163 4766 qui
2189 4698 2362 4767 dignis
2388 4701 2573 4754 tribuit
2601 4702 2884 4768 ministris,

1875 4782 1959 4838 Sit
1986 4785 2147 4839 decus
2177 4785 2333 4851 Nato,
2365 4788 2697 4858 Flaminiquc
2723 4802 2915 4845 sancto

2090 4876 2258 4931 Omne
2285 4891 2378 4946 per
2405 4895 2598 4934 aevum.
2625 4881 2818 4937 Amen.

2151 4966 2282 5020 CIV.
2308 4968 2386 5020 Ad
2410 4979 2740 5024 nocturnum.

1941 5054 2150 5108 Chorus
2176 5056 2401 5110 exsultet
2437 5059 2698 5126 cmlitum,

1875 5142 2053 5197 Turba
2083 5143 2301 5212 plaudat
2329 5146 2585 5214 ﬁdelium,

1875 5234 2200 5303 Apollinaris
2218 5238 2393 5305 passio

1875 5327 2053 5382 Mundi
2078 5330 2147 5382 sit
2176 5331 2464 5388 exsultatio
2493 5353 2504 5386 :

1881 5420 2012 5474 Cum
2041 5431 2212 5476 morte
2234 5425 2410 5478 carnis
2433 5426 2637 5481 interit.

1946 5512 2142 5568 Sancto
2171 5525 2362 5572 exutus
2392 5533 2636 5588 corpore,

1882 5598 2027 5654 Stola
2063 5605 2289 5658 vestitur
2325 5607 2524 5674 gloriae.

1883 5690 2074 5745 Carnis
2104 5697 2249 5748 exuit
2277 5699 2628 5768 ergastulum,

1882 5782 2011 5837 εαξη
2042 5790 2248 5843 scandit
2270 5792 2546 5860 palatium:

3268 4575 3319 4634 D

2557 414 2614 470 S.
2650 417 2856 474 PETRI
2891 421 3176 480 DAMIANI
3213 425 3366 482 OPP.

3408 429 3639 491 'I'OMUS
3680 437 3813 496 SEU
3843 440 4021 499 PARS
4055 444 4144 500 IV.

3661 550 3878 608 Exsulta
3903 556 4032 626 jam,
4059 557 4363 631 metropolis

3581 636 3836 706 Ravenna
3862 657 3986 699 vere
4011 644 4202 700 nobilis
4235 664 4248 700 :

3581 728 3733 797 Quod
3764 733 3932 789 Roma
3961 735 4010 789 in
4038 735 4325 806 clavigero,

3579 819 3656 874 Tu
3687 821 3853 878 habes
3880 824 3931 877 in
3959 822 4236 893 discipulo.

3647 909 3743 974 Te,
3776 928 3983 968 summe
4008 915 4219 985 presul,
4244 918 4510 986 poscimus

3576 995 3767 1053 Cordis
3794 1003 4011 1071 orisque
4032 1004 4276 1069 vocibus,

3577 1085 3646 1141 Ut
3676 1103 3774 1144 nos
3801 1101 4026 1147 venturo
4045 1091 4220 1149 Iudici

3567 1175 3933 1243 .Commendes
3953 1199 4111 1252 prece
4137 1187 4378 1256 supplici.

3641 1269 3820 1325 Gloria
3847 1273 3916 1326 sit
3944 1274 4180 1345 ingenito

3573 1357 3742 1426 Patri,
3779 1373 3832 1416 et
3859 1362 4082 1434 Unigeni
4091 1376 4165 1433 to,

3572 1447 3773 1506 Sancto
3797 1453 3955 1508 simul
3987 1454 4230 1524 Spiritui,

3573 1544 3682 1599 Deo
3704 1546 4028 1603 indivisibili.
4062 1551 4252 1606 Amen.

3452 1629 3560 1686 CV.
3591 1631 3657 1686 In
3695 1634 3860 1687 natali
3884 1635 3944 1690 S.
3970 1638 4305 1706 Apollinaris.
4341 1640 4519 1697 Missa.
4563 1643 4830 1700 latrantis.

3432 1720 3624 1791 Surge,
3656 1724 3838 1793 accipe
3871 1723 4127 1793 Spiritum
4179 1741 4439 1793 sanctum,
4470 1733 4727 1802 simulque
4748 1731 4919 1802 ponti-

3363 1809 3597 1874 ﬁcatum,
3631 1827 3685 1868 et
3712 1830 3874 1886 perge
3912 1817 3980 1870 ad
4011 1820 4219 1886 urbem,
4251 1836 4370 1891 qua:
4396 1836 4617 1880 vocatur
4645 1825 4910 1889 (laverim;

3362 1902 3593 1969 praedica
3625 1904 3864 1973 ejusdem
3901 1922 4098 1963 nomen
4147 1909 4298 1977 Iesu,
4327 1923 4383 1967 et
4425 1930 4491 1968 ne
4531 1914 4910 1969 formidaveris.

3361 1989 3508 2044 Psal.
3543 1992 3712 2047 Mittat
3749 1995 4006 2052 Dominus
4037 1997 4191 2054 Iesus
4220 2000 4463 2057 Christus
4488 2003 4730 2073 angelum
4761 2017 4910 2057 suum

3359 2081 3446 2151 qui
3464 2091 3726 2151 prteparet
3740 2083 3843 2138 iter
3856 2093 4023 2148 tuum,
4041 2097 4092 2140 et
4107 2103 4222 2155 quae
4236 2089 4784 2156 postulaverisaunuat
4797 2089 4907 2143 tibi.

3901 2176 4186 2232 (ΞΠ-(ΝΠ.
4217 2179 4418 2234 Oratio.

3431 2263 3571 2317 Dens
3603 2305 3616 2327 ,
3661 2265 3750 2333 qui
3810 2281 3907 2321 nos
3960 2282 4054 2334 per
4112 2268 4169 2320 Β.
4218 2269 4574 2338 Apollinarem
4627 2281 4907 2340 martyrem

3359 2363 3508 2406 tuum
3556 2363 3716 2423 atque
3769 2357 4073 2425 pontitlcem
4120 2359 4424 2427 apostolicis
4483 2360 4690 2416 voluisti
4752 2361 4911 2414 docu-

3357 2446 3553 2497 mentis
3610 2445 3849 2499 imbuere
3880 2487 3895 2509 ,
3959 2447 4024 2502 da
4077 2449 4228 2504 nobis
4265 2490 4278 2514 ,
4349 2465 4671 2520 quamius,
4726 2460 4778 2504 et
4819 2451 4907 2503 illa

3356 2547 3574 2587 servare
3613 2550 3734 2603 qua)
3770 2536 3972 2601 docuit,
4013 2547 4066 2592 et
4095 2539 4161 2592 ad
4183 2539 4284 2594 hoc
4308 2539 4612 2610 pertingere
4634 2539 4768 2610 quod
4786 2551 4910 2608 pro-

3355 2623 3520 2675 misit.
3548 2622 3667 2676 Per.

4051 2718 4223 2774 CVIII.

3426 2805 3588 2871 Deus,
3614 2808 3702 2876 qui
3732 2809 3790 2862 Β.
3817 2808 4200 2878 Apollinarem,
4232 2827 4328 2880 pro
4359 2812 4688 2869 confessione
4715 2813 4784 2867 tui
4811 2826 4906 2868 no-

3356 2898 3516 2952 minis
3544 2902 3728 2968 prunis
3772 2903 4102 2970 impositum,
4129 2906 4412 2960 suavitatis
4437 2905 4662 2960 hostiam
4684 2904 4907 2972 suscepi-

3357 2987 3448 3048 sti,
3478 2989 3540 3040 da
3566 2990 3737 3053 nobis,
3764 3006 4087 3058 qntcsnmus,
4114 3003 4168 3046 et
4195 2994 4282 3062 pio
4313 2994 4606 3049 devotionis
4637 2996 4901 3048 incensum

3359 3081 3452 3133 tibi
3477 3093 3688 3148 semper
3715 3080 3926 3146 oll‘erre,
3957 3092 4008 3136 et
4037 3083 4253 3138 contriti
4283 3086 4460 3139 cordis
4510 3085 4707 3139 hostias
4732 3085 4907 3138 immo-

3358 3167 3489 3222 lare.
3522 3167 3641 3220 Per.

4082 3260 4216 3315 CIX.

3422 3367 3593 3421 Mittat
3615 3369 3872 3424 Dominus
3899 3379 4079 3424 noster
4101 3373 4346 3442 angelum
4372 3387 4546 3436 suum,
4578 3371 4665 3439 qui
4699 3383 4902 3438 prepa-

3354 3463 3432 3511 ret
3460 3457 3561 3510 iter
3584 3465 3758 3520 tuum,
3785 3467 3838 3511 et
3859 3473 3976 3526 quin
3997 3458 4352 3524 postulaveris
4383 3469 4600 3512 annuat.
4627 3457 4731 3528 36
4768 3454 4901 3508 Vera.

3349 3545 3562 3601 Ponens
3603 3544 3796 3600 Petrus
3824 3561 4040 3600 manum
4088 3560 4250 3617 super
4295 3557 4452 3615 caput
4482 3546 4540 3598 Β.
4571 3546 4903 3616 Apollinaris,

3349 3634 3482 3689 dixit
3507 3633 3580 3687 illi
3613 3651 3624 3686 :
3657 3633 3903 3688 Alleluia.

3416 3835 3773 3891 Obsecramus
3793 3832 4138 3906 suppliciter,
4155 3836 4391 3901 Christe,
4413 3837 4586 3892 Patris
4614 3836 4794 3906 gloria,
4819 3833 4902 3887 lux

3348 3927 3530 3980 mundi
3558 3940 3704 3989 vera,
3729 3928 3942 3995 porrige
3971 3926 4131 3995 lapsis
4171 3925 4381 3981 famulis
4423 3927 4710 3988 dexteram,
4763 3936 4901 4004 stare

3346 4031 3450 4085 qua
3496 4014 3913 4070 valeantcontra
3943 4015 4120 4069 callidi
4153 4015 4320 4072 hostis
4361 4017 4671 4078 certamina,
4695 4015 4902 4069 favente

3347 4103 3503 4156 nobis
3527 4112 3613 4156 tua
3646 4103 3952 4157 clementia.
3991 4101 4328 4168 Vers..Deus,
4376 4106 4464 4173 qui
4510 4104 4744 4174 operaria
4785 4116 4899 4156 cum

3344 4191 3505 4247 Petro
3537 4192 3794 4261 magistro
3817 4208 3956 4258 meo,
3981 4209 4204 4263 operare
4233 4205 4285 4247 et
4312 4203 4538 4260 mecum,
4573 4205 4627 4247 ut
4653 4194 4901 4249 clariﬁce-

3345 4293 3432 4336 tur
3451 4298 3642 4336 nomen
3681 4293 3850 4337 tuum.

4061 4372 4194 4426 CXI.

3412 4462 3569 4517 Clara
3598 4463 3790 4518 nobilis
3819 4464 4083 4532 praeconia
4109 4463 4429 4532 Apollinaris
4453 4463 4636 4520 ctelica
4658 4464 4897 4532 martyris

3345 4551 3480 4606 lzetis
3503 4563 3750 4622 promant
3779 4552 3999 4608 vocibus
4019 4555 4250 4622 agmina.

3416 4639 3603 4697 Omnis
3626 4652 3678 4696 et
3696 4642 3844 4695 orbis
3895 4641 4137 4709 quadrua
4187 4642 4485 4695 dramatum
4535 4642 4684 4698 dulce
4731 4641 4890 4697 melos

3346 4740 3600 4786 resenent
3621 4731 3855 4784 climata.

3417 4821 3661 4875 Exsultet
3703 4819 3893 4874 merito
3941 4819 4102 4873 nimis
4140 4819 4351 4873 alumna
4398 4829 4498 4874 tam
4544 4821 4740 4892 egregii
4768 4821 4892 4874 civis

3345 4914 3647 4969 Antiochia.

3413 5002 3635 5058 Plaudat
3661 5004 3926 5074 prtecipue
3949 5003 4072 5058 felix
4095 5006 4370 5071 Ravenna,
4399 5021 4552 5062 sacro
4576 5007 4690 5076 ejus
4711 5019 4891 5062 cruore

3343 5103 3657 5162 purpurata.

3412 5183 3456 5239 Ο
3482 5185 3650 5237 virtus
3681 5198 3840 5246 nova,
3878 5185 4014 5238 vinci
4067 5186 4271 5248 nescia;
4297 5201 4329 5240 ο
4357 5188 4515 5242 turris
4559 5187 4717 5240 David
4767 5187 4889 5238 inv:-

3343 5273 3580 5327 ctissima
3628 5313 3641 5335 ,
3690 5284 3881 5326 cuncta
3910 5287 4006 5341 pro
4031 5274 4199 5328 nihilo
4223 5286 4477 5345 reputans
4516 5283 4886 5330 tormentorum

3343 5362 3569 5431 genera!

3413 5449 3532 5504 Alta
3600 5449 3858 5506 viscerum
3913 5452 4091 5506 ridens
4150 5454 4386 5515 vulnera,
4435 5456 4562 5508 dura
4619 5455 4882 5509 verberum

3341 5551 3601 5604 spernens
3631 5540 3899 5606 stigmata,
3932 5556 4070 5609 aqua
4114 5541 4391 5613 refrigerat
4431 5545 4624 5598 fervida
4661 5544 4882 5598 membra

3339 5625 3569 5680 ﬂammis
3598 5629 3819 5682 torrida.

3408 5716 3477 5770 Ca
3490 5717 3719 5771 rcerales
3741 5719 3865 5772 hinc
3886 5721 4152 5786 tenebras,
4168 5721 4319 5794 longa
4335 5722 4508 5778 ferens
4519 5724 4723 5786 exsilia,
4738 5722 4880 5777 famis

3336 5823 3548 5878 quoque
3573 5809 3789 5878 pertulit
3813 5811 4066 5881 inopiam,
4085 5813 4336 5870 sustinuit
4359 5815 4563 5885 equulei
4587 5814 4872 5884 suspendia.
