5962 6446
1077 470 1184 531 955
2325 459 2637 518 CARIINA
2676 459 2765 516 ΕΤ
2815 456 3100 516 PRECES.

1148 587 1474 642 Catenarum
1506 598 1631 639 mox
1683 579 1893 636 vincula
1941 591 2097 633 sacra
2125 577 2368 632 vinciunt
2416 575 2660 641 brachia,
2688 583 2742 643 Α

1076 675 1412 735 contundere
1442 688 1548 728 non
1580 673 1732 726 timet
1760 685 1821 725 os
1849 667 2031 723 rabida
2078 681 2201 721 cum
2236 665 2415 736 lapide
2449 662 2664 720 camill—

1078 766 1162 822 cis
1189 764 1419 818 insania.

1149 856 1472 910 Eviscerans
1525 853 1766 906 claustra
1813 857 2074 913 tartarea,
2105 847 2408 902 exanimem
2459 843 2666 914 patritii

1079 944 1368 1001 suscitavit
1399 942 1586 996 ﬁliam.
1747 1000 1749 1002 ,
2290 1014 2291 1017 η

1151 1030 1281 1097 Quis
1310 1031 1509 1085 referat
1545 1037 1676 1099 quot
1703 1041 1969 1082 caecorum
1999 1025 2225 1091 Iumina,
2257 1034 2388 1096 quot
2415 1023 2664 1095 languida

1079 1120 1340 1177 divinitus
1355 1120 1646 1190 \reparavit
1667 1117 1939 1187 corpora?

1151 1208 1412 1276 Petimus,
1440 1208 1696 1269 Ecclesiae
1722 1207 1938 1260 radians
1958 1205 2130 1272 sidus,
2153 1213 2208 1262 et
2239 1207 2459 1261 lucerna
2481 1203 2665 1274 ponti-

1079 1298 1242 1353 ﬁcum
1276 1299 1443 1353 nitida
1467 1307 1876 1367 martyrumque
1900 1310 2133 1364 gemma,

1153 1389 1379 1444 Pectora
1406 1398 1588 1443 nostra
1611 1402 1769 1458 prece
1799 1385 1984 1441 sedula
2009 1385 2153 1440 vitiis
2174 1384 2430 1451 emunda,
2451 1383 2664 1440 virtuti-

1075 1481 1182 1537 bus
1208 1481 1424 1543 robora,
1451 1495 1547 1534 cor
1576 1480 1626 1532 in
1659 1490 1802 1532 astra
1830 1477 1970 1542 leva,

1152 1569 1218 1625 Et
1257 1569 1534 1626 Christum
1583 1584 1678 1622 nos
1699 1583 1924 1624 cernere
1957 1567 2041 1622 fac
2074 1568 2124 1622 in
2153 1569 2370 1627 secula.
2399 1569 2593 1625 Amen.

1787 1659 1945 1714 CXII.

1150 1749 1374 1807 Dicebat
1401 1751 1460 1804 Β.
1491 1751 1816 1821 Apollinaris
1843 1751 2046 1805 vicario
2073 1769 2086 1805 :
2111 1749 2346 1808 Securus
2375 1759 2516 1817 esto,
2540 1750 2668 1821 quia

1031 1913 1038 1917 _
1075 1843 1332 1899 manibus
1360 1842 1495 1896 meis
1548 1843 1702 1896 thura
1760 1857 1864 1895 non
1894 1858 2090 1912 ponam
2143 1843 2564 1910 damoniis,sed
2613 1843 2666 1897 in

1062 1931 1306 1988 Domino
1349 1946 1470 1985 meo
1501 1929 1624 1993 Jesu
1656 1929 1872 1985 Christo
1917 1931 2194 1986 incensum
2224 1931 2447 1986 offeram
2493 1929 2667 1986 laudis
2697 1920 2744 1981 Β

1073 2033 1133 2081 et
1159 2023 1462 2079 suavitatis.
1504 2020 1650 2075 γεγε.
1687 2021 2026 2076 Sacriﬁcium
2064 2038 2150 2078 me
2183 2024 2356 2093 ipsum
2381 2021 2549 2077 oﬂ‘ero
2569 2036 2670 2092 pro

1074 2111 1252 2169 salute
1277 2111 1507 2167 filiorum
1539 2125 1801 2175 meorum,
1833 2127 2038 2179 quos...
2365 2135 2368 2138 η
2482 2100 2499 2114 “

1787 2200 1966 2256 CXIII.

1149 2291 1465 2356 Sanctiﬁca,
1495 2292 1745 2358 Domine,
1787 2307 1884 2347 nos
1924 2294 2233 2348 venerando
2264 2295 2365 2348 hoc
2411 2295 2671 2364 mysterio

1076 2383 1290 2436 cunctis
1327 2381 1701 2445 celeberrimo,
1734 2382 1996 2452 sanguine
2033 2397 2170 2452 quos
2218 2384 2495 2438 redemisti
2554 2384 2674 2450 pius

1076 2456 1326 2542 proprio;
1359 2472 1528 2541 eripe,
1556 2483 1779 2541 protege
1835 2487 1934 2527 nos
1985 2473 2054 2527 ab
2110 2474 2265 2528 hoste
2308 2473 2524 2538 callido,
2580 2484 2672 2528 tuo

1079 2564 1208 2619 forti
1236 2563 1476 2624 brachio,
1501 2564 1680 2618 omnia
1711 2563 1926 2619 condita
1955 2566 2047 2634 qui
2089 2566 2234 2635 regis
2259 2565 2525 2620 altissimo
2549 2581 2671 2620 cum

1077 2651 1243 2706 Patre
1270 2667 1450 2707 rerum
1474 2653 1719 2707 Domino.
1743 2654 2038 2723 Acquisivi.
2061 2653 2404 2724 QuaprOpter
2425 2669 2670 2709 securus.

1090 2739 1240 2797 Vera.
1286 2744 1568 2814 Dirupisti,
1607 2745 1856 2807 Domine,
1903 2746 2117 2800 vincula
2160 2762 2302 2814 mea,
2343 2745 2437 2801 tibi
2469 2748 2675 2801 sacrifi-

1081 2835 1220 2888 cabo
1243 2833 1474 2889 hostiam
1503 2834 1696 2889 laudis.
1724 2834 1790 2889 Et
1819 2850 1984 2889 sua...

1783 2925 1967 2980 CXIV.

1155 3017 1379 3073 Eterne
1409 3019 1571 3085 Deus,
1607 3019 1698 3088 qui
1728 3019 1986 3088 apostolis
2015 3020 2124 3074 tuis
2163 3021 2216 3074 in
2241 3021 2544 3076 assertione
2567 3037 2657 3075 ve.-

1081 3109 1260 3164 ritatis
1287 3125 1381 3180 per
1403 3126 1618 3165 omnem
1649 3109 1832 3164 mundi
1862 3111 2199 3165 latitudinem
2223 3114 2455 3167 vicarios
2481 3113 2670 3167 subroo

1083 3202 1262 3273 gasti;
1295 3217 1360 3255 ex
1387 3202 1583 3272 quibus
1611 3202 1670 3255 Β.
1697 3201 1990 3270 Apollinari
2034 3201 2366 3256 clavicularii
2400 3204 2473 3256 tui
2508 3203 2668 3257 disci-

1083 3291 1212 3362 pulo
1244 3301 1446 3345 tantam
1494 3293 1721 3361 gratiam
1760 3291 2053 3354 contulisti,
2085 3301 2142 3344 ut
2176 3293 2474 3347 Ecclesiam
2527 3302 2672 3346 tuam
2703 3280 2746 3341 C

1083 3397 1246 3451 supra
1279 3395 1429 3434 nova:
1460 3381 1581 3436 lidei
1604 3389 1942 3434 construeret
1969 3380 2401 3444 fundamentum,
2431 3392 2486 3436 et
2515 3384 2673 3435 bruta

3194 573 3493 643 Plumbatis
3523 572 3645 627 inde
3673 571 3919 638 caeditur,

3124 663 3353 731 Jamjam
3384 665 3564 720 obisse
3593 664 3873 729 creditur;

3125 753 3238 811 Sed.
3256 756 3349 824 qui
3381 763 3604 824 putatur
3631 769 3878 808 mortuus

3123 843 3310 915 Surgit
3339 845 3393 918 in
3425 860 3574 898 arma
3609 850 3932 914 promptius.

3203 935 3521 989 Detruditur
3551 935 3604 988 in
3632 934 3907 989 clibanum

3121 1024 3415 1079 Furentem
3442 1024 3671 1078 ﬂammis
3698 1025 3898 1094 ignium
3921 1041 3947 1088 ξ

3122 1115 3383 1172 Caminus
3413 1116 3508 1172 sed
3537 1116 3774 1170 incendii

3117 1204 3210 1261 Fit
3237 1221 3429 1260 nemus
3459 1205 3749 1275 refrigerii.

3199 1295 3331 1350 Nam
3362 1295 3596 1350 flammis
3617 1294 4010 1366 crepitantibus

3105 1384 3318 1444 Clarus
3345 1388 3882 1458 immersitangelus,

3124 1479 3207 1533 Ad
3237 1480 3391 1550 cujus
3419 1495 3541 1536 mox
3569 1481 3856 1548 imperium

3127 1570 3311 1626 Perdit
3336 1573 3481 1627 vires
3507 1573 3835 1630 incendium.

3449 1685 3678 1742 CXVIII.

3199 1797 3386 1854 Certat
3414 1811 3621 1871 martyr
3646 1802 3920 1872 egregius,

3129 1890 3203 1947 Ut
3232 1891 3317 1956 leo
3346 1895 3488 1948 vinci
3521 1896 3777 1960 nescius;

3129 1982 3338 2037 Cuncta
3368 1999 3648 2051 pmnarum
3678 2001 3879 2054 genera

3129 2069 3309 2126 Mente
3339 2072 3511 2127 calcat
3541 2074 3828 2144 intrepida.

3201 2162 3404 2217 Saxum
3437 2165 3576 2220 collo
3603 2167 3973 2235 suspenditur,

3131 2251 3225 2308 Sic
3249 2252 3501 2309 ﬂuctibus
3529 2256 3907 2326 immergitur;

3129 2341 3303 2409 Quem
3331 2358 3470 2412 aqua
3497 2344 3714 2400 Christo
3737 2347 3940 2417 genuit,

3127 2431 3234 2486 Per
3261 2433 3401 2487 hanc
3427 2435 3493 2488 ad
3524 2436 3698 2503 ipsum
3724 2438 3993 2506 pervenit.

3199 2525 3354 2580 Nunc
3381 2527 3563 2582 carnis
3587 2527 3725 2583 liber
3749 2544 3916 2586 onere

3129 2615 3317 2672 Rubro
3341 2621 3570 2672 vestitur
3591 2622 3849 2690 pondere,

3130 2707 3340 2762 Corona
3374 2709 3564 2777 plexus
3594 2713 3772 2782 capite

3127 2797 3204 2852 De
3230 2801 3468 2867 pretioso
3497 2801 3695 2871 lapide.

3203 2888 3300 2951 Te,
3329 2902 3538 2963 martyr
3561 2893 3721 2957 alme,
3748 2895 3983 2964 petimus

3130 2977 3327 3034 Mentis
3350 2995 3533 3049 pronae
3559 2983 3878 3050 visceribus,

3132 3066 3242 3122 Nos
3271 3079 3356 3122 tua
3385 3070 3836 3135 solvantmerita,

3129 3160 3276 3228 Quos
3304 3173 3488 3217 nostra
3519 3176 3750 3236 gravant
3777 3169 3979 3230 debita.

3207 3249 3291 3306 Sit
3318 3251 3464 3306 Patri
3500 3257 3615 3310 laus
3643 3257 3906 3327 ingenito,

3137 3341 3221 3396 Sit
3249 3344 3414 3399 decus
3441 3345 3750 3418 Unigenito,

3136 3433 3220 3489 Sit
3250 3437 3531 3506 utriusque
3563 3441 3720 3508 parili

3133 3523 3388 3581 Maiestas
3414 3544 3624 3583 summa
3649 3531 3900 3586 Flamini.
3923 3533 4114 3587 Amen.

2883 3634 3073 3692 CXIX.
3106 3637 3185 3693 De
3211 3637 3320 3695 SS.
3350 3641 3556 3699 Donato
3583 3655 3632 3698 et
3666 3644 3968 3704 Hilariano.
4001 3648 4264 3720 Hymnus.

1082 3471 1248 3527 corda
1286 3472 1565 3543 gentilium
1597 3473 1662 3526 ad
1711 3481 1814 3526 tua:
1866 3471 1997 3541 legis
2029 3472 2289 3542 dirigeret
2334 3475 2671 3537 institutum;

1084 3562 1168 3616 Cui
1198 3561 1361 3614 etiam
1393 3570 1442 3614 te
1476 3560 1582 3631 37
1615 3562 1848 3614 donante
1878 3576 2194 3615 concessum
2217 3573 2318 3632 est,
2339 3570 2395 3615 ut
2418 3563 2673 3630 patientia

1083 3651 1286 3705 ditatus
1317 3651 1477 3704 simul
1512 3661 1567 3704 et
1617 3650 1783 3720 gloria
1804 3691 1819 3715 ,
1849 3661 1904 3704 et
1935 3652 2207 3706 horrenda
2253 3667 2535 3720 poenarum
2564 3662 2676 3706 tor-

1040 3759 1042 3761 '
1082 3749 1265 3794 menta
1313 3749 1701 3803 contemneret,
1732 3750 1785 3794 et
1826 3741 2104 3809 stupendis
2141 3742 2416 3810 signorum
2457 3741 2674 3794 virtuti-
2996 3748 3238 3806 Gloriam
3272 3751 3402 3806 clari
3437 3757 3684 3810 canimus
3712 3760 3994 3825 "gummi.

1083 3830 1187 3885 bus
1207 3840 1522 3884 coruscaret
1548 3847 1561 3882 :
1588 3831 1883 3884 decoratus
1906 3830 2227 3899 itaquejure
2251 3832 2537 3884 sacerdotii
2567 3847 2672 3885 una
2919 3841 3037 3908 Quo
3063 3842 3245 3911 polum
3271 3844 3447 3897 victor
3477 3846 3632 3913 petiit
3661 3846 3924 3911 Donatus,

1085 3935 1210 3975 cum
1243 3920 1514 3989 triumpho
1545 3920 1791 3989 martyrii
1822 3927 1875 3974 et
1913 3920 2259 3987 semetipsum
2303 3920 2399 3973 tibi
2443 3921 2672 3974 hostiam
2775 3929 2888 4001 38
2923 3929 3158 4001 Compar
3181 3941 3237 3986 et
3266 3946 3440 4001 poma:
3466 3935 3627 3990 simul
3655 3945 3710 3991 et
3741 3952 3978 4004 coronae,

1084 4010 1369 4064 suavitatis
1394 4009 1606 4073 obtulit,
1637 4019 1691 4064 et
1716 4011 1910 4065 uberes
1931 4011 1998 4065 de
2024 4011 2232 4064 semine
2258 4026 2368 4065 sua:
2413 4011 2676 4080 prmdica-
3276 4023 3609 4082 llilarianns.

1087 4099 1251 4153 tionis
1279 4110 1500 4153 exortas
1531 4100 1744 4154 horreis
1768 4100 1873 4154 tuis
1903 4100 2207 4155 animarum
2237 4099 2418 4171 fruges
2450 4102 2671 4158 invexit.

1080 4189 1191 4245 Per
1211 4189 1488 4245 Christum
1520 4191 1831 4247 Dominum.

2997 4112 3062 4167 Hi
3097 4111 3245 4167 velut
3272 4114 3412 4168 binae
3446 4115 3661 4170 radiant
3691 4116 3948 4184 lucernae,

2919 4202 3082 4258 Orbis
3111 4212 3162 4256 et
3194 4214 3370 4258 terras
3401 4217 3680 4261 removent
3707 4211 3986 4274 tenebras,

1799 4281 1961 4336 CXV.
2903 4294 3056 4347 'Dum
3090 4302 3279 4348 tonant
3306 4295 3506 4358 verbis,
3541 4298 3872 4368 rutilantque
3899 4301 4067 4371 signis

1155 4371 1267 4442 Ego
1280 4371 1503 4441 dispono
1525 4372 1701 4436 vobis,
1725 4373 1868 4426 sicut
1890 4373 2294 4441 disposuitmihi
2319 4374 2478 4428 Pater
2498 4388 2671 4439 meus,
3276 4382 3675 4454 Prodigiorum.

1085 4479 1330 4533 regnum,
1364 4473 1422 4520 ut
1446 4463 1618 4532 edatis
1647 4473 1701 4519 et
1729 4463 1928 4519 bibatis
1956 4479 2117 4535 super
2150 4480 2392 4520 mensam
2422 4466 2476 4519 in
2507 4481 2673 4536 regno
2997 4472 3281 4529 Dmmones
3307 4477 3480 4543 captis
3508 4477 3742 4546 spoliant
3770 4481 3997 4550 rapinis,

1085 4567 1228 4609 meo.
2700 4621 2750 4640 ﬁ
2920 4565 3069 4631 Quos
3095 4580 3314 4633 precum
3344 4567 3493 4622 duris
3519 4569 3769 4623 cruciant
3793 4569 4038 4640 flagellis,

1785 4641 1968 4696 CXVI.
2700 4621 2752 4679 Β
2921 4621 3109 4711 Ιῖοιηηζ
3137 4659 3377 4728 aegrotis,
3406 4621 3766 4730 reparantque

1154 4731 1320 4796 Deus,
1349 4732 1440 4801 qui
1471 4731 1625 4786 nobis
1653 4730 1841 4786 salutis
1870 4741 2084 4786 azternaa
2112 4733 2364 4802 dignatus
2394 4749 2453 4788 es
2483 4733 2674 4805 pignus
3280 4747 3488 4804 Lumen
3519 4761 3830 4820 utrumque,

1084 4827 1491 4897 Impendere,da
1514 4829 1690 4891 nobis,
1707 4829 2418 4896 qumsumusjntercedente
2438 4829 2497 4881 Β.
2514 4829 2674 4898 Apol-
2997 4837 3272 4892 Mensibus
3300 4839 3486 4894 clauso
3517 4841 3686 4894 trilius
3715 4855 3745 4894 e
3773 4841 4024 4911 sepulcro

1083 4916 1256 4972 linare
1295 4927 1530 4990 martyre
1565 4927 1676 4981 tuo,
1719 4919 1785 4972 ad
1826 4916 2063 4985 ejusdem
2104 4918 2348 4974 veritatis
2387 4919 2675 4988 plenitudi-
2920 4925 3109 4981 Prodit
3138 4928 3189 4981 in
3225 4927 3428 4982 fossum
3461 4929 3654 4983 mulier
3687 4931 3972 4994 talentum,

1085 5018 1208 5058 nem
1236 5007 1534 5076 pervenire.
1568 5007 1691 5060 Per.
2921 5015 3128 5072 Functa
3161 5017 3239 5072 sic
3268 5017 3390 5071 vivo
3423 5019 3611 5072 tribuit
3639 5021 3857 5085 marito,

1287 5095 1491 5152 CXVII.
1523 5097 1598 5151 De
1625 5096 1686 5152 S.
1717 5095 1922 5167 Ruﬂino
1951 5109 2201 5168 martyre.
2234 5097 2496 5168 Hymnus.
3280 5107 3360 5166 Ne
3391 5121 3713 5165 moreretur.

1509 5190 1758 5259 Magnum
1785 5189 1977 5243 Ruﬂiui
2008 5191 2280 5255 meritum,
2994 5199 3260 5271 Fragmen
3290 5201 3474 5255 obtriti
3506 5202 3691 5256 calicis
3719 5204 3958 5274 priorem

1436 5279 1614 5334 Turba
1641 5289 1800 5333 canat
1829 5280 2088 5343 fidelium,
2925 5289 3111 5360 Surgit
3140 5292 3191 5344 in
3225 5292 3476 5350 formam.
3505 5303 3764 5360 pereunte
3789 5309 3956 5363 parva

1440 5370 1556 5435 Quo
1582 5369 1764 5425 mundi
1795 5371 1965 5426 victor
1993 5372 2220 5436 exstitit,
2924 5377 3104 5445 Parte,
3135 5381 3227 5435 sed
3259 5380 3437 5436 nullus
3463 5381 3640 5451 liquor
3667 5371 3788 5438 inde
3817 5385 4009 5450 stillat,

1441 5462 1505 5516 Et
1534 5464 1670 5518 liber
1695 5475 1838 5518 astra
1871 5466 2044 5533 petiit.
3283 5471 3390 5525 Res
3416 5487 3554 5526 nova
3582 5474 3805 5528 mundo.

1509 5554 1745 5609 Bellator
1775 5555 2161 5610 invictissimus
2988 5561 3328 5628 Quaesumus,
3361 5561 3490 5616 celsi
3524 5579 3774 5630 proceres
3803 5563 4041 5635 Olympi,

1443 5643 1653 5700 Praebet
1675 5661 1770 5699 ora
1798 5646 2090 5715 lapidibus;
2919 5649 3030 5704 Nos
3057 5651 3217 5706 simul
3247 5652 3442 5705 vestris
3472 5651 3724 5719 precibus
3754 5655 3998 5722 paternis

1441 5733 1544 5789 Sed
1574 5736 1750 5790 verbis
1776 5737 1976 5806 grando
2006 5737 2238 5806 lapidum
2921 5739 3106 5812 Erigat
3138 5742 3337 5812 lapsos,
3369 5742 3671 5811 solidetque
3703 5743 3903 5799 fractos

1442 5825 1553 5882 Non
1581 5828 1772 5882 indidit
1797 5827 2085 5883 silentium.
3279 5833 3507 5889 Dextera
3536 5833 3738 5892 Christi
