5962 6494
1716 459 1818 516 955
2546 455 2603 513 S.
2635 457 2833 514 PETRI
2873 452 3153 513 DAMIANI
3185 456 3336 515 OPP.
3379 455 3615 517 TOIUS
3652 455 3787 517 SEU
3823 455 4002 515 PARS
4034 455 4127 516 IV.

1922 569 2086 631 Laus.
2115 569 2286 622 honor
2311 565 2480 632 Patri,
2509 567 2776 638 parilique
2797 566 2965 634 Proli,
3313 573 3367 634 Α
3739 569 3887 625 Perit
3908 569 3988 624 vis
4012 568 4262 624 incendii.

1854 659 1970 715 Una
1997 657 2270 726 tnajestas,
2299 656 2484 712 eadem
2511 666 2771 728 potestas,
3819 660 4007 714 Victor
4031 659 4100 713 ab
4126 661 4247 730 igne
4274 660 4527 726 trahitur,

1854 749 1988 807 Cum
2011 749 2206 821 quibus
2229 758 2448 805 sanctus
2473 749 2632 804 simul
2659 747 2847 820 implet
2864 764 3079 806 omnem
3745 752 3826 807 Ad
3859 752 4092 807 tribunal
4121 754 4349 823 rapitur,

2206 838 2440 910 Spiritus
2459 841 2663 894 orbem.
2687 839 2882 898 Amen.
3743 840 4070 906 Consulitur,
4099 841 4396 911 impetitur,

2419 928 2584 985 CXX.
3745 930 3946 985 Eadem
3975 945 4074 986 vos
4107 932 4375 998 redditur;

2139 1019 2369 1084 Donate,
2396 1019 2544 1076 sidus
2571 1034 2818 1085 aureum,
2844 1057 2850 1062 -
3744 1019 3878 1075 Nam
3906 1021 4010 1076 lixa
4041 1035 4202 1091 super
4230 1021 4474 1078 stabilem

2068 1111 2274 1182 Μαι-ιιι·
2301 1119 2354 1166 et
2381 1112 2556 1181 proles
2579 1121 2903 1183 martyrum,
3743 1109 3946 1165 Domus
3969 1109 4112 1181 viget
4140 1101 4385 1179 lapidem.

2070 1199 2178 1255 Sed
2203 1215 2338 1270 quos
2364 1201 2430 1255 ad
2459 1201 2615 1256 Iidem
2642 1216 2927 1271 praevenis,
3522 1244 3544 1256 .
3817 1197 3950 1253 Cum
3974 1214 4102 1254 caro
4123 1200 4296 1269 pmnis
4315 1199 4562 1272 cingitur,

2073 1288 2331 1360 Martyrio
2358 1291 2697 1360 pmederis.
3749 1287 3900 1344 lens
3927 1287 3980 1342 in
4009 1295 4154 1342 astra
4186 1289 4385 1358 figitur,

2139 1377 2325 1445 Nobis,
2350 1379 2547 1448 prazsul
2571 1379 2804 1451 egregie,
3750 1377 4040 1433 Tormenta
4066 1377 4296 1431 reddunt
4318 1376 4454 1432 levia

2068 1469 2242 1524 Decus
2268 1479 2322 1531 et
2346 1469 2438 1524 lux
2467 1469 2743 1536 Ecclesia,
3743 1468 3868 1523 Visa
3901 1469 4010 1524 illic
4040 1467 4276 1538 praemia.

2062 1558 2183 1616 Tibi
2209 1560 2343 1614 festa
2371 1560 2674 1617 colentibus
3747 1558 3837 1616 Sic
3857 1575 4045 1630 ptenas
4067 1560 4210 1616 mille
4231 1561 4480 1615 mortium

2070 1650 2254 1709 Sacris
2278 1667 2532 1708 succurre
2556 1653 2826 1723 precibus.
3297 1686 3300 1687 ν
3749 1651 3915 1706 Dulce
3939 1653 4112 1707 credit
4136 1653 4323 1706 otium.

2144 1741 2246 1810 Qui
2275 1743 2368 1797 das
2391 1743 2654 1797 trimestri
2680 1750 2904 1800 mortua
3787 1810 3789 1812 η
3821 1741 3988 1796 vaa:
4015 1757 4206 1795 manus
4228 1737 4540 1796 carniﬁcum

2068 1830 2202 1888 Viva
2229 1833 2392 1886 verba
2422 1833 2757 1902 depromere,
3303 1892 3310 1899 ,
3750 1832 3956 1887 Nervas
3983 1829 4181 1886 vellunt
4205 1832 4492 1899 viscerum,

2075 1921 2355 1977 Resuscita
2380 1937 2475 1992 per
2498 1922 2759 1992 Spiritum
3325 1902 3373 1964 Β
3751 1922 4048 1994 Compages
4080 1923 4198 1976 laxa
4230 1917 4475 1989 solvitur,

2070 2010 2316 2081 Sepultus
2343 2012 2480 2066 mole
2509 2012 2819 2069 criminum.
3351 2071 3354 2075 λ
3751 2011 4043 2082 Postquam
4072 2027 4243 2067 nexus
4270 2012 4472 2067 tollitur

2143 2099 2285 2167 Vita,
2309 2101 2448 2166 luee,
2478 2109 2533 2155 et
2560 2101 2800 2156 moribus
3750 2102 3836 2157 Fit
3863 2102 4110 2158 diversus
4133 2103 4330 2168 exitus,

2070 2190 2380 2246 Hilarianus
2410 2193 2728 2257 monachus,
3745 2191 4027 2262 Multiplex
4057 2193 4330 2248 interitus.

2076 2282 2205 2340 lure
2230 2284 2443 2340 functus
2471 2285 2688 2354 hospitii
3825 2283 3963 2343 Hinc
3991 2283 4219 2336 traditur
4245 2271 4510 2338 ferocibus

2078 2375 2167 2430 Fit
2191 2391 2386 2432 censor
2410 2387 2465 2430 et
2489 2375 2754 2448 martyrii.
3203 2420 3205 2423 .
3752 2369 4058 2428 Belluarum
4087 2372 4391 2438 morsibus;

2147 2465 2270 2533 Vos,
2303 2467 2460 2522 clarae
2489 2467 2671 2522 mundi
2699 2465 2998 2539 lampades,
3754 2464 3904 2518 Ferae
3927 2463 4020 2518 sed
4047 2462 4424 2518 indomabilem

2077 2560 2319 2631 leique
2349 2561 2454 2614 vivi
2485 2560 2708 2629 lapides,
3751 2554 4092 2622 Reponentes
4119 2551 4344 2616 rabiem,

2077 2648 2188 2704 Nos
2214 2648 2451 2704 infelices
2479 2649 2686 2703 meritis
3751 2643 3982 2699 Dimissa
4012 2640 4144 2694 colla
4174 2641 4382 2696 ctelitus

2087 2739 2294 2794 Vestris
2316 2739 2482 2792 ascite
2509 2739 2763 2808 praemiis.
3380 2733 3382 2735 ’
3752 2734 3939 2788 Sacris
3965 2731 4186 2787 ﬂectunt
4211 2733 4478 2802 precibus.

2151 2825 2235 2882 Sit
2259 2827 2402 2882 Patri
2433 2827 2547 2882 laus
2579 2828 2840 2898 ingenito,
3353 2867 3358 2873 -
3820 2825 3866 2882 0
3894 2825 4112 2880 Lucifer
4142 2812 4433 2895 Hesperia,

2085 2917 2170 2973 Sit
2197 2920 2360 2973 decus
2389 2918 2701 2987 Unigenito,
3758 2913 3803 2970 0
3835 2916 3997 2968 decus
4029 2913 4303 2979 Ecclesiae,

2096 3007 2180 3064 Sit
2208 3011 2484 3078 utriusque
2511 3011 2667 3080 parili
3757 3004 3890 3072 Quis
3918 3013 4008 3058 tua
4037 3005 4207 3074 possit
4235 3005 4414 3060 omnia

2093 3096 2346 3168 Majestas
2368 3114 2575 3154 summa
2600 3099 2847 3154 Flamini.
2871 3099 3060 3152 Amen.
3763 3093 4021 3148 Promere
4049 3094 4348 3162 praemia?

3760 3185 3875 3239 Non
3906 3186 4006 3240 hoc
4034 3186 4254 3256 implere
4279 3188 4520 3254 nitimur,

3761 3273 3866 3330 Sed
3896 3275 4178 3344 gaudendo
4204 3276 4486 3330 vincimur.

1736 3185 1920 3245 CXXI.
1951 3185 2030 3244 Ds
2058 3186 2120 3244 S.
2147 3188 2356 3243 Donato
2382 3193 2619 3260 episcopo
2646 3199 2692 3242 et
2720 3203 2966 3258 martyre.
3001 3186 3300 3258 Ssqucntia.

2152 3278 2371 3337 Auratis
2397 3280 2606 3335 Domini
2637 3279 2860 3334 citharis

3331 3235 3378 3296 C

2089 3370 2314 3436 Laudet,
2345 3380 2398 3427 et
2427 3372 2480 3425 in
2511 3368 2772 3442 cymbalis
3827 3369 3904 3424 Te
3929 3370 4110 3438 pronis
4135 3385 4264 3440 ergo
4289 3371 4556 3426 mentibus

2084 3459 2221 3517 Cum
2247 3460 2439 3515 Tuscia
2470 3459 2641 3527 Italia,
3762 3456 4139 3530 Supplicantes
4171 3461 4420 3530 petimus,

2092 3548 2298 3605 Nobilis
2326 3549 2659 3613 monarcbia,
3764 3550 3872 3606 Nos
3898 3551 4070 3621 culpa:
4096 3563 4294 3606 nostra:
4320 3551 4511 3608 debitis

2087 3640 2406 3697 Sanctorum
2433 3637 2764 3694 domicilium
3764 3636 3895 3692 Tuis
3915 3637 4064 3693 solve
4088 3638 4312 3705 meritis,

2088 3732 2260 3803 Quam
2288 3741 2467 3788 sacrat
2493 3731 2743 3785 Aritium.
3762 3729 3830 3784 Et
3857 3728 4146 3784 electorum
4177 3729 4402 3785 coetibus

2167 3824 2225 3880 In
2244 3839 2347 3894 qua
2367 3824 2584 3878 lucerna
2610 3819 2913 3892 przesulum,
2993 3819 2998 3822 ’
3762 3820 3944 3877 Sacris
3966 3821 4134 3889 junge
4160 3821 4426 3890 precibus.

2092 3913 2214 3978 Via,
2241 3911 2432 3977 forma,
2464 3911 2757 3982 speculum,
3835 3911 3920 3966 Sit
3946 3912 4063 3967 laus
4087 3911 4235 3966 Patri
4259 3911 4512 3981 ingenito,

2092 4005 2333 4060 Donatus
2359 4013 2563 4075 martyr
2587 4003 2842 4074 inclytam
3770 4004 3854 4059 Sit
3880 4004 4046 4058 decus
4075 4001 4382 4072 Unigenito,

2099 4093 2318 4150 Obtinet
2343 4094 2640 4159 basilicam,
3771 4095 3855 4152 Sit
3881 4095 4160 4161 utriusque
4185 4093 4339 4162 parili

2101 4181 2296 4238 Servat
2317 4192 2371 4238 et
2397 4170 2712 4237 Ianuarium
3768 4187 3946 4240 Decus
3969 4197 4127 4239 omne
4153 4182 4381 4237 Flamini
4408 4198 4423 4236 :

2102 4272 2236 4328 ϐαειὶ
2265 4273 2414 4327 sidus
2440 4287 2684 4326 aureum.
2790 4278 2792 4281 '
3769 4275 3934 4344 Cujus
3959 4289 4064 4330 una
4093 4273 4330 4344 potentia

1986 4361 2103 4439 39
2171 4361 2340 4428 Quem
2365 4378 2469 4417 non
2492 4362 2726 4416 humana
2751 4361 2929 4417 studia
3773 4366 3977 4421 Cuncta
4001 4367 4136 4434 regit
4158 4365 4369 4420 sarcula.
4391 4364 4576 4420 Amen.

2101 4451 2218 4507 Non
2245 4452 2436 4521 lingua:
2459 4451 2732 4516 facundia,
3614 4454 3820 4511 CXXII.
3854 4455 3930 4510 De
3954 4453 4013 4509 S.
4045 4452 4227 4507 Fidele
4253 4463 4499 4523 martyre.
4530 4450 4784 4524 Hymnus.

2102 4544 2271 4642 Digne
2298 4546 2437 4598 valet
2460 4545 2716 4598 extollere
3346 4583 3400 4642 Β
3501 4595 3505 4599 ,
3776 4542 4029 4642 hMagna
4057 4541 4266 4642 Fidelis
4275 4541 4465 4642 merita

2107 4631 2212 4687 Pro
2241 4633 2430 4687 merito
2456 4633 2659 4701 glorize.
3346 4630 3394 4642 "
3774 4631 3972 4688 Sancta
4001 4631 4200 4700 promit
4225 4630 4485 4694 Ecclesia,

2099 4721 2234 4777 Nam
2257 4737 2374 4795 qute
2399 4723 2638 4793 perferre
2661 4722 2852 4790 potuit,
3772 4721 3873 4787 Qui
3900 4729 4071 4774 morte
4097 4728 4322 4774 mortem
4349 4718 4595 4788 perdidit,

2102 4812 2235 4880 Quis
2263 4812 2464 4867 referre
2491 4813 2720 4883 poterit?
3776 4809 3846 4865 Et
3869 4809 4043 4864 victor
4064 4818 4208 4864 astra
4234 4809 4401 4878 petiit.

2093 4889 2097 4895 ’
2177 4902 2455 4958 Caminum
2480 4919 2575 4973 per
2596 4903 2904 4957 continuum
3423 4902 3427 4907 ’
3845 4900 4069 4970 Abjecto
4094 4903 4272 4955 carnis
4295 4914 4455 4954 onere

2110 4995 2414 5065 Vaporatur
2442 4995 2697 5058 triduum,
3635 4989 3745 5062 ω
3781 4989 4180 5072 Stolayestitur
4204 4988 4403 5054 gloriae,

2111 5085 2182 5141 Ut
2209 5101 2314 5154 quo
2341 5094 2610 5140 crematur
2635 5085 2860 5155 longius,
3785 5081 3966 5136 Tersis
3992 5081 4058 5134 ab
4085 5093 4177 5133 ore
4205 5079 4474 5148 iacrymis,

2110 5174 2322 5240 Cremet
2349 5187 2468 5243 post
2494 5175 2724 5230 velocius
2749 5191 2764 5237 ;
3786 5172 3940 5227 Veris
3970 5170 4170 5238 potitur
4197 5168 4422 5236 gaudiis.

2109 5265 2262 5318 Hunc
2293 5274 2495 5334 martyr
2520 5265 2644 5318 dum
2675 5263 2968 5335 ingreditur
3837 5246 3919 5318 ~Ut
3939 5275 4065 5315 ense
4085 5274 4255 5314 caesus
4275 5259 4519 5322 moritur,

2111 5355 2223 5411 Nec
2251 5355 2474 5424 capillus
2502 5355 2732 5409 laeditur.
3782 5353 3934 5409 Saeva
3965 5360 4251 5420 tempestas
4277 5350 4466 5414 oritur,

2182 5446 2402 5503 Solante
2433 5461 2556 5500 mox
2584 5447 2824 5516 angelico
3784 5443 3875 5498 Sic
3901 5444 4194 5496 intentatur
4219 5440 4394 5508 impiis

2109 5537 2318 5593 Gaudet
2348 5537 2700 5592 contubernio
2720 5552 2737 5601 ;
3776 5531 4021 5586 Vindicta
4045 5528 4171 5596 justi
4200 5527 4420 5581 Iudicis.

2113 5625 2251 5680 Dum
2278 5625 2418 5697 globi
2447 5625 2675 5680 strident
2701 5626 2842 5696 ignei
3850 5620 4146 5688 Quemdam
4167 5632 4234 5673 ex
4253 5615 4589 5672 carniﬁcibus

2112 5711 2323 5770 Crescit
2349 5716 2512 5770 ardor
2539 5713 2697 5769 ﬁdei:
3790 5711 3958 5768 Malus
3985 5709 4188 5764 invadit
4212 5708 4450 5778 spiritus,

2119 5803 2210 5861 Sic
2237 5803 2453 5863 ﬂamma
2483 5803 2738 5862 desiderii
3329 5790 3338 5794 ’
3785 5801 3906 5858 Mox
3923 5805 4093 5882 sacrae
4109 5797 4274 5870 glebas
4291 5796 4549 5868 jungitur,
