5962 6460
1423 585 1552 643 Dira
1575 590 1744 659 pestis
1766 589 2088 648 excluditur.

1489 677 1704 745 Cordis,
1724 681 1942 750 orisque
1962 679 2216 750 precibus

1427 766 1527 834 Te,
1549 779 1756 840 martyr
1773 770 1936 837 alme,
1960 770 2212 840 petimus,

1421 859 1534 916 Nos
1564 869 1652 915 tua
1681 876 1780 930 per
1807 863 2035 930 vestigia

1419 951 1503 1006 Ad
1525 952 1648 1008 vitae
1669 954 1833 1010 ducas
1855 955 2096 1024 premis.

1487 1038 1573 1095 Sit
1593 1041 1742 1097 Patri
1770 1043 1888 1098 laus
1913 1044 2173 1114 ingenito,

1423 1129 1506 1186 Sit
1535 1131 1699 1186 decus
1730 1131 2040 1202 Unigenito,

1419 1219 1504 1274 Sit
1526 1221 1808 1290 utriusque
1831 1221 1992 1291 parili

1418 1307 1673 1378 Majestas
1689 1325 1903 1367 summa
1924 1311 2173 1368 Flamini.
2195 1313 2390 1368 Amen.

1264 1397 1495 1456 CXXIII.
1525 1399 1605 1455 De
1632 1399 1691 1456 S.
1720 1397 1970 1472 Gregorio
1999 1419 2154 1474 papa.
2191 1401 2456 1473 Hymnus.

1487 1490 1783 1562 Anglorum
1800 1494 1909 1564 jam
1931 1493 2230 1565 apostolus,

1420 1581 1576 1637 Nunc
1597 1583 1910 1654 angelorum
1933 1587 2132 1648 socius,

1423 1669 1494 1728 lit
1518 1680 1664 1737 tunc,
1689 1673 1938 1746 Gregori,
1961 1677 2232 1745 gentibus,

1411 1759 1682 1818 Succurre
1698 1762 1811 1832 jam
1835 1764 2206 1821 credentibus.

1487 1850 1570 1908 Tu
1596 1851 1777 1922 largas
1798 1868 1961 1924 opum
1983 1855 2188 1925 copias,

1414 1945 1752 2014 Omncmque
1772 1947 1956 2001 mundi
1979 1947 2209 2017 gloriam

1411 2035 1658 2107 Spernis,
1681 2045 1740 2090 ut
1763 2038 1918 2107 inops
1941 2039 2156 2108 inopem

1410 2125 1594 2183 Jesum
1619 2130 1869 2198 sequaris
1888 2130 2210 2200 principem.

1479 2218 1707 2276 Videtur
1727 2235 1893 2291 egens
1916 2221 2229 2292 naufragus,

1412 2307 1552 2362 Dum
1573 2308 1768 2379 stipem
1789 2311 1925 2380 petit
1948 2311 2191 2382 angelus,

1412 2397 1494 2453 Tu
1517 2415 1711 2456 munus
1724 2399 1836 2468 jam
1861 2411 1981 2471 post
2001 2403 2278 2473 geminum

1404 2487 1622 2544 Praebes
1641 2500 1697 2544 et
1717 2505 1812 2546 vas
1834 2502 2173 2561 argenteum.

1479 2577 1560 2632 Ex
1583 2579 1686 2634 hoc
1706 2587 1759 2634 te
1779 2579 2028 2636 Christus
2052 2592 2294 2651 tempore

1404 2670 1530 2726 Suae
1555 2671 1773 2741 praefert
1796 2673 2078 2741 Ecclesiae,

1405 2759 1498 2816 Sic
1519 2761 1666 2817 Petri
1687 2765 1912 2835 gradum
1937 2767 2195 2838 percipis,

1399 2851 1566 2921 Cujus
1589 2863 1644 2908 et
1666 2871 1910 2912 normam
1937 2859 2202 2928 sequeris.

1475 2941 1520 2998 0
1545 2943 1784 3013 pontifex
1811 2948 2047 3018 egregie,

1398 3030 1516 3086 Lux
1543 3041 1597 3086 et
1625 3032 1788 3088 decus
1815 3035 2091 3102 Ecclesiae,

1397 3117 1514 3174 Non
1541 3120 1691 3176 sinas
1720 3123 1772 3177 in
1799 3125 2076 3194 periculis,

1403 3209 1549 3278 Quos
1572 3221 1650 3268 tot
1672 3217 1942 3272 mandatis
1963 3219 2211 3276 instruis.

1478 3304 1635 3360 Mella
1661 3323 1757 3362 cor
1780 3309 2129 3366 obdulcantia

1404 3393 1518 3449 Tua
1549 3397 1811 3454 distillant
1840 3399 2007 3468 labia,

1396 3485 1749 3558 Flagrautum
1771 3491 1878 3545 vim
1905 3501 2213 3550 aromatum

1403 3577 1577 3632 Tuum
1601 3579 1768 3635 vincit
1791 3581 2088 3653 eloquium.

1471 3666 1766 3738 Scriptum
1795 3687 1965 3728 sacra
1989 3675 2218 3747 mystica

1397 3757 1534 3812 Mire
1558 3760 1725 3816 solvis
1751 3764 2066 3834 anigmsta,

1401 3847 1669 3904 Tbeorica
1701 3854 1958 3921 mysteria

1400 3935 1479 3992 Te
1506 3939 1663 3993 docet
1688 3940 1804 4010 ipsa
1831 3943 2068 4000 Veritas.

1467 4026 1549 4082 Tu
1578 4037 1772 4088 nactus
1796 4032 2152 4102 apostolicam

1399 4119 1606 4186 Vicem,
1639 4121 1800 4198 simul
1826 4132 1880 4179 et
1905 4124 2154 4195 gloriam,

1403 4207 1513 4265 Nos
1537 4211 1684 4266 solve
1707 4212 1877 4282 culpa:
1905 4216 2161 4286 nexibus,

1402 4298 1589 4356 Redde
1614 4302 1860 4376 polorum
1885 4307 2126 4362 sedibus.

1469 4386 1553 4442 Sit
1579 4389 1728 4445 Patri
1757 4392 1874 4448 laus
1903 4395 2166 4465 ingenito,

1399 4477 1483 4534 Sit
1511 4479 1678 4535 decus
1709 4480 2024 4554 Unigenito,

1397 4565 1481 4622 Sit
1507 4568 1790 4640 utriusque
1818 4572 1977 4641 parili

1393 4653 1645 4724 Majestas
1664 4673 1874 4714 summa
1897 4660 2154 4719 Flamini.
2175 4663 2373 4724 Amen.

1190 4767 1424 4825 CXXIV.
1461 4770 1540 4826 De
1570 4771 1629 4828 S.
1658 4772 1943 4852 Benedicto
1973 4780 2182 4834 abbate.
2216 4778 2484 4852 Hymnus,

1659 4844 1729 4897 ad
1756 4861 2013 4916 superas.

1181 4927 1407 4984 Gemma
1442 4930 1678 4988 caelestis
1706 4936 1945 5002 pretiosa
1983 4935 2166 5008 Regis,

1109 5015 1309 5072 Norma
1333 5019 1629 5087 justorum,
1659 5022 1747 5076 via
1779 5027 2190 5092 monachorum,

1109 5105 1222 5164 Nos
1247 5108 1317 5164 ab
1353 5108 1644 5179 immundi1L
1671 5111 1982 5181 Benedicte,
2019 5117 2207 5173 mundi

1428 5197 1697 5257 Subtrahe
1726 5217 1908 5261 coeno.

1110 5285 1192 5343 Tu
1223 5287 1399 5344 solum
1436 5303 1717 5359 spernens,
1756 5309 1851 5348 cor
1884 5295 1940 5350 in
1976 5305 2124 5356 astra
2158 5299 2330 5371 llgens

1111 5374 1272 5444 Cogis
1299 5376 1541 5433 heredes
1577 5379 1691 5436 fieri
1725 5392 2000 5452 parentes,

1109 5469 1211 5540 ιι
1248 5467 1358 5524 Vas
1397 5469 1512 5527 Deo
1539 5473 1759 5541 plenum
1802 5491 2061 5546 reparare
2088 5479 2324 5538 fractum

1546 5562 1927 5622 Promeruisti.

1111 5649 1335 5722 Magnus
1363 5652 1416 5708 in
1451 5655 1637 5722 parvis
1663 5657 1894 5712 ercmita
1922 5661 2206 5731 membris,

1111 5741 1296 5799 Vincis
1325 5752 1541 5800 aetatem
1561 5789 1575 5813 ,
1617 5763 1841 5819 superas
1872 5750 2132 5820 laborem,

1111 5831 1272 5888 Arcta
1303 5833 1562 5894 districta:
1601 5838 1908 5898 rudimenta
1938 5842 2061 5898 vitae

2679 598 2737 661 Δ

2344 476 2647 534 CAR!!!“
2681 479 2773 535 ΕΤ
2821 477 3108 538 ριωεεε.

3066 593 3332 650 Fervidus
3362 594 3573 665 imples.

2829 681 3022 753 Strage
3059 697 3317 737 saxorum
3351 698 3576 753 puerum
3608 683 3902 753 sepultum,

2827 769 2951 825 Mox
2979 780 3039 825 ut
3067 772 3263 838 orasti,
3297 787 3458 842 prece
3501 773 3803 838 suscitasti,

2828 860 3034 919 Sensus
3062 863 3188 918 hinc
3218 865 3396 931 carni,
3436 881 3564 921 caro
3591 867 3815 923 sanitati

3073 947 3343 1003 Redditur
3375 963 3551 1018 aque.

2825 1038 2955 1096 Jure
2981 1037 3083 1094 sub
3107 1040 3320 1096 blandas
3349 1043 3530 1112 specie
3568 1042 3839 1099 columba

2828 1127 3077 1185 Nesciam
3108 1129 3251 1186 fellis
3281 1132 3518 1186 animam
3546 1133 3756 1188 sororis

2826 1219 3050 1275 Summa
3072 1219 3270 1275 stellati
3294 1231 3578 1291 penetrare
3601 1219 3730 1278 cali

3046 1307 3295 1365 Culmina
3325 1311 3530 1366 cernis.

2825 1396 2944 1467 lpse
2975 1407 3120 1468 post,
3151 1397 3356 1454 clarum
3383 1400 3627 1456 referens
3651 1399 3988 1472 u-iumpbum

2825 1487 2981 1544 Celsa
3007 1489 3218 1548 devicto
3256 1491 3396 1561 petis
3421 1501 3568 1546 astra
3591 1491 3832 1557 mundo;

2825 1578 2971 1639 Luce
2997 1579 3367 1636 ﬂammantem
3403 1581 3650 1637 radiante
3677 1581 3873 1639 cellam

3106 1670 3276 1726 Pallia
3313 1680 3584 1727 sternunt.

2825 1759 2988 1829 Laus,
3021 1762 3200 1819 honor
3219 1763 3392 1829 Patri,
3423 1764 3692 1835 parilique
3714 1763 3865 1821 Proli

2831 1848 2946 1906 Una
2966 1851 3256 1921 majestas,
3283 1855 3472 1909 eadem
3503 1863 3772 1924 potestas,

2676 1957 2728 2018 Β
2823 1941 2961 2000 Cum
2985 1944 3184 2017 quibus
3203 1956 3425 2001 sanctus
3449 1945 3610 2000 simul
3633 1946 3823 2016 implet
3845 1957 4068 2004 omnem

3085 2033 3322 2106 Spiritus
3353 2036 3564 2089 orbem.
3601 2036 3800 2092 Amen.

3210 2123 3414 2182 ZXXV.
3447 2125 3529 2180 Ad
3565 2136 3902 2181 nocturnum.

3036 2215 3275 2288 Signifer
3302 2216 3686 2285 invictissime,

2970 2306 3263 2377 Sacraque
3284 2306 3392 2362 dux
3417 2307 3650 2372 militiae,

2962 2395 3093 2464 Nos,
3124 2395 3438 2464 Benedicte,
3459 2397 3641 2453 valido

2962 2489 3195 2545 Precum
3227 2488 3458 2545 defende
3487 2488 3733 2546 brachio.

3038 2580 3134 2637 His
3155 2582 3326 2636 armis
3348 2579 3746 2638 exsecrabilem

2961 2671 3165 2728 Leonis
3196 2672 3354 2728 vince
3378 2673 3586 2726 rabiem
3608 2713 3625 2738 ,

2966 2762 3175 2830 Quibus
3211 2761 3340 2816 olim
3383 2763 3725 2817 teterrimam

2962 2846 3132 2910 Pellis
3160 2854 3230 2908 ab
3268 2869 3365 2910 ore
3395 2853 3683 2919 merulam.

3034 2943 3235 3001 Urtica:
3267 2943 3471 3011 junctae
3500 2943 3776 3015 vepribus,

2965 3033 3175 3088 Vulnus
3200 3042 3398 3088 curant
3428 3034 3768 3099 vulneribus,

2958 3125 3265 3182 Flammata
3298 3142 3453 3182 mens
3475 3126 3742 3182 divinitus

2963 3219 3120 3295 Ignes
3144 3221 3445 3291 exstinguit
3474 3221 3714 3292 ignibus.

3039 3310 3271 3368 Crucem
3309 3313 3537 3366 mittens
3566 3320 3626 3366 ut
3650 3309 3907 3376 lanidem,

2954 3399 3167 3457 Veneni
3199 3401 3407 3471 frangis
3431 3402 3686 3467 calicem,

2957 3490 3075 3546 Von
3106 3489 3252 3545 valet
3272 3489 3465 3560 mortis
3492 3488 3770 3545 vasculum

2956 3579 3094 3636 Vitae
3124 3580 3267 3637 ferre
3291 3581 3655 3652 signaculum.

3009 3672 3240 3738 Frater,
3274 3687 3437 3742 quem
3479 3682 3606 3729 tunc
3640 3669 4016 3743 nequissimus

2962 3763 3166 3832 Vagum
3199 3763 3453 3833 raptabat
3475 3763 3725 3835 spiritus,

2961 3849 3099 3907 Dum
3123 3861 3216 3906 tua
3237 3853 3389 3924 virga
3417 3855 3671 3920 caeditur,

2961 3938 3263 3998 Stabilitati
3291 3943 3560 4002 redditur.

3027 4031 3114 4089 Sit
3140 4033 3289 4090 Patri
3327 4035 3448 4093 laus
3475 4037 3742 4109 ingenito,

2959 4126 3045 4184 Sit
3073 4127 3239 4184 decus
3263 4127 3576 4201 Unigenito,

2958 4215 3046 4274 Sit
3070 4219 3354 4290 utriusque
3391 4221 3556 4290 parili

2955 4305 3214 4379 Ilajesta's
3239 4325 3450 4365 summa
3476 4311 3730 4368 Flamini.
3759 4312 3958 4372 Amen.

3241 4399 3475 4456 CXXVI.
3506 4402 3588 4456 Ad
3609 4402 3815 4460 laudes.

3025 4488 3239 4543 Aurora
3267 4491 3442 4560 surgit
3468 4506 3638 4550 aurea

2957 4573 3122 4631 Festa
3160 4587 3479 4635 restaurans
3512 4597 3722 4651 annua,

2958 4663 3097 4720 Cum
3127 4666 3458 4724 Benedictus
3500 4669 3732 4726 arduum

2961 4754 3098 4813 Οωιῑ
3125 4760 3342 4812 scandit
3371 4759 3656 4830 palatium.

3027 4847 3242 4916 Quanta
3271 4851 3328 4905 in
3359 4853 3588 4909 summis
3617 4855 3838 4927 accipit,

2957 4936 3061 5003 Qui
3094 4937 3174 4992 sic
3198 4939 3252 4993 in
3286 4939 3409 4995 imis
3439 4941 3656 5010 claruit,

2957 5027 3124 5100 Cujus
3155 5030 3362 5085 micant
3388 5034 3633 5104 prodigia

2961 5117 3068 5175 Per
3089 5119 3268 5190 ampla
3301 5121 3486 5175 mundi
3513 5123 3756 5181 climata.

3020 5209 3152 5279 Ejus
3178 5219 3464 5267 carentum
3508 5217 3690 5286 gratia

2957 5301 3142 5358 Tellus
3166 5304 3339 5359 vomit
3373 5307 3670 5374 cadavera,

2950 5392 3172 5449 Devotis
3196 5397 3336 5449 unda
3364 5396 3573 5467 liquida

2953 5482 3111 5539 Sicca
3135 5485 3329 5549 lambit
3361 5489 3613 5560 vestigia.

3022 5575 3214 5631 Totius
3241 5577 3391 5633 orbis
3420 5579 3686 5636 ambitum

2947 5665 3055 5721 Per
3074 5664 3216 5722 Solis
3239 5667 3387 5722 videt
3415 5668 3652 5735 radium,

2954 5756 3108 5814 Mens
3132 5759 3187 5814 in
3217 5759 3458 5817 Auctore
3485 5763 3664 5831 posita
3689 5779 3706 5829 ;

2952 5847 3210 5920 Subjccta
3235 5852 3410 5910 cernit
3437 5854 3641 5914 omnia.
