5962 6492
1466 413 1570 476 9³9
2311 425 2366 481 S.
2408 427 2612 483 PETRI
2646 426 2925 485 DAIIANI
2968 427 3120 487 OPP.
3161 427 3396 488 'I'OIUS
3432 428 3564 489 εει]
3602 428 3780 486 PARS
3818 429 3905 487 IV.

1749 531 1858 604 42
1892 531 1988 598 'I'e,
2015 534 2177 590 Pater
2206 537 2364 604 alme,
2395 541 2632 610 petimus

1682 619 1876 676 Prome
1914 624 2109 684 mentis
2141 627 2452 695 visceribus,

1679 709 1750 765 Ut
1778 710 1974 765 caelum
2004 713 2099 768 des
2125 719 2438 783 ascendere,

1674 797 1821 866 Quos
1851 810 2048 857 terram
2074 805 2235 862 doces
2260 823 2540 877 spernere.

1743 890 1827 945 Sit
1863 893 2011 948 Patri
2033 895 2152 951 laus
2175 899 2438 971 ingenito,

1670 979 1756 1035 Sit
1782 984 1946 1039 decus
1980 986 2261 1058 Unigenito
2278 1031 2294 1055 ,

1675 1071 1758 1127 Sit
1785 1075 2067 1149 utriusque
2094 1081 2253 1148 parili

1673 1162 1932 1232 Majestas
1962 1185 2171 1225 sununa
2201 1172 2453 1230 Flamini.
2483 1176 2678 1230 Amen.

1528 1249 1787 1307 CXXVII.
1822 1255 2158 1326 Epitaphium
2194 1261 2411 1317 Lodoici
2457 1268 2621 1320 sancti
2655 1269 2960 1337 presbyteri.

1490 1337 1558 1396 7ir
1588 1342 1795 1398 Domini
1822 1347 2008 1401 clauso
2031 1349 2175 1416 jacet
2199 1352 2300 1408 hoc
2325 1354 2592 1410 Lodoicus
2621 1357 2674 1410 in
2705 1366 2888 1422 antro,

1529 1430 1628 1486 Cui
1658 1434 1776 1488 sine
1799 1437 2113 1492 carniﬁcum
2141 1441 2201 1494 fit
2228 1458 2360 1499 nece
2389 1447 2730 1516 martyrium.

1473 1516 1654 1574 linum
1685 1536 1986 1592 respuerat,
2015 1543 2208 1596 panem
2238 1547 2341 1585 non
2367 1549 2589 1603 prorsus
2619 1533 2832 1600 edebat,

1524 1611 1828 1670 Hebdomas
1858 1615 2064 1683 binum,
2086 1622 2165 1674 sic
2188 1622 2350 1677 dabat
2379 1639 2485 1677 una
2513 1626 2714 1679 cibum.

1463 1700 1662 1760 Ordine
1685 1706 1901 1762 diverso
1926 1709 2102 1778 pictor
2139 1711 2239 1765 fuit
2270 1716 2426 1782 atque
2448 1717 2701 1770 sacerdos
2726 1733 2741 1780 ;

1525 1794 1730 1852 Obtulit
1765 1812 1830 1852 ex
1859 1815 2012 1868 atquo
2041 1817 2235 1856 munus
2265 1811 2555 1872 utrumque
2585 1805 2715 1859 Deo.

1453 1882 1571 1940 Lux
1603 1886 1786 1940 oriens
1807 1889 1955 1954 urbi,
1989 1889 2078 1944 lux
2107 1892 2250 1944 omni
2277 1892 2611 1948 claruit-orbi

1522 1976 1673 2031 Arsit
1700 1988 1754 2032 et
1791 1979 2054 2044 incendit,
2085 1982 2181 2036 ivit
2212 1993 2267 2038 et
2296 1984 2375 2038 ire
2403 1986 2568 2040 dedit.

1454 2066 1713 2123 Ecclesiae
1751 2071 2053 2138 speculum,
2082 2073 2238 2128 vivus
2267 2073 2420 2144 lapis,
2451 2075 2647 2138 hostia,
2678 2083 2956 2147 templum,

1525 2153 1634 2210 Nos
1662 2157 1913 2226 precibus
1942 2161 2118 2215 releva
2142 2177 2279 2230 quos
2303 2164 2443 2216 mala
2473 2174 2655 2219 nostra
2688 2178 2935 2235 gravant.

1451 2243 1726 2300 CXXVIII.
1755 2246 1822 2301 In
1845 2249 2010 2302 natali
2035 2252 2387 2319 confessorum
2407 2255 2734 2321 pontiﬁcum.
2765 2255 3026 2328 Hymnus.

1595 2333 1748 2388 Sacri
1778 2337 2046 2404 pontilicis
2073 2356 2245 2395 annus
2271 2343 2470 2395 emicat
2498 2344 2715 2411 natalis,

1523 2421 1815 2478 Celebrans
1844 2425 1992 2494 plebs
2019 2429 2104 2496 pia
2132 2429 2377 2497 gaudeat,
2407 2441 2461 2485 et
2485 2431 2606 2486 lano

1524 2513 1760 2568 Resonet
1795 2525 2015 2584 pertore
2049 2521 2291 2574 carmina
2319 2521 2559 2586 Christo,

1803 2605 1902 2670 Qui
1931 2607 2070 2676 regit
2091 2610 2292 2662 omnia.

1523 2690 1624 2747 Hic
1656 2708 1917 2760 spernens
1941 2698 2144 2765 proprii
2174 2699 2367 2767 gaudia
2396 2702 2639 2769 corporis

1520 2784 1764 2856 Longum
1797 2791 2050 2842 snstinuit
2086 2793 2399 2860 martyrium
2441 2795 2644 2858 crucis,

1518 2873 1872 2931 'I‘ormentum
1897 2881 2116 2948 gravius
2148 2881 2366 2936 vulnere
2393 2884 2636 2953 pertulit,

1723 2969 1823 3034 Qui
1848 2977 2019 3023 tortor
2039 2987 2168 3025 suus
2195 2973 2422 3026 exstitit.

1522 3058 1706 3114 Sacra:
1731 3061 1934 3115 militiae
1959 3063 2184 3131 signifer
2211 3064 2443 3134 inclytus

1521 3148 1795 3204 Virtutum
1822 3151 1998 3206 fuerat
2023 3154 2190 3206 forma
2215 3155 2596 3223 sequentibus,

1517 3239 1838 3295 Accendens
1876 3244 2069 3299 validis
2109 3255 2324 3314 pectora
2360 3247 2600 3311 vocibus,

1665 3331 1948 3388 Praeclaris
1975 3351 2188 3404 quoque
2214 3337 2474 3391 moribus.

1515 3417 1611 3476 Bis
1637 3437 1798 3478 senos
1823 3423 2026 3494 lapides
2048 3437 2266 3496 pectore
2292 3429 2502 3494 detulit,

1447 3507 1537 3564 Bis
1563 3512 1747 3565 tincta:
1773 3515 1966 3568 tunicas
1998 3518 2230 3584 tegmine
2261 3518 2531 3586 splenduit
2566 3537 2578 3573 :

1522 3596 1620 3652 Cui
1644 3599 2001 3656 tintinnabula
2025 3604 2253 3659 dulciter
2274 3609 2597 3677 obstrepunt

1735 3687 1869 3741 Maia
1903 3693 2095 3758 punica
2129 3692 2386 3748 deﬂuunt.

1513 3778 1686 3850 Ipsius
1715 3786 1989 3852 precibus,
2014 3787 2276 3844 Conditor
2305 3793 2574 3860 omnium,

1516 3867 1806 3928 Demersos
1833 3874 2011 3930 releva
2041 3880 2278 3946 pondere
2298 3882 2586 3937 criminum
2615 3886 2643 3938 .'

1514 3956 1614 4014 Cui
1644 3961 1784 4027 laus,
1808 3963 2115 4034 imperium,
2147 3985 2466 4042 summaque
2494 3973 2663 4044 gloria

1663 4050 1748 4106 Sit
1767 4069 1862 4122 per
1889 4059 2067 4111 omnia
2094 4060 2308 4116 saecula.
2332 4063 2525 4117 Amen.

1940 4145 2176 4201 CXXIX.
2207 4150 2289 4202 Ad
2319 4150 2524 4206 laudes.

1727 4233 1944 4292 Christe
1965 4247 2275 4295 sanctorum
2299 4242 2492 4311 gloria,

1654 4327 1990 4386 Certantium
2023 4334 2272 4399 victoria,

1665 4417 1773 4474 Nos
1809 4410 2134 4479 confessoris
2163 4426 2414 4494 precibus

1657 4507 1946 4578 Culparum
1978 4514 2123 4568 solve
2164 4516 2410 4572 nexibus.

1729 4597 1839 4651 Fac
1877 4613 1974 4653 nos
2004 4601 2288 4656 imitabilia

1659 4685 1790 4755 Ejus
1821 4691 1971 4756 sequi
2000 4691 2238 4760 vestigia,

1663 4778 1742 4834 Tu
1768 4781 1844 4834 sis
1873 4795 2162 4835 commune
2192 4787 2491 4852 prmmlum,

1657 4872 1758 4938 Qui
1788 4873 1963 4928 factus
1985 4890 2044 4929 es
2071 4884 2126 4929 et
2154 4877 2409 4944 pretium.

1725 4963 1860 5018 Nam
1893 4967 1979 5020 hic
2009 4966 2061 5019 in
2093 4967 2202 5020 imo
2232 4967 2441 5036 positus

1662 5050 1835 5106 Celsis
1863 5055 2158 5121 praastabat
2188 5056 2455 5120 moribus,

1665 5140 1898 5196 Humilis
1927 5154 2044 5197 erat
2069 5146 2280 5210 ordine,

1657 5228 1824 5284 Claro
1851 5233 2096 5288 sublimis
2123 5250 2303 5304 opere.

1725 5320 1936 5374 lntenta
1965 5337 2116 5376 mens
2145 5325 2456 5380 caelestibus

1657 5407 1955 5465 Mundanos
1981 5412 2170 5467 horret
2197 5415 2471 5482 strepitus,

1654 5499 1866 5570 Niljam
1896 5503 2127 5558 delectat
2154 5507 2396 5569 anxiam,

1657 5591 1810 5657 Quod
1846 5610 1952 5648 non
1984 5595 2133 5650 ducit
2162 5596 2226 5651 ad
2258 5596 2508 5665 patriam.

3067 546 3124 606 Α
3428 546 3704 600 Aceensus
3734 545 3860 600 illuc
3887 545 4112 615 spiritus

3363 633 3515 689 Totis
3548 635 3763 691 anhelat
3793 637 4018 701 nisibus,

3353 727 3473 784 Jam
3503 732 3679 786 cernit
3709 731 3764 784 in
3790 731 4076 797 aenigmate

3352 818 3558 874 Lumen
3593 821 3986 876 inaccessibile.

3417 911 3527 983 43
3559 912 3640 967 Sit
3673 913 3817 968 Patri
3841 913 3957 967 laus
3982 913 4238 983 ingenito,

3358 1000 3439 1056 Sit
3471 1004 3635 1057 decus
3669 1002 3974 1073 Unigenito,

3347 1091 3432 1146 Sit
3459 1095 3744 1162 utriusque
3771 1095 3926 1165 parili

3346 1181 3599 1247 Majestas
3629 1197 3836 1237 summa
3862 1181 4113 1238 Flamini.
4140 1183 4330 1238 Amen.

3303 1271 3516 1326 CXXX.
3551 1272 3628 1326 De
3659 1275 3895 1328 omnibus
3923 1277 4134 1329 sanctis.
4175 1273 4358 1329 Versus
4391 1271 4525 1342 (60).

3205 1353 3385 1416 Edidit
3413 1361 3624 1415 nomina
3649 1377 3835 1417 eorum
3868 1364 3920 1417 in
3955 1365 4153 1419 mundo
4182 1365 4419 1428 sortitos,

3134 1451 3373 1517 Quorum
3404 1453 3595 1506 imbuit
3622 1468 3718 1521 per
3744 1454 3951 1524 singula
3978 1456 4154 1510 bimos
4182 1457 4488 1524 trimosque,

3135 1541 3245 1596 Hos
3270 1543 3475 1610 pariter
3500 1543 3641 1597 saecli
3671 1545 3916 1600 doctrina
3939 1545 4207 1600 medelam
4225 1586 4239 1610 ,

3135 1629 3246 1687 Nec
3284 1649 3389 1687 non
3430 1633 3608 1687 divina
3649 1646 3999 1703 prtestaverat
4025 1637 4194 1706 gratia
4227 1636 4416 1705 gratis;

3139 1722 3320 1793 thue
3347 1724 3556 1793 possint
3589 1726 3754 1781 febris
3783 1738 3966 1795 putres
3991 1728 4274 1796 explodere
4313 1734 4485 1795 pestes

3134 1816 3311 1885 Atque
3341 1816 3674 1871 salutiferam
3714 1819 3920 1874 morbis
3947 1819 4258 1888 impendere
4284 1831 4485 1880 curam,

3060 1892 3108 1951 Β
3134 1905 3373 1959 Artubus
3397 1905 3697 1960 horrendas
3724 1905 3983 1975 pellentes
4011 1920 4238 1974 corpora
4259 1905 4369 1959 des.

3131 1995 3198 2048 Et
3236 2003 3436 2057 mutos,
3472 1995 3716 2060 claudos,
3748 1998 4050 2066 surdosque
4077 1979 4340 2065 repertos,

3129 2085 3358 2150 Luscos,
3381 2102 3446 2141 ac
3471 2088 3757 2152 strambos,
3790 2089 3882 2156 qui
3906 2088 4060 2141 saevis
4087 2088 4247 2141 verba
4277 2083 4496 2152 loquelis

3137 2176 3337 2232 Fantes
3362 2186 3738 2246 corrumpunt,
3765 2186 3822 2231 et
3847 2177 4106 2246 quidquid
4132 2174 4304 2229 debile
4331 2174 4516 2236 fertur,

3129 2267 3354 2322 Ctelitus
3379 2269 3681 2322 instaurant
3705 2268 3920 2323 Christo
3941 2268 4174 2321 donante
4197 2267 4447 2323 salutem;

3129 2356 3328 2427 Sicque
3353 2357 3526 2413 lucem
3556 2359 3738 2412 carnis
3772 2358 3994 2412 trudunt
4022 2357 4374 2412 medicamine
4401 2369 4623 2425 spurce.

3131 2448 3239 2502 Nec
3281 2458 3458 2502 tamen
3490 2450 3689 2504 eximio
3709 2451 3969 2502 virtutum
3991 2463 4209 2502 munere
4231 2449 4397 2511 dites;

3131 2538 3260 2591 Auri
3293 2537 3525 2591 fallentis
3556 2545 3764 2604 gestant
3789 2537 4059 2605 marsupia
4089 2537 4276 2597 farsas.

3134 2627 3199 2680 Et
3224 2627 3423 2681 loculos
3451 2629 3651 2680 nummi
3682 2627 3910 2690 calcant.
3941 2637 4000 2680 ut
4027 2635 4158 2681 tetra
4191 2639 4414 2689 venena,

3131 2719 3320 2773 Omnia
3359 2719 3591 2772 donante
3618 2721 3786 2788 gratis
3821 2733 3918 2786 pro
3947 2718 4117 2785 stirpe
4145 2728 4396 2784 superna.

3130 2807 3393 2876 Princeps
3422 2808 3628 2861 interea
3661 2807 3866 2870 mundi,
3901 2807 3990 2877 qui
4019 2814 4228 2873 sceptra
4257 2803 4491 2872 gerebat,

3132 2899 3396 2969 Martyres
3425 2899 3617 2953 edictis
3637 2897 3899 2952 multabat
3924 2897 4159 2951 trucibus
4185 2904 4354 2949 atrox.

3132 2989 3269 3043 Tum
3292 2997 3508 3042 sanctos
3537 2986 3709 3056 pelagi
3741 2987 3952 3056 gurgite
3983 2994 4242 3040 merserat
4272 2983 4462 3038 fratres

3129 3080 3184 3133 In
3218 3088 3466 3147 pontum,
3495 3077 3662 3131 fretos
3683 3077 3877 3132 virtute
3901 3077 4181 3140 Tonantis,

3129 3169 3351 3239 Algidas
3375 3177 3430 3222 et
3459 3167 3643 3221 vitreis
3673 3167 3958 3222 mitescunt
3996 3181 4209 3236 aequora
4242 3163 4441 3230 frustis,

3053 3229 3098 3292 δ
3131 3229 3266 3314 Βυνη]
3293 3259 3436 3311 dicto
3459 3258 3622 3312 citius
3655 3269 3874 3311 sanctos
3904 3256 3967 3310 ad
4006 3257 4181 3310 littora
4217 3263 4448 3310 vectant.

3135 3350 3228 3406 Sic
3252 3364 3560 3418 compressa
3589 3348 3715 3403 salis
3743 3364 3894 3403 sacra
3922 3350 4118 3402 virtute
4155 3354 4410 3416 potestas,

3131 3441 3367 3509 Turgida
3397 3439 3698 3508 ﬂuctivagis
3724 3439 3918 3507 sopivit
3938 3438 4133 3492 eterula
4162 3436 4382 3504 campis,

3127 3534 3358 3587 Dextera
3383 3532 3509 3585 dum
3537 3529 3710 3583 Patris
3734 3540 3946 3600 portum
3983 3527 4234 3597 patefecit
4257 3522 4582 3590 immundus,

3125 3623 3328 3690 Impius
3361 3621 3412 3674 id
3447 3620 3587 3688 quod
3628 3634 3858 3673 cernens
3884 3617 4074 3672 vexilla
4111 3614 4316 3684 troptei,

3126 3713 3310 3766 Altera
3335 3710 3635 3779 Gorgoneis
3661 3709 3880 3763 molitur
3901 3710 4091 3762 damna
4133 3707 4375 3770 venenis;

3125 3800 3261 3854 Nam
3293 3801 3596 3853 truculenta
3618 3797 3769 3853 ferox
3799 3797 4134 3851 ﬂammarant
4167 3796 4356 3865 pabula
4386 3802 4542 3859 teret,

3127 3892 3194 3947 Et
3223 3900 3686 3946 sacramentorum
3719 3889 3991 3944 fornacem
4021 3887 4206 3941 fomite
4237 3887 4413 3950 farcit,

3147 3998 3180 4035 n
3212 3997 3374 4050 quam
3407 3980 3734 4048 fragrantem
3766 3991 3951 4031 sacros
3976 3975 4258 4029 detrudere
4287 3975 4470 4042 jussit,

3131 4069 3204 4124 Ut
3230 4083 3394 4138 rogus
3422 4069 3664 4121 insontes
3688 4080 3985 4136 prunarum
4015 4073 4162 4118 torre
4189 4072 4450 4117 crema‘ret

3123 4161 3310 4226 Artus,
3334 4177 3469 4230 quos
3499 4162 3698 4215 dudum
3725 4170 4037 4230 turgescens
4060 4157 4264 4227 gurgite
4288 4162 4478 4224 pontus

3123 4253 3368 4323 Mergere
3400 4254 3656 4322 nequibat
3689 4251 4016 4320 Iimpharum
4047 4248 4294 4302 ﬂuctibus
4321 4245 4471 4298 atris.

3122 4343 3214 4397 Sic
3241 4342 3413 4397 facula
3446 4342 3673 4395 ﬂammae
3699 4340 3937 4394 fornacis
3962 4337 4147 4392 fomite
4188 4335 4345 4405 friget

3125 4431 3194 4486 Ut
3223 4432 3381 4486 miles
3409 4431 3609 4485 Christi
3651 4429 3892 4498 neglecto
3921 4427 4130 4480 turbine
4155 4423 4376 4477 ﬂammat

3123 4521 3396 4574 Redderct
3424 4521 3671 4588 ingentes
3697 4533 3794 4588 pro
3819 4518 3925 4572 vita
3949 4515 4148 4583 sospite
4169 4522 4376 4582 grates;

3121 4612 3229 4668 Ceu
3265 4611 3619 4666 Salamandra
3649 4611 3792 4680 rogis
3819 4611 3955 4664 solet
3999 4607 4258 4661 insultare
4283 4604 4538 4667 focorum,

3121 4702 3380 4769 Quamvis
3403 4703 3658 4772 congerie
3686 4701 4050 4770 glomerentur
4079 4698 4216 4750 forte
4248 4710 4510 4765 rogorum,

3123 4793 3274 4848 Tunc
3302 4795 3478 4846 crucis
3504 4795 3554 4845 in
3585 4791 3821 4860 patulum
3855 4800 4118 4861 coguntur
4140 4789 4396 4844 scandere
4427 4786 4596 4846 robur,

3121 4883 3298 4950 Atque
3324 4881 3698 4949 pharetrarum
3725 4881 3920 4935 densas
3948 4879 4170 4933 suﬂ‘erre
4193 4878 4430 4946 sagittas.

3124 4971 3244 5024 Mox
3273 4970 3431 5023 Sator
3455 4979 3710 5032 aeternus,
3737 4971 3826 5039 qui
3860 4979 4047 5026 sancto
4069 4968 4193 5037 jure
4223 4968 4527 5035 triumphat,

3126 5059 3340 5128 Spicula
3375 5069 3636 5114 tortorum
3681 5061 3950 5128 confregit
3981 5060 4096 5114 dira
4130 5074 4362 5113 reorum.

3123 5150 3260 5204 Exin
3284 5151 3525 5217 martyrii
3549 5160 3892 5218 sumpserunt
3915 5158 4054 5202 serta
4082 5157 4302 5203 cruenta

3115 5239 3204 5294 Ad
3242 5254 3479 5295 convexa
3509 5239 3614 5307 poli
3645 5241 3936 5311 migrantes
3963 5239 4192 5293 culmina
4215 5238 4366 5292 celsi.

3378 5329 3611 5384 CXXXI.
3646 5330 3719 5383 De
3758 5331 4152 5383 annuntiatione
4180 5325 4432 5395 Virginis.

3124 5419 3262 5474 Ecce
3298 5428 3452 5488 parat
3475 5418 3710 5473 clausam
3739 5418 3870 5490 Regi
3893 5419 4224 5488 praenuntius-
4253 5414 4446 5469 aulam.

3440 5509 3698 5565 CXXXII.
3743 5511 3818 5565 De
3846 5511 4108 5564 nativitate
4143 5508 4368 5562 Domini.

3126 5600 3292 5655 Natus
3315 5603 3381 5656 ab
3412 5611 3611 5656 interno
3641 5602 3815 5672 prodit
3847 5602 3912 5656 de
3942 5598 4173 5671 Virginis
4197 5599 4332 5653 alvo.

1515 5703 1627 5773 (60)
1663 5703 2304 5784 COI_'I'U_ptione_laborant
2341 5711 2561 5768 omnino
2591 5712 2892 5772 insanabili.
2945 5714 3054 5770 llos
3090 5723 3268 5771 tamen
3323 5719 3402 5770 sic
3445 5715 3704 5772 exhibent
3743 5715 3907 5770 editio
3954 5713 4225 5784 princeps,
4266 5707 4574 5767 Parisieusis
4617 5714 4667 5762 et

1450 5769 1563 5841 ejus
1592 5769 1802 5830 recusio
1827 5769 2048 5834 Bassani
2078 5781 2222 5835 data.
