4238 6300
354 357 450 409 I83

1102 471 1236 526 XXI.

350 582 599 648 Aloysius
661 579 996 648 Lipomanus
1043 585 1153 647 (an.
1209 577 1395 639 I550),
1442 582 1712 648 episcopus
1757 579 1953 648 Berga-

421 646 641 709 mensis,
675 663 821 718 pro;
848 646 1180 718 Veronensis.
1215 649 1267 701 in
1295 646 1510 716 epistola
1539 646 1766 718 qundam
1793 646 1958 718 partis

422 736 471 772 tv
503 719 637 770 tanti
675 714 822 770 VIII
878 715 1120 771 Viturmn
1149 714 1447 771 sanctorum
1482 714 1723 785 prie/ira.

424 828 560 879 Dum
609 824 799 878 adlmc
850 823 1170 880 adolescens
1199 839 1396 887 essem,
1425 825 1703 878 audieram
1739 823 1956 879 Petrum

351 912 707 976 Damianum,
741 912 1058 968 Ostiensem
1092 914 1424 982 episcOpum,
1471 921 1672 967 sanctae
1703 911 1959 966 Romana;

351 1000 614 1056 Ecclesia:
653 999 1021 1066 cardinalem,
1055 1003 1146 1072 qui
1185 1003 1329 1056 circa
1361 1017 1560 1055 annum
1591 1001 1801 1055 Domini
1834 1001 1955 1055 mil-

352 1090 608 1142 lesimum
634 1090 1161 1161 quinquagesimum
1193 1093 1292 1145 sub
1318 1089 1537 1144 Nicolao
1562 1089 1622 1155 Il,
1654 1090 1959 1145 Alexandro

350 1184 478 1236 item
507 1181 573 1244 ll,
601 1197 708 1237 nec
735 1198 844 1235 non
869 1183 1136 1253 Gregorio
1164 1181 1270 1246 VII,
1304 1183 1562 1236 Romanis
1591 1183 1956 1250 pontiﬁcibus,

349 1272 633 1335 ﬂoruerat,
671 1274 854 1327 virum
885 1273 1052 1328 fuisse
1084 1275 1479 1338 doctissimum,
1511 1283 1672 1342 atque
1699 1273 1750 1326 in
1787 1272 1959 1327 sacris

350 1369 548 1424 litteris
587 1369 1154 1432 exercitatissimum,
1192 1367 1468 1436 multaque
1523 1368 1718 1438 ingenii
1764 1369 1868 1431 sui,
1895 1383 1958 1422 ac

349 1477 410 1515 ea
460 1461 688 1528 quidem
731 1460 1002 1530 prmclara
1051 1470 1396 1514 monumenta
1446 1459 1728 1528 reliquisse
1776 1471 1791 1512 :
1840 1473 1958 1528 qnte

353 1563 532 1606 tamen
586 1567 698 1605 non
744 1551 821 1605 ita
858 1551 1018 1605 facile
1051 1551 1234 1605 haberi
1268 1562 1487 1620 possent
1533 1567 1642 1620 pra:
1687 1552 1956 1613 manibus,

355 1655 411 1696 nt
439 1658 524 1704 ea,
560 1657 688 1712 quze
719 1658 1008 1711 nunquam
1041 1643 1179 1713 typis
1209 1654 1367 1696 antea
1401 1642 1724 1696 demandata
1754 1650 1954 1697 essent.

352 1731 463 1800 Ego
510 1743 699 1786 autem
756 1745 1048 1802 postquam
1095 1743 1404 1788 sanctorum
1457 1733 1675 1788 Patrum
1728 1733 1878 1790 Vitas
1925 1751 1954 1786 a

1005 317 1532 414 rnowconma.
1576 385 1644 396 —
1683 351 2100 410 TESTIMONIA
2142 352 2228 406 ne
2265 353 2320 406 s.
2369 349 2597 407 emno
2639 350 2964 405 DAMIANO.

2274 189 2312 230 π

3544 342 3646 395 I03

1985 477 2030 534 Α
2062 468 2241 550 0ιίοφ
2271 459 2426 522 Dom.
2463 467 2534 521 De
2559 465 2616 521 5.
2646 465 2862 520 Victore
2890 463 3220 518 confessorc.
3253 461 3308 512 In
3338 459 3648 512 inventione

2062 559 2118 614 S.
2155 547 2354 612 cr—ucis.
2385 556 2461 612 De
2501 556 2559 612 5.
2590 557 2848 611 Antbimo
2881 563 3042 608 mart.
3094 552 3165 606 De
3196 550 3256 606 5.
3303 547 3459 603 Joan.
3491 547 3643 614 Bapt.

2063 653 2136 705 De
2169 652 2225 706 5.
2273 652 2435 706 Petro
2480 651 2743 720 apostolo.
2785 651 2858 704 De
2893 649 2994 704 SS.
3037 647 3198 701 Petro
3227 656 3281 700 et
3311 644 3477 698 Paulo
3521 657 3642 711 app.

2063 740 2137 794 De
2168 740 2224 794 S.
2274 739 2438 794 Maria
2487 740 2820 809 Magdalena.
2853 739 2908 792 lu
2953 736 3322 805 assumptione
3354 733 3409 786 Β.
3445 731 3646 785 Mariae.

2063 830 2137 884 De
2171 831 2357 885 eadem
2415 831 2667 900 hymnus.
2721 830 2793 884 De
2841 827 3032 882 eadem
3078 823 3473 896 paractericum
3523 836 3646 875 car-

2063 936 2204 974 men.
2258 921 2333 974 De
2380 922 2570 972 eadem
2623 919 2890 991 rytbmns.
2944 917 3016 970 De
3065 914 3253 968 eadem
3308 925 3518 965 versus.
3575 907 3648 962 De

2061 1008 2120 1062 5.
2173 1007 2568 1062 Bartbolomaro
2615 1015 2787 1076 apost.
2817 1004 2872 1058 In
2898 1002 3189 1057 Nativitate
3206 999 3352 1068 Virg.
3389 997 3569 1050 Maria:
3592 993 3647 1048 In

2060 1101 2249 1155 eadem
2297 1099 2454 1152 alius.
2502 1098 2557 1152 lu
2590 1098 2776 1152 eadem
2821 1095 3063 1150 homilia.
3114 1093 3170 1147 ιιι
3216 1090 3546 1147 exaltatione
3588 1085 3646 1140 5.

2060 1191 2261 1246 crucis.
2291 1189 2346 1243 In
2378 1189 2566 1244 eadem
2591 1186 2985 1257 paractericum
3020 1197 3266 1239 carmen.
3317 1182 3389 1236 De
3420 1179 3477 1232 5.
3511 1176 3644 1230 Blat-

2063 1280 2202 1333 ιιιωο
2229 1287 2404 1347 apost.
2450 1277 2525 1330 De
2555 1277 2612 1331 5.
2643 1275 2900 1330 Michaele
2925 1270 3271 1342 archangelo.
3311 1269 3386 1323 De
3421 1267 3479 1322 S.
3506 1266 3648 1319 Luca

2059 1368 2408 1437 evangelista.
2457 1366 2514 1421 ιιι
2546 1367 2684 1421 festo
2713 1363 3042 1420 Sanctorum
3082 1361 3354 1418 Omnium.
3386 1358 3440 1411 lu
3494 1356 3650 1411 Dedi-

2059 1459 2278 1514 catione
2315 1457 2574 1512 ecclesizr.
2610 1454 2667 1510 In
2695 1455 2885 1510 eadem
2932 1453 3092 1507 alius.
3147 1451 3202 1505 In
3251 1449 3438 1504 eadem
3488 1446 3651 1500 tertio

2061 1548 2218 1602 alius.
2251 1549 2313 1602 D.
2346 1547 2406 1602 S.
2456 1545 2690 1600 Martini)
2739 1545 3013 1614 episcopo.
3049 1543 3122 1596 De
3166 1541 3226 1595 5.
3275 1538 3487 1592 Andrea
3523 1552 3651 1606 apo-

2060 1639 2218 1695 stolo.
2258 1639 2330 1694 De
2358 1639 2548 1694 eodem
2585 1637 2743 1690 alius.
2795 1637 2869 1690 De
2897 1636 2953 1688 5.
3005 1632 3227 1688 Nicolao
3269 1631 3540 1701 episcopo.
3575 1627 3651 1683 De

2062 1728 2120 1782 5.
2148 1727 2408 1782 Cassiano
2439 1738 2699 1796 martyre.
2734 1723 3002 1794 Epistola,
3033 1723 3085 1775 ni
3120 1723 3322 1781 mavis,
3366 1725 3647 1777 tractatus,

353 1822 483 1875 viris
513 1820 702 1890 dignis
752 1822 1098 1891 consuiptas
1143 1822 1194 1875 in
1243 1837 1408 1875 unum
1456 1838 1650 1891 corpus
1684 1821 1958 1892 redigendi
1995 1813 2035 1867 Β
2067 1817 2141 1872 De
2169 1818 2490 1887 quibusdam
2522 1815 2820 1869 miraculis.
2839 1808 3270 1884 Apologetieutb,
3303 1809 3371 1864 de
3397 1808 3651 1864 Contem-

351 1924 488 1964 onus
517 1911 736 1978 accepi.
788 1911 961 1964 multa
1011 1925 1129 1964 sum
1178 1927 1308 1965 usus
1357 1911 1654 1982 diligentia,
1687 1921 1744 1964 ιιι
1778 1912 1954 1982 aliqua

353 1997 509 2066 huius
541 1999 688 2054 beati
725 1999 911 2054 Patris
938 2000 990 2053 in
1040 2000 1140 2054 hoc
1179 2015 1374 2070 genere
1411 2002 1610 2069 SCt‘ipta
1655 2002 1954 2068 (audieram

353 2100 482 2142 vero
509 2100 737 2143 exstare
774 2088 1060 2157 plurima),
1091 2090 1134 2142 si
1167 2104 1411 2157 possem,
1445 2091 1496 2143 in
1530 2090 1700 2144 lucem
1741 2089 1954 2158 profero

357 2190 491 2230 rem.
528 2175 643 2231 Nec
682 2176 885 2240 defuit,
920 2185 978 2230 nt
1013 2177 1238 2238 videbis,
1266 2177 1653 2245 omnipotentis
1680 2177 1772 2231 Dei
1804 2177 1958 2231 beni-

354 2264 554 2332 gnitas,
583 2279 710 2333 qua:
742 2266 851 2331 piis
876 2279 1093 2333 semper
1118 2264 1401 2319 desideriis
1425 2265 1604 2318 lavere
1636 2265 1790 2318 solet.
1824 2264 1954 2317 Nam

355 2362 407 2405 et
431 2369 492 2407 ex
521 2353 928 2422 Capranicensi
961 2354 1071 2415 illa,
1100 2369 1218 2419 qum
1250 2353 1432 2406 Romre
1454 2363 1651 2416 exstat,
1680 2353 1957 2408 Francisci

356 2439 553 2494 Torres
584 2442 691 2495 mei
728 2442 1116 2501 amantissimi.
1150 2459 1252 2495 non
1300 2442 1496 2496 minori
1539 2443 1759 2511 pietate,
1794 2459 1955 2510 quam

357 2515 660 2585 eruditione
693 2532 1017 2599 praestantis
1046 2531 1185 2592 viri,
1236 2531 1515 2599 diligentia
1556 2549 1566 2583 :
1599 2541 1654 2584 et
1694 2545 1758 2583 ex
1808 2532 1955 2584 Casi-

359 2619 540 2673 nensis
587 2620 916 2674 monasterii
949 2620 1092 2672 clara
1122 2619 1455 2674 Bibliotheca
1478 2661 1492 2683 ,
1534 2621 1702 2688 ipsius
1735 2635 1957 2690 congre-

359 2708 590 2777 gationis
619 2707 884 2762 Patrihus
929 2709 979 2760 id
1009 2708 1237 2778 benigne
1263 2711 1627 2763 aunuentibus
1655 2727 1668 2762 :
1697 2719 1956 2779 prmterca

359 2810 420 2848 ex
467 2795 665 2849 illustri
695 2797 936 2865 quodam
964 2796 1126 2850 Italize
1157 2798 1425 2859 emnohio,
1469 2796 1623 2863 cujus
1660 2813 1856 2850 nomen
1905 2798 1956 2850 in

361 2887 646 2954 praesentia
677 2901 787 2940 non
826 2897 1031 2941 temere
1063 2898 1324 2956 praetereo
1355 2906 1367 2940 :
1413 2889 1628 2942 demum
1674 2897 1727 2941 et
1765 2903 1828 2941 ex
1863 2905 1955 2941 ve-

363 2977 681 3030 nerabilium
710 2977 822 3030 divi
854 2977 1000 3031 Petri
1032 2977 1395 3046 apostolorum
1419 2979 1679 3046 principis
1701 2978 1958 3032 Ecclesiae

363 3066 748 3120 canonicorum
789 3066 1141 3129 bibliotheca,
1187 3067 1460 3121 indicante
1501 3068 1816 3121 doctissimo
1865 3066 1955 3119 illo

365 3153 476 3208 viro
523 3153 824 3209 Guillelmo
893 3153 1126 3218 Sit-leto,
1191 3157 1564 3225 protonotario
1624 3156 1951 3225 apostolico,

367 3245 526 3298 multa
557 3245 896 3301 Sanctissimi
929 3246 1088 3315 hujus
1121 3245 1294 3300 Patris
1326 3248 1377 3299 in
1412 3262 1602 3300 manus
1642 3258 1857 3302 nostras
1883 3247 1950 3300 ad

368 3337 693 3404 propositum
726 3352 868 3407 opus
911 3337 1234 3404 spectantia,
1283 3348 1547 3391 venerunt
1599 3353 1760 3406 :qnze
1809 3353 1952 3392 nunc

367 3430 562 3494 apertis
591 3431 780 3484 cordis
811 3429 1115 3483 visceribus
1149 3429 1243 3482 toti
1291 3428 1544 3482 Ecclesia:
1577 3427 1702 3490 Dei,
1740 3429 1791 3481 in
1825 3427 1954 3481 lide-

367 3516 486 3570 launt
514 3521 759 3573 omnium
788 3519 1137 3574 commodum
1177 3529 1232 3573 et
1271 3519 1558 3572 utilitatem
1603 3519 1953 3573 libentissime

367 3606 677 3676 evnlgamns
708 3624 722 3662 :
755 3609 1134 3677 imprimisque
1163 3626 1244 3671 ea,
1275 3625 1394 3678 qua:
1415 3625 1481 3663 ex
1510 3610 1641 3663 urbe
1670 3610 1856 3670 Roma,
1891 3625 1953 3665 ac

369 3696 640 3752 Casinensi
676 3700 1018 3752 monasterio
1047 3699 1332 3752 habuimus
1363 3717 1376 3752 :
1408 3701 1600 3753 deinde
1627 3716 1710 3760 ea,
1743 3717 1862 3768 qua:
1885 3717 1951 3754 ex

369 3788 612 3842 emnohio
645 3791 761 3854 illo,
797 3791 1055 3857 dictaque
1103 3789 1211 3841 divi
1263 3788 1408 3842 Petri
1446 3790 1769 3843 bibliotheca
1810 3791 1951 3844 nacti

371 3893 565 3933 smnus.
592 3879 734 3950 Lege
758 3881 926 3950 igitur
951 3892 1003 3934 et
1030 3880 1162 3942 lia-c,
1193 3879 1420 3948 benigne
1443 3878 1612 3934 lector
1645 3898 1657 3933 :
1687 3896 1784 3936 nec
1809 3884 1953 3936 enim

373 3966 540 4022 minus
563 3968 614 4021 in
643 3970 745 4023 boc
771 3967 1123 4023 sanctissimo
1149 3967 1264 4020 viro
1284 3968 1626 4030 eruditionis,
1651 3967 1949 4038 elegantire,

375 4057 598 4122 pietatis.
645 4074 710 4114 ac
746 4059 1074 4122 devotionis,
1106 4072 1268 4126 quam
1306 4058 1358 4110 in
1393 4059 1818 4126 praecedentibus
1849 4057 1950 4112 Pa-

375 4147 536 4200 tribus
571 4149 840 4204 invenies.

438 4235 563 4302 Qua:
593 4256 710 4293 vero
743 4239 1068 4308 Lipomansts
1094 4239 1276 4302 edidit,
1307 4256 1372 4292 ea:
1405 4239 1532 4294 Mss.
1578 4239 1746 4294 Codd.
1802 4240 1950 4296 Casi-

376 4328 559 4389 uensis,
607 4338 656 4381 et
681 4328 998 4398 Caprenica:
1029 4327 1504 4393 Bibliothecarunt,
1546 4331 1658 4382 Ita'c
1702 4342 1842 4384 sunt.
1878 4330 1952 4386 De

376 4413 430 4465 S.
461 4413 784 4471 Eteocbadio
815 4419 1090 4487 episcopo.
1126 4417 1198 4472 De
1237 4417 1294 4472 S.
1327 4416 1556 4489 Georgio
1591 4430 1844 4490 martyre.
1879 4421 1952 4476 De

377 4500 428 4557 S.
456 4503 660 4561 Rnﬂlno
689 4483 950 4578 martvre.
977 4483 1052 4562 De
1073 4508 1262 4563 eodem
1300 4483 1553 4580 hymnus.
1588 4509 1660 4564 De
1686 4483 1747 4564 5.
1775 4510 1952 4566 Marco
1985 4483 2029 4540 D

375 4599 711 4666 evangelista.
743 4599 819 4654 De
844 4597 902 4654 S.
930 4598 1240 4668 Apollinare
1273 4615 1359 4668 cp.
1393 4610 1447 4654 et
1471 4609 1630 4653 mart.
1667 4600 1739 4654 De
1761 4603 1950 4655 eodem

379 4685 524 4741 alius.
555 4690 626 4744 De
653 4692 846 4745 eodem
879 4689 1054 4743 adhuc
1103 4689 1314 4744 tertius.
1347 4691 1421 4744 De
1469 4688 1527 4744 5.
1574 4689 1757 4744 Fidele
1809 4707 1952 4744 tuar-

381 4786 503 4845 tyre.
536 4778 610 4834 De
635 4781 827 4834 eodem
874 4781 1126 4849 hymnus.
1167 4779 1241 4834 De
1289 4779 1345 4833 5.
1380 4780 1706 4833 Barbatiano
1743 4780 1952 4834 confes-

381 4882 509 4922 sare.
543 4869 615 4925 De
645 4872 701 4925 5.
740 4870 913 4924 Vitale
943 4879 1200 4940 martyre.
1230 4869 1285 4924 In
1333 4870 1684 4924 translatione
1717 4870 1774 4925 S.
1812 4871 1952 4925 Ilila-

382 4956 438 5008 rii
469 4957 559 5026 Ep.
611 4959 848 5026 Epistula
895 4962 961 5012 de
1008 4957 1124 5012 Vita
1177 4957 1234 5012 5.
1290 4957 1555 5028 Rodulpbi
1604 4975 1689 5028 ep.
1735 4957 1854 5013 Vita
1889 4961 1945 5012 5.

384 5044 624 5104 Dominici
654 5052 912 5106 Loricati.
953 5049 1069 5103 Vita
1099 5049 1157 5104 S.
1192 5050 1475 5105 Romualdi
1507 5051 1740 5105 abbatis.

447 5136 522 5192 lix
561 5158 655 5194 ms.
706 5142 924 5196 ccnobii
973 5140 1252 5210 cujusdam
1301 5139 1477 5193 Italiw
1535 5152 1582 5194 et
1642 5141 1949 5196 bibliotheca

383 5232 732 5286 cononicorum
777 5231 1011 5286 ecclesia:
1059 5230 1121 5286 S.
1178 5228 1344 5284 Petri.
1397 5231 1453 5286 In
1507 5231 1696 5300 Vigilia
1755 5233 1949 5289 natalis

384 5310 596 5372 Domini.
631 5319 687 5375 In
719 5319 1010 5376 Nativitate
1040 5318 1100 5372 ο.
1132 5319 1195 5373 Ν.
1227 5318 1275 5372 J.
1311 5319 1386 5374 De
1425 5320 1480 5372 S.
1515 5320 1789 5388 Stephano
1828 5337 1948 5391 pro-

389 5413 675 5480 tomartyre.
730 5413 806 5467 De
857 5411 914 5466 5.
963 5411 1171 5467 Joanne
1217 5413 1568 5483 evangelista.
1628 5414 1702 5467 De
1757 5417 1944 5469 eodem

389 5496 526 5553 alios.
557 5502 626 5559 De
654 5508 842 5560 eodeni
876 5505 1129 5576 hymnus.
1178 5504 1232 5558 In
1277 5505 1569 5574 Epiphania
1609 5507 1838 5560 Domini.
1875 5509 1945 5562 Dc

392 5586 441 5641 S.
468 5589 738 5654 Bmelicto
767 5597 982 5652 abbate.
1019 5596 1093 5650 Dc
1123 5595 1180 5648 5.
1213 5596 1418 5652 Severo
1447 5599 1716 5667 epismpo.
1760 5600 1814 5652 In
1847 5599 1943 5652 Do-

397 5682 568 5736 minica
617 5689 937 5758 paltttarum.
983 5687 1037 5738 Itt
1092 5700 1246 5740 circa
1301 5687 1528 5742 ῧοιιδξιτί.
1583 5689 1635 5740 In
1687 5687 1946 5744 Rcsurre-

2062 1919 2152 1979 ptu
2183 1908 2388 1963 saeculi.

2134 1999 2321 2052 lstlm'c
2373 2000 2549 2052 omnia
2607 1997 2926 2066 Lipomunus
2981 1997 3088 2063 ipse
3145 1995 3279 2062 typis
3341 1988 3647 2044 excudenda

2058 2091 2323 2144 mandarit
2356 2089 2534 2142 "antra
2560 2089 2624 2140 ab
2654 2089 2880 2141 Antonio
2920 2085 3089 2138 Blatlo
3130 2085 3442 2151 intpressore
3465 2078 3648 2132 Cante-

2059 2180 2157 2232 rnli
2205 2197 2293 2232 an.
2347 2178 2406 2232 (ἰ.
2458 2175 2663 2230 ΔιοιΧ
2708 2179 2762 2229 in
2816 2175 2957 2228 calce
3012 2174 3139 2228 tonti
3190 2173 3356 2226 octavi
3400 2167 3645 2222 Vitarnm

2057 2282 2360 2324 mactarunt
2383 2271 2675 2339 priscorum
2712 2267 2932 2320 Putrnnt
2961 2280 2976 2317 :
3008 2282 3071 2318 ex
3094 2280 3196 2333 quo
3221 2263 3407 2316 dehinc
3433 2258 3644 2324 Surins,

2058 2363 2332 2422 ca’teriqne
2358 2362 2452 2414 alii
2473 2362 2824 2428 desumpsere.
2857 2368 2910 2410 ut
2936 2372 3056 2409 mox
3079 2356 3334 2408 dicemus.

2767 2448 2927 2502 XXII.

2059 2540 2363 2608 Onttplirins
2395 2537 2682 2610 I‘aneinitts
2716 2537 2827 2610 (an.
2869 2534 3048 2610 1560),
3075 2534 3266 2610 frater
3301 2528 3517 2610 ei'entita
3539 2527 3647 2610 Att.-

2127 2599 2480 2678 gtistiniunus,
2526 2611 2578 2660 in
2621 2599 2880 2660 Chronico
2903 2599 3284 2661 ecclesit’istico,
3320 2602 3414 2652 sub
3449 2614 3538 2649 an.
3580 2599 3642 2650 ϐ.

2136 2682 2287 2733 1050.

2128 2767 2319 2820 Petrus
2352 2765 2598 2819 Damiani
2629 2780 2692 2819 ex
2725 2763 2990 2817 monacho
3017 2761 3306 2830 episc0pns
3353 2755 3645 2817 Ostiensis,

2058 2857 2395 2912 Lanfrancus
2447 2872 2512 2911 ex
2574 2857 2770 2911 abbate
2818 2854 3142 2911 Codonicnsi
3204 2849 3648 2918 archiepiscopus

2056 2946 2488 3008 Catttuaricttsis,
2520 2945 2809 2999 Anselmus
2865 2943 3161 2997 monachus
3206 2937 3512 3000 ltetnensis,
3541 2936 3644 2991 viri

2058 3033 2382 3098 doctissimi,
2414 3043 2469 3087 et
2501 3033 2858 3088 sanctissimi.

2762 3122 2948 3178 XXIII.

2053 3219 2286 3274 Joannes
2317 3217 2505 3271 llioclte
2537 3223 2647 3285 (an.
2682 3217 2858 3282 I565),
2894 3213 3086 3285 Frater
3120 3214 3370 3266 Minorita
3414 3209 3644 3285 Frangi-

2123 3305 2334 3344 scanus.
2363 3305 2480 3351 cap.
2513 3279 2564 3341 5'.
2600 3286 2691 3337 lib.
2720 3301 2769 3337 tv
2799 3279 3104 3351 Compendii
3134 3293 3447 3351 temporum,
3473 3293 3518 3335 et
3545 3279 3642 3334 Hi-

2125 3358 2406 3411 storiarum
2432 3355 2930 3408 ecclesiasticarum.

2125 3450 2317 3504 Petrus
2351 3445 2620 3508 Damiani,
2647 3460 2712 3499 ex
2749 3445 3012 3497 monacho
3037 3440 3095 3497 S.
3119 3440 3398 3496 Benedicti
3421 3439 3648 3497 effectus

2054 3537 2616 3608 episcopusOstiensis
2639 3545 2691 3588 et
2713 3533 3018 3589 Cardiualis
3049 3535 3106 3586 S.
3139 3532 3201 3584 II.
3242 3533 3301 3585 Ε.
3332 3534 3416 3586 vir
3446 3533 3646 3589 studio-

2055 3646 2179 3692 sus,
2217 3638 2270 3683 et
2316 3629 2593 3688 eruditus,
2647 3625 2740 3678 sed
2792 3634 2844 3678 et
2897 3623 3311 3677 conversatione
3370 3621 3640 3690 insignis:

2054 3719 2301 3788 exemplo
2353 3727 2534 3770 tamen
2565 3715 2813 3782 Gregorii
2846 3713 3172 3768 Nazianzeni
3194 3752 3206 3771 ,
3243 3726 3428 3765 amore
3457 3711 3641 3764 solitu-

2055 3807 2212 3866 dinis.
2244 3807 2614 3876 episcopatum
2647 3803 2902 3866 deseruit,
2931 3802 2998 3854 ad
3029 3800 3336 3855 cmnobium
3372 3815 3642 3854 reversus.

2055 3899 2299 3966 Dumque
2353 3913 2380 3950 a
2431 3896 2650 3950 Nicolao
2682 3895 2754 3960 II,
2791 3894 3098 3948 Alexandro
3129 3902 3182 3947 et
3223 3891 3488 3962 Gregorio
3534 3892 3642 3957 VII,

2054 4004 2214 4057 Super
2240 3987 2340 4040 hoc
2363 3995 2659 4048 laxaretur,
2686 3985 3090 4053 Apologeticum
3126 3982 3549 4036 satislactorium
3573 3981 3644 4036 ad

2053 4081 2271 4134 eosdem
2303 4079 2491 4138 edidit,
2531 4093 2640 4146 quo
2677 4075 2894 4130 luerunt
2924 4076 3121 4145 pacati.
3158 4074 3318 4128 Multa
3376 4075 3554 4137 docta,
3589 4082 3644 4128 et

2053 4171 2246 4223 devota
2277 4170 2584 4238 composuit
2633 4166 2925 4235 opuscula,
2959 4165 3060 4220 sub
3091 4163 3326 4218 Henrico
3372 4163 3466 4230 Ill,
3497 4167 3643 4219 circa

2055 4258 2399 4311 millesimum
2431 4257 2938 4326 quinquagesimum

2756 4345 2944 4401 XXIV.

2055 4439 2278 4494 Carolus
2329 4439 2574 4510 Sigonius
2620 4446 2732 4507 (an.
2762 4439 2919 4510 I570)
2976 4437 3457 4510 [listoriurntade
3485 4451 3643 4504 regno

2199 4507 2558 4572 Italiaﬁltbro
2591 4526 2726 4561 nono
2750 4549 2764 4570 ,
2791 4509 2855 4561 ab
2887 4510 2949 4560 Α.
2985 4507 3046 4562 C.
3084 4508 3216 4562 I058
3241 4510 3310 4559 ad
3337 4507 3495 4560 1080.

2123 4599 2386 4654 Caeterum
2424 4615 2546 4652 cum
2585 4597 2764 4652 multae
2816 4597 2933 4651 alia:
2984 4596 3239 4652 Ecclesia:
3282 4611 3418 4649 nova
3449 4595 3516 4650 de
3555 4593 3649 4649 81--

2054 4692 2446 4752 moniacornm,
2476 4698 2638 4757 atque
2667 4688 3053 4742 Nicolaitarum
3085 4686 3275 4741 lueresi
3303 4685 3521 4740 decreta
3556 4697 3642 4740 ro-

2051 4793 2201 4838 creta
2255 4782 2642 4852 repudiarunt,
2678 4789 2788 4835 tum
2824 4779 3060 4833 maxime
3106 4777 3558 4840 Mediolanensis;
3583 4783 3641 4831 ut

2051 4887 2169 4942 «pne
2193 4871 2304 4940 jam
2336 4872 2542 4940 pridem
2564 4911 2579 4935 ,
2608 4869 2867 4924 Romana:
2909 4868 3166 4924 Ecclesia:
3195 4868 3521 4922 auctoritate
3556 4881 3639 4922 re-

2050 4964 2195 5028 licta,
2228 4963 2512 5030 praeceptis
2537 4961 2656 5028 ejus
2681 4959 3099 5029 haudquaquam
3137 4959 3562 5028 obtemperaret,
3587 4967 3641 5010 et

2054 5065 2254 5115 tamen,
2285 5055 2328 5106 si
2384 5069 2484 5122 qua
2515 5052 2618 5105 alia
2653 5061 2793 5104 terto
2825 5050 3130 5117 Intjusmodi
3184 5064 3396 5103 veneno
3440 5047 3638 5102 infecta

2047 5153 2210 5200 esset.
2242 5142 2388 5195 llanc
2435 5157 2546 5196 rem
2588 5156 2708 5195 cum
2737 5157 2832 5209 per
2864 5154 2922 5192 se
2951 5153 3197 5206 gravem,
3232 5147 3342 5190 tum
3380 5134 3638 5190 Mediola-

2048 5237 2294 5288 nensium
2342 5233 2663 5288 clericorum
2714 5230 2916 5286 nomini
2973 5240 3183 5297 turpem
3233 5242 3353 5282 esse
3382 5225 3642 5279 Artaldus

2049 5325 2279 5380 clericus
2339 5323 2673 5376 decumanus
2739 5330 2927 5383 ratus,
2980 5317 3240 5372 Landullb
3304 5316 3476 5372 Cotta!
3541 5329 3636 5384 po-

2051 5415 2161 5485 puli
2212 5414 2466 5484 pmlecto
2518 5422 2705 5467 auctor
2761 5411 2891 5474 fuit,
2945 5422 3001 5464 ut
3060 5426 3179 5464 eam
3238 5408 3415 5478 palam
3469 5421 3640 5474 oppu-

2050 5505 2318 5572 gnandam
2359 5504 2761 5573 aggrederetur.
2809 5501 2863 5555 Id
2901 5515 3030 5554 vero
3070 5516 3188 5554 cum
3233 5499 3412 5553 facere
3445 5511 3635 5550 secun-

2051 5596 2135 5649 dis
2165 5595 2341 5664 populi
2370 5595 2610 5657 auribus,
2641 5593 2942 5662 animisque
2968 5591 3238 5662 coepisset.
3270 5588 3427 5642 \Vido
3451 5590 3599 5640 areb-
3627 5613 3636 5620 -

2053 5688 2334 5760 epismpus
2349 5687 2674 5742 contrariam
2696 5695 2903 5757 partem
2923 5685 3178 5754 suscepit,
3196 5683 3376 5736 favore
3399 5681 3630 5736 nissime
