5962 6394
1162 424 1277 488 θσδ
2370 411 2678 472 casurus
2717 414 2808 472 er
2848 411 3134 473 pasces.

2370 411 2678 472 GABII!“
2717 414 2808 472 ET
2848 411 3134 473 PRECES.
4319 411 4425 471 »σο

1154 535 1396 605 Tumida
1419 533 1557 592 colla
1587 532 1701 588 suis
1725 527 1925 601 subigit
1953 542 2102 585 mors
2137 525 2382 598 improba
2409 524 2632 598 plantis.
2766 529 2821 588 Α
2915 520 3216 582 CLXXXII.
3261 520 3415 589 Quod
3457 521 3551 595 qui
3587 522 3746 605 sumit
3779 537 3970 578 manus
4008 521 4157 579 debet
4198 525 4366 580 viceni

1153 594 1352 687 viiéve
1373 628 1463 696 qui
1496 624 1696 694 patitur
1720 594 1874 676 felici
1889 628 2064 676 mone
2085 594 2317 682 fruetur,
2411 594 2428 598 ’
3039 692 3048 696 Δ
3099 689 3110 696 Δ
3231 682 3247 696 .
3474 594 3480 595 ⁷
3516 594 3753 696 reddere.

1147 682 1631 777 Qu'i't'ruitur'vita
1661 719 1889 764 mortem
1927 709 2163 779 patietur
2187 719 2454 761 amaram.
2842 684 3178 779 éllemlfﬂm
3200 682 3398 779 οξποε
3426 698 3501 779 ct)!

1823 723 1889 764 ,πη
1927 709 2163 779 μαθων
2187 719 2454 761 amaram.
2842 684 3178 742 Alterutrum
3200 682 3398 739 charos
3426 684 3704 753 componit
3729 697 3928 779 munus
3950 683 4177 750 amicos,

1158 771 1284 862 Vita
1308 804 1488 859 brevis
1513 800 1762 870 prohibet
1790 815 1858 854 ne
1881 771 2100 870 longum
2126 797 2309 851 vivere
2337 808 2544 866 speres.
2847 772 3512 870 ξίβθτξιξιξξ-ξξξεξςιιρξὶ

1573 800 1762 856 obibat
1790 815 1858 854 ne
1881 771 2100 870 longum
2126 797 2309 851 vivere
2337 808 2544 866 speres.
2847 772 3468 870 §i_serg_h1_s_rgfg§at.3i
3490 771 3927 870 duoracctgiat.

1157 860 1294 951 Vivo
1318 860 1529 947 memor
1555 890 1765 954 mortis,
1792 904 1900 957 quo
1927 860 2141 956 semper
2167 885 2347 940 vivere
2364 860 2568 954 possis.
2842 860 2956 938 69
3015 861 3338 921 CLXXXI“
3398 862 3940 957 Q'iiﬂguggfedt’clio
3988 862 4054 918 de
4109 864 4438 920 coclearibua

1157 988 1330 1046 Totus
1367 987 1487 1041 vive
1518 985 1646 1049 Deo,
1685 992 1828 1038 totus
1860 983 1955 1036 tibi
1978 988 2224 1035 mortuus
2242 988 2381 1033 esto.
2845 1022 2983 1049 nn,
3010 1022 3097 1049 ’,η
3139 1021 3340 1049 ,__,_,____
3377 942 3763 1049 ,Πηῗηξξίῗξ

1167 1021 1330 1094 ³ξ¹“³’
1374 1021 1487 1089 ’¹,“⁴
1518 1021 1646 1049 “’“’⁹
1686 1021 1828 1038 “”“’“⁷
1861 1021 2224 1082 ”“’“.’”“”’“““’
2243 1021 2381 1093 fw"
2845 1022 2986 1081 Dent
3009 1022 3100 1078 alii
3139 1021 3343 1078 fulvum
3377 1022 3581 1078 trutina
3611 1022 3846 1079 librante
3871 1023 4186 1092 metallum;

1156 1077 1283 1134 Vita
1311 1084 1457 1140 parit
1480 1083 1731 1138 mortem,
1760 1087 1909 1127 mors
1927 1079 2093 1124 Vitam
2123 1085 2291 1140 parva
2318 1081 2631 1139 perennem.
2847 1112 2953 1140 cm,
2992 1113 3224 1140 mm,“
3250 1113 3377 1140 ’,ε-,η
3434 1114 3555 1140 ηε,
3588 1113 3737 1140 ,ε’-Α
3767 1114 3889 1140 mh
3926 1115 4177 1140 “unm

1166 1093 1283 1134 Vm
1311 1093 1457 1148 par"
1480 1093 1731 1138 morwm’
1760 1093 1909 1127 mors
1929 1093 2105 1170 "mu.
2123 1093 2291 1140 pana
2318 1093 2631 1168 Pcf'fmmu'
2846 1112 2955 1168 Sed
2992 1113 3226 1168 mundus
3250 1113 3383 1167 vivit
3432 1114 3560 1182 quia
3588 1113 3739 1184 ligno
3767 1114 3892 1170 Vita
3926 1115 4182 1186 pependit
4206 1133 4222 1170 :

1156 1165 1262 1236 Qui
1289 1166 1391 1222 sibi
1416 1180 1558 1220 nunc
1579 1163 1713 1218 vivit
1735 1175 1949 1228 semper
1971 1160 2250 1213 moriendo
2277 1159 2494 1227 peribit.
2847 1204 2938 1236 mn
2968 1206 3240 1236 “mulum
3275 1155 3468 1236 Μίνω
3505 1206 3705 1236 "mum
3741 1206 4031 1236 “dun,”-
4061 1221 4194 1236 ,ΜΛ

1158 1204 1262 1236 ιιι-ι
1290 1204 1391 1222 σιν·
1416 1204 1558 1270 ζει-σιν
1589 1204 1713 1268 ’.υ-υ
1735 1204 1939 1228 ’ν’-’νν·
1960 1204 2245 1264 .'"'""""
2277 1204 2493 1227 l""""
2845 1204 2939 1261 Sic
2968 1206 3241 1260 modicum
3275 1219 3470 1275 magno
3504 1206 3706 1276 lignum
3741 1206 4034 1274 pretiosius
4060 1221 4216 1262 auro.

1157 1257 1222 1315 In
1253 1273 1312 1314 se
1340 1274 1435 1328 qui
1474 1265 1725 1318 moritur,
1747 1253 1896 1307 hunc
1925 1260 2032 1306 vita
2062 1252 2220 1306 beata
2250 1259 2526 1320 sequetur.
2877 1296 2942 1328 ,η
2971 1293 3190 1328 ἴτην
3258 1291 3556 1328 “manu
3578 1295 3791 1328 dum"
3823 1296 4078 1328 “mm.”
4101 1297 4216 1328 nn.“

1159 1291 1222 1362 "3
1253 1291 1312 1314 "’
1340 1291 1435 1360 “"3
1476 1291 1725 1318 “""‘“"'
1747 1291 1896 1356 “"Z'“
1933 1291 2032 1306 "“‘
2062 1291 2220 1354 7""
2251 1291 2526 1320 "“"""'
2877 1293 3210 1351 CLXXXIV.
3249 1291 3556 1363 Pontiﬁcali
3577 1295 3791 1350 dextera
3820 1296 4079 1350 coclearia
4101 1297 4403 1353 mittuntur.

1159 1344 1256 1405 Sic
1285 1363 1500 1418 requies
1523 1345 1666 1400 fesso
1692 1341 2009 1397 redhibetur
2030 1351 2141 1395 vna
2164 1347 2460 1410 perempto.
2845 1385 3036 1418 "MM
3065 1386 3416 1418 "nmmum
3451 1401 3645 1418 mmm-
3683 1401 3845 1418 ,ηπ-Μ
3881 1385 4095 1418 mm“
4121 1385 4329 1418 unum

1490 1449 1818 1508 CLXXVIII.
1845 1449 2030 1504 Livido
2066 1449 2419 1504 obtrectatori.

1153 1566 1294 1626 Esse
1317 1568 1456 1626 foret
1476 1583 1672 1641 panem
1700 1567 1895 1622 melius
1920 1581 2080 1636 quam
2109 1565 2300 1619 rodere
2328 1563 2573 1628 fratrem,

1154 1653 1412 1727 Corporis
1435 1662 1538 1711 una
1564 1656 1739 1721 cibus,
1762 1653 1955 1707 anima
1981 1667 2068 1707 res
2095 1652 2266 1707 altera
2286 1651 2460 1706 virus.

1159 1743 1343 1803 Bosus
1376 1763 1481 1802 non
1514 1746 1770 1810 moritur,
1804 1744 2004 1798 rodens
2027 1743 2295 1797 homicida
2324 1749 2560 1796 tenetur.

1159 1832 1279 1892 Non
1307 1836 1441 1891 alios
1463 1848 1692 1904 capreae,
1725 1843 1778 1888 te
1803 1848 1998 1888 cernas
2021 1831 2223 1886 lumine
2247 1831 2423 1900 talpae.
2768 1879 2820 1942 Β

1154 1923 1276 1981 Non
1303 1927 1438 1980 mihi
1470 1927 1564 1981 des
1583 1924 1810 1988 vultum,
1839 1933 2123 1994 promptus
2149 1923 2249 1977 tibi
2274 1931 2486 1977 vertere
2508 1929 2740 1992 tergum,

1154 2013 1243 2072 lle
1271 2015 1477 2071 faciens
1501 2014 1798 2085 speculum,
1823 2029 1946 2068 cum
1970 2014 2044 2067 sis
2073 2012 2168 2067 tibi
2193 2012 2428 2067 mantica
2451 2010 2652 2078 factus,

1154 2101 1390 2174 Polypus
1418 2102 1648 2158 haerenti
1677 2102 1743 2156 de
1767 2117 1826 2156 se
1847 2117 1955 2156 non
1987 2098 2124 2154 fetet
2147 2099 2335 2154 olenti.

1153 2189 1371 2261 Lyncea
1397 2190 1489 2244 lux
1511 2189 1691 2244 radios
1718 2189 1770 2243 in
1794 2190 2003 2244 viscera
2031 2188 2143 2259 figit
2165 2196 2384 2251 acutos,

1153 2276 1288 2332 Cum
1313 2292 1371 2333 se
1395 2292 1500 2333 non
1523 2278 1726 2343 videat,
1747 2287 1994 2346 penetrat
2018 2277 2204 2347 procul
2223 2291 2388 2331 omne
2409 2275 2552 2347 quod
2573 2284 2740 2346 astat;

1154 2366 1374 2424 Obtusa:
1394 2377 1548 2425 cotes
1578 2378 1799 2432 acuunt,
1826 2383 1932 2422 non
1961 2368 2156 2423 cedere
2175 2376 2424 2438 possunt,

2844 1385 3037 1456 Magna
3065 1386 3418 1456 perexiguum
3449 1401 3648 1440 munus
3682 1401 3847 1440 aurea
3881 1385 4095 1455 suscipe
4121 1385 4329 1456 lignum
4351 1424 4366 1439 .

2842 1473 2980 1529 Nolo
3010 1475 3193 1528 datum
3226 1474 3461 1528 trutines
3485 1513 3501 1539 ,
3532 1475 3628 1529 sed
3656 1473 3838 1529 dantis
3875 1489 4086 1530 Viscera
4113 1473 4283 1531 libres
4308 1492 4324 1529 :

2842 1565 3029 1620 Audeo
3050 1565 3195 1634 quod
3225 1564 3367 1634 parti
3402 1580 3509 1619 non
3535 1573 3650 1628 est,
3688 1579 4021 1636 praesumere
4050 1565 4149 1620 toti
4175 1581 4192 1633 ;

2844 1655 3099 1713 Carmina
3126 1666 3260 1726 quot
3286 1657 3511 1728 scripsi,
3539 1657 3762 1713 totidem
3794 1657 3892 1713 tibi
3918 1657 4062 1728 ligna
4092 1653 4295 1726 polivi,

2844 1747 3106 1806 Cbartula
3141 1747 3351 1803 venalis
3373 1788 3388 1813 ,
3427 1750 3700 1803 donantur
3734 1756 3933 1803 caetera
3959 1747 4156 1818 gratis.

2976 1836 3289 1894 CLXXXV.
3333 1835 3535 1903 Quibus
3566 1838 3855 1960 Q‘e'n‘edietio
3885 1838 3951 1893 de
3979 1836 4304 1893 cocleario!“

3520 1923 3589 1960 nu
3638 1924 3767 1960 iur.

3520 1923 3767 1961 mumur.

2844 1998 3206 2055 IIarmoribus
3232 1997 3418 2053 [atomi
3446 1997 3583 2053 fabri
3612 1999 3747 2053 dant
3774 1998 3927 2070 signa
3958 1998 4226 2078 metallis,

2844 2092 3166 2163 Sandapilas
3199 2091 3389 2160 inopes
3417 2090 3773 2160 compingunt
3800 2090 4128 2161 vespiliones
4151 2131 4168 2157 ,

2841 2174 2954 2232 Nec
2978 2191 3080 2233 nos
3103 2177 3256 2248 signa
3285 2178 3484 2232 ducum
3518 2177 3744 2232 ferimus
3767 2219 3781 2241 ,
3815 2179 3910 2233 sed
3938 2180 4095 2250 signa
4128 2179 4403 2238 colonum.

3235 2267 3570 2325 CLXXXVI.
3595 2269 3838 2324 Amicum
3867 2280 4048 2326 terret.

2841 2360 2994 2429 Quod
3023 2359 3208 2430 digitis
3236 2360 3419 2415 scribo
3448 2400 3464 2425 ,
3498 2361 3724 2416 tetidem
3755 2361 3852 2415 tibi
3881 2362 4128 2416 carmina
4154 2362 4334 2431 mitto,

1149 2454 1264 2513 Nec
1284 2457 1407 2523 sibi,
1438 2457 1533 2513 sed
1562 2458 1712 2512 vario
1733 2467 1926 2528 parent
1945 2473 2042 2512 sua
2063 2456 2188 2526 jura
2213 2457 2450 2523 metallo,

1152 2544 1357 2603 Scabra
1381 2546 1550 2618 polire
1578 2547 1708 2603 lima
1734 2549 1904 2614 novit,
1926 2563 2034 2604 non
2067 2550 2181 2620 ipsa
2205 2549 2383 2618 poliri,

1149 2636 1322 2695 Prava
1347 2648 1530 2695 manet
1551 2647 1766 2694 sentum
1789 2639 2049 2705 scorium,
2074 2640 2202 2695 dum
2225 2639 2438 2710 laevigat
2458 2654 2682 2696 aurum'

1151 2728 1291 2785 Nam
1312 2729 1558 2785 scabiosa
1595 2731 1776 2785 carnis
1802 2730 1957 2785 titulo
1986 2730 2046 2785 fit
2083 2731 2245 2801 digna
2273 2730 2469 2797 ﬁdelis,

1150 2818 1211 2875 Si
1239 2819 1381 2874 rictu
1412 2818 1602 2875 rabido
1628 2835 1850 2875 vernam
1875 2835 1998 2876 cum
2033 2820 2155 2889 jure
2188 2811 2427 2875 lacessit.

1148 2903 1256 2975 Qui
1283 2908 1426 2977 quod
1455 2907 1573 2962 vult
1596 2907 1746 2972 dicit,
1777 2908 1920 2976 quod
1957 2922 2062 2961 non
2090 2907 2205 2961 vult
2234 2909 2432 2977 saepius
2454 2908 2624 2964 audit.

1147 2991 1266 3050 Non
1292 2994 1455 3050 habet
1483 3010 1546 3050 os
1567 2994 1769 3066 lingua,
1807 2994 1981 3066 frangi
2015 2993 2147 3051 facit
2168 3011 2290 3051 ossa
2314 2997 2408 3051 sed
2431 2997 2547 3068 ipsa

1148 3078 1382 3153 Unaque
1402 3084 1634 3139 diversis
1661 3085 1804 3154 parit
1830 3084 2082 3140 informia
2111 3085 2383 3141 membris.

1146 3171 1300 3232 Pone
1325 3176 1525 3233 malum
1555 3176 1770 3248 linguai,
1795 3193 1955 3247 quam
1980 3177 2162 3232 vibras
2185 3193 2336 3232 more
2355 3175 2588 3248 sagitta,

1145 3263 1227 3324 Ne
1248 3268 1411 3340 gladii
1441 3277 1606 3324 conto
1635 3267 1945 3324 referantur
1971 3283 2101 3323 saxa
2132 3267 2334 3339 lapillo.

1213 3375 1497 3435 CLXXIX.
1531 3378 1744 3433 Duobus
1771 3379 2019 3445 inimicis,
2047 3389 2103 3434 ut
2126 3379 2197 3433 ad
2214 3395 2402 3446 pacem
2423 3380 2658 3434 redeant.

1145 3485 1348 3543 Hamat
1375 3473 1528 3543 amor
1553 3488 1756 3552 varios,
1786 3489 1986 3544 scindit
2005 3488 2276 3544 discordia
2297 3489 2556 3560 junctoa;

1140 3572 1260 3631 Non
1285 3575 1356 3630 ibi
1378 3575 1467 3631 lux
1499 3577 1651 3648 pacis
1678 3577 1768 3632 ubi
1797 3577 1856 3632 tlt
1875 3577 2068 3633 divisio
2087 3579 2300 3644 cordis;

1140 3663 1255 3723 Pax
1285 3668 1444 3724 docet
1477 3671 1714 3740 ignaros,
1741 3671 2010 3726 discordia
2041 3683 2207 3728 caecat
2232 3683 2443 3730 acutos.

1138 3755 1260 3815 Non
1282 3767 1457 3816 status
1485 3771 1569 3815 est
1589 3763 1772 3826 rebus,
1798 3761 2034 3818 fortuna!
2051 3764 2282 3820 vertitur
2301 3766 2457 3832 ordo,

1137 3838 1350 3898 Cervici
1372 3843 1557 3915 rigidae
1577 3860 1726 3900 mors
1748 3846 2037 3916 improvisa
2059 3848 2315 3902 minatur.

1138 3927 1378 4003 Turgida
1402 3932 1537 3987 colla
1561 3934 1678 3988 suis
1699 3933 1900 4005 subigit
1924 3933 2092 3991 febris
2116 3936 2274 4005 ignea
2296 3937 2497 4007 plantis
2514 3979 2530 4006 ,

1133 4016 1219 4076 Ac
1239 4020 1423 4074 domat
1445 4021 1740 4079 indomitos
1765 4024 1947 4078 divino
1971 4025 2094 4094 jure
2123 4026 2367 4091 solutos;

1137 4105 1244 4175 Qui
1267 4115 1516 4164 tumuere
1538 4110 1649 4166 Deo
1670 4122 1938 4182 coguntur
1958 4117 2152 4170 cedere
2174 4119 2398 4184 morbo;

2837 2453 3046 2523 Aspera
3084 2467 3189 2506 vox
3218 2451 3377 2518 :-Ite;
3407 2452 3635 2506 nimium
3662 2449 3904 2520 jucunda
3941 2469 3955 2505 :
3989 2450 4222 2508 Venite:

2839 2540 3150 2614 Congregat
3184 2542 3300 2596 haec
3330 2555 3520 2612 agnos,
3553 2556 3660 2597 vox
3688 2541 3857 2596 altera
3890 2540 4121 2610 dissipat
4144 2541 4367 2610 haedos;

2839 2629 3129 2700 Perpensae
3155 2645 3316 2686 voces
3344 2637 3600 2700 poterunt
3629 2645 3955 2701 componere
3990 2646 4189 2688 mores.

3243 2723 3375 2778 CLX
3385 2722 3598 2778 XXVII.
3637 2725 3720 2777 ad
3750 2724 4047 2778 inimicum.

2841 2814 2898 2870 Si
2929 2815 3080 2884 regni
3112 2815 3354 2885 requiem
3386 2817 3655 2887 cupimus,
3692 2824 4001 2871 metuamus
4027 2825 4085 2872 et
4114 2816 4328 2887 ignem;

2835 2902 2985 2959 Inter
3012 2903 3151 2959 bella
3179 2903 3340 2959 silent
3366 2903 3536 2974 leges,
3564 2904 3616 2958 in
3647 2919 3782 2973 pace
3810 2904 4133 2974 loquuntur.

2837 2991 3076 3064 Tempus
3100 2993 3256 3048 adest
3280 2993 3432 3058 belli,
3461 2995 3681 3049 venient
3720 3009 3818 3049 sua
3850 3003 4097 3063 tempora
4121 2994 4257 3066 legi;

2839 3082 2930 3140 Sic
2955 3085 3022 3139 lis
3042 3085 3314 3151 obtineat,
3346 3101 3417 3140 ne
3444 3101 3546 3156 pax
3578 3093 3698 3156 post
3729 3085 3920 3142 bellica
3951 3088 4178 3156 perdat;

2759 3215 2804 3280 ο
2837 3174 2917 3231 Ne
2942 3177 3165 3231 vincare
3189 3174 3328 3239 foro,
3352 3177 3446 3247 qui
3477 3186 3655 3232 lentas
3685 3177 3907 3233 vincere
3933 3193 4148 3248 campo.

2944 3267 3321 3324 CLXXXVIII.
3365 3267 3622 3324 Discretio
3655 3271 3794 3324 inter
3817 3269 3988 3326 levem
4019 3279 4071 3324 et
4097 3285 4329 3340 grauem.

2836 3355 3082 3414 Horrens
3108 3359 3441 3430 praecipitem
3471 3358 3579 3414 noli
3609 3369 3661 3414 te
3688 3358 3829 3414 ferre
3860 3358 4111 3414 limacem
4129 3400 4145 3426 ,

2905 3448 3041 3505 Cum
3073 3452 3339 3520 gravitate
3365 3451 3521 3517 levis,
3559 3452 3635 3508 sis
3664 3452 3884 3508 levitate
3904 3454 4109 3524 gravis.

2835 3537 2897 3594 Si
2926 3540 3106 3609 gravis
3128 3540 3400 3607 incessus,
3432 3557 3532 3597 nec
3553 3541 3665 3612 jam
3696 3541 3852 3613 quasi
3881 3542 4144 3614 compede
4167 3559 4359 3603 nexus.

2907 3628 2999 3685 Nil
3018 3631 3150 3686 vitio
3179 3631 3370 3687 vitium
3409 3632 3603 3689 cedere
3632 3633 3955 3705 proficuum.

2835 3742 3174 3800 CLXXXIX.
3216 3744 3369 3810 Quod
3387 3743 3581 3828 melius
3615 3746 3681 3799 sit
3711 3746 3961 3828 agricola
3986 3746 4254 3806 laboranti
4275 3765 4432 3822 quem

3363 3815 3578 3868 domino
3607 3815 3897 3884 prclianti.

2833 3901 2980 3960 Bella
3019 3903 3125 3960 ciet
3157 3903 3436 3969 dominus,
3469 3905 3773 3974 proscindit
3801 3921 3930 3962 rura
3959 3906 4217 3977 colonus;

2833 3993 2928 4052 Ille
2950 4003 3099 4066 patet
3119 3993 3359 4064 jaculis,
3387 3995 3478 4050 hic
3507 3994 3722 4066 frugum
3754 3999 3956 4068 gaudet
3983 4000 4220 4057 acervis.

2964 4087 3120 4144 CXC.
3153 4087 3234 4142 De
3263 4088 3344 4142 his
3380 4088 3470 4159 qui
3500 4105 3603 4143 non
3645 4106 3700 4145 se
3719 4132 3733 4155 ,
3759 4091 3851 4145 sed
3879 4090 4014 4147 alios
4041 4104 4284 4166 carpunt.

2833 4174 3069 4251 Polypus
3093 4177 3324 4233 haerenti
3345 4176 3413 4234 de
3439 4192 3498 4233 se
3531 4194 3636 4233 non
3671 4179 3800 4236 fetet
3826 4181 4033 4237 olenti:

2833 4267 2972 4324 Sunt
2991 4283 3088 4322 sua
3111 4269 3204 4338 qui
3233 4268 3482 4339 palpant,
3517 4270 3691 4325 aliena
3733 4271 3947 4342 piacula
3972 4272 4252 4336 damnant.

2828 4357 3006 4416 CXCI.
3049 4359 3203 4426 Quod
3232 4360 3470 4416 esuriens
3503 4371 3552 4415 et
3589 4363 3770 4484 siti‘ens
3801 4362 3902 4417 vile
3922 4363 4189 4434 quodlibet
4211 4365 4426 4425 libenter

2828 4450 2838 4458 -
3532 4447 3670 4484 sumi
3700 4471 3715 4484 .

2826 4450 2838 4458 ‘
3532 4447 3715 4486 εωηυ.

2828 4517 3102 4575 Faucibus
3130 4527 3248 4576 atra
3274 4518 3452 4577 fames
3479 4522 3677 4578 herbas
3707 4523 4055 4580 commendat
4078 4534 4352 4595 agrestes,

2835 4605 3167 4664 Hausibilem
3189 4610 3422 4666 densam
3458 4611 3634 4666 reddit
3677 4613 3798 4667 sitis
3836 4613 3993 4682 ignea
4024 4629 4254 4686 vappam

2828 4695 3090 4756 Esuriens
3117 4701 3377 4765 comedit,
3407 4716 3579 4763 vacuo
3605 4712 3756 4759 satus
3781 4720 3877 4761 ore
3898 4705 4101 4777 ligurit.

2897 4789 3100 4846 CXCII.
3135 4789 3211 4846 De
3234 4790 3358 4860 illo,
3392 4793 3479 4864 qui
3505 4793 3768 4863 gloriatur
3787 4796 3850 4850 in
3880 4795 4163 4853 altitudine
4193 4799 4350 4855 uocis.

2827 4879 2971 4936 Voce
2997 4880 3134 4937 satis
3157 4881 3300 4936 celsa
3327 4883 3529 4938 vocalis
3551 4886 3699 4940 rudit
3724 4888 3888 4943 asella
3909 4929 3924 4953 ,

2825 4975 2994 5032 Dulce
3022 4977 3189 5033 melos
3215 4977 3442 5049 placidis
3469 4977 3669 5036 format
3692 4997 3795 5036 vox
3827 4983 4016 5055 cignea
4041 4986 4276 5046 bombis.-

2824 5065 3047 5142 CXCIII.
3084 5067 3164 5123 De
3187 5070 3476 5136 monachis,
3503 5073 3592 5142 qui
3621 5072 3815 5127 loricas
3839 5075 4065 5131 induunt
4087 5077 4159 5132 ad
4181 5095 4417 5136 earnm.

2820 5154 3064 5213 l-lamatae
3088 5168 3271 5216 vestes
3303 5161 3546 5230 praebent
3567 5162 3859 5219 inamabile
3883 5173 4098 5237 tegmen
4123 5186 4135 5222 :

2826 5245 3015 5306 Vestes
3050 5251 3286 5306 hamata:
3303 5253 3518 5320 gemina
3545 5261 3670 5307 sunt
3701 5263 3852 5325 peste
3876 5269 4117 5325 perosae;

2820 5340 2956 5397 Ossa
2987 5344 3184 5411 premit
3208 5343 3456 5411 pondus,
3489 5347 3816 5417 constringit
3846 5347 4054 5404 viscera
4080 5347 4271 5420 frigus.

2821 5430 2930 5502 50
2966 5431 3191 5488 CXCIV.
3233 5431 3311 5506 De
3335 5431 3697 5490 Hildebrando
3715 5477 3730 5499 ,
3754 5438 3841 5506 qni
3865 5455 4042 5506 parva!
4067 5440 4278 5504 quidem
4307 5452 4416 5499 sta-

2999 5514 3161 5565 tura,
3198 5503 3288 5556 sed
3323 5520 3528 5573 magna:
3555 5503 3890 5561 videtur'esse
3921 5508 4234 5576 prudentie.

2820 5591 2992 5647 Parva
3019 5589 3196 5661 Tigris
3223 5592 3420 5648 missas
3450 5603 3628 5662 aequat
3655 5598 3999 5666 properando
4030 5600 4259 5669 sagittas
4279 5640 4296 5665 ,

2816 5683 2937 5739 Vile
2958 5683 3175 5754 quidem
3199 5681 3426 5750 ferrum,
3452 5693 3634 5742 tamen
3660 5689 3887 5771 edomat
3907 5703 4070 5745 omne
4099 5692 4408 5764 metallum;

2815 5771 2926 5832 Sed
2960 5774 3131 5833 trahit
3151 5776 3256 5834 hoc
3277 5777 3490 5837 validus
3516 5796 3614 5839 sua
3641 5791 3764 5855 post
3793 5784 4026 5857 vestigia
4060 5801 4314 5858 magnes;

1137 4195 1296 4265 Quod
1322 4199 1451 4254 dant
1473 4199 1715 4271 languori
1737 4217 1881 4258 verae
1908 4214 2132 4258 vetuere
2153 4205 2336 4260 saluti.

1135 4284 1301 4343 Vultu
1329 4305 1472 4361 saepe
1497 4300 1724 4358 trucem,
1747 4293 1992 4351 ﬂammas
2019 4295 2166 4351 velut
2199 4312 2295 4353 ore
2327 4311 2655 4371 vomentem,

1134 4374 1356 4451 Oraque
1385 4381 1681 4436 terribilem
1707 4381 2014 4441 frendentia
2047 4390 2213 4444 verba
2242 4397 2522 4448 tonantem

1130 4469 1323 4529 Funda
1348 4478 1647 4548 perexiguo
1668 4481 1861 4535 stravit
1887 4492 2140 4540 contorta
2165 4486 2367 4558 lapillo.

1309 4588 1566 4648 CLXXX.
1592 4591 1725 4648 Cum
1757 4595 1895 4651 idem
1922 4599 2174 4670 scriptum
2197 4601 2274 4656 bis
2294 4604 2541 4660 mittitur.

1128 4697 1266 4759 lure
1287 4696 1508 4760 notatur
1529 4708 1692 4774 idem,
1717 4711 1810 4780 qui
1833 4725 1976 4782 saepe
2000 4714 2251 4780 rescribit
2272 4717 2448 4773 eidem
2473 4736 2490 4786 ;

1127 4787 1254 4846 Non
1276 4798 1458 4849 tamen
1483 4795 1798 4864 absurdum,
1830 4806 1953 4855 'cum
1977 4817 2063 4857 res
2086 4803 2247 4859 habet
2273 4807 2386 4876 ipsa
2417 4825 2714 4876 recursum,

1125 4877 1316 4964 Indiga
1345 4881 1630 4964 verborp-m
1653 4886 1778 4942 dum
1811 4891 1879 4943 sit
1908 4892 2200 4960 geminatio
2229 4910 2433 4952 rerum.

1126 4963 1418 5025 Inaimulat
1442 4963 1613 5027 vicem
1641 4976 1975 5033 carminibus
2005 4995 2110 5034 non
2140 4984 2476 5040 reddentem.

1127 5053 1373 5142 Pisticba
1402 5065 1481 5113 tot
1507 5061 1654 5118 misit
1679 5073 1811 5132 quot
1838 5064 2058 5124 ﬁ’umina
2088 5080 2215 5126 sunt
2235 5074 2494 5142 paradisi,

1125 5140 1304 5199 Fonte
1331 5145 1425 5200 sed
1452 5161 1519 5201 ex
1547 5161 1727 5207 vestro
1756 5168 1856 5210 nec
1885 5156 2014 5212 mihi
2033 5159 2185 5214 .stilla
2211 5140 2348 5218 fluit.

1127 5228 1288 5324 Plune
1315 5234 1478 5305 igitur
1498 5238 1714 5307 scriptis
1743 5245 1967 5301 totidem
1997 5249 2097 5303 nisi
2129 5252 2329 5321 scripta
2354 5256 2602 5324 remittis,

1126 5319 1377 5394 Implebit
1404 5341 1630 5384 vacuam
1657 5347 1829 5401 penna
1865 5345 2045 5394 retusa
2071 5319 2304 5398 thecam.

1414 5414 1692 5474 CLXXXI.
1722 5422 1800 5476 De
1824 5427 2135 5495 quibusdam
2165 5433 2434 5489 antidotis.

1127 5495 1280 5598 gora
1304 5501 1459 5560 aloen
1484 5516 1681 5576 aequat,
1711 5514 1926 5583 copulat
1949 5532 2110 5587 sapor
2130 5537 2271 5577 unus
2297 5533 2602 5598 utramque,

1125 5586 1231 5649 Bis
1257 5607 1470 5666 quoque
1498 5604 1550 5652 tu
1575 5599 1800 5667 parilem
1831 5606 1983 5676 pigra
2009 5586 2222 5670 sortiris
2241 5590 2496 5672 acrorem

1128 5680 1362 5755 Serapi;
1386 5701 1495 5744 non
1517 5691 1728 5748 cunctis
1749 5691 1923 5753 fatear
1956 5709 2218 5769 prastare
2245 5705 2490 5764 venenis.
