5962 6418
1431 404 1532 458 167-
2229 411 2284 463 S.
2321 409 2520 463 PETRI
2556 406 2838 462 DAMIANI
2877 405 3026 463 OPP.
3071 405 3304 461 TOML‘S
3347 406 3478 462 SEU
3519 405 3695 463 PARS
3722 407 3808 462 IV.

3008 523 3054 577 Α
3084 519 3208 571 Post
3239 519 3342 572 erit
3372 529 3656 588 angustum
3692 516 3958 587 possessio
3985 525 4156 571 vestra
4189 516 4534 585 sepulcrum.

1425 525 1559 577 Iunc
1586 523 1676 591 qui
1699 530 1890 577 cuncta
1920 521 2100 576 domat
2131 522 2328 588 Sisiphi
2366 536 2615 574 mensura
2648 529 2921 583 coarctat,

1420 613 1690 680 Quemque
1720 621 1951 663 tremunt
1985 612 2167 675 multi,
2220 611 2405 663 nolens
2435 611 2561 662 mihi
2588 610 2833 664 subditur
2862 612 2973 662 uni.

1667 701 1868 756 CXCV.
1911 703 1986 755 De
2014 721 2144 770 papa
2176 713 2222 754 ct
2257 701 2636 754 Ilildebrando.

1410 790 1602 860 Papam
1638 791 1737 842 rite
1767 789 1882 843 colo
1903 831 1915 852 ,
1955 793 2046 844 sed
2071 801 2123 846 te
2151 801 2451 859 prostratus
2482 791 2646 842 adoro
2680 806 2691 841 :

1470 879 1548 934 Tu
1580 880 1711 932 facis
1745 881 1883 933 hunc
1911 881 2213 943 dominum;
2251 889 2302 933 te
2333 880 2459 934 facit
2487 880 2586 932 iste
2614 880 2791 932 deum.

1400 968 1621 1024 CXCVI.
1662 967 1737 1022 De
1770 966 2005 1020 Romano
2032 970 2398 1048 archidiacono
2421 1009 2433 1031 ,
2465 969 2553 1036 qui
2582 969 2709 1019 mihi
2747 972 2973 1021 medium

2007 1055 2202 1105 ptsccm
2229 1048 2386 1090 misit.

1398 1124 1512 1180 Non
1547 1127 1740 1180 mirum
1767 1125 1961 1182 Petrus
1989 1127 2033 1180 si
2063 1128 2132 1179 sit
2161 1127 2287 1179 mihi
2320 1141 2530 1195 semper
2561 1140 2762 1195 egenus
2782 1166 2795 1188 ,

1466 1217 1599 1270 Cum
1624 1227 1875 1285 generent
1904 1216 2106 1268 medios
2142 1215 2359 1268 ﬂumina
2391 1217 2699 1284 pisciculos.

1397 1305 1640 1360 CXCVII.
1691 1303 1902 1358 Urbano
1959 1305 2274 1385 gratulatur,
2321 1307 2409 1372 qui
2462 1305 2637 1358 Roma:
2675 1307 2843 1372 {actus
2901 1316 2974 1358 est

1931 1391 2128 1442 pauper
2153 1391 2442 1443 episcopus.

1394 1465 1546 1531 Quod
1571 1465 1671 1519 sibi
1695 1463 2004 1527 Bethsaide,
2051 1480 2190 1518 nunc
2221 1475 2302 1518 est
2328 1466 2454 1518 mihi
2482 1465 2674 1519 Petrus
2702 1465 2752 1517 in
2789 1463 2932 1519 Urbe
2959 1480 2972 1517 :

1395 1554 1507 1609 Hoc
1544 1570 1665 1608 cum
1699 1565 1909 1622 sceptra
1940 1562 2103 1618 tenet,
2139 1556 2280 1624 quod
2311 1565 2570 1609 eratcum
2606 1556 2741 1608 retia
2783 1565 2969 1608 net-et:

1395 1645 1623 1714 Semper
1652 1645 1756 1698 lina
1787 1646 1949 1708 lavat,
1985 1646 2157 1715 pelagi
2193 1646 2320 1699 mihi
2354 1647 2544 1699 czerula
2586 1646 2783 1709 sulcat,

1393 1733 1476 1787 Me
1505 1735 1701 1800 premit
1727 1735 1778 1787 in
1805 1736 1991 1797 terris,
2027 1737 2115 1802 qui
2150 1751 2370 1802 prorsus
2399 1737 2591 1803 egebat
2625 1736 2673 1787 in
2713 1737 2867 1789 undis

1395 1823 1476 1878 Me
1504 1825 1714 1894 Siliquis
1746 1835 1984 1889 recreat,
2014 1827 2254 1878 modicus
2287 1840 2444 1893 quem
2477 1827 2638 1894 piscis
2663 1824 2861 1878 alebat.

1675 1914 1941 1969 CXCVIII.
1981 1916 2054 1969 De
2086 1916 2176 1969 illo
2201 1919 2286 1984 qui
2316 1918 2482 1984 ﬁlium
2517 1919 2687 1971 habet.

1393 2005 1528 2060 Cum
1561 2017 1806 2076 superest
1839 2007 2084 2071 soboles,
2118 2009 2305 2061 vivunt
2337 2009 2401 2062 de
2425 2019 2597 2062 morte
2624 2018 2903 2079 parentes,

1391 2095 1458 2149 Et
1497 2095 1640 2150 velut
1671 2111 1776 2148 una
1805 2111 1930 2150 caro
1959 2098 2094 2150 viret
2131 2098 2182 2150 in
2219 2098 2401 2151 radice
2427 2112 2685 2167 propago.

1393 2185 1619 2240 CXCIX.
1661 2183 1726 2237 Ut
1758 2187 1810 2238 hi
1839 2187 1927 2255 qui
1952 2187 2238 2254 prazdicant
2270 2190 2482 2240 invicem
2527 2206 2625 2240 non
2654 2189 2971 2241 discordent.

1393 2273 1506 2326 Non
1537 2274 1752 2340 sapiens
1778 2276 1969 2338 stulto,
1999 2293 2101 2329 non
2130 2278 2226 2330 bos
2264 2279 2502 2330 societur
2531 2279 2696 2332 asello
2716 2320 2727 2340 .

1391 2362 1492 2430 Qui
1526 2365 1701 2418 divina
1733 2365 1924 2420 docent
1948 2383 1975 2420 a
2013 2382 2071 2421 se
2105 2385 2207 2420 non
2239 2384 2458 2436 prorsus
2498 2372 2769 2423 aberrent.

1448 2452 1551 2508 CC.
1594 2453 1670 2507 De
1703 2464 1932 2508 stercore
1963 2458 2103 2508 turdi
2141 2459 2197 2538 fit
2227 2460 2397 2510 viscus
2426 2459 2563 2511 unde
2595 2461 2781 2512 turdus
2810 2461 2918 2528 ipse

2071 2539 2302 2594 capitur.

1393 2612 1587 2668 Podice
1615 2612 1874 2683 digeritur
1904 2615 2038 2683 pede
2068 2631 2176 2686 quo
2220 2616 2425 2672 turdela
2457 2627 2687 2671 tenetur.

1390 2701 1518 2758 CCI.
1560 2701 1682 2762 Illi.
1716 2706 1800 2758 cui
1827 2721 1918 2774 ego
1962 2708 2220 2773 prolixam
2259 2709 2375 2760 misi
2421 2709 2726 2777 epistolam,
2771 2720 2818 2762 et
2862 2712 2971 2764 inse

1991 2777 2115 2828 mihi
2139 2793 2376 2845 parvam.

1393 2862 1508 2918 Non
1539 2863 1731 2920 obolus
1755 2864 1986 2919 solidum
2004 2905 2016 2925 ,
2044 2882 2151 2920 non
2177 2876 2357 2934 aquat
2383 2867 2517 2921 libra
2552 2869 2831 2933 talentum,

1462 2953 1626 3008 Plane
1661 2954 1838 3008 minor
1874 2955 2055 3010 modio
2085 2954 2225 3010 cedit
2258 2966 2312 3010 et
2336 2956 2437 3010 iste
2474 2957 2660 3013 choro.

1391 3041 1506 3096 Non
1540 3042 1666 3098 licet
1693 3043 1945 3114 exiguum
1975 3053 2288 3113 compenset
2317 3045 2542 3114 epistola
2566 3046 2759 3100 librum

1466 3131 1807 3187 Contrutinet
1837 3132 2020 3186 lances
2054 3133 2282 3201 pendula
2318 3133 2451 3187 libra
2478 3149 2656 3203 pares.

4557 404 4660 461 965

3083 611 3148 660 At
3176 624 3311 675 quos
3339 623 3460 674 spes
3488 609 3630 663 fulvo
3659 610 3791 663 ditat
3821 609 4106 677 pretiosior
4143 623 4296 674 auro,

3081 703 3320 766 Quorum
3353 702 3551 756 divitiae
3587 719 3726 758 verte
3759 714 3884 758 sunt
3921 705 4136 771 praemia
4173 702 4297 755 vitm

3079 787 3222 851 Quas
3244 789 3329 840 fur
3357 805 3460 843 non
3487 800 3730 854 temerat,
3757 807 3854 846 uec
3876 794 4008 846 edax
4035 791 4167 844 male
4199 793 4424 845 tremula
4449 793 4660 856 sulc..t,

3086 876 3118 924 κ’
3133 893 3232 928 ana
3266 881 3562 946 repentinis
3588 882 3817 935 obnoxia
3848 881 3993 936 lucra
4023 881 4188 935 ruinis

3079 966 3361 1034 Spernite,
3411 971 3624 1039 lapsuro
3655 971 3847 1026 cedant
3872 989 3962 1025 sua
3991 989 4209 1026 munera
4239 977 4435 1030 mundo
4462 993 4478 1028 :

3079 1056 3356 1110 Suﬂiciant
3385 1059 3585 1113 Christi
3619 1060 3830 1115 famulis
3857 1062 4170 1130 patrimonia
4204 1064 4324 1118 caeli
4348 1105 4362 1126 .

3077 1145 3316 1201 Pectoris
3343 1151 3598 1204 eximium
3633 1152 3755 1206 ﬁdei
3790 1163 3932 1221 tegat
3963 1169 4084 1209 arca
4120 1157 4401 1220 talentum,

3078 1236 3158 1288 Sit
3189 1237 3424 1291 studium
3459 1240 3645 1294 rutilas
3674 1245 3926 1295 virtutum
3959 1246 4186 1298 condere
4220 1260 4455 1312 genunas
4480 1289 4495 1311 ,

3076 1325 3139 1377 Et
3167 1325 3302 1380 male
3326 1339 3610 1384 nascentes
3644 1332 3895 1385 vitiorum
3929 1333 4122 1387 vellere
4150 1345 4325 1389 sentes
4355 1355 4366 1387 :

3079 1414 3313 1469 Turbida
3353 1417 3620 1490 lluctivagi
3657 1423 3820 1476 vitate
3847 1425 4056 1493 negotia
4087 1426 4265 1478 mundi
4287 1467 4300 1487 ,

3075 1505 3294 1561 Incubet
3322 1510 3552 1579 eloquiis
3575 1511 3778 1583 jugitcr
3809 1531 3958 1569 meus
3991 1516 4156 1572 libera
4181 1519 4374 1580 sacris,

3074 1597 3190 1650 Jam
3229 1600 3438 1653 modice
3466 1611 3640 1670 gustet
3671 1604 3795 1667 mel,
3820 1620 3925 1674 quo
3951 1617 4072 1674 post
4099 1606 4249 1676 plena
4276 1608 4572 1674 redundet,

3078 1690 3158 1742 Ad
3186 1705 3279 1742 sua
3311 1691 3387 1743 sic
3418 1702 3598 1746 nostra
3637 1695 3816 1748 redeat
3846 1697 4132 1764 primordia
4167 1697 4354 1750 forma.

3081 1780 3168 1833 tlte
3209 1781 3539 1834 tumulentur
3566 1799 3714 1852 opes,
3754 1786 3839 1838 isti
3872 1798 4178 1853 quaerantur
4201 1789 4444 1850 honores.

3004 1877 3048 1935 Β
3077 1867 3167 1921 His
3206 1869 3364 1920 homo
3394 1871 3516 1937 jure
3540 1881 3726 1939 potens
3746 1913 3759 1935 ,
3791 1875 3874 1927 his
3903 1878 3960 1927 tit
3987 1889 4080 1944 per
4115 1877 4299 1930 saccula
4327 1879 4490 1933 dives.

3072 1957 3247 2013 CCIX.
3300 1958 3494 2014 Contra
3545 1962 3935 2037 Cluniacensem
3976 1969 4246 2034 abbatem,
4295 1971 4380 2037 qui
4430 1987 4546 2025 eum
4588 1976 4636 2025 in

3643 2032 3869 2086 Galliam
3899 2038 4067 2089 duxit.

3075 2116 3216 2172 Mors
3244 2133 3357 2174 mea
3391 2121 3726 2187 grandzevam
3751 2125 3969 2193 perimis
3988 2167 4000 2190 ,
4029 2125 4278 2183 Cluniace
4304 2170 4320 2194 ,
4351 2139 4634 2194 senectam,

3145 2209 3319 2263 EtIicis
3345 2222 3401 2264 ut
3432 2229 3532 2266 Ilun
3565 2213 3689 2277 sim,
3719 2215 3844 2267 dum
3869 2219 4003 2284 petis
4031 2226 4090 2272 ut
4119 2218 4250 2273 bene
4284 2220 4399 2280 sim.

3078 2299 3145 2355 Ut
3177 2301 3270 2353 tibi
3303 2302 3459 2353 mella
3497 2301 3680 2366 fluant,
3713 2303 3880 2373 cpulze
3904 2305 4169 2374 pigmenta
4198 2307 4475 2361 rubescant
4498 2348 4511 2371 ,

3144 2392 3439 2460 Amplaque
3471 2393 3714 2449 conditos
3749 2397 3983 2464 praebeat
4011 2397 4112 2452 olla
4143 2398 4306 2453 cibos.

3076 2483 3275 2539 Scabra
3309 2483 3364 2536 Iit
3392 2494 3448 2536 ut
3477 2487 3672 2540 nostris
3700 2487 3873 2542 desint
3902 2489 3982 2541 vel
4013 2489 4268 2543 cantabra
4295 2493 4486 2546 mensis
4506 2533 4519 2554 ,

3147 2571 3282 2626 Dum
3317 2572 3413 2626 tibi
3444 2587 3600 2628 servo
3631 2576 3812 2643 dapes,
3845 2592 3930 2632 me
3955 2587 4133 2632 manet
4157 2587 4273 2632 atra
4305 2579 4488 2636 fama.

3516 2663 3670 2718 CCX.
3725 2663 3910 2719 Versus
3938 2670 4201 2736 pauperis.

3077 2750 3355 2806 Ulceribus
3394 2767 3590 2807 vacuus
3614 2794 3628 2817 ,
3667 2755 3758 2809 sed
3790 2767 4101 2825 paupertate
4138 2759 4365 2828 repletus
4388 2801 4402 2823 .

3074 2839 3314 2894 Lazarus
3341 2857 3468 2896 ecce
3498 2843 3678 2908 venit,
3713 2845 3802 2912 qui
3833 2847 3983 2899 micis
4019 2848 4200 2904 vivere
4230 2852 4434 2917 quaerit.

3076 2931 3287 2984 Absunt
3311 2947 3406 2984 ora
3435 2947 3628 2986 canum
3656 2974 3670 2995 ,
3714 2949 3817 2988 non
3847 2935 4038 2990 desunt
4068 2948 4238 2992 rostra
4272 2939 4562 3006 pedonum;

3077 3020 3168 3075 ‘Ila
3204 3029 3381 3076 cutem
3417 3022 3682 3088 lambunt,
3711 3024 3822 3079 haec
3857 3026 4093 3081 membra
4129 3025 4387 3083 scatctitia
4421 3029 4628 3082 roduut.

3454 3124 3628 3177 CCXI.
3669 3125 3743 3178 De
3769 3128 4012 3182 triduano
4031 3129 4252 3197 jejunio.

1388 3219 1536 3278 acu.
1575 3220 1649 3274 De
1696 3219 1962 3292 [ιονςηιία
1987 3263 2000 3285 ν
2032 3223 2086 3274 in
2109 3240 2211 3291 qua
2245 3240 2380 3292 ραρα
2414 3222 2709 3292 gap/mnu,
2739 3225 2886 3290 οιιίίι,
2912 3237 2958 3280 ει
2989 3217 3032 3278 C
3065 3212 3233 3279 Quam
3263 3214 3508 3268 triduana
3540 3231 3759 3285 gravem
3795 3217 3970 3272 soleas
4003 3219 4205 3274 illidere
4234 3219 4459 3285 calcem,

1687 3289 1943 3345 .Vicolaus
1964 3309 2098 3360 papa
2122 3289 2191 3345 ea:
2217 3289 2395 3346 eadem
2418 3289 2684 3358 processit.

1390 3379 1565 3434 Parva
1592 3379 1767 3433 virum
1796 3394 2004 3448 magna:
2031 3379 2190 3434 debet
2216 3381 2487 3435 Florentia
2525 3381 2740 3447 Romze;

1389 3471 1521 3537 Quae
1545 3478 1693 3524 tenet
1721 3469 2066 3534 exstinctum,
2106 3479 2332 3540 cogatur
2356 3471 2581 3526 reddere
2609 3474 2790 3526 vivum
2819 3493 2832 3528 :

1391 3561 1487 3617 Sic
1519 3576 1654 3616 nova
1687 3561 1938 3616 Bethlazis
1967 3561 2056 3616 lux
2087 3564 2284 3618 mundo
2312 3563 2462 3618 fulsit
2497 3566 2562 3619 ab
2594 3567 2726 3620 oris.

1444 3651 1618 3708 CCIII.
1662 3651 1738 3706 De
1777 3651 1867 3705 illo
1898 3654 1984 3722 qui
2012 3656 2341 3776 semetipsqm
2371 3656 2615 3726 subjugat
2645 3697 2658 3721 ,
2693 3669 2746 3711 ut
2773 3676 2916 3712 reum

2063 3739 2251 3776 νεανία
2282 3763 2295 3776 .

2063 3739 2295 3792 reetptat.

1389 3811 1474 3868 Nil
1506 3814 1606 3868 sibi
1633 3827 1854 3883 prorsus
1881 3813 2012 3867 emit
2034 3814 2122 3883 qui
2155 3830 2212 3868 se
2245 3815 2345 3870 sub
2375 3817 2561 3873 fenore
2595 3821 2798 3875 vendit.

1386 3902 1563 3960 CCIV.
1605 3904 1757 3968 Quod
1807 3902 1972 3958 Roma
2025 3906 2219 4027 mq’nzo
2245 3909 2490 4030 _'pra'fuit
2517 3950 2532 3975 ,
2579 3912 2741 3967 donec
2778 3914 2972 3984 legibus

2058 3991 2086 4028 ο
2123 3992 2148 4027 e
2189 3993 2252 4030 nn
2284 4016 2297 4029 .

2058 3991 2297 4030 οοεαιυιι.

1391 4059 1613 4116 Praefuit
1643 4061 1784 4118 Urbs
1812 4062 1960 4126 orbi,
1993 4061 2169 4128 fuerat
2197 4066 2324 4118 dum
2354 4067 2565 4122 subdita
2593 4069 2729 4141 legi;

1387 4146 1559 4205 Justit
1581 4167 1627 4205 ae
1651 4152 1846 4220 spretis
1873 4166 2094 4220 regnum
2124 4155 2392 4208 contraxit
2423 4157 2665 4213 habenis.

1605 4241 1757 4297 CCV.
1799 4241 1951 4306 Quod
1977 4242 2211 4311 plerique
2241 4247 2372 4298 casti
2401 4248 2501 4300 sint
2534 4257 2756 4304 tenaces.

1392 4332 1494 4386 Vix
1522 4332 1713 4402 opibus
1742 4331 1948 4402 largum
1980 4332 2168 4387 videas
2197 4343 2252 4387 et
2283 4349 2509 4404 corpore
2539 4349 2770 4393 castum.

1389 4421 1656 4477 CCVI.De
1675 4422 1879 4492 illoqui,
1902 4424 2127 4476 nutritus
2151 4424 2336 4489 Aretii,
2366 4424 2654 4495 Pomposia'
2676 4431 2833 4484 abbas
2847 4432 2967 4499 fuit.

1387 4509 1497 4577 Qui
1524 4509 1660 4564 solet
1688 4509 1939 4578 insipidis
1964 4520 2205 4564 ventrem
2230 4513 2430 4566 satiare
2459 4515 2676 4585 lupinis,

1384 4595 1622 4655 Gutture
1648 4614 1787 4656 nunc
1816 4599 2001 4669 epulas
2030 4610 2213 4654 ructat
2244 4609 2491 4670 turgente
2524 4608 2780 4663 marinas.

1387 4687 1494 4759 51
1538 4688 1731 4768 CCVII.
1755 4689 1845 4768 ¹υς
1894 4692 2084 4744 domno
2115 4690 2358 4747 Uiuberto
2405 4697 2828 4766 archiepiscopo,
2878 4706 2970 4768 qui

1463 4759 1670 4812 sedebat
1696 4761 1764 4812 ad
1802 4761 2068 4814 dexterum
2104 4779 2254 4830 papa
2274 4803 2288 4826 ,
2319 4774 2366 4816 et
2398 4782 2487 4833 ego
2516 4759 2894 4825 ad'sinis'trami

1389 4846 1607 4902 Fortior
1631 4852 1896 4904 htedmam
1914 4891 1926 4914 ,
1973 4861 2026 4905 tu
2053 4853 2234 4906 sedem
2269 4852 2411 4908 tollis
2435 4857 2647 4912 ovinam
2674 4902 2688 4923 ,

1391 4933 1583 4994 Larus
1608 4939 1768 4993 habet
1800 4941 2068 5006 dextram,
2107 4942 2296 4996 dexter
2318 4947 2642 5017 quandoque
2667 4950 2963 5006 sinistram.

1642 5027 1857 5083 CCVIII.
1897 5031 2066 5101 Super
2100 5035 2438 5090 sa'culart'lms
2483 5038 2723 5108 elegidia.

1389 5112 1573 5188 Lugeo
1598 5133 1713 5181 vos,
1751 5120 1950 5184 miseri,
1980 5123 2175 5192 quibus
2194 5135 2275 5178 est
2301 5142 2453 5181 mens
2477 5130 2653 5184 dedita
2679 5135 2861 5200 carni;

1385 5207 1598 5268 Caelum
1626 5210 1928 5280 despicitis,
1961 5223 2199 5283 quaestus
2224 5217 2363 5271 bona
2401 5235 2608 5275 summa
2639 5226 2859 5292 putatis.

1389 5299 1528 5367 Quid
1563 5315 1656 5355 vos
1684 5302 1867 5356 horter
1895 5318 1994 5372 ego
2012 5346 2026 5368 ,
2058 5306 2187 5374 quid
2213 5322 2308 5362 vos
2337 5319 2525 5378 optare
2554 5317 2827 5370 monebo?

1394 5387 1545 5445 Nunc
1572 5391 1706 5446 male
1735 5394 2005 5462 jucundas
2032 5397 2216 5449 mundi
2249 5398 2460 5454 sorbete
2486 5403 2749 5460 medullas
2772 5447 2789 5472 ,

1393 5479 1526 5536 Exta
1561 5483 1759 5551 replete
1791 5485 1956 5550 cibis,
1989 5496 2138 5542 artus
2166 5499 2389 5545 onerate
2420 5495 2649 5562 saginis,

1391 5569 1468 5626 Ne
1498 5583 1721 5640 pereant
1747 5589 1956 5631 vermes
1995 5580 2167 5634 macie
2196 5597 2293 5636 vos
2337 5599 2552 5653 semper
2579 5588 2820 5656 edentes,

1393 5659 1650 5718 Fontibus
1681 5666 1911 5736 irriguos
1939 5669 2129 5739 gelidis
2161 5675 2435 5730 cxtendite
2462 5677 2635 5732 villas.

1395 5746 1505 5805 Non
1543 5768 1801 5809 numerus
1838 5761 2090 5826 nummis,
2123 5778 2226 5818 non
2265 5765 2327 5819 sil
2360 5779 2608 5824 mensura
2639 5773 2886 5829 metallis.

2997 4555 3048 4612 D

3075 3305 3281 3374 Saepius
3307 3307 3541 3373 expertis
3567 3308 3669 3359 scit
3699 3321 3850 3364 mens
3879 3310 4111 3363 exercita
4152 3311 4317 3364 bellis.

3180 3394 3378 3449 CCXII.
3423 3396 3524 3460 Qui
3556 3398 3677 3451 dicit
3705 3400 3844 3468 quod
3872 3401 4010 3465 vult,
4038 3403 4183 3454 aua‘it
4208 3402 4342 3471 quod
4378 3419 4474 3455 non
4504 3402 4622 3455 rult.

3074 3483 3173 3549 Qui
3199 3487 3342 3554 quod
3375 3486 3489 3540 vult
3521 3488 3670 3552 dicit,
3701 3489 3840 3558 quod
3869 3504 3970 3544 non
4003 3491 4112 3544 vult
4135 3493 4324 3561 sapius
4351 3492 4522 3554 audit;

3073 3575 3172 3641 Qui
3199 3577 3340 3646 quod
3375 3588 3519 3630 amat
3545 3579 3801 3646 loquitur,
3824 3581 3964 3650 quod
3993 3581 4105 3635 odit
4127 3582 4360 3652 perferre
4381 3593 4621 3638 tueretur.

3315 3666 3538 3722 CCXIII.
3580 3667 3918 3738 Epitaphium
3954 3668 4093 3724 Petri
4128 3670 4384 3724 Damiani.

3074 3757 3223 3824 Quod
3245 3774 3384 3813 nunc
3408 3775 3486 3821 es,
3512 3759 3736 3825 fuimus;
3770 3777 3852 3826 es,
3875 3758 4014 3832 quod
4040 3778 4244 3825 sumus,
4270 3765 4377 3832 ipse
4401 3763 4617 3818 futurus.

3146 3849 3239 3904 IIis
3269 3852 3339 3904 sit
3366 3851 3506 3904 nulla
3537 3852 3684 3916 lides,
3718 3869 3836 3924 qua
3860 3855 4096 3923 peritura
4127 3857 4288 3910 vides.

3073 3941 3285 3996 Frivola
3321 3944 3546 3998 sinceris
3571 3957 3905 4014 praecurrunt
3928 3947 4134 4002 somnia
4168 3949 4328 4011 veris,

3148 4030 3454 4085 Succedunt
3478 4034 3729 4087 brevibus
3765 4033 3954 4089 secula
3987 4036 4328 4105 temporibus.

3079 4119 3207 4172 Vive
3235 4135 3439 4174 memor
3470 4123 3687 4184 mortis,
3717 4137 3822 4191 quo
3860 4136 4070 4192 semper
4093 4123 4273 4178 vivere
4295 4109 4477 4193 pbssis.

3145 4211 3416 4281 Quidquid
3449 4213 3635 4274 adest,
3673 4213 3892 4280 transit;
3927 4215 4065 4281 quod
4112 4224 4288 4268 manet
4312 4229 4435 4270 ecce
4462 4215 4614 4268 venit.

3074 4300 3243 4366 Quam
3276 4301 3410 4354 bene
3433 4302 3666 4369 providit
3688 4302 3776 4370 qui
3809 4310 3882 4366 te,
3917 4302 4051 4356 male
4085 4301 4295 4366 munde,
4328 4302 4548 4372 reliquit,

3143 4393 3320 4448 Mente
3347 4394 3496 4462 prius
3521 4394 3672 4447 carni
3698 4408 3857 4462 quam
3885 4393 3978 4448 tibi
4009 4409 4168 4448 carne
4198 4395 4349 4448 mori.

3074 4482 3271 4536 Ctelica
3301 4483 3529 4537 terrenis
3560 4482 3774 4551 przefer,
3802 4499 4054 4538 mansura
4088 4484 4316 4538 caducis.

3147 4571 3293 4626 Mens
3324 4581 3528 4641 repetat
3557 4573 3830 4641 proprium
3862 4572 4026 4627 libera
4058 4575 4392 4644 principium.

3075 4660 3179 4731 52
3209 4661 3441 4728 Spiritus
3469 4661 3574 4715 alta
3617 4673 3794 4731 petat,
3821 4679 3928 4732 quo
3960 4664 4135 4732 prodit
4157 4663 4299 4718 fonte
4334 4671 4578 4727 recurrat,

3145 4751 3256 4805 Sub
3288 4766 3347 4805 se
3386 4751 3666 4821 despiciat,
3699 4752 3958 4823 quidquid
3989 4754 4040 4807 in
4077 4757 4178 4808 ima
4216 4764 4414 4824 gravat.

3074 4842 3161 4897 Sis
3188 4857 3413 4902 memor.
3444 4859 3558 4906 oro,
3592 4845 3723 4908 mei;
3753 4845 3960 4900 cineres
3987 4847 4104 4915 pius
4127 4847 4303 4915 aspice
4329 4845 4483 4899 Petri.

3142 4934 3273 4989 Cum
3307 4949 3462 4994 prece
3481 4977 3494 5000 ,
3525 4951 3647 4991 cum
3672 4939 3872 5008 gemitu
3899 4939 3985 4993 dic
4009 4961 4018 4990 ;
4046 4937 4158 4993 Sibi
4192 4953 4366 5006 parce,
4397 4936 4540 4992 Deus.

3423 5047 3642 5105 CCXIV.
3667 5051 3925 5105 Bennonis
3955 5053 4281 5121 epitaphium.

3071 5138 3396 5202 Ariminum,
3429 5141 3568 5211 lnge,
3597 5125 3953 5212 Iacryinarum
3979 5142 4192 5198 flumina
4225 5145 4402 5210 funde,

3143 5230 3282 5284 Laus
3315 5242 3401 5284 tua
3428 5231 3611 5285 Benno
3648 5230 3770 5296 fuit,
3803 5235 3932 5302 proh
3959 5235 4136 5288 dolor!
4166 5249 4291 5289 ecce
4313 5235 4438 5296 ruit;

3072 5317 3254 5373 Benno
3279 5322 3442 5375 decus
3465 5321 3644 5391 regni,
3674 5321 3929 5378 Romana
3953 5325 4119 5394 gloria
4146 5325 4315 5396 gentis
4333 5364 4348 5389 ,

3145 5409 3261 5477 Ipse
3288 5421 3438 5480 pater
3465 5413 3671 5479 patriae,
3703 5413 3789 5467 lux
3813 5427 3933 5469 erat
3952 5415 4133 5470 Italic.

3075 5499 3226 5555 Hunc
3252 5502 3458 5556 socium
3490 5503 3667 5558 miseri
3699 5505 3888 5559 durum
3917 5521 4134 5562 sensere
4160 5506 4368 5578 superbi
4402 5524 4418 5563 :

3142 5591 3341 5661 Lapsos
3371 5594 3635 5658 restituit,
3667 5597 3875 5666 turgida
3913 5597 4071 5652 corda
4098 5599 4294 5668 premit
4319 5615 4334 5662 ;

3071 5683 3111 5738 Ι·
3117 5686 3155 5739 it
3190 5686 3272 5742 leo
3304 5691 3560 5757 pugnanti
3593 5691 3865 5755 frendens,
3903 5701 4054 5747 tener
4081 5709 4248 5765 agnus
4273 5693 4478 5760 inermi,

3140 5775 3275 5832 Hinc
3300 5793 3514 5849 semper
3535 5780 3710 5851 justus
3733 5784 3994 5853 perstitit,
4024 5784 4144 5840 inde
4169 5784 4305 5855 pius.
