5962 6494
1628 459 1725 513 οτι
2449 449 2507 503 S.
2548 447 2749 503 PETRI
2807 445 3083 502 DAMIANI
3126 448 3272 502 OPP.
3318 445 3550 505 TUllUS
3590 448 3719 506 SE‘U
3756 447 3932 505 PARS
3961 446 4049 502 IV.

1625 567 1735 641 54
1781 563 2007 621 CCXIX.
2038 563 2294 617 Damiano
2323 558 2638 623 exhortatio,
2680 568 2734 612 ut
2764 559 3048 611 monachus
3071 559 3185 625 ﬁat.
3223 570 3263 621 Α

1624 657 1997 724 Omnipotens,
2045 667 2286 722 agamus,
2314 651 2469 712 doce,
2496 658 2555 703 ut
2584 652 2725 718 quod
2776 650 2899 702 fecit
2946 664 3183 718 agamus.

1634 749 1837 803 Desunt
1862 745 1981 812 jura
2039 745 2162 806 tori,
2207 743 2400 796 teritur
2424 742 2466 794 si
2498 743 2687 795 semita
2719 743 2940 794 Christi.

1620 835 1736 891 Jant
1763 843 1915 904 pater
1943 848 2022 898 es,
2057 832 2223 887 soboli
2254 831 2484 901 spatium
2525 830 2720 899 largire
2748 831 3013 899 sequenti,

1626 922 1694 979 Ut
1721 932 1808 977 tua
1838 922 2103 992 malignis
2128 931 2343 991 pateant
2368 922 2592 989 vestigia
2614 920 2828 991 plantis,

1620 1016 1683 1071 Et
1710 1031 1864 1085 seges
1893 1022 2158 1083 erumpat,
2182 1014 2307 1068 dum
2337 1028 2441 1067 non
2471 1015 2611 1081 quod
2638 1012 2858 1079 protulit
2880 1012 3079 1071 obstat,

1620 1104 1845 1162 Subdita
1878 1106 2135 1159 maternis
2174 1114 2391 1172 torpens
2418 1100 2733 1155 vitulamina
2768 1101 2952 1153 ramis.

1618 1195 1823 1251 Pratsto
1854 1195 2022 1249 ﬂuunt
2045 1206 2253 1249 veteres
2278 1192 2344 1246 ad
2374 1192 2562 1245 ﬂorum
2595 1190 2837 1260 germina
2869 1188 3113 1251 frondes,

1621 1284 1901 1354 Herbaque
1925 1284 2205 1338 sectricem
2240 1291 2395 1337 vocat
2414 1290 2534 1334 orte
2564 1279 2771 1333 semine
2794 1278 3007 1332 falcem.

1620 1376 1878 1444 Incipiens
1904 1375 2062 1444 igitur
2098 1384 2312 1429 terreno
2341 1373 2547 1442 cespite
2569 1372 2693 1425 velli

1615 1464 2034 1535 'l‘iansplantare
2062 1464 2207 1533 polo,
2256 1478 2379 1533 spes
2412 1464 2536 1521 hinc
2567 1464 2806 1517 animata
2854 1462 3112 1515 vlrescat:

1611 1555 1703 1611 Sic
1726 1554 1877 1609 radix
1904 1555 2085 1609 cordis
2114 1555 2233 1609 εωιί
2259 1570 2317 1614 se
2339 1554 2628 1608 transierat
2655 1567 2822 1615 arvis,

1608 1643 1674 1697 Et
1708 1658 1813 1698 non
1841 1643 2087 1713 lapsurus
2106 1653 2416 1713 prorumpat
2442 1644 2492 1696 in
2521 1644 2715 1696 arbore
2744 1640 2971 1695 fructus.

1810 1733 2015 1788 CCXX.
2055 1734 2343 1804 Rhythmus
2372 1734 2661 1802 paenitentis
2686 1732 2944 1784 monachi.

1821 1825 1953 1891 Quis
1983 1824 2180 1879 infelici
2209 1826 2365 1879 ﬂetus
2393 1839 2584 1894 aquam
2609 1824 2797 1893 capiti,

1752 1915 1881 1981 Quis
1905 1914 2261 1985 lacrymarutu
2291 1915 2493 1970 fontem
2520 1915 2671 1968 dabit
2690 1913 2903 1968 oculis?

1750 2004 1967 2068 Flendo,
2001 2007 2209 2075 pupillae
2237 2007 2489 2061 tenebras
2516 2004 2766 2060 obducite

1971 2095 2057 2149 Vze
2090 2097 2217 2150 mibi
2256 2096 2443 2165 lapso!

1748 2186 1863 2241 Non
1892 2198 2053 2256 gutta:
2079 2189 2261 2253 maris,
2291 2203 2396 2242 non
2410 2202 2587 2241 arena:
2608 2185 2823 2249 littoris,

1748 2275 2061 2347 liquantur
2087 2279 2220 2331 meis
2249 2278 2516 2332 scelerum
2545 2276 2787 2345 ﬂagitiis,

1746 2368 2023 2424 Excedunt
2048 2370 2230 2423 stellas
2256 2369 2569 2438 pluviasque
2591 2383 2836 2429 numero,

1955 2458 2195 2513 Pendere
2227 2469 2455 2514 montes.

1754 2550 1887 2603 Nam
1920 2550 2115 2619 quibus
2135 2564 2240 2605 non
2270 2552 2370 2605 sim
2396 2551 2541 2606 vitiis
2570 2552 2851 2605 obnoxius.

1743 2641 1840 2705 Qui
1876 2641 2055 2708 pravis
2081 2655 2292 2709 semper
2322 2643 2583 2696 deservivi
2619 2644 2901 2699 moribus?

1753 2730 1864 2786 Uro
1890 2729 2117 2800 solutus,
2147 2732 2325 2791 carnis
2353 2740 2458 2793 vixi
2498 2739 2723 2806 legibus,

1960 2829 2165 2883 Fluxus
2194 2830 2245 2883 in
2275 2829 2399 2883 iuta.

1750 2919 1939 2989 Sprevi
1969 2929 2258 2989 praecepta,
2294 2936 2454 2975 ausus
2480 2937 2599 2975 sum
2633 2922 2920 2989 prohibita,

1749 3006 1936 3062 Plures
1960 3009 2128 3063 everti
2154 3024 2317 3077 prava
2349 3026 2443 3078 per
2467 3010 2661 3075 judicia
2688 3026 2701 3063 :

1744 3097 1947 3153 Noxius
1974 3100 2124 3163 tttilti,
2154 3100 2274 3152 aliis
2308 3100 2532 3162 inutilis,

1948 3189 2143 3243 Arctor
2167 3190 2434 3257 utrinque.

1743 3280 1858 3335 Non
1889 3281 2083 3335 cmlum
2114 3284 2305 3352 dignus
2330 3283 2498 3335 oculis
2526 3282 2787 3349 aspicere,

1743 3370 1856 3425 Non
1886 3371 1977 3427 Dei
2010 3388 2203 3426 nomen
2243 3372 2397 3425 labiis
2417 3374 2749 3440 exprimere;

1742 3460 1999 3518 Prohibet
2022 3465 2149 3517 mdis
2181 3463 2527 3516 sacrmlimen
2558 3474 2732 3518 terere

1953 3552 2117 3623 Culpa
2150 3555 2477 3609 remordens.

1742 3641 1893 3695 Nune
1924 3658 2137 3711 quoque
2169 3644 2336 3696 sacris
2367 3645 2577 3697 deditus
2599 3646 2869 3713 obsequiis

1746 3731 1957 3785 Veteris
1982 3732 2102 3785 \itm
2131 3733 2377 3785 stitnulor
2398 3732 2662 3787 illecebris
2706 3750 2718 3783 :

1745 3820 1815 3876 Ut
1839 3820 2118 3890 fugitivum
2158 3830 2403 3891 repetunt
2435 3823 2488 3877 in
2522 3823 2799 3877 famulum.

1951 3910 2076 3963 Jura
2110 3913 2351 3981 tyranni.

1734 4002 1919 4056 Conor
1940 4004 1991 4056 in
2020 4003 2168 4068 fietu,
2196 4006 2330 4074 riget
2360 4020 2454 4059 cor
2478 4005 2767 4074 lapideum,

1740 4092 1994 4147 Precibus
2028 4095 2186 4159 insto,
2215 4110 2377 4163 vagus
2413 4097 2523 4149 abit
2549 4097 2788 4165 Spiritus,

1743 4182 1948 4237 Lumen
1971 4185 2199 4253 inquiro,
2233 4187 2465 4240 tenebrae
2498 4187 2936 4255 phantasmatum

1946 4275 2197 4329 Protinus
2224 4279 2436 4331 adsunt.

1744 4364 1976 4420 Ell'erum
2008 4367 2106 4431 ira,
2138 4370 2397 4422 tumidum
2432 4371 2703 4438 superbia,

1742 4457 1971 4513 Edacem
2004 4459 2145 4529 gula,
2174 4476 2367 4514 vanum
2401 4464 2715 4521 cenodoxia.

1740 4548 1989 4601 Omnium
2023 4547 2271 4603 frendens
2302 4552 2585 4604 criminum
2617 4552 2890 4605 barbaries

1949 4639 2187 4695 Subdere
2219 4651 2407 4695 tentat.

1739 4730 2133 4805 Steperesistn,
2169 4749 2425 4801 armaque
2458 4736 2711 4802 corripio,

1739 4825 1866 4879 Mihi
1895 4840 2237 4892 congressus,
2276 4840 2483 4879 mecum
2510 4826 2621 4893 ipse
2646 4828 2842 4880 dimico
2870 4867 2882 4887 ,

1735 4909 1841 4968 Sed
1874 4914 1973 4983 legi
2007 4915 2186 4968 carnis
2213 4914 2295 4967 lex
2324 4916 2449 4968 dum
2470 4916 2611 4969 cedit
2642 4918 2885 4985 spiritus,

1949 5004 2134 5060 Praeda
2166 5007 2225 5060 lit
2255 5008 2418 5063 hosti.

1736 5094 1889 5163 Saepe
1921 5096 2098 5151 divino
2128 5099 2247 5167 igne
2272 5115 2365 5152 cor
2390 5101 2720 5162 accenditur,

1738 5183 1918 5253 Seque
1956 5189 2340 5242 transcenderis
2372 5205 2520 5243 mens
2548 5192 2597 5242 in
2630 5191 2735 5244 alta
2763 5191 2993 5259 rapitur,

1732 5270 1841 5329 Sed
1862 5274 2106 5345 genuina:
2127 5277 2438 5345 corruptelae
2462 5278 2656 5333 labitur

1944 5363 2186 5421 Pondere
2210 5381 2412 5435 pressa.

1734 5452 1851 5507 Lux
1880 5454 2157 5510 inaccessa
2186 5456 2368 5519 micat,
2400 5466 2455 5509 ut
2481 5470 2576 5526 per
2601 5457 2839 5522 rimulas,

1732 5544 1828 5598 Cui
1858 5559 2009 5599 mens
2041 5545 2242 5599 intenta
2268 5546 2515 5600 sitienter
2540 5547 2775 5610 inhians,

1736 5634 1899 5702 Cujus
1924 5637 2140 5691 obtutus
2162 5652 2289 5691 ecce
2312 5637 2493 5691 carnis
2526 5638 2750 5691 nbvians

1953 5726 2145 5782 Umbra
2175 5728 2431 5783 retundit.
2610 5795 2615 5799 ο

1744 5817 1918 5874 llustis
1946 5820 2148 5888 antiqui
2184 5820 2301 5873 telis
2332 5821 2473 5873 tnille
2502 5835 2737 5874 saucmm

3434 560 3592 614 l’lorn
3614 571 3944 630 peremptam
3974 560 4025 613 in
4054 557 4284 627 peccatis
4310 556 4547 610 animam
4582 574 4595 609 :

3434 651 3533 716 Qui
3565 652 3801 705 vacuasti
3826 650 4012 705 mortis
4027 648 4149 716 jura
4180 655 4437 704 mortuus.

3644 742 3747 795 Per
3778 753 3827 795 te
3856 747 4117 808 resurgat.

3431 831 3613 885 Palma
3644 834 3934 897 justornm,
3968 844 4195 899 spesque
4221 828 4620 897 ptenitentium,

3434 922 3531 986 Da,
3553 922 3785 984 Christe,
3816 936 4054 984 manum,
4081 929 4134 973 et
4164 917 4439 989 profundis
4469 929 4692 973 erutum

3434 1012 3594 1068 Solve
3622 1015 3879 1081 peccatis,
3912 1012 4033 1065 hinc
4060 1010 4128 1063 ab
4148 1008 4546 1063 imminentibus

3676 1102 3835 1170 Eripe
3865 1102 4039 1155 noxis.

3429 1193 3533 1264 55
3564 1192 3643 1246 Tu
3671 1194 3988 1263 peccatricis
4012 1194 4273 1263 lacrymas
4318 1206 4423 1245 non
4458 1190 4669 1258 respuis
4702 1206 4715 1241 :

3430 1286 3507 1338 Tu
3536 1285 3875 1353 publicanum
3899 1285 4245 1353 paenitentem
4270 1282 4460 1350 recipis
4489 1298 4502 1334 :

3431 1373 3605 1427 Vitam
3633 1372 3826 1427 latroni
3846 1372 3956 1440 jam
3983 1373 4035 1425 in
4069 1379 4238 1425 morte
4258 1370 4428 1440 posito

3644 1462 3720 1519 Te
3743 1464 3873 1520 dare
3900 1463 4149 1534 spondes.

3428 1554 3532 1610 Per
3556 1556 3694 1619 haec,
3723 1563 3774 1608 te
3801 1568 4001 1623 quaeso,
4036 1552 4252 1623 pietatis
4283 1551 4508 1615 viscera,

3434 1647 3501 1700 Et
3530 1661 3615 1701 me
3644 1646 3709 1701 de
3731 1646 3924 1701 vinclis
3954 1654 4031 1698 tot
4061 1644 4337 1712 culparum
4367 1642 4564 1698 libera:

3430 1736 3637 1790 Mereor
3658 1736 3817 1800 iram,
3848 1733 4061 1788 eﬂ‘unde
4085 1730 4442 1795 clementiam,

3643 1825 3782 1879 Fons
3811 1824 4048 1893 pietatis.

3428 1920 3499 1973 Da
3530 1918 3634 1971 tuis
3666 1932 3878 1985 semper
3896 1918 4163 1985 obsequar
4192 1917 4447 1985 imperiis,

3422 2008 3619 2076 Sicque
3657 2006 3904 2075 supernis
3930 2006 4145 2076 dignum
4175 2006 4337 2061 redde
4362 2004 4608 2075 praemiis,

3421 2098 3519 2165 Qui
3551 2096 3692 2150 Patri
3716 2112 3953 2167 compar,
3981 2104 4273 2165 sanctoque
4301 2094 4543 2165 Spiritui,

3635 2186 3837 2240 Cuncta
3859 2186 4143 2256 gubernas.
4169 2185 4357 2239 Amen.

3476 2277 3702 2331 CCXXI.
3736 2277 3812 2330 De
3842 2277 4084 2329 abbatum
4112 2275 4320 2329 miseria
4350 2275 4629 2345 rhythmis.

3562 2369 3754 2439 Luget,
3778 2368 3987 2438 plorat,
4014 2366 4339 2421 lamentatur

3497 2464 3696 2517 Sancta
3725 2476 3866 2516 nunc
3893 2459 4152 2525 Ecclesia,

3492 2554 3627 2607 Cum
3659 2566 3878 2608 suorum
3910 2561 4112 2607 tantam
4150 2551 4287 2606 videt

3501 2645 3770 2703 Abhauun
3794 2644 4090 2714 miseriam,

3501 2740 3567 2793 Et
3588 2754 3772 2793 eorum
3803 2740 4195 2809 contemplatur

3496 2829 3715 2883 Diversa
3745 2829 4001 2898 pericula.

3566 2917 3752 2972 Nullus
3779 2932 3916 2987 pene
3952 2920 4116 2972 abbas
4142 2919 4296 2972 modo

3491 3007 3645 3062 Valet
3671 3021 3789 3062 esse
3815 3010 4129 3070 monachus,

3498 3097 3635 3151 Dum
3664 3098 3936 3152 diversum
3956 3107 4010 3152 et
4031 3098 4275 3151 nocivum

3494 3188 3736 3243 Sustinet
3757 3189 4028 3258 negotium
4062 3202 4088 3241 ν

3493 3280 3577 3345 Et,
3604 3282 3746 3351 quod
3777 3282 3905 3334 velit
3931 3283 4215 3339 sustinere.

3492 3372 3648 3427 Velut
3681 3372 3897 3440 iniquus
3920 3372 4138 3440 patitur.

3561 3463 3964 3530 Monachorum,
3994 3472 4247 3531 tanquam
4269 3474 4483 3526 servus,

3490 3559 3638 3613 intus
3668 3557 3773 3611 fert
3801 3557 4126 3627 superbiam,

3502 3652 3566 3706 Et
3596 3652 3885 3705 multarum
3917 3650 4047 3704 foris
4079 3665 4254 3703 rerum

3494 3740 3735 3795 Sustinet
3765 3740 4063 3794 molestiam
4088 3758 4100 3801 ;

3498 3830 3649 3883 Hanc
3677 3830 3890 3884 abbatis
3918 3830 4112 3884 collum
4144 3838 4318 3899 portat

3496 3918 3822 3973 Servitutem
3852 3920 4137 3989 geminam.

3564 4008 3892 4078 Spiritaliter
3917 4008 4166 4063 abbatem

3501 4100 3698 4156 Volunt
3726 4103 3921 4154 fratres
3952 4100 4067 4153 vive
4077 4115 4149 4163 re,

3496 4190 3560 4245 Et
3581 4206 3677 4259 per
3706 4204 3898 4244 causas
3920 4188 4203 4243 saeculares

3490 4280 3701 4349 COgunt
3734 4279 3881 4333 illum
3912 4294 4167 4348 pergere'

3487 4370 3591 4425 Per
3612 4381 3718 4425 tam
3742 4372 3919 4440 itaque
3940 4372 4148 4424 diversa

3487 4460 3620 4527 Quis
3648 4462 3785 4514 valet
3812 4461 4101 4515 incedere?

3563 4549 3697 4603 Nam
3729 4551 3849 4604 dum
3872 4553 4094 4619 equitat,
4121 4565 4238 4603 mox
4265 4564 4383 4604 esse

3492 4642 3699 4695 Dicitur
3723 4642 3964 4709 vagatio;

3486 4732 3613 4801 Ejus
3637 4746 3865 4800 namque
3896 4730 4159 4785 bebetudo

3494 4822 3585 4875 Est
3606 4821 3912 4875 claustralis
3942 4822 4136 4883 statio;

3488 4914 3760 4984 Quidquid
3784 4917 3948 4969 miser
3970 4915 4123 4982 facit,

3489 5004 3717 5074 Semper
3734 5014 3817 5059 est
3838 5006 4119 5060 detractio.

3560 5094 3942 5162 Delinqnentes
3966 5096 4091 5148 dum
4116 5095 4389 5161 emendat,

3488 5186 3687 5241 Omnes
3714 5186 3948 5241 clamant
3972 5187 4186 5256 impium
4210 5205 4224 5250 ;

3488 5276 3544 5333 Si
3571 5279 3890 5347 quandoque
3914 5278 4017 5332 illis
4056 5278 4247 5347 parcit,

3489 5368 3685 5423 Dicunt
3717 5382 3838 5422 esse
3864 5370 4120 5438 tepidum.

3484 5458 3616 5525 Quis
3643 5465 3877 5527 portare.
3914 5474 4060 5529 rogo,
4090 5459 4229 5513 valet

3488 5550 3687 5622 Vulgus
3715 5561 3826 5607 tam
3849 5553 4189 5623 ambiguum?

3556 5641 3785 5696 Pliinees
3826 5642 3866 5695 si
3892 5642 4135 5698 imitatur
4152 5684 4167 5706 ,

3484 5732 3662 5801 Fugit,
3691 5731 3775 5785 vel
3804 5733 4087 5801 expellitur
4114 5751 4124 5784 :

3494 5820 3550 5876 Si
3578 5820 3680 5887 Eli,
3713 5832 3841 5877 tunc
3882 5825 4140 5877 irridetur

4780 444 4893 501 ,τί
