5962 6504
1127 475 1234 534 075

1334 599 1510 666 Atque
1537 598 1970 667 parvipenditur;
2016 605 2022 613 '

1327 686 1558 741 Odiosus
1589 697 1694 752 est,
1717 690 1762 743 si
1785 688 1997 742 fervens
2023 705 2035 753 ;

1325 776 1394 831 Et
1415 777 1550 840 vilis,
1583 779 1624 832 si
1653 781 1877 849 tepidus.

1397 874 1547 929 Va’let
1572 877 1750 929 forsan
1777 874 2064 928 emendare

1321 963 1511 1019 Facta.
1539 966 1582 1019 si
1614 967 1722 1020 sint
1744 966 1915 1030 levia;

1319 1051 1388 1107 Et
1411 1069 1529 1122 qua:
1554 1057 1685 1109 duas
1706 1063 1913 1109 tantum
1942 1067 2167 1111 DOSt‘nnt

1301 1141 1394 1199 Vel
1419 1161 1580 1199 unam
1612 1146 1857 1211 veniam;

1310 1232 1570 1289 Graviora
1595 1249 1714 1304 quae
1743 1245 1868 1290 sunt
1898 1235 2064 1291 abbas

1308 1324 1628 1395 Supprimit,
1667 1339 1735 1380 ne
1763 1327 1967 1396 pereat.

1379 1403 1512 1469 Nam
1543 1417 1588 1470 si
1616 1415 1740 1470 velit
1762 1418 1829 1472 de
1859 1417 2134 1474 immundo

1300 1494 1607 1574 Quidquam
1637 1507 1782 1578 loqui
1813 1507 1965 1577 vitio,

1303 1596 1688 1654 Honacborum
1714 1600 1968 1655 intestina

1297 1689 1486 1744 Oritur
1504 1692 1717 1755 seditio,

1300 1777 1368 1834 Et
1392 1779 1602 1835 occulte
1630 1781 1811 1835 statim
1841 1780 1959 1850 ejus

1297 1866 1586 1925 Tractatur
1606 1872 1862 1942 perditio.

1361 1959 1469 2030 56
1498 1960 1552 2015 Si
1584 1961 1909 2031 quandoque
1938 1963 2020 2018 vel
2041 1963 2272 2035 jejunat,

1291 2047 1384 2102 Vel
1415 2060 1558 2104 lenet
1587 2052 1861 2107 silentium
1895 2070 1908 2107 ε

1297 2136 1461 2194 νίψω
1478 2142 1622 2197 laudi
1647 2159 1774 2198 mox
1808 2144 2056 2200 abbatem

1282 2234 1476 2287 Dicunt
1503 2251 1622 2291 esse
1647 2237 1885 2292 deditum
1912 2255 1926 2303 ;

1273 2322 1347 2380 Et
1379 2327 1423 2380 si
1449 2324 1701 2396 loquitur.
1727 2329 1810 2383 vel
1837 2329 2076 2395 mandat,

1284 2417 1444 2472 Velut
1472 2419 1557 2472 fur
1585 2421 2022 2491 reprehenditur.

1345 2507 1403 2563 Si
1425 2525 1730 2566 sermonem
1763 2514 1895 2569 facit
1923 2515 2109 2577 abbas,

1286 2597 1587 2655 Denotatur
1605 2603 1852 2672 garrulus
1873 2621 1892 2660 :

1274 2689 1342 2744 Et
1365 2693 1408 2746 si
1439 2703 1620 2748 tacens
1651 2695 1724 2749 nil
1751 2697 1992 2766 exponit,

1273 2779 1576 2837 Denotatur
1601 2785 1810 2849 fatuus;

1262 2868 1380 2924 ﬂuc
1408 2886 1466 2925 se
1491 2883 1662 2927 vertat
1714 2875 1838 2929 illuc
1858 2875 2069 2947 pergat,

1274 2960 1502 3032 Semper
1520 2965 1623 3018 erit
1652 2967 1868 3021 anxius.

1330 3050 1496 3115 Intus,
1524 3054 1674 3118 foris,
1704 3058 1749 3110 si
1782 3054 2062 3129 contingat

1253 3141 1516 3209 Qualibet
1536 3146 1857 3213 adversitas,

1259 3231 1369 3286 lloc
1393 3234 1614 3290 incuria:
1636 3238 1850 3293 abbatis

1250 3323 1470 3379 Fratres
1489 3342 1681 3382 omnes
1713 3332 1970 3400 deputant
1996 3354 2011 3387 :

1251 3412 1402 3470 Illum
1430 3419 1641 3482 rodunt,
1675 3432 1724 3475 et
1749 3425 2044 3493 perroduut

1256 3504 1321 3558 Et
1351 3509 1619 3576 appellant
1646 3512 1890 3569 bestiam.

1321 3595 1522 3653 Domus
1551 3613 1737 3656 sancta
1759 3605 1803 3658 si
1835 3622 1940 3661 non
1972 3617 2201 3676 crescat,

1250 3685 1302 3739 In
1340 3691 1584 3746 abbatem
1613 3695 1906 3752 invehunt:

1245 3775 1299 3829 Si
1335 3793 1564 3846 crescat,
1593 3800 1714 3838 mox
1744 3787 1995 3844 abbatem

1247 3865 1402 3923 Velut
1437 3872 1614 3928 hostes
1639 3887 1928 3946 expetunt;

1250 3959 1322 4017 Ut
1346 3965 1614 4032 incudem,
1646 3969 1725 4023 sic
1749 3971 2003 4028 abbatem

1236 4049 1408 4105 Simul
1430 4069 1606 4110 omnes
1644 4056 1863 4114 feriunt.

1303 4145 1347 4200 Ο
1377 4147 1590 4201 beatum
1620 4152 1724 4206 tale
1744 4163 1922 4224 caput,

1231 4230 1383 4298 Quod
1405 4250 1432 4287 a
1456 4237 1714 4293 membris
1743 4243 1951 4297 roditur
1981 4245 1995 4296 l

1230 4321 1408 4377 Bonus
1431 4335 1636 4393 pastor,
1664 4345 1824 4398 quem
1845 4333 2142 4404 depascunt

1225 4414 1364 4470 Szevi
1385 4418 1571 4474 dentes
1599 4424 1777 4476 ovium
1801 4428 1814 4478 !

1230 4503 1380 4562 Felix
1407 4520 1560 4579 pater
1581 4555 1594 4577 ,
1625 4515 1857 4570 ﬁliorum

1228 4599 1437 4658 Morsus
1464 4607 1615 4660 timet
1635 4608 1911 4667 omnium!

1291 4694 1434 4749 lstud
1467 4699 1665 4752 malum
1691 4707 2077 4763 monachorum

1218 4783 1365 4839 intus
1393 4788 1557 4844 abbas
1584 4792 1798 4860 tolerat,

1219 4873 1569 4935 Saacularium
1593 4896 1648 4937 et
1679 4885 1815 4942 foris

1217 4963 1386 5020 Simul
1415 4981 1594 5038 portat
1619 4990 1810 5038 onera,

1218 5057 1487 5116 Anxiatur
1514 5076 1568 5118 et
1600 5067 1882 5142 tristaturl;

1210 5150 1362 5214 Quod
1394 5153 1470 5208 sic
1502 5170 1751 5223 premant
1770 5165 1975 5220 omnia.

1281 5242 1503 5302 Noctem
1535 5266 1791 5321 namque,
1814 5260 1962 5314 curis
1991 5274 2241 5333 pressus,

1209 5332 1482 5393 Verbosus
1506 5341 1756 5398 dimidiat
1779 5387 1793 5409 ,

1205 5423 1272 5476 Et
1297 5441 1574 5492 auroram.
1605 5441 1663 5486 ut
1689 5434 1944 5504 loquatur

1202 5513 1408 5584 Saepius
1439 5521 1697 5589 anticipat
1718 5541 1734 5590 ;

1134 5660 1136 5662 τ
1199 5603 1393 5661 Totum
1423 5610 1564 5664 diem
1592 5614 1642 5666 in
1670 5614 1937 5686 loquendo

1206 5694 1553 5756 Postmodum
1581 5708 1882 5764 continuat.

1273 5789 1396 5846 H:ec
1422 5802 1476 5846 et
1499 5794 1602 5848 alia
1634 5798 1893 5864 praelatus

1198 5877 1437 5937 Sustinet
1462 5888 1859 5960 quamplurima
1888 5912 1901 5960 ;

2374 477 2681 534 CARMiNA
2723 479 2811 536 ET
2849 482 3128 540 PRECES.

2728 607 2777 666 Δ

3029 606 3336 665 Saeculares
3362 611 3496 667 foris
3527 625 3790 684 pungunt,

3011 699 3160 752 intus
3183 698 3383 756 fratres
3404 701 3691 757 vulnerant
3714 721 3728 768 ;

3020 789 3096 842 Illi
3121 806 3318 860 corpus
3343 805 3747 862 prosequuntur
3770 838 3782 858 ,

3011 879 3076 934 Hi
3108 884 3407 938 corrodunt
3433 885 3669 942 viscera.

3076 970 3197 1040 Die,
3227 975 3471 1042 prmlate,
3489 993 3639 1047 rogo,
3664 980 3848 1042 cbare,

3005 1060 3138 1128 Qum
3161 1072 3244 1118 est
3270 1064 3373 1118 ista
3405 1067 3682 1136 dignitas?

3007 1153 3156 1206 Intus
3182 1154 3352 1221 dolor,
3389 1155 3522 1212 foris
3548 1157 3731 1224 labor;

3008 1241 3150 1299 Hinc
3171 1246 3292 1300 inde
3319 1247 3604 1304 calamitas

2995 1336 3230 1406 Corpus,
3256 1339 3452 1408 lateor,
3478 1343 3545 1398 iis
3574 1345 3735 1399 malis

2996 1423 3250 1483 Perditur
3269 1440 3325 1485 et
3361 1434 3564 1487 anima.

3063 1518 3197 1586 Quis
3222 1521 3502 1593 abbatum,
3527 1542 3682 1598 rogo,
3717 1529 3864 1586 valet

2991 1607 3198 1666 Ferrea
3234 1628 3380 1668 nunc
3403 1625 3669 1688 tempore,

2988 1699 3139 1754 lnter
3162 1712 3240 1756 tot
3272 1704 3620 1763 calamitates

2995 1787 3190 1860 Virgas
3215 1792 3360 1848 ferre
3383 1795 3594 1854 fertiles
3613 1799 3637 1851 2

2987 1878 3156 1936 Prtela
3165 1892 3338 1939 torum
3371 1897 3519 1942 certe
3544 1891 3705 1945 modo

2981 1971 3122 2026 Sunt
3144 1975 3379 2032 honores
3404 1981 3641 2038 steriles.

3047 2065 3146 2120 His
3173 2068 3493 2136 honoribus,
3528 2075 3753 2132 abbates

2975 2154 3300 2224 Venerandi,
3332 2164 3511 2219 cedite
3534 2183 3548 2230 ;

2967 2246 3145 2302 Grave
3174 2253 3385 2318 pondus
3409 2264 3465 2309 et
3489 2257 3646 2312 inane

2966 2332 3124 2392 Ultro
3141 2335 3254 2405 jam
3287 2341 3539 2412 abjicite;

2965 2426 3036 2481 Et
3054 2429 3120 2484 de
3145 2440 3342 2488 caetero
3371 2435 3543 2506 quieti

2962 2519 3042 2574 At:
3072 2524 3249 2577 securi
3275 2526 3458 2579 vivite.

4289 501 4398 566 νη

2749 2625 2857 2698 57
2894 2627 3146 2710 CCXXII.
3193 2635 3266 2710 De
3309 2640 3549 2696 omnibus
3596 2647 3865 2703 ordinibus
3895 2653 4127 2708 omnium
4174 2654 4345 2710 Itami-

2873 3658 2905 3669 ad

2964 2718 3089 2757 num
3117 2708 3172 2759 in
3199 2709 3294 2762 hoc
3324 2711 3518 2765 saeculo
3550 2717 3826 2773 viventium
3857 2723 4086 2778 rubrica.

3103 2822 3381 2896 Episcopi,
3413 2833 3700 2899 attendite.

3025 2910 3127 2967 ‘Dei
3159 2917 3321 2971 verba
3355 2921 3673 2981 discernite:

3026 3000 3192 3059 Vobis
3220 3012 3477 3080 praecepit
3511 3014 3773 3072 Dominus

3019 3088 3134 3147 'Pro
3159 3099 3356 3153 vestris
3378 3103 3517 3157 mori
3542 3105 3756 3162 ovibus.

3087 3182 3145 3240 Si
3173 3186 3337 3254 bona,
3375 3207 3496 3262 quae
3531 3194 3837 3267 loquimini,

3021 3272 3288 3344 Operibus
3320 3279 3585 3353 feceritis,

3020 3362 3280 3437 Exempla
3306 3372 3451 3428 bona
3481 3377 3682 3434 dabitis

3020 3453 3227 3511 Vestris
3257 3465 3565 3520 commissis
3597 3459 3740 3525 liiiis.

3080 3546 3418 3621 Presbyteri,
3444 3557 3680 3625 diaconi,

3015 3635 3118 3705 Qui
3153 3640 3304 3696 fertis
3342 3661 3468 3700 vasa
3501 3649 3712 3707 Domini

3006 3728 3193 3787 Estote
3222 3750 3437 3805 semper
3467 3743 3622 3796 nitidi

3011 3819 3071 3874 In
3104 3837 3399 3895 conspectu
3421 3831 3710 3890 Altissimi.

3072 3913 3176 3982 Qui
3209 3920 3320 3972 vult
3344 3937 3466 3978 esse
3493 3931 3816 4000 canonicus,

3003 4001 3091 4058 Sit
3114 4005 3294 4063 bonus
3315 4019 3370 4065 et
3396 4013 3642 4083 idoneus,

3001 4090 3236 4152 Obediat
3268 4102 3542 4175 episeopo,

3002 4178 3072 4239 Ut
3093 4189 3297 4244 seniori
3322 4193 3546 4264 inclyte.

3071 4275 3157 4332 Ad
3183 4286 3509 4342 matutinum
3537 4293 3737 4358 veniat,

2992 4362 3130 4421 Cum
3161 4372 3373 4442 signum
3416 4379 3563 4434 horae
3587 4396 3839 4455 resonat;

2993 4454 3298 4532 Postposila
3328 4470 3551 4536 pigritia

2990 4543 3236 4607 Festinet
3267 4558 3333 4610 ad
3357 4559 3552 4618 cilicia.

3057 4640 3282 4701 Plebani
3326 4664 3472 4708 recte
3508 4659 3730 4716 audiant

2982 4727 3138 4796 Quod
3166 4740 3336 4793 sancti
3366 4753 3552 4811 patres
3582 4749 3866 4812 clamitant
3897 4777 3906 4815 :

2990 4817 3058 4874 Ut
3085 4828 3346 4894 acquisita
3378 4839 3580 4901 pradia

2982 4908 3311 4987 Relinquant
3337 4925 3388 4976 in
3424 4927 3685 4986 Ecclesia.

3057 5005 3315 5079 Magister
3340 5015 3534 5075 doctus
3562 5022 3760 5080 litteris

2990 5093 3222 5167 Flagella
3254 5104 3345 5158 det
3368 5107 3648 5179 discipulis
3680 5133 3694 5170 :

2979 5183 3071 5253 Ut,
3105 5191 3246 5246 docti
3279 5197 3349 5249 ab
3377 5198 3636 5269 infantia,

2975 5275 3291 5339 Doctrinam
3312 5290 3451 5345 bene
3478 5298 3710 5366 sapiant.

3052 5371 3357 5443 Scriptores
3380 5395 3526 5438 recta
3551 5388 3690 5446 linea

2975 5459 3209 5524 Veraces
3237 5474 3483 5532 scribant
3511 5480 3744 5552 litteras,

2974 5554 3362 5618 Distinctiones
3388 5572 3636 5639 praprias

2971 5645 3154 5719 Usque
3184 5653 3236 5708 in
3273 5655 3432 5712 linem
3466 5667 3808 5733 compleant.

3047 5740 3360 5802 lllitteratus
3391 5752 3622 5809 clericus

2962 5831 3196 5890 Elalioui
3229 5841 3464 5909 deditus,

2967 5921 3280 5995 Despicicns
3314 5941 3595 6005 mysteria,
