5962 6484
1571 465 1672 520 975

2398 454 2459 512 S.
2497 451 2702 510 PETRI
2745 448 3025 508 DAMIAN!
3067 446 3216 506 OPP.
3249 442 3485 502 TOMUS
3515 444 3642 503 SEU
3682 445 3860 502 PARS
3900 444 3985 503 IV.

1852 579 1918 636 Ut
1953 579 2109 633 stulta
2133 577 2278 648 jacet
2297 576 2487 632 bestia.

1919 668 2185 722 Discurrit
2209 680 2305 735 per
2336 663 2616 719 basilicam

1853 759 1958 813 Pro
1986 759 2220 812 vanitate
2244 757 2438 818 nimia;

1848 851 1902 903 In
1930 849 2049 904 loco
2075 849 2118 904 si
2141 848 2518 918 permanserit,

1846 938 2072 994 Cervice
2098 948 2236 992 torta
2267 937 2525 1007 respicit;

1912 1025 2089 1082 Verba
2118 1026 2211 1081 Dei
2241 1041 2348 1080 non
2375 1024 2609 1086 nuntiat,

1842 1117 2100 1174 Privatim
2127 1131 2336 1185 semper
2352 1115 2600 1169 mussitat
2620 1129 2635 1173 ;

1844 1207 1916 1264 Et
1943 1208 2134 1263 recitat
2155 1203 2438 1276 parabolas

1840 1297 2031 1354 lnanes
2059 1307 2219 1366 atque
2246 1309 2462 1350 vacuas.

1902 1386 2139 1443 Abbates
2165 1400 2374 1456 semper
2395 1382 2640 1454 vigilem,

1839 1476 1924 1532 Ab
1951 1477 2097 1531 omni
2126 1489 2356 1545 namque
2386 1473 2637 1536 crimine.

1839 1566 1953 1624 Non
1981 1582 2080 1638 pro
2109 1569 2292 1622 mundi
2317 1565 2518 1621 astutia

1846 1657 2044 1713 Sancta
2069 1658 2376 1726 relinquant
2403 1654 2606 1712 studia.

1906 1749 2022 1805 Non
2053 1758 2227 1819 potest
2248 1764 2365 1804 esse
2391 1746 2689 1803 monachus

1839 1842 1940 1908 Qui
1971 1854 2136 1911 vagus
2156 1850 2258 1905 est,
2292 1838 2648 1909 improvidus‘

1845 1930 1902 1986 Si
1924 1929 2052 1984 vivit
2079 1930 2200 1983 sine
2226 1929 2428 1999 regula,

1843 2019 2048 2075 Peribit
2071 2027 2244 2074 morte
2267 2020 2523 2088 pessima.

1915 2109 2027 2164 Deo
2061 2109 2241 2164 devoti
2267 2107 2538 2172 monachi.

1843 2199 2067 2258 Servate
2085 2199 2256 2269 legem
2280 2200 2500 2268 optime,

1849 2287 2101 2345 Viventes
2135 2296 2286 2343 casto
2314 2301 2569 2355 corpore.

1839 2378 2075 2436 Terrena
2100 2385 2295 2433 cuncta
2323 2376 2583 2446 spernite.

1916 2472 2160 2528 Petestas
2187 2480 2268 2527 est
2291 2472 2345 2525 in
2373 2469 2576 2539 populo

1843 2563 1887 2616 Δ
1915 2577 2125 2618 summo
2151 2562 2275 2616 data
2303 2561 2534 2616 Domino

1845 2655 1910 2710 Et
1936 2670 2057 2710 cum
2085 2655 2302 2710 fide.....

1843 2747 1945 2816 Qui
1979 2755 2318 2803 sacramenta
2348 2745 2615 2803 fecerant.

1913 2837 2021 2893 Pro
2051 2836 2197 2893 nullo
2224 2827 2363 2893 male
2390 2838 2609 2899 merito.

1844 2927 1940 2982 Vel
1965 2927 2218 2996 placitato
2256 2928 2452 2998 pretio.

1839 3025 1945 3077 Aut
1970 3025 2148 3093 aliqua
2177 3022 2437 3086 amicitia,

1841 3114 2030 3173 Vertat
2053 3127 2173 3169 vera
2189 3112 2413 3182 judicia.

1901 3208 2072 3263 ludes
2101 3206 2292 3260 sedens
2319 3205 2372 3259 in
2402 3203 2600 3275 placito

1839 3294 1953 3367 δε
1980 3298 2089 3349 Non
2113 3306 2293 3365 speret
2317 3297 2382 3353 de
2403 3296 2653 3357 lucratio,

1838 3383 1953 3444 Sed
1983 3383 2148 3440 Deum
2179 3395 2322 3440 recte
2353 3385 2556 3448 timeat.

1837 3477 1919 3534 Et
1950 3477 2120 3548 legem
2151 3478 2258 3533 cito
2287 3477 2459 3532 finiat.

1911 3567 2102 3626 Testes
2120 3610 2133 3633 ,
2159 3584 2256 3639 pro
2282 3570 2425 3624 nullo
2449 3584 2670 3625 munero

1844 3656 2006 3714 Falsa
2030 3658 2172 3726 loqui
2201 3659 2524 3726 prasnntite.

1842 3747 1950 3804 Sed
1981 3763 2101 3802 vera
2131 3747 2289 3802 verba
2321 3749 2485 3802 dicito

1844 3839 2119 3897 Praesente
2139 3854 2263 3896 vero
2289 3838 2558 3908 Principe.

1920 3933 2154 3988 Veraces
2178 3933 2285 3986 sint
2316 3929 2539 3994 notarii.

1862 4023 2107 4080 l'enendo
2134 4022 2291 4078 fidem
2315 4022 2482 4076 animi
2516 4037 2531 4075 :

1848 4113 1960 4170 Nec
1980 4127 2215 4184 unquam
2236 4127 2334 4183 pro
2364 4111 2601 4168 denariis

1844 4203 2007 4260 Falsa
2036 4201 2275 4257 scribant
2295 4201 2348 4256 in
2377 4200 2653 4256 chartulis.

1921 4291 2288 4350 Castaldiones
2314 4291 2514 4362 populi,

1847 4385 1917 4441 Et
1942 4399 2130 4440 omnes
2165 4383 2508 4448 vicedomini,

1850 4474 1927 4532 Ne
1951 4483 2234 4544 torqueant
2246 4473 2533 4542 justitiam,

1853 4565 1964 4621 Nec
2007 4564 2327 4620 manducent
2359 4564 2598 4619 servitia.

1929 4653 2199 4710 Tcnentes
2225 4653 2540 4717 ministeria,

1858 4748 1990 4803 Cum
2029 4745 2182 4801 malis
2210 4760 2314 4800 non
2344 4745 2686 4810 conveniant.

1855 4839 2021 4895 Recte
2051 4847 2228 4892 tamen
2259 4838 2588 4900 deserviant.

1855 4928 1931 4985 Ne
1956 4929 2094 4982 bona
2125 4927 2352 4996 perdant
2380 4927 2591 4980 merita.

1929 5019 2289 5074 Advocatores
2313 5017 2509 5086 placita

1855 5108 1933 5165 Ne
1968 5108 2214 5162 fraudem
2236 5117 2351 5163 arte
2370 5108 2580 5177 aliqua;

1866 5198 2127 5254 Relaxent
2160 5199 2336 5251 cordis
2360 5199 2508 5259 vitia,

1860 5291 1927 5347 Et
1951 5291 2239 5358 exquirant
2261 5288 2482 5354 judicia.

1939 5378 2121 5433 Nullus
2144 5376 2503 5438 consiliarius,

1862 5471 1970 5526 Aut
1995 5471 2368 5530 auricularius.

1867 5562 2093 5630 Propter
2118 5564 2382 5614 mundana
2415 5575 2694 5630 prospera,

1865 5655 1935 5710 Se
1965 5653 2197 5710 confidat
2225 5653 2276 5708 in
2307 5653 2495 5723 gloria.

1939 5745 2126 5800 liissus
2165 5746 2454 5815 prudenter
2488 5745 2660 5814 sapiat

1875 5834 2143 5902 Enarrsre
2171 5837 2466 5901 missatiea,

3166 572 3212 623 Α

3164 1914 3210 1971 ll

3530 561 3606 615 Ne
3634 561 3964 632 stupefactus
3991 561 4204 631 publica

3528 651 3760 706 Verbum
3787 652 3931 706 dicat
3955 653 4163 707 inutile.

3584 738 3828 794 Nutritus
3853 749 4015 810 atque
4039 740 4268 808 wpietis.

3523 831 3744 888 Timens
3774 833 3941 886 Deum
3967 833 4249 889 veraciter.

3519 924 3795 980 Amandus
3826 932 3912 980 est
3936 939 3966 978 a
3997 925 4242 987 Domino.

3518 1012 3841 1070 Laudandus
3861 1023 3944 1070 est
3965 1031 3993 1069 a
4019 1016 4234 1087 populo.

3594 1109 3858 1177 Receptor
3885 1108 4069 1164 celans
4103 1109 4252 1171 vitia,

3522 1196 3592 1253 Ut
3620 1197 3754 1253 falsa
3785 1199 3929 1253 canit
3956 1200 4148 1258 Iistula.

3519 1289 3763 1344 Ridetth
3796 1290 3955 1344 verba
3981 1289 4176 1344 dudum

3516 1379 3573 1433 ιιι
3599 1382 3761 1434 corde
3785 1379 3922 1434 male
3953 1382 4201 1435 seminat.

3587 1470 3872 1542 llypocrita
3900 1485 3958 1525 se
3983 1470 4239 1526 simulans

3519 1558 3682 1613 ldulta
3710 1561 3991 1615 abscondit
4012 1561 4164 1623 vitia,

3528 1649 3744 1704 Vultum
3776 1653 4109 1707 demonstrat
4131 1652 4420 1721 placidum,

3517 1739 3574 1794 ln
3595 1742 3757 1796 corde
3783 1753 3955 1810 portat
3984 1744 4237 1813 gladium.

3587 1835 3798 1892 Ebriosi
3823 1839 4112 1893 miserrimi

3522 1926 3818 1983 lnfremunt
3841 1938 3898 1984 ut
3923 1931 4239 2000 phrenetici,

3519 2020 3709 2076 Mentis
3732 2023 3961 2092 perdunt
3987 2025 4322 2088 memoriam,

3515 2109 3656 2166 Nihil
3676 2113 3803 2167 boui
3828 2115 4150 2185 excogitant.

3590 2202 3786 2256 Audite
3810 2203 3992 2270 etiam,
4017 2205 4158 2269 laici,

3515 2291 3614 2358 Qui
3643 2292 3856 2348 Christo
3887 2292 4216 2350 famulamini
4256 2316 4267 2349 :

3517 2383 3622 2438 Pro
3650 2383 3759 2438 ullo
3785 2399 4018 2454 unquam
4057 2387 4304 2452 crimine,

3520 2470 3774 2527 Pastores
3796 2487 3899 2526 non
3933 2475 4220 2544 despicite;

3519 2560 3782 2630 Operibus
3810 2561 4068 2631 perficite,

3513 2653 3572 2710 ιη
3603 2653 3854 2708 cordibus
3877 2655 4181 2712 describite.

3587 2747 3889 2817 Antequam
3923 2763 4068 2804 mors
4097 2751 4369 2816 adveniat,

3520 2835 3631 2891 Deo
3670 2837 3865 2893 donate
3893 2839 4128 2896 decimas
4161 2857 4174 2895 :

3530 2927 3719 2983 Securi
3751 2929 3877 2984 hinc
3898 2931 4138 2996 exibitis,

3519 3018 3587 3073 Et
3611 3019 3803 3074 ctelum
3835 3021 4195 3090 possidebitis.

3592 3108 3803 3165 Uxores
3833 3125 3958 3167 vero
3988 3113 4217 3184 diligite,

3521 3199 3683 3256 Natos
3711 3212 3919 3259 vestros
3944 3205 4232 3275 corripite;

3518 3294 3623 3350 Sed
3651 3309 3747 3350 vos
3770 3298 3992 3353 ancillas
4015 3300 4198 3372 regite.

3520 3386 3666 3458 Opus
3685 3390 3764 3444 eis
3793 3391 4102 3462 impendite.

3595 3477 3695 3544 Qui
3729 3479 3881 3535 timet
3910 3481 4074 3537 Deum
4098 3484 4328 3539 omnium

3521 3563 3636 3622 Non
3655 3567 3796 3636 juret
3822 3584 3917 3638 per
3961 3573 4232 3642 negotium
4266 3590 4278 3625 :

3519 3655 3630 3711 Nec
3652 3671 3750 3726 pro
3775 3661 4215 3728 concupiscentia

3524 3743 3697 3800 Ullius
3721 3747 3934 3803 fraudet
3963 3751 4154 3818 pretia.

3601 3835 3775 3890 Duces
3795 3853 3917 3893 eum
3945 3838 4219 3894 beneficiis

3528 3923 3611 3978 Ad
3639 3923 3870 3980 invicem
3893 3928 4234 3993 conveniant,

3524 4015 3634 4071 Deo
3659 4030 3780 4071 cum
3808 4016 3910 4072 ﬁde
3939 4019 4192 4074 serviant.

3535 4106 3644 4177 59
3673 4106 3820 4164 Miles
3849 4109 3914 4164 ad
3939 4124 4166 4179 pugnam
4193 4126 4484 4185 peragrans

3527 4197 3695 4251 Deum
3725 4197 3780 4252 in
3800 4208 3981 4256 mente
4010 4210 4188 4256 teneat
4223 4216 4239 4256 :

3534 4287 3765 4344 Fillones
3795 4303 4005 4358 semper
4033 4301 4252 4346 caveant

3531 4377 3608 4433 Ne
3630 4379 3813 4434 dicant
3843 4380 3963 4450 plus
3986 4397 4142 4451 quam
4174 4383 4392 4440 audiant
4420 4402 4435 4439 :

3607 4469 3886 4525 Placentes
3908 4487 4004 4542 per
4036 4474 4369 4528 mendacium

3536 4558 3822 4614 Peccatum
3845 4571 4008 4631 agunt
4036 4564 4353 4627 maximum;

3545 4649 3692 4707 Viles
3727 4661 3984 4722 apparent
4008 4655 4223 4718 saeculo,

3540 4741 3605 4794 Et
3627 4749 3750 4796 sunt
3775 4742 3828 4795 in
3864 4743 4150 4811 vituperio.

3616 4829 3858 4885 Potestas
3889 4833 4106 4886 mundet
4137 4833 4284 4896 vitia,

3541 4922 3704 4977 Furta
3730 4934 3783 4977 et
3804 4923 4079 4980 latrocinia
4111 4941 4125 4988 ;

3544 5015 3614 5068 Ut
3642 5015 3842 5080 cteteri,
3873 5014 4144 5082 perterriti

3542 5101 3792 5158 Timeant
3812 5118 4024 5170 pmnam
4050 5105 4324 5173 consequi.

3614 5193 3923 5261 Conjugata:
3946 5192 4172 5258 feminm,

3543 5283 3748 5338 Tenete
3775 5284 3931 5337 fidem
3967 5287 4214 5352 provide;

3546 5373 3746 5428 Domos
3776 5383 3981 5426 vestras
4015 5374 4296 5442 disponite,

3549 5464 3631 5516 Ad
3664 5463 3917 5532 templum
3951 5464 4045 5519 Dei
4075 5463 4294 5521 currite.

3623 5554 3822 5608 Mutate
3850 5565 4076 5621 vestem,
4107 5557 4298 5621 videte,

3549 5645 3606 5698 In
3634 5644 3881 5700 castitate
3917 5646 4075 5700 vivite
4107 5665 4118 5699 :

3561 5736 3918 5792 Luxuriantes
3942 5737 4129 5808 fugite,

3539 5827 3625 5882 Ne
3649 5830 3850 5898 possint
3881 5843 3972 5884 vos
4000 5832 4049 5883 dt
4068 5834 4262 5900 cipere.

4693 437 4773 499 9’33
