5962 6442
1091 423 1220 490 9T)

2364 430 2675 490 CARIINA
2713 431 2801 491 ET
2843 431 3135 493 PRECES.

1462 532 1660 592 Puella
1684 549 1744 592 se
1768 539 2078 594 custodiant

1396 624 1479 682 Ab
1506 628 1654 682 omni
1681 642 1821 684 vana
1853 629 2049 701 gloria,

1392 716 1468 771 Ne
1490 715 1774 785 juventute
1805 719 2011 776 fervida

1391 807 1601 863 Cadant
1631 812 1687 864 in
1720 811 2010 868 adulteria.

1459 897 1795 966 Meretrices,
1827 905 2150 974 convertite,

1397 990 1619 1046 Veniam
1650 993 1803 1048 vobis
1827 995 2054 1064 quaerite
2078 1014 2091 1050 :

1391 1077 1493 1144 Qui
1522 1094 1734 1150 semper
1766 1081 1904 1137 solet
1920 1097 2145 1152 parcere

1388 1168 1678 1239 Exspectat
1701 1186 1796 1227 vos
1821 1175 2082 1242 quotidie.

1461 1256 1638 1324 Servi,
1665 1275 1788 1316 cum
1815 1271 1963 1319 recto
1984 1265 2169 1324 animo

1389 1347 1580 1404 Vestro
1603 1352 1805 1406 servile
1833 1354 2054 1411 domino
2092 1374 2107 1412 :

1383 1438 1607 1494 Ancillae
1632 1452 1688 1496 et
1712 1443 1920 1500 utiliter

1385 1529 1704 1588 Deserviant
1725 1536 2000 1593 similiter.

1451 1621 1509 1675 ln
1543 1626 1818 1693 prosperis
1847 1627 2116 1696 lartitiam.

1380 1711 1436 1766 in
1463 1715 1711 1770 adversis
1738 1715 2020 1773 tristitiam

1386 1802 1561 1872 Supra
1588 1809 1806 1861 modum
1834 1822 1943 1864 non
1968 1809 2169 1867 habeat

1382 1893 1498 1949 Ulla
1531 1896 1707 1952 lidelis
1735 1897 1938 1953 anima.

1450 1984 1553 2051 Qui
1590 1987 1772 2042 vivitis
1800 1989 1853 2043 in
1895 1990 2113 2056 saeculo,

1377 2070 1600 2142 Omnes,
1630 2078 1834 2135 servile
1863 2080 2115 2148 Domino,

1375 2166 1442 2223 Ut
1461 2168 1564 2238 juti
1592 2184 1689 2224 sua
1715 2171 1938 2228 dextera

1375 2259 1630 2332 Regnetis
1657 2279 1822 2335 super
1843 2267 2070 2324 aethera.

1375 2356 1646 2415 CCXXIII.
1673 2363 1753 2419 De
1772 2365 1858 2420 die
1879 2370 2063 2423 mortis
2093 2370 2388 2441 rhythmum

1440 2450 1603 2508 Gravi
1639 2470 1725 2510 me
1756 2467 1964 2512 terrore
1993 2459 2197 2529 pulsas.

1380 2542 1509 2596 Vita:
1532 2543 1647 2598 dies
1678 2545 1888 2613 ultima,

1369 2631 1558 2686 Moeret
1581 2649 1697 2701 cor,
1723 2637 2010 2694 solvuntur
2039 2657 2222 2708 renes,

1365 2720 1514 2776 Laesa
1550 2733 1790 2782 tremunt
1827 2729 2063 2796 viscera,

1372 2811 1472 2866 Tui
1502 2817 1739 2883 speciem
1763 2817 1887 2872 dum
1913 2821 2017 2875 sibi

1370 2901 1518 2959 Mens
1549 2906 1789 2978 depingit
1811 2909 1997 2964 anxia.

1436 2995 1568 3060 Quis
1597 2998 1741 3053 enim
1773 3001 2081 3069 pavendum
2117 3002 2249 3060 illud

1365 3085 1607 3156 Explicet
1635 3091 2024 3160 spectaculum,

1362 3175 1516 3240 Cum,
1542 3178 1789 3237 dimenso
1818 3183 1941 3239 vita:
1972 3201 2156 3253 cursu,

1345 3267 1540 3323 Carnis
1568 3284 1728 3339 agre
1756 3274 1986 3331 nexibus

1361 3357 1554 3413 Anima
1578 3359 1819 3416 luctatur
1837 3363 1995 3428 solvi,

1365 3447 1742 3522 Pr0pinquans
1771 3454 1838 3509 ad
1867 3456 2114 3516 exitum?

1439 3544 1588 3601 Perit
1613 3563 1829 3614 sensus,
1853 3549 2034 3622 lingua
2067 3553 2233 3628 riget,

1361 3636 1726 3694 ilcsolvuntur
1757 3640 1921 3705 oculi,

1359 3725 1553 3783 Pectus
1582 3730 1829 3801 palpitat,
1857 3733 2077 3789 anhelat

1359 3816 1602 3873 Raucum
1632 3829 1820 3889 guttur
1842 3822 2098 3890 hominis,

1356 3903 1584 3975 Stupent
1605 3908 1870 3973 membra,
1893 3910 2099 3980 pallent
2125 3929 2246 3982 ora,

1352 3993 1529 4051 Decor
1557 3999 1671 4054 abit
1699 4002 1966 4071 corporis.

1429 4087 1570 4142 Ecce
1587 4087 1926 4146 diversorum
1953 4099 2140 4161 partes

1358 4176 1642 4233 Conﬂuunt
1673 4181 1990 4248 spirituum;

1355 4267 1492 4326 Hinc
1517 4271 1774 4341 angelicae
1806 4272 2054 4340 virtutes,

1355 4355 1506 4414 Illinc
1536 4361 1692 4415 turba
1722 4360 2057 4431 daemonum;

1355 4447 1433 4503 Illi
1457 4451 1678 4520 propius
1703 4450 1992 4519 accedunt,

1352 4537 1470 4605 Quo
1497 4540 1687 4597 invitat
1717 4543 1995 4600 meritum.

1420 4629 1631 4688 Przesto
1657 4643 1789 4689 sunt
1815 4643 1872 4689 et
1901 4640 2192 4710 cogitatus,

1353 4720 1552 4787 Verba,
1576 4739 1789 4790 cursus,
1815 4741 2012 4797 opera;

1351 4810 1463 4882 eo
1486 4811 1551 4866 Et
1573 4828 1684 4883 prae
1709 4815 1882 4872 oculis
1907 4818 2141 4878 nolentis

1352 4899 1734 4959 Glomerantur
1757 4909 1938 4963 omnia
1972 4928 1984 4962 :

1353 4987 1484 5046 Illuc
1511 4994 1714 5060 tendat,
1745 4997 1853 5052 huc
1876 5013 1934 5054 se
1955 5011 2156 5069 vertat,

1345 5079 1538 5137 Coram
1562 5086 1708 5142 videt
1731 5087 1928 5157 posita.

1404 5169 1656 5244 Torquet
1683 5177 1800 5247 ipsa
1826 5194 1980 5236 reum
2005 5199 2162 5241 suum

1345 5259 1566 5319 Mordax
1590 5269 1945 5338 conscientia,

1347 5350 1526 5409 Plorat
1554 5367 1669 5412 acta
1705 5362 2010 5434 corrigendi

1353 5441 1648 5500 Deﬂuxisse
1679 5458 1919 5519 tempora
1937 5471 1952 5520 ;

1341 5529 1502 5586 Plena
1524 5534 1697 5602 luctu,
1730 5549 1883 5598 caret
1906 5543 2088 5602 fructu

1343 5619 1475 5676 Sera
1497 5628 1833 5693 pwnitentia.

1419 5712 1576 5770 Falsa
1603 5727 1728 5773 tunc
1756 5721 1982 5779 dulcedo
2003 5729 2189 5798 carnis

1342 5805 1398 5861 lu
1430 5823 1673 5868 amarum
1704 5815 1956 5884 vertitur,

2720 553 2774 613 Δ

2757 5283 2866 5359 6:
2886 5285 3165 5345 CCXXIV.
3195 5291 3263 5349 In
3283 5309 3370 5349 eos
3404 5299 3494 5366 qui
3522 5297 3586 5352 de
3618 5304 3752 5371 regis
3783 5304 3982 5364 ultione
4012 5315 4184 5368 securi
4209 5326 4354 5383 sunt,

2903 5380 2992 5436 sed
3014 5379 3281 5439 Christum
3308 5387 3526 5442 evadere
3569 5405 3854 5462 nequeunt.
3893 5397 4210 5472 R/tyllmiua.

3076 549 3304 619 Quando
3327 550 3547 606 brevem
3582 549 3938 620 voluptatem.

3085 641 3287 711 Perpes
3318 655 3476 710 poena
3504 642 3753 712 sequitur
3782 658 3796 696 :

3081 731 3205 787 lam
3236 734 3377 803 quod
3405 749 3659 805 magnum
3686 732 4050 802 credebatur.]

3089 824 3179 880 Nil
3209 823 3376 882 fuisse
3401 827 3668 882 cernitur.

3155 915 3332 986 Atque
3354 931 3509 973 mens
3532 918 3586 973 in
3614 931 3842 974 summa
3868 917 4009 974 lucls

3081 1003 3326 1061 Gloriam
3360 1006 3688 1072 sustollitur,

3081 1094 3422 1164 Aspernatur
3451 1096 3624 1153 lutum
3651 1099 3854 1158 carnis.

3099 1186 3217 1252 Quo
3238 1202 3418 1245 mersa
3443 1189 3805 1260 provolvitur.

3092 1275 3162 1331 Et
3183 1286 3243 1331 ut
3271 1279 3534 1335 carcerali
3563 1295 3706 1338 nexu

3085 1368 3421 1426 Laetabunda
3460 1371 3711 1428 solvitur.

3148 1457 3257 1514 Sed
3285 1474 3505 1530 egressa
3535 1461 3730 1517 durum
3761 1462 3863 1517 lter

3078 1546 3374 1618 Experitur
3402 1551 3610 1618 anima,

3067 1637 3189 1705 Qua
3215 1639 3498 1697 incursant
3520 1640 3727 1702 furiosa

3081 1725 3226 1784 Dirae
3245 1731 3413 1800 pestis
3440 1733 3678 1802 agmina,

3078 1819 3147 1874 Et
3167 1821 3382 1879 diversa
3414 1824 3530 1880 suis
3547 1824 3683 1882 locis

3077 1909 3356 1969 lnstruunt
3381 1916 3704 1971 certamina.

3155 2003 3291 2061 Nam
3316 2007 3408 2062 hic
3433 2009 3744 2064 incentores
3766 2010 3925 2080 gula.

3080 2096 3199 2154 Illic
3225 2100 3492 2167 avaritiae,

3075 2187 3219 2244 Alibi
3243 2188 3486 2247 fautores
3513 2193 3633 2258 ira,

3074 2276 3220 2334 Alibi
3243 2282 3542 2351 superbiaa;

3073 2369 3202 2426 Vitii
3238 2372 3504 2445 cuiusque
3549 2374 3740 2446 globus

3065 2460 3210 2517 Suas
3237 2473 3396 2534 parat
3417 2468 3582 2522 acies.

3145 2552 3266 2611 iam
3289 2557 3342 2612 si
3366 2558 3523 2614 cedat
3544 2575 3657 2616 una
3682 2570 3884 2629 turma,

3072 2643 3198 2702 Mox
3225 2647 3458 2721 insurgit
3486 2651 3654 2708 altera
3683 2668 3702 2708 :

3067 2734 3260 2794 Omnis
3281 2755 3372 2806 ars
3393 2751 3632 2798 tentatur
3657 2744 3805 2809 belli,

3068 2827 3259 2884 Omnis
3281 2843 3474 2901 pugnae
3497 2834 3773 2901 machina,

3059 2917 3146 2974 Ne
3173 2920 3242 2975 ab
3278 2921 3519 2978 hostium
3561 2925 3769 2996 pudore

3059 3005 3160 3064 Sic
3182 3009 3378 3067 evadat
3400 3013 3603 3069 anima.

3131 3099 3178 3155 Ο
3208 3115 3372 3172 quam
3398 3112 3548 3160 torva
3577 3106 3899 3166 bellatorum

3061 3187 3306 3246 Monstra
3331 3201 3460 3249 sunt
3489 3193 3772 3265 feralium;

3069 3278 3240 3346 Tetri,
3271 3289 3481 3350 truces,
3515 3287 3808 3344 truculenti

3056 3367 3333 3425 Flammas
3357 3370 3540 3428 eﬂlant
3569 3377 3817 3443 naribus,

3060 3460 3366 3520 Dracontea
3401 3475 3611 3524 tument
3636 3469 3794 3538 colla,

3058 3553 3222 3611 Virus
3253 3555 3463 3613 stillant
3495 3558 3764 3618 faucibus.

3134 3642 3479 3716 Serpentinis
3509 3653 3726 3708 armant
3748 3655 3911 3726 spiris

3054 3733 3247 3791 Manus
3275 3737 3467 3794 doctas
3488 3740 3712 3810 praeliis,

3063 3820 3162 3878 His
3183 3837 3498 3895 oppugnant
3523 3831 3879 3888 adventantes

3053 3915 3203 3971 Telis
3227 3916 3376 3974 velut
3397 3917 3593 3977 terreis
3623 3938 3638 3974 :

3055 4004 3174 4074 His,
3203 4022 3345 4079 quos
3380 4013 3686 4083 attrahunt,
3717 4021 3936 4076 mternis

3053 4095 3366 4171 Mancipant
3393 4103 3685 4163 incendiis.

3117 4189 3338 4259 Quaeso,
3367 4194 3604 4265 Christe,
3634 4198 3752 4257 Rex
3775 4201 4000 4272 invicte,

3052 4279 3136 4339 Tu
3162 4299 3426 4344 succurre
3446 4290 3673 4360 misero,

3047 4368 3166 4427 Sub
3185 4385 3446 4433 extrema:
3472 4381 3664 4437 mortis
3690 4383 3846 4452 liora,

3048 4462 3184 4519 Cum
3200 4467 3388 4537 jussus
3417 4470 3605 4528 abiero
3633 4487 3648 4527 :

3051 4555 3268 4616 Nullum
3293 4562 3349 4620 in
3375 4578 3462 4619 me
3479 4575 3578 4634 jus
3609 4575 3840 4639 tyranno

3053 4649 3371 4711 Praebeatur
3405 4657 3591 4729 impio.

3125 4744 3297 4801 Cadat
3322 4749 3574 4820 princeps
3600 4752 3978 4824 tenebrarum,

3047 4831 3220 4892 Cadat
3254 4851 3382 4906 pars
3409 4847 3648 4896 tartarea
3678 4861 3692 4896 :

3045 4922 3243 4982 Pastor
3270 4943 3426 4985 ovem
3444 4931 3556 5002 jam
3588 4933 3925 5007 redemptam

3049 5013 3202 5072 Tunc
3228 5021 3394 5076 reduc
3419 5023 3486 5078 ad
3508 5025 3764 5094 patriam,

3047 5105 3147 5163 Ubi
3176 5118 3229 5165 te
3247 5112 3463 5170 videndi
3493 5131 3661 5179 causa

3048 5197 3308 5257 Perfruar
3331 5203 3384 5260 in
3414 5207 3630 5263 saecula.
3657 5215 3850 5269 Amen.

3118 5473 3512 5544 Jucundantur,
3543 5489 3599 5535 et
3627 5481 3877 5540 lmtantur

3047 5558 3221 5617 Simul
3241 5578 3431 5622 omnes
3453 5569 3690 5639 reprobi,

3043 5651 3147 5721 Qui
3181 5657 3322 5728 regis
3339 5661 3628 5719 adventum
3665 5668 3819 5738 prius

3044 5743 3452 5816 Exspectabam
3480 5757 3680 5826 territi,

3041 5833 3332 5910 Fremant,
3354 5841 3577 5915 cedunt,
3605 5847 3994 5923 intumescunt,

5041 126 5043 216 φ

5041 337 5043 480 l

5041 481 5043 614 τ

5041 619 5043 752 l
