5962 6494
1526 413 1630 471 G79

2349 418 2408 473 S.
2434 414 2639 474 PETRI
2670 414 2951 474 DAIIANI
2987 412 3136 474 OPP.
3163 413 3398 474 τοκυδ
3429 416 3562 474 SEU
3599 414 3780 473 PARS
3817 414 3933 471 ινμ
4705 408 4811 470 980

3483 530 3674 587 Patent
3704 540 3866 595 artes,
3906 528 4065 593 furta,
4099 525 4230 589 doli,

3480 622 3722 678 Fraudes
3744 634 3798 679 et
3826 621 4056 692 ingenia.

3198 708 3452 765 CCXXV.
3477 709 3758 782 Hucusque
3781 711 3845 763 de
3872 712 4121 775 adventu;
4145 710 4264 763 hinc
4286 710 4349 762 de
4369 706 4547 777 panis
4573 706 4803 763 "ferar.

3555 802 3599 857 0
3625 816 3786 871 quam
3821 800 3958 864 dira,
3991 815 4152 868 quam
4176 799 4443 854 horrenda

1814 530 1881 584 Et
1911 530 2169 585 insultant
2190 536 2423 586 miseris.
3122 547 3173 600 Α

1868 624 2077 693 Quique
2105 631 2231 678 sunt
2262 622 2478 693 lugendi
2514 627 2641 678 totis

1802 713 2187 783 Lacrymarum
2220 712 2471 782 fontibus,

1799 799 1855 854 In
1877 801 2142 868 superbiae
2170 802 2425 857 sublimes

1801 890 2145 945 Extolluntur
2172 892 2445 956 cornibus,

1807 980 2103 1036 Phrenesin
2137 984 2300 1037 robur
2321 994 2589 1053 putantes.

1806 1070 1966 1125 Sanis
1993 1074 2162 1127 rident
2190 1073 2460 1129 flentibus.

1872 1158 1977 1213 Sed
2008 1162 2131 1229 quid
2152 1160 2321 1227 juvat,
2348 1177 2382 1213 ο
2406 1164 2666 1230 peruersi,

1799 1249 1843 1304 Ο
1868 1252 2127 1318 gehennae
2159 1250 2279 1303 lilii!

1797 1339 1906 1393 Non
1935 1343 2125 1406 vitare,
2151 1344 2240 1396 sed
2267 1352 2480 1396 mutare

1796 1431 2051 1484 Tribunal
2072 1433 2293 1501 judicii?

1794 1520 1905 1573 Sub
1928 1522 2138 1575 mortali
2176 1538 2300 1593 rege
2326 1525 2425 1577 tuti

1791 1609 2063 1663 (‘bristum
2108 1626 2211 1665 non
2240 1614 2485 1667 evaditis.

1856 1698 1989 1753 Ecce
2013 1702 2190 1754 veniet
2218 1712 2277 1755 ut
2306 1701 2503 1773 fulgur,

1793 1790 1971 1843 Minax
2002 1806 2064 1844 ac
2094 1793 2373 1856 terribilis,

1790 1879 1927 1934 Solis
1950 1880 2131 1945 ardor,
2160 1883 2296 1936 luna:
2322 1883 2527 1937 candor

1784 1968 2128 2028 Involventur
2149 1973 2403 2033 tenebris,

1792 2058 1900 2113 Ima
1927 2069 2083 2116 terra:
2106 2072 2286 2131 petent
2314 2064 2504 2127 stellae,

1786 2148 1917 2203 (Σαξιὶ
1945 2151 2105 2206 vulsa:
2128 2153 2366 2208 cardine.

1862 2242 2028 2298 Terra
2054 2244 2291 2299 funditus
2314 2246 2543 2309 ardebit,

1786 2331 1915 2386 ϐίοἰὶ
1944 2342 2171 2387 trement
2200 2334 2435 2396 climata,

1785 2419 2061 2476 Elementa
2097 2434 2150 2476 tu
2160 2424 2479 2487 rbabunlm'.

1781 2510 2010 2580 Rugient
2037 2514 2293 2578 tonitrua,

1783 2601 1927 2674 lgnei
1956 2603 2157 2659 micant
2179 2606 2416 2670 corusci,

1787 2692 1989 2748 Crebra
2015 2695 2210 2749 cadunt
2232 2694 2478 2750 fulmina.

1845 2782 1904 2838 In
1933 2781 2113 2840 furore
2155 2785 2424 2841 venientis

1783 2874 1868 2929 Fit
1890 2884 2182 2943 tempestas
2202 2878 2400 2942 valida,

1784 2962 1918 3019 Tota
1948 2967 2131 3020 mundi
2162 2968 2475 3023 tremefacta

1785 3048 2189 3123 Conquassatur
2217 3056 2486 3119 machina,

1776 3141 2078 3198 Estuantis
2104 3144 2331 3199 ﬂamma:
2352 3145 2546 3216 globus

1788 3233 2009 3299 Vastum
2052 3233 2238 3304 perﬂat
2269 3250 2415 3289 aera.

1838 3323 1991 3379 Tunc
2013 3327 2103 3395 qui
2123 3340 2245 3381 eum
2267 3336 2607 3398 pupugerunt

1777 3416 2017 3475 cernunt
2046 3432 2231 3471 omnes
2253 3417 2427 3486 impii,

1774 3505 1993 3562 Throno
2020 3508 2176 3578 igneo
2202 3510 2491 3566 subnixum

1782 3600 1975 3669 Specie
2002 3603 2251 3669 terribili,

1772 3687 1987 3760 Rogant
2009 3701 2237 3758 montes,
2268 3704 2429 3750 erant
2448 3696 2633 3763 collos.

1770 3776 2108 3838 Postulantes
2136 3781 2312 3838 obrui.

1830 3866 1952 3923 Mox
1974 3872 2181 3928 occulta
2199 3873 2532 3945 singulorum

1767 3954 1990 4023 Cunctis
2019 3970 2202 4028 patent
2225 3963 2487 4029 cordium.

1776 4045 1974 4111 Verba,
2002 4050 2162 4117 facta,
2188 4067 2341 4108 mens
2364 4056 2598 4121 videtur,

1774 4134 1934 4192 Velut
1961 4154 2157 4210 corpus
2181 4144 2431 4207 solidum,

1768 4225 1836 4283 Et
1863 4244 2106 4287 amarum
2135 4234 2186 4288 in
2218 4246 2466 4291 auctores

1765 4316 2019 4376 Beddum
2041 4325 2422 4381 testimonium.

1846 4413 1952 4483 Ipsi
1979 4418 2197 4486 spiritus
2228 4421 2393 4491 iniqui

1772 4505 1999 4574 Probra,
2031 4524 2150 4578 quae
2172 4525 2570 4583 suggesserant,

1773 4596 1972 4669 Longis
1999 4613 2217 4656 exarata
2253 4606 2410 4660 tomis

1762 4686 2083 4756 Relegentes
2108 4695 2397 4764 explicant,

1767 4779 1931 4845 Loca,
1958 4792 2197 4853 tempora
2226 4797 2521 4854 gesturum,

1766 4869 1832 4925 Et
1864 4875 2050 4928 modos
2083 4892 2421 4932 enumerant.

1840 4962 2147 5017 Irascuntur
2172 4977 2364 5022 cuncta
2400 4972 2579 5038 pravis

1763 5050 2084 5119 Angelorum
2108 5059 2342 5125 agmina,

1758 5140 2123 5197 Adversantur
2145 5148 2436 5210 elementa.

1766 5230 1995 5296 Caelum,
2024 5245 2183 5296 terra,
2217 5240 2474 5305 inanima,

1764 5326 1951 5379 Omnis
1979 5341 2160 5381 rerum
2188 5340 2434 5385 creatura

1773 5420 2017 5474 Imminet
2050 5427 2342 5478 contraria.

1832 5512 1965 5566 Ecce
2000 5526 2155 5583 caput
2180 5518 2505 5587 iniquorum,

1764 5603 1934 5657 Ferox
1970 5606 2055 5660 illa
2082 5608 2273 5675 bestia,

1764 5693 1873 5747 Sub
1906 5706 2221 5753 cunctorum
2253 5702 2521 5758 denudata

1760 5784 1864 5857 62
1893 5787 2145 5843 Trahitur
2170 5794 2454 5861 praesentia
2479 5810 2492 5845 '.

3482 892 3625 956 Voce
3662 890 3829 945 Judex
3863 892 4087 957 intonat,

3478 981 3611 1038 Cum
3640 984 3845 1052 paratis
3874 983 4041 1054 mergi
4077 982 4305 1037 ﬂammis

3484 1075 3793 1131 Maledictos
3820 1076 4072 1146 imperat;

3478 1167 3595 1221 Mox
3625 1166 3923 1236 deglutiens
3953 1168 4193 1220 viventes

3485 1256 3663 1325 Stygis
3685 1256 3788 1309 olla
3817 1257 4057 1309 devorat.

3551 1344 3888 1411 Vaporantur
3926 1344 4162 1397 infelices

3479 1434 3644 1499 Intus,
3670 1444 3723 1487 et
3752 1436 4118 1498 extrinsecus;

3476 1523 3814 1591 Crepitantes
3843 1524 4073 1577 strident
4103 1521 4346 1577 flammae.

3480 1612 3631 1667 Velut
3657 1613 3854 1667 ardens
3877 1612 4120 1667 clibanus
4156 1638 4168 1665 -.

3473 1704 3595 1762 Ore.
3625 1704 3860 1767 naribus,
3890 1712 3942 1755 et
3970 1703 4099 1771 ipsis

3474 1794 3749 1848 Proﬂuunt
3773 1792 4080 1849 luminibus.

3536 1884 3858 1939 Immortalis
3882 1899 4033 1938 mors
4050 1882 4267 1946 occidit.

3470 1974 3580 2031 Nec
3605 1977 3824 2030 omnino
3847 1974 4097 2044 perimit:

3467 2070 3610 2140 Ignis
3632 2070 3754 2129 urit,
3783 2085 3887 2123 non
3903 2066 4193 2129 consumit,

3473 2161 3583 2214 Nec
3611 2160 3878 2213 defectum
3908 2157 4099 2226 recipit
4130 2175 4142 2208 :

3470 2252 3588 2305 Vita
3612 2253 3857 2313 moritur,
3882 2266 4027 2304 mors
4050 2250 4198 2313 vivit;

3474 2343 3625 2397 Finis
3647 2357 3861 2411 semper
3893 2342 4095 2410 incipit.

3544 2433 3801 2489 Rediviva
3832 2441 4034 2501 septem
4064 2431 4234 2501 plaga

3470 2526 3751 2589 Renovant
3775 2523 4053 2594 supplicia,

3470 2616 3691 2677 Fumus,
3713 2614 3871 2679 fetor,
3904 2614 4071 2683 algor,
4109 2612 4287 2678 ardor,

3465 2703 3682 2770 Fames,
3706 2705 3827 2760 sitis
3855 2706 4033 2775 ignea,

3468 2794 3693 2850 Vermes
3718 2810 3987 2866 nunquam
4015 2794 4303 2853 satiantur.

3471 2883 3572 2950 Qui
3603 2883 3894 2939 eorrodunt
3918 2884 4145 2938 viscera.

3539 2976 3650 3033 Illic
3671 2977 3845 3042 dolor,
3871 2977 4161 3041 cruciatus,

3470 3068 3674 3132 Fletus,
3707 3070 3907 3124 stridor
3934 3068 4193 3132 dentium,

3466 3159 3676 3214 Adsunt
3701 3159 3947 3214 fremitus
3977 3159 4211 3222 leonum,

3467 3249 3620 3306 Sibili
3651 3252 3974 3321 serpentium
4004 3269 4017 3303 :

3469 3342 3675 3408 Quibus
3706 3344 3860 3398 mixti
3883 3343 4284 3399 confunduntur

3468 3430 3717 3488 Ululatus
3749 3432 4011 3488 ﬂentium.

3535 3522 3688 3578 Molis
3718 3522 3913 3579 trabea:
3941 3524 4202 3581 dracones

3474 3611 3619 3667 ιω
3643 3613 3882 3682 pandunt
3911 3622 4147 3684 guttura.

3461 3703 3700 3769 Quorum
3721 3703 3859 3759 oculi
3889 3705 4115 3774 sagittas

3460 3794 3773 3849 Jacnlantur
3802 3795 4012 3865 igneas;

3460 3886 3655 3941 (laudae
3686 3886 3867 3940 chelas
3894 3890 4237 3957 scorpionum

3463 3974 3668 4030 Planta:
3696 3974 3929 4045 produnt
3955 3976 4190 4047 viperas.

3528 4065 3776 4122 Tendunt
3801 4069 4014 4137 quidem
4046 4069 4111 4123 ad
4135 4084 4239 4124 non
4261 4083 4403 4137 esse,

3464 4156 3567 4212 Sed
3590 4172 3695 4211 non
3725 4171 3845 4212 esse
3866 4158 4114 4213 desinunt
4143 4178 4155 4213 :

3462 4252 3656 4305 Vivnnt
3684 4255 3862 4317 morti,
3894 4256 4077 4310 volunt
4104 4258 4261 4321 mori,

3458 4342 3561 4396 Sed
3588 4344 3805 4399 omnino
3826 4356 4097 4415 nequeunt
4128 4364 4141 4399 :

3459 4432 3560 4499 Qui
3592 4435 3730 4488 male
3757 4436 3956 4500 vixere,
3991 4439 4152 4492 vitant

3463 4524 3565 4578 Pro
3592 4533 3856 4579 tormento
3880 4526 4169 4595 perierunt.

3530 4614 3654 4668 Haac
3676 4630 3784 4683 prae
3803 4618 3991 4679 oculis,
4018 4621 4226 4676 vesani.

3458 4704 3837 4759 Formidantes
3867 4709 4067 4775 ponite.

3455 4795 3579 4851 Hmc
3608 4796 3791 4850 subtili
3824 4808 4217 4865 pertractantes

3452 4889 3640 4943 Studio
3666 4889 3941 4952 revolvite,

3452 4980 3516 5033 Et
3539 4994 3825 5048 pravorum
3859 4981 4047 5033 vinclis
4079 4996 4283 5034 morum

3455 5071 3600 5126 Colla
3625 5071 3817 5125 mentis
3839 5070 4047 5124 solvite.

3534 5162 3661 5216 Nam
3687 5171 3904 5231 palatus
3924 5173 4005 5217 est
4026 5163 4299 5218 conversis

3466 5253 3744 5322 Indulgere
3773 5254 4007 5317 veniam,

3454 5344 3553 5409 Qui
3584 5344 3857 5411 perversis
3884 5344 4058 5397 adhuc
4085 5344 4283 5413 premit

3458 5434 3716 5488 Vindictae
3742 5434 4079 5487 sententiam.

3454 5524 3627 5585 Salus,
3656 5524 3825 5575 honor
3852 5526 3938 5591 pio
3960 5524 4088 5592 Regi

3455 5618 3551 5669 l‘er
3577 5626 3774 5669 aeterna
3805 5618 4015 5669 srecnla.
4050 5618 4235 5671 Amen.

3353 5706 3625 5760 (ZCXXVI.
3661 5708 3731 5760 De
3752 5709 3916 5773 gloria
3943 5710 4193 5775 paradisi.
4232 5711 4535 5779 Rhymmus.

3522 5800 3598 5849 Ad
3636 5800 3886 5866 peicnnis
3925 5801 4043 5854 vitse
4073 5800 4272 5853 flllllt'lll

4776 6346 4825 6353 πα...
4832 6342 4859 6353 ..τ
