4260 6366
760 317 852 375 101

1636 314 1693 368 ε.
1741 311 2015 370 PETRL’S
2054 310 2411 367 DAMIANUS
2454 312 2511 365 ὃ.
2554 313 2617 367 R.
2648 311 2709 365 E.
2754 312 3188 370 CARDINALIS.

3921 314 4022 373 l92

758 426 1055 491 nobilitatis
1084 432 1317 487 innixus.
1344 430 1531 501 Itaque
1557 444 1640 482 res
1668 441 1837 495 usque
1864 442 1928 481 eo
1951 427 2187 482 infamia:
2208 442 2327 479 tnu-
2362 432 2401 485 Α
2436 426 2540 478 hac
2568 425 2698 479 urbe
2726 404 3059 495 ‘martvriuut
3090 435 3171 481 est
3200 441 3487 497 perpessus
3514 444 3525 479 :
3554 437 3603 481 et
3635 425 3930 484 Ccrvasius
3956 449 4024 487 ac

764 525 873 581 tuis
898 521 1367 584 altercationibus,
1392 517 1693 588 jurgiisque
1736 518 1962 571 deducta
1994 516 2115 579 fuit,
2148 524 2205 569 ut
2239 531 2329 568 sa-

764 618 1012 673 cerdotes
1045 612 1134 682 qui
1184 625 1381 665 uxores
1423 608 1706 673 haberent,
1736 623 1846 677 pra:
1874 608 2075 677 pudore
2109 620 2331 672 separa-

767 709 860 763 tim
911 721 942 759 a
987 703 1198 758 caneris
1242 715 1356 756 rem
1401 700 1636 754 divinam
1683 698 1860 753 facere
1914 703 2237 766 cogerentur
2277 695 2330 749 in

765 796 901 857 loco,
933 794 1023 863 qui
1051 792 1263 847 Pataria
1303 791 1519 845 dicitur.
1567 790 1715 845 Unde
1748 788 1969 858 vulgoa
2019 786 2200 854 pueris
2234 784 2337 838 Pa-

768 886 924 941 tarini
947 886 1011 939 ad
1038 884 1423 940 contumeliam
1452 882 1783 937 dicebantur.
1823 879 1958 934 Huic
1984 888 2164 933 autem
2195 878 2337 933 malo

765 983 1119 1045 opportunum
1150 974 1447 1028 remedium
1479 971 1633 1026 Wido
1653 972 1876 1041 cupiens
1903 970 2181 1034 adhibere,
2208 984 2339 1023 con-

766 1074 983 1121 ventum
1029 1065 1399 1134 episcoporum
1447 1077 1663 1116 suorum
1696 1062 1836 1131 apud
1877 1062 2233 1117 Fontanetum
2286 1062 2339 1115 in

769 1174 897 1230 agro
925 1156 1241 1213 Novariensi
1271 1155 1523 1225 Oppidum
1554 1154 1870 1209 convocavit
1899 1172 1911 1206 ε
1945 1160 2108 1222 atque
2144 1164 2211 1205 ex
2244 1166 2338 1207 eo-

768 1263 887 1302 rum
912 1248 1174 1302 sententia
1203 1246 1413 1300 clericis
1443 1259 1640 1301 uxores
1665 1244 1886 1307 habere,
1920 1244 2101 1313 inique
2132 1252 2339 1307 tamen,

770 1340 1065 1393 constituit.
1096 1338 1347 1393 Florebat
1368 1352 1434 1391 eo
1466 1346 1705 1406 tempore
1726 1336 2033 1399 sanctitate,
2066 1335 2339 1399 doctrinm,

776 1445 842 1484 ac
872 1445 1050 1484 rerum
1098 1429 1453 1499 gerendarum
1510 1427 1701 1497 peritia
1744 1425 1934 1480 Pt-trus
1968 1425 2344 1480 DamianiRa-

770 1535 997 1583 vennas,
1034 1522 1127 1591 qtti
1174 1522 1341 1575 vitam
1384 1520 1716 1576 ercntiticam
1755 1517 2032 1589 professus
2070 1519 2121 1572 in
2162 1532 2344 1573 eremo

772 1613 839 1667 ad
863 1611 1089 1666 Fontezn
1130 1611 1445 1665 Avellanam
1486 1609 1708 1680 agebat,
1742 1609 1897 1677 cujus
1921 1624 2142 1677 operam
2170 1608 2341 1663 eccle-

774 1702 867 1757 sia:
891 1701 1277 1757 constituendae
1300 1699 1602 1769 Stephanus
1625 1700 1873 1753 idoneam
1896 1699 2209 1757 arbitratus,
2243 1698 2347 1751 ini-

2435 514 2732 580 Protasius,
2764 531 2993 583 quorum
3041 526 3225 570 sancta
3259 516 3312 571 in
3360 518 3461 573 hac
3492 516 3627 572 urbe
3662 532 3893 588 corpora
3919 536 4017 577 co-

2437 608 2637 672 luntur,
2662 624 2767 662 non
2791 608 2953 663 alium
2977 624 3139 676 quam
3163 608 3387 665 Paulum
3412 610 3652 666 habuere
3675 611 4019 682 magistrum.

2438 697 2600 753 Divus
2627 698 2879 766 denique,
2928 713 3036 768 quo
3075 714 3170 754 ros
3210 707 3492 770 tantopere
3539 699 3869 771 gloriamini,
3894 702 4025 757 Am-

2437 788 2671 851 brosius,
2696 802 2819 841 cum
2844 787 3231 845 Nicolaitarum
3261 790 3509 846 haeresim
3542 804 3640 859 per
3668 806 3727 847 se
3747 792 4021 861 quondam

2439 893 2696 934 coercere
2719 894 2823 934 non
2853 889 3056 950 posset,
3088 898 3117 935 a
3146 881 3387 936 Romana
3422 879 3661 937 Ecclesia
3710 883 4023 952 prmsidium

2442 967 2765 1037 imploravit,
2793 978 2952 1039 atque
2992 980 3102 1028 tres
3130 971 3231 1027 viri
3285 974 3354 1028 ad
3382 973 3544 1045 hujus
3594 974 3800 1030 erroris
3833 976 4026 1046 expia-

2444 1059 2643 1115 tionem
2679 1077 2709 1115 a
2742 1061 2949 1133 Syricio
2977 1071 3087 1117 tum
3135 1063 3391 1133 pontifice
3420 1065 3606 1131 missi,
3631 1080 3872 1136 praesens
3894 1066 4031 1121 civi-

2444 1149 2537 1203 tati
2569 1150 2827 1205 auxilium
2851 1152 3165 1207 attulerunt.
3198 1152 3585 1221 Quamobrem,
3613 1169 3736 1209 cum
3780 1161 3835 1209 et
3864 1154 4026 1225 primi

2445 1236 2632 1293 salutis
2662 1248 2854 1294 vestra:
2899 1249 3151 1296 auctores
3173 1282 3188 1304 ,
3236 1249 3291 1297 et
3320 1250 3441 1312 post
3470 1240 3698 1297 labentis
3728 1241 4030 1311 disciplina:

2445 1331 2837 1393 emendatores,
2869 1330 2935 1385 ab
2985 1329 3222 1385 Ecclesia
3270 1330 3514 1387 Romana
3540 1330 3875 1403 prodierint,
3898 1330 4033 1401 quid

2444 1425 2530 1471 est
2568 1415 2712 1486 quod
2749 1418 2865 1489 ejus
2922 1419 3157 1474 decretis
3197 1420 3603 1492 obtemperare,
3650 1420 4029 1491 intempestiva

2448 1522 2589 1561 nunc
2613 1509 2950 1563 contumacia
2977 1509 3492 1577 recusetis?Quibus
3515 1511 3693 1566 verbis
3714 1522 4031 1581 protervum

2448 1596 2701 1665 populum
2737 1598 2872 1652 adeo
2900 1596 3079 1665 ﬂexit,
3110 1608 3168 1653 ut
3199 1614 3258 1655 se
3304 1601 3371 1655 ad
3402 1602 3584 1655 omnia
3609 1600 3726 1668 ejus
3774 1600 4031 1654 mamlata

2449 1694 2699 1753 paratum
2729 1701 2850 1742 esse
2891 1689 3251 1759 responderit.
3294 1690 3602 1757 Quaestione
3644 1690 3770 1747 inde
3796 1691 4037 1747 clerico-

777 1793 849 1847 tio
881 1792 1343 1862 Quadragesitnm,
1379 1792 1512 1846 urbe
1569 1791 1818 1859 repetita,
1882 1790 2057 1859 ipsum
2106 1787 2340 1844 Ostiensi
2376 1786 2421 1847 Β
2452 1790 2459 1829 ¹

2376 1786 2421 1847 Β
2452 1789 2568 1829 rum
2601 1776 2868 1843 instituta,
2894 1779 2985 1832 vix
3012 1779 3299 1849 quisquam
3328 1795 3469 1836 unus
3509 1789 3757 1851 repertus
3794 1790 3911 1845 est,
3940 1783 4037 1851 qui

774 1884 845 1939 Ec
861 1884 1014 1940 clesia
1045 1885 1338 1939 decoravit.

846 1974 979 2029 Cum
1036 1973 1330 2029 Landulfus
1376 1974 1653 2029 Arialdnm
1693 1975 1918 2029 Romam
1969 1974 2239 2039 misisset,
2290 1980 2352 2027 ut

780 2078 1031 2118 vesanam
1083 2063 1333 2130 Ecclesiae
1367 2063 1782 2118 Mediolauensis
1833 2064 2231 2117 contumaciam
2265 2062 2352 2116 de-

781 2153 968 2217 ferret,
993 2153 1257 2221 simulque
1286 2160 1345 2206 ut
1373 2153 1441 2207 ad
1468 2167 1685 2208 causam
1715 2154 1987 2208 haereseos
2020 2164 2352 2221 cognoscen-

782 2243 903 2296 dam
946 2241 1153 2311 jttdices
1202 2242 1519 2311 postularet,
1564 2242 1806 2312 pontifex
1855 2230 2075 2297 Petrum
2104 2240 2349 2296 Damiani

781 2332 1087 2401 episcopum
1118 2330 1415 2387 Ostiensem
1444 2332 1654 2387 adeam
1682 2347 1795 2386 rem
1820 2332 2057 2404 legatum
2088 2333 2350 2387 decrevit.

782 2422 1000 2475 Interim
1040 2420 1230 2477 Petrus
1282 2421 1528 2476 Damiani
1561 2422 1818 2478 Anselmo
1848 2422 2099 2492 episcopo
2123 2422 2355 2477 Lucensi

782 2522 1079 2582 assumpta,
1126 2512 1333 2581 legatus
1356 2511 1715 2569 Mediolanum
1758 2512 2024 2583 perrexit,
2051 2512 2121 2567 ibi
2153 2528 2250 2583 pro
2277 2512 2357 2567 di-

782 2601 985 2670 gnitate
1025 2611 1287 2670 receptus,
1328 2617 1546 2657 causam
1606 2602 1890 2673 legationis
1924 2602 1992 2657 ad
2036 2617 2130 2657 eos
2161 2618 2273 2656 sua:
2300 2602 2354 2656 in

781 2691 1038 2746 concione
1058 2692 1329 2763 exposuit.
1355 2692 1428 2747 Ea
1458 2693 1672 2764 cognita
1693 2693 1954 2764 postridie
1982 2708 2169 2749 rumor
2193 2694 2249 2747 in
2278 2693 2359 2748 ci-

784 2784 952 2839 vitate
1000 2800 1027 2837 a
1070 2784 1301 2838 factione
1357 2784 1677 2841 clericorum
1736 2786 2005 2840 excitatus
2056 2785 2355 2849 incrcbuit;

783 2872 1197 2927 Ambrosianatn
1230 2873 1529 2928 Ecclesiam
1571 2876 1807 2945 antiquis
1842 2874 2065 2931 Patrum
2094 2876 2359 2931 institutis

785 2962 1032 3028 liberam,
1065 2978 1163 3018 nec
1189 2963 1445 3019 Romanis
1464 2964 1671 3035 legibus
1699 2966 1985 3021 obnoxiam
2014 2979 2156 3031 esse,
2181 2980 2358 3035 neque

784 3052 1087 3121 pontiﬁcem
1135 3051 1437 3107 Romanum
1470 3052 1561 3121 jus
1589 3052 1751 3107 ullum
1784 3053 1836 3107 in
1868 3068 1963 3107 sua
1994 3052 2233 3109 Ecclesia
2269 3068 2359 3108 or-

2449 1881 2553 1921 non
2576 1868 2899 1925 autordines
2920 1870 3175 1936 emisset,
3200 1880 3292 1926 aut
3319 1872 3598 1929 muliebris
3618 1875 4036 1931 consuetudinis

2449 1959 2719 2029 particeps
2747 1970 2909 2015 esset.
2941 1961 3077 2016 Tum
3104 1962 3336 2035 legatus,
3362 1980 3485 2020 cum
3509 1980 3568 2021 se
3593 1967 3848 2023 omnibus
3870 1967 4029 2021 dam-

2453 2047 2645 2103 nandis
2693 2064 2846 2104 sacra
2896 2049 3083 2107 tollere
3126 2067 3157 2107 e
3186 2052 3651 2125 civitate,paucis
3670 2055 4037 2120 absolveudis,

2453 2136 2674 2206 reliquis
2700 2152 2760 2192 se
2793 2138 3043 2207 ittjuriam
3076 2140 3277 2207 facere,
3302 2158 3426 2198 eum
3457 2159 3559 2214 par
3576 2146 3821 2201 omnium
3871 2161 4040 2201 causa

2452 2234 2616 2293 esset,
2643 2224 3117 2295 animadvertctet,
3147 2240 3433 2302 propterea
3464 2234 3722 2289 omnibus
3740 2250 3800 2290 se
3822 2236 4040 2290 veniam

2455 2318 2705 2375 daturum
2726 2322 2983 2387 ostendit,
3030 2324 3075 2378 si
3107 2338 3167 2379 se
3197 2334 3563 2390 sacramento,
3600 2341 3666 2382 ac
3692 2326 3908 2398 piaculo
3936 2328 4041 2383 ob-

2455 2408 2825 2476 strinxissent,
2863 2426 2923 2467 se
2980 2412 3033 2467 in
3080 2424 3356 2483 posterum
3405 2417 3475 2471 ab
3514 2417 3780 2487 ejusmodi
3822 2416 4043 2486 ﬂagitiis

2458 2504 2872 2569 temperaturos.
2905 2501 3317 2558 Sacramentum
3338 2512 3517 2559 autem
3553 2503 3655 2559 fuit
3677 2505 3897 2576 triplex.
3921 2507 4044 2561 Pri-

2457 2601 2604 2641 mum
2633 2589 3071 2659 archiepiscopus
3104 2592 3175 2645 ita
3217 2589 3425 2661 juravit
3459 2610 3473 2647 :
3509 2591 3791 2650 Confiteor
3833 2608 4044 2649 morem

2458 2674 2511 2729 in
2543 2674 2788 2732 Ecclesia
2820 2676 3141 2745 inolevisse,
3183 2689 3243 2735 ut
3279 2681 3593 2753 quicunque
3628 2681 3916 2739 clericales
3951 2698 4044 2738 or-

2456 2767 2613 2824 dines
2641 2769 2929 2838 acciperet,
2947 2772 3366 2828 subdiaconatus
3391 2774 3611 2831 nomine
3641 2789 3891 2830 nummos
3910 2776 4039 2831 dno-

2458 2857 2653 2924 dcc'tm,
2682 2860 3012 2917 diaconatus
3039 2860 3339 2920 octodecim
3356 2904 3372 2930 ,
3426 2866 3829 2937 presbyteratus
3852 2865 4050 2937 viginti

2458 2956 2693 3017 quatuor
2718 2950 2995 3019 penderet.
3018 2950 3206 3020 Itaque
3223 2963 3491 3024 prasente
3512 2953 3573 3009 Ι).
3589 2953 3772 3021 Petro,
3802 2955 4052 3013 Ostiensi

2458 3040 2743 3109 episcopo,
2774 3040 2952 3112 legato
2998 3041 3203 3099 Nicolai
3240 3052 3391 3115 pont.
3438 3054 3495 3101 et
3525 3045 3586 3101 D.
3624 3044 3908 3112 Anselmo,
3940 3046 4053 3102 Lu-

784 3141 1040 3205 dinanda,
1070 3148 1231 3211 atque
1271 3141 1644 3195 constituenda
1676 3142 1895 3197 habere.
1934 3141 2121 3211 itaque
2146 3140 2355 3197 sublato
2382 3123 2431 3188 Ο
2458 3132 2605 3187 εεηεί
2628 3134 2905 3203 ονίκοροέ
2938 3142 2993 3190 οι
3034 3136 3286 3192 omnibus
3317 3137 3489 3203 vobis.
3538 3137 3761 3206 damno.
3802 3154 3869 3194 ac
3893 3138 4049 3195 ἀειθ-

784 3232 1019 3287 clatnore
1042 3233 1236 3301 raptim
1260 3232 1495 3302 undique
1526 3248 1554 3287 a
1582 3233 2033 3288 tumultuantibus
2056 3233 2121 3288 ad
2147 3233 2359 3303 episco-

786 3324 929 3391 pium
967 3323 1330 3389 concurritur,
1366 3338 1752 3394 campanarum
1806 3323 2065 3393 strepitu,
2108 3338 2173 3379 ac
2220 3339 2359 3395 prte-

784 3414 1004 3481 grandis
1034 3414 1173 3470 tubas
1208 3414 1463 3484 clangore
1489 3416 1617 3471 urbs
1642 3424 1752 3471 tota
1776 3416 2099 3487 completur,
2126 3430 2191 3471 ac
2214 3431 2361 3470 mors

785 3507 962 3575 legato
993 3506 1059 3561 ab
1087 3507 1337 3561 omnibus
1367 3507 1685 3562 intentatur.
1714 3508 2249 3563 Accenderatautem
2274 3509 2359 3563 in-

783 3597 941 3651 vidis:
964 3596 1255 3660 flammam,
1284 3596 1426 3665 quod
1453 3597 1648 3652 Petrus
1669 3598 1842 3667 pridie
1864 3599 1918 3653 in
1935 3607 2203 3653 conventu
2225 3614 2363 3669 prte-

786 3684 987 3750 sidetts,
1008 3684 1076 3739 ad
1097 3686 1340 3741 dextram
1368 3686 1469 3740 sibi
1492 3685 1804 3740 Ansclmum
1823 3689 2134 3757 episcopum
2158 3690 2363 3743 consti-

789 3784 994 3841 tuerat,
1026 3792 1057 3830 a
1106 3777 1329 3831 sinistra
1378 3784 1509 3831 vero
1558 3776 1839 3833 Widonem
1893 3780 2361 3850 archiepiscopum

787 3864 889 3919 sibi
941 3864 1180 3920 assidere
1231 3866 1531 3921 mandaret.
1571 3865 1860 3937 Perspecta
1893 3884 2023 3923 vero
2058 3870 2239 3940 populi
2270 3886 2364 3927 vo-

787 3953 992 4008 luntate
1028 3954 1254 4026 legatus,
1283 3956 1542 4025 postridie
1558 3966 1855 4013 convocato
1889 3958 1943 4013 in
1983 3959 2237 4029 templum
2261 3976 2361 4031 po-

787 4041 933 4112 pnlo,
964 4045 1019 4097 in
1048 4045 1361 4098 concionem
1387 4045 1654 4104 ascendit.
1682 4054 1847 4115 atque
1880 4049 2111 4101 tttmultu
2144 4050 2361 4105 tandem

786 4132 975 4187 sedato
996 4171 1011 4197 ,
1050 4132 1123 4186 ita
1177 4132 1428 4187 disseruit
1458 4151 1470 4185 :
1500 4132 1751 4188 Nicolaus
1778 4133 2023 4204 pontifex
2061 4138 2360 4205 maximus,

786 4219 983 4274 fratres
1010 4220 1334 4284 charissimi,
1364 4221 1509 4275 misit
1540 4237 1625 4276 me
1647 4223 1713 4275 ad
1738 4237 1852 4290 vos,
1884 4238 1989 4278 non
2030 4235 2090 4279 ut
2112 4225 2367 4281 Ecclesiae

789 4306 948 4363 Rom.
999 4311 1187 4364 honori
1237 4321 1398 4381 atque
1448 4312 1789 4383 amplitudini
1840 4315 2129 4379 servirem,
2175 4317 2268 4372 sed
2309 4328 2367 4373 ttt

788 4408 985 4454 vestrae
1010 4399 1189 4469 gloriae
1245 4411 1407 4470 atque
1459 4401 1619 4456 saluti
1649 4403 2006 4459 consulerem.
2040 4405 2176 4472 Quid
2219 4406 2362 4461 enim

2458 3232 2575 3278 stet-
2600 3238 2818 3281 omnem
2866 3225 3221 3282 simoniacam
3262 3227 3534 3293 hatresim,
3562 3243 3629 3284 ac
3652 3226 3760 3295 me,
3796 3238 3859 3286 et
3880 3229 4048 3285 cleri-

2459 3328 2575 3378 cos,
2603 3322 2661 3369 et
2679 3329 3025 3372 successores
3050 3331 3226 3393 meos,
3247 3318 3487 3388 spondeo
3512 3318 3646 3374 nihil
3677 3320 3730 3375 in
3760 3329 4046 3391 posterum

2459 3414 2767 3460 exacturos.
2826 3404 3219 3462 Nicolaitarum
3271 3422 3491 3479 quoque
3551 3410 3803 3466 haeresim
3851 3411 4048 3467 eadem

2463 3496 2673 3551 ratione
2698 3495 3024 3562 condemno,
3066 3507 3123 3553 et
3176 3501 3554 3569 presbyteros,
3608 3500 3893 3567 diaconos,
3920 3501 4049 3557 sub-

2461 3584 2827 3654 diaconosque
2854 3586 2925 3641 ab
2946 3601 3195 3652 uxorum,
3219 3596 3275 3643 et
3302 3589 3728 3645 concubinarum
3759 3592 4056 3658 societate,

2463 3674 2640 3742 quoad
2665 3683 2877 3744 potero,
2908 3674 3288 3746 propulsurum
3317 3678 3597 3747 promitto.
3648 3678 3779 3735 Inde
3804 3689 3937 3736 ante
3970 3680 4051 3735 ει.

2465 3769 2579 3815 tare
2605 3776 2787 3817 coram
2821 3765 3075 3836 episcopo
3103 3763 3334 3822 Lucensi
3359 3767 3495 3822 dixit
3528 3785 3542 3823 :
3577 3767 3635 3823 Si
3658 3768 3744 3823 his
3770 3768 4051 3836 defecere,

2464 3862 2574 3908 tum
2597 3869 2684 3909 me
2710 3854 2874 3923 Deus,
2901 3866 2957 3912 et
2992 3857 3101 3913 divi
3126 3859 3336 3929 piorum
3367 3862 3748 3919 communione
3767 3864 4051 3935 dejiciant.

2462 3945 2745 4003 Postremo
2783 3947 3042 4005 Amulfus
3097 3966 3265 4020 nepos
3299 3950 3447 4020 ejus,
3493 3953 3723 4010 clericus
3775 3968 3902 4009 cum
3940 3971 4052 4012 una

2466 4054 2628 4097 manu
2665 4056 2881 4097 manmn
2912 4043 3307 4114 archiepiscopi
3337 4054 3578 4110 teneret,
3608 4045 3780 4101 altera
3828 4061 4046 4103 sacrum

2465 4129 2741 4201 Evangelii
2768 4132 3008 4189 codicem
3025 4143 3293 4206 tangeret,
3320 4136 3393 4191 ita
3420 4137 3633 4201 loeutus
3654 4137 4059 4196 est:Dominus

2467 4218 2628 4275 Wido
2648 4222 3106 4294 archiepiscopus,
3132 4226 3276 4295 quod
3302 4229 3553 4297 promisit
3577 4230 3645 4284 de
3664 4232 3917 4287 castitate
3938 4232 4053 4288 cle-

2468 4311 2703 4367 ricorum
2728 4352 2743 4377 ,
2779 4314 3090 4370 observabit
3134 4335 3149 4370 :
3198 4332 3375 4387 neque
3416 4320 3758 4376 consecrabit
3805 4321 4051 4392 aliquem

2466 4407 2665 4467 praeter
2684 4401 2998 4467 monachos,
3035 4418 3195 4472 quem
3239 4405 3521 4476 superiore
3562 4417 3906 4465 sacramento
3940 4426 4054 4466 non

790 4490 995 4545 honore
1040 4493 1339 4547 tenuissimi
1394 4493 1628 4550 hominis
1662 4494 1902 4551 Romana
1944 4508 2065 4569 eget
2097 4499 2360 4564 Ecclesia,
2396 4488 2472 4547 Dt

2396 4488 2441 4547 D
2466 4488 2685 4562 obliget.
2718 4490 2917 4545 Eadem
2947 4491 3129 4548 clerici
3168 4493 3443 4562 jnrarunt.
3470 4493 3565 4551 llis
3590 4495 3749 4563 actis,
3781 4499 4054 4570 archiepi-

790 4596 911 4651 qna:
938 4581 1155 4637 laudum
1206 4584 1473 4653 praeconia
1517 4600 1584 4640 ex
1614 4586 1779 4656 ipsius
1826 4602 1922 4642 ore
1948 4598 2032 4642 est
2066 4588 2362 4647 Salvatorit

792 4671 1022 4743 adepta?
1047 4687 1167 4743 quae
1192 4682 1373 4728 autem
1404 4674 1683 4744 previncia
1728 4676 1781 4730 in
1817 4677 1976 4732 terris
2011 4676 2080 4732 ab
2100 4677 2216 4746 ejus
2250 4680 2365 4735 edi-

794 4767 939 4820 tione
973 4766 1145 4821 libera
1183 4768 1465 4837 reperitur,
1497 4766 1650 4837 cujus
1675 4769 1901 4825 arbitrio
1938 4772 2110 4839 ipsum
2147 4786 2361 4843 quoque

793 4854 987 4909 caelum
1014 4856 1274 4925 aperitur,
1298 4864 1352 4909 et
1400 4856 1701 4912 clauditur?
1728 4858 1948 4929 (Matth.
1978 4861 2115 4930 xvi.)
2148 4860 2215 4914 Et
2241 4862 2361 4930 qui-

793 4946 934 5008 dem,
962 4945 1007 5001 si
1032 4954 1179 5001 recte
1207 4947 1566 5012 attenderitis,
1609 4948 1840 5019 reliquas
1872 4949 2139 5006 Ecclesiae
2173 4951 2241 5006 ab
2266 4953 2365 5007 ho-

792 5032 1026 5089 minibus
1070 5035 1342 5091 institutas
1370 5051 1490 5093 esse
1540 5038 1852 5107 reperietis;
1900 5039 2199 5095 Ecclesiam
2236 5057 2361 5099 vero

792 5124 1088 5178 Romanam
1124 5141 1153 5179 a
1180 5126 1291 5181 Deo
1344 5125 1459 5197 ipso
1498 5141 1619 5183 esse
1667 5126 1967 5194 fundatam,
2001 5140 2164 5200 atque
2198 5132 2267 5188 ab
2297 5149 2360 5190 ea

792 5228 915 5267 cum
955 5213 1187 5284 reliquas
1220 5215 1373 5280 alias,
1398 5226 1508 5271 tum
1536 5219 1771 5275 maxime
1798 5218 2249 5279 Mediolanensem
2275 5241 2365 5280 or-

792 5314 876 5359 tus
892 5305 972 5358 sui
997 5306 1308 5377 primordia,
1333 5314 1390 5362 et
1403 5308 1698 5378 disciplinas
1720 5310 2022 5366 rudimenta
2046 5315 2360 5383 sumpsisse.

791 5400 1141 5465 Quid-enim?
1177 5401 1370 5458 Petrus
1395 5410 1451 5459 et
1474 5402 1692 5472 Paulus,
1729 5408 1821 5477 qui
1852 5407 2151 5465 Romanam
2185 5412 2364 5468 Eccle-

791 5488 924 5545 siam
945 5504 1043 5546 suo
1066 5494 1324 5562 sanguine
1345 5508 1751 5564 consecrarunt,
1782 5514 1959 5554 nonne
1984 5502 2119 5557 banc
2150 5518 2363 5574 quoque

794 5595 889 5651 per
927 5583 1218 5655 discipulos
1266 5600 1392 5641 suos
1427 5587 1813 5644 instituerunt?
1842 5589 1973 5644 Nam
2034 5592 2290 5649 Nazarius
2332 5612 2361 5649 a

794 5674 931 5730 Lino
957 5676 1097 5734 Petri
1140 5679 1403 5749 discipulo
1432 5698 1584 5735 sat-ro
1610 5682 1754 5737 fonte
1790 5682 2031 5748 ablutus,
2063 5705 2274 5743 sacrum
2309 5690 2361 5743 in

2467 4597 2662 4651 scapus
2695 4598 2753 4637 se
2786 4581 3012 4653 proiecit
3045 4584 3097 4639 in
3146 4594 3380 4651 terram,
3411 4595 3574 4656 atque
3613 4586 3886 4657 piaculum
3945 4590 4053 4646 sibi

2469 4670 2672 4743 iujungi
2707 4672 2901 4739 jussit;
2952 4674 3081 4744 quia
3119 4676 3369 4744 quamvis
3400 4692 3464 4731 ea
3496 4677 3610 4747 ipse
3647 4676 3703 4732 in
3747 4677 4053 4735 Ecclesiam

2468 4764 2662 4831 probra
2691 4780 2795 4818 non
2823 4766 3135 4833 invexisset,
3162 4776 3341 4822 tamen
3371 4784 3494 4824 cum
3522 4778 3728 4840 posset,
3751 4785 3820 4825 ex
3846 4785 3911 4827 ea
3940 4786 4056 4827 non
4112 4780 4117 4787 '

2468 4855 2796 4911 sustulisset.
2834 4856 3067 4929 Legatus
3094 4870 3312 4916 centum
3346 4876 3611 4916 annorum
3647 4861 3919 4932 piaculum
3950 4860 4059 4918 im-

2468 4951 2668 5020 posuit,
2696 4951 2858 5022 idque
2884 4952 3073 5007 redimi
3105 4956 3265 5022 posse
3310 4962 3459 5007 certa
3505 4953 3560 5007 in
3611 4954 3851 5026 singulos
3880 4971 4059 5012 annos

2469 5043 2642 5097 soluta
2673 5045 2921 5115 pecunia,
2949 5044 3135 5099 voluit.
3179 5044 3375 5101 Clerici
3423 5045 3655 5101 diversis
3692 5047 3751 5101 in
3782 5046 3895 5103 vita
3914 5046 4060 5116 jeju-

2470 5135 2573 5190 niis
2601 5134 2845 5207 obligati.
2881 5136 3337 5207 Archiepiscopus
3365 5136 3487 5192 inde
3508 5139 3828 5195 concionem
3860 5154 4058 5197 ascen-

2469 5228 2566 5292 dit,
2617 5242 2714 5293 ae,
2744 5238 3008 5299 praesente
3034 5228 3181 5285 clero
3210 5240 3268 5287 et
3307 5232 3534 5301 populo,
3580 5234 3839 5291 clericum
3891 5250 4055 5291 suum

2461 5316 2648 5386 jnrare
2667 5318 2848 5388 jussit,
2878 5334 2938 5375 se
2968 5321 3067 5376 bas
3088 5321 3222 5376 duas
3248 5321 3483 5379 haereses
3501 5338 3602 5393 pro
3624 5324 3834 5382 viribus
3856 5327 4065 5383 exstir-

2466 5418 2736 5479 patnrum.
2765 5409 3075 5482 Eodemque
3118 5428 3177 5469 se
3206 5412 3561 5483 jurejurando
3589 5418 3819 5488 populus
3845 5420 4056 5492 obliga-

2467 5499 2561 5553 vit.
2595 5500 2823 5556 Clericis
2847 5510 3121 5571 postremo
3145 5504 3373 5572 pristina
3408 5518 3750 5573 ornamenta,
3797 5508 4055 5567 litteratis

2466 5593 2649 5658 ctiam,
2682 5603 2736 5648 et
2763 5595 2929 5649 castis
2948 5594 3180 5649 alliciunt
3213 5597 3505 5654 redditum.
3538 5599 3748 5671 Reliqui
3792 5600 4055 5659 Ecclesia:

2471 5696 2675 5741 tantum
2719 5686 2991 5745 associati.
3032 5688 3469 5760 archirpisropus
3497 5692 3683 5761 etiam,
3715 5709 3809 5749 eos
3832 5710 3891 5750 se
3926 5692 4055 5749 reli-
