5962 6460
1398 558 1553 619 Meus
1580 561 1752 619 sitivit
1775 564 1950 632 arida,

1400 645 1651 709 Claustra
1671 654 1855 711 carnis
1881 665 2081 726 presto
2102 661 2275 729 frangi

1396 740 1590 798 Clausa
1615 745 1810 813 quaerit
1835 748 2015 801 anima
2039 764 2054 801 :

1393 828 1605 894 Gliscit,
1631 834 1818 899 ambit,
1849 834 2119 891 eluctatur

1402 922 1567 977 Exsul
1598 922 1703 977 frui
1731 926 1926 993 patria.

1468 1012 1577 1082 63
1606 1012 1740 1067 Dum
1770 1016 2039 1085 pressuris
2066 1030 2132 1073 ac
2156 1020 2420 1076 arumnis

1394 1100 1466 1156 Se
1488 1103 1654 1173 gemit
1671 1106 1957 1160 obnoxiam
1982 1146 1996 1171 ,

1394 1188 1567 1255 Quam
1595 1193 1800 1257 amisit,
1824 1208 1947 1249 cum
1972 1194 2216 1267 deliquit,

1388 1276 1798 1351 Contemplatur
1831 1283 2078 1352 gloriam.

1387 1369 1635 1426 Praesens
1663 1371 1859 1430 malum
1912 1384 2073 1442 auget
2093 1374 2220 1431 boni

1393 1459 1592 1515 Perditi
1622 1464 1965 1519 memoriam.

1458 1550 1594 1605 Nam
1617 1554 1739 1622 quis
1764 1563 1979 1624 promat
2004 1568 2232 1613 summa
2256 1558 2408 1628 pacis

1386 1640 1600 1709 Quanta
1634 1646 1704 1698 sit
1730 1645 1941 1712 laetitia,

1389 1730 1489 1789 Ubi
1519 1734 1655 1789 vivis
1681 1738 1992 1807 margaritis

1380 1828 1628 1897 Surgunt
1648 1832 1873 1887 aedificia
1890 1872 1907 1900 ,

1384 1924 1534 1973 Auro
1557 1921 1703 1976 eclsa
1734 1923 1940 1977 micant
1966 1930 2127 1991 tecta,

1379 2005 1612 2062 Radiant
1636 2010 1901 2075 triclinia]!

1441 2097 1583 2154 Solis
1616 2101 1846 2172 gemmis
1868 2104 2127 2172 pretiosis

1375 2187 1502 2244 llaec
1530 2199 1801 2246 structura
1826 2194 2087 2260 nectitur,

1375 2277 1524 2332 Auro
1552 2282 1752 2335 mundo
1792 2290 2049 2351 tanquam
2089 2285 2231 2342 vitro

1375 2366 1535 2422 Urbis
1562 2368 1648 2422 via
1676 2371 1945 2425 sternitur
1971 2390 1983 2425 :

1360 2452 1529 2510 Abest
1561 2455 1746 2523 limus,
1770 2458 1925 2515 deest
1953 2460 2134 2529 fimus,

1372 2545 1513 2602 Lnes
1548 2548 1691 2603 nulla
1733 2553 1996 2609 cernitur.

1438 2635 1623 2693 Hiems
1647 2640 1897 2707 horrens,
1936 2652 2102 2701 aestas
2125 2652 2338 2704 torrens

1366 2726 1480 2783 illic
1514 2745 1790 2801 nunquam
1817 2734 2049 2790 saeviunt
2080 2752 2094 2789 :

1364 2814 1488 2871 Flos
1512 2834 1816 2889 purpureus
1841 2837 2090 2879 rosarum

1376 2906 1480 2962 Ver
1509 2910 1620 2979 agit
1647 2921 1966 2981 perpetuum
2010 2933 2023 2969 :

1360 2996 1605 3055 Candent
1630 3001 1759 3070 lilia,
1782 3005 2024 3065 rubescit

1365 3088 1591 3157 Crocus,
1623 3094 1788 3149 sudat
1808 3093 2131 3155 balsamum.

1428 3180 1621 3237 Virent
1645 3194 1821 3255 prata,
1843 3197 2074 3244 vernant
2093 3198 2233 3257 sata,

1357 3270 1477 3326 itivi
1510 3273 1689 3330 mellis
1715 3275 1963 3340 inﬂuunt,

1353 3363 1759 3436 Pigmentorum
1788 3379 1959 3441 spirat
1983 3374 2137 3439 odor,

1353 3453 1555 3525 Liquor
1573 3464 1627 3511 et
1664 3468 1994 3528 aromatum,
2122 3504 2143 3535 ,τ

1351 3545 1597 3602 Pendent
1615 3564 1776 3619 poma
1801 3548 2121 3610 floridorum

1353 3632 1470 3690 Non
1494 3636 1708 3708 lapsura
1733 3655 2039 3699 nemorum.

1426 3731 1540 3787 Non
1567 3735 1802 3792 alternat
1827 3738 1953 3795 luna
1984 3743 2153 3809 vices,

1349 3819 1462 3887 Sol,
1490 3824 1574 3879 vel
1604 3841 1796 3884 cursus
1823 3828 2063 3887 siderum
2102 3851 2115 3885 :

1352 3914 1539 3985 Agnus
1558 3927 1647 3972 est
1679 3917 1852 3975 felicis
1876 3920 2038 3978 Urbis

1342 4002 1547 4060 Lumen
1576 4008 1954 4078 inocciduum;

1341 4092 1455 4149 Nox
1488 4107 1544 4150 et
1576 4105 1788 4169 tempus
1818 4102 2013 4160 desunt
2044 4107 2117 4171 ei,

1342 4182 1493 4248 Diem
1522 4186 1626 4243 fert
1653 4191 1994 4249 continuum.

1411 4275 1546 4331 Nam
1576 4290 1631 4334 et
1652 4284 1824 4338 sancti
1853 4287 2076 4357 quique,
2104 4292 2250 4348 velut

1338 4365 1429 4420 Sol
1466 4371 1778 4441 prazclarns,
1802 4381 2047 4437 rutilant.

1334 4454 1462 4512 Post
1495 4462 1825 4533 triumphum
1848 4476 2092 4529 coronati

1330 4544 1517 4605 Mutuo
1547 4554 1903 4624 conjuhilant,

1331 4636 1399 4692 Et
1437 4646 1693 4710 prostrati
1726 4662 1935 4719 pugnas
1966 4652 2139 4710 hostis

1324 4725 1441 4783 Jam
1474 4736 1651 4789 securi
1683 4752 1991 4799 numerant.

1402 4824 1562 4880 Omni
1598 4828 1719 4883 labe
1758 4832 2000 4890 defarcali

1329 4912 1523 4971 Carnis
1552 4916 1687 4971 bella
1721 4923 1988 4988 nesciunt,

1328 5003 1465 5056 Caro
1491 5004 1631 5060 facta
1657 5010 1915 5076 spiritalis

1324 5100 1391 5157 Et
1421 5120 1595 5171 mens,
1627 5106 1791 5164 unum
1824 5118 2067 5173 sentiunt
2094 5138 2127 5173 :.

1322 5203 1456 5260 Pace
1494 5209 1659 5264 multa
1694 5214 2035 5281 perfruentcs

1324 5304 1585 5364 Scandala
1609 5328 1715 5368 non
1752 5317 2055 5383 perferunt.

1389 5404 1732 5464 Mutabilibus
1760 5417 1903 5467 exuti

1314 5507 1585 5577 Repetunt
1616 5516 1902 5585 originem.

1317 5606 1382 5661 Et
1406 5622 1729 5677 prmsentem
1757 5620 2009 5676 veritatis

1306 5704 1754 5783 Contemplantur
1777 5721 2010 5787 speciem
2026 5764 2041 5788 ,

1314 5803 1447 5865 Hinc
1479 5812 1693 5869 vitalem
1729 5818 1829 5871 vivi
1862 5819 2034 5881 fontis.

2372 438 2683 505 CARMINA
2721 438 2806 499 ET
2836 424 3122 498 Ptttt‘tlES.

3093 566 3364 626 ﬂaurlunt
3392 571 3756 628 dulcedinem.

3166 663 3292 718 inde
3316 673 3516 719 statum
3540 678 3759 734 semper
3781 663 3942 720 iidem

3085 751 3365 809 Existendi
3396 754 3643 823 capiunt,

3084 841 3250 906 Clari,
3281 844 3467 910 vividi,
3493 844 3747 912 jucundt,

3091 933 3202 1005 64
3226 933 3400 990 Nullis
3425 944 3611 1004 patent
3637 935 3857 992 casibus
3890 955 3902 990 :

3085 1025 3303 1080 Absnnt
3328 1028 3526 1090 morbi,
3556 1041 3773 1097 semper
3791 1028 3945 1083 sanis

3082 1118 3347 1172 Senectus
3367 1118 3681 1187 juvenibus.

3153 1202 3291 1260 Hinc
3318 1221 3556 1275 perenne
3581 1216 3769 1263 tenent
3796 1223 3936 1273 esse,

3065 1291 3201 1347 Nam
3227 1296 3465 1350 transire
3493 1297 3711 1353 transiit
3738 1313 3751 1349 :

3086 1384 3215 1439 Inde
3246 1388 3422 1442 virent
3473 1390 3674 1462 vigent,
3707 1388 3923 1453 ﬂorent,

3078 1473 3395 1545 Corruptela
3426 1480 3653 1544 corruit,

3089 1557 3521 1625 immortalitatis
3560 1571 3716 1641 vigor

3090 1652 3280 1711 Mortis
3304 1656 3394 1725 jus
3437 1658 3740 1717 absorbuit.

3146 1744 3249 1812 Qui
3278 1748 3542 1811 scientem
3566 1760 3766 1807 cuncta
3790 1754 3995 1822 sciunt,

3078 1834 3181 1902 Qui
3208 1838 3419 1893 nescire
3445 1848 3751 1910 nequeunt;

3072 1922 3207 1980 Nam
3244 1940 3299 1981 et
3322 1931 3558 1997 pectoris
3584 1947 3789 1987 arcana

3075 2013 3369 2070 Penetrant
3398 2020 3719 2075 alterutrum
3748 2039 3763 2073 :

3081 2104 3257 2162 Unum
3283 2108 3494 2175 volunt,
3523 2126 3691 2167 unum
3717 2114 3933 2183 nolunt,

3076 2193 3270 2252 Unitas
3293 2208 3381 2253 est
3407 2199 3695 2255 mentium.

3149 2287 3302 2344 Licet
3322 2290 3521 2360 cuique
3547 2293 3619 2345 sit
3647 2291 3923 2350 diversum

3070 2376 3177 2431 Pro
3201 2377 3386 2434 labore
3414 2382 3692 2448 meritum,

3066 2463 3180 2521 Cha
3190 2468 3322 2523 ritas
3341 2468 3459 2524 haec
3480 2485 3639 2526 suum
3668 2470 3801 2528 facit

3068 2556 3221 2620 Quod
3250 2566 3399 2612 amat
3428 2558 3482 2613 in
3511 2558 3685 2616 altero
3722 2577 3736 2615 :

3066 2644 3355 2715 Proprium
3383 2649 3463 2703 sic
3486 2648 3826 2720 singulorum

3062 2735 3364 2792 Commune
3387 2739 3447 2793 tit
3473 2740 3739 2797 omnium.

3139 2828 3238 2884 Ubi
3273 2844 3491 2900 corpus,
3522 2831 3653 2889 illuc
3666 2832 3799 2902 iure

3066 2916 3483 2991 Congregantur
3508 2922 3726 2994 aquila,

3057 3012 3176 3075 Quo
3201 3025 3324 3066 cum
3365 3012 3573 3085 angelis
3607 3024 3666 3072 et
3697 3018 3906 3077 sanctis

3060 3097 3397 3159 Recreentur
3421 3106 3620 3163 animae
3650 3123 3667 3162 :

3058 3190 3178 3248 Uno
3203 3209 3341 3263 pane
3372 3196 3563 3252 vivunt
3589 3196 3740 3255 cives

3058 3280 3354 3353 Utriusque
3381 3285 3592 3354 patria.

3131 3373 3311 3439 Avidi,
3345 3384 3401 3430 et
3428 3388 3647 3447 semper
3671 3378 3840 3449 pleni.

3053 3462 3207 3520 Quod
3242 3462 3444 3521 habent
3473 3466 3833 3529 desidnranL:

3051 3554 3167 3609 Non
3204 3559 3431 3615 satietas
3461 3561 3693 3627 fastidit,

3050 3645 3239 3718 Neque
3267 3648 3442 3709 fames
3473 3656 3689 3711 cruciat
3722 3673 3736 3710 :

3046 3735 3325 3797 lnhiantes
3353 3757 3570 3815 semper
3591 3746 3785 3815 edunt,

3045 3828 3113 3883 Et
3145 3831 3369 3889 edentes
3397 3834 3630 3894 inhiant.

3115 3917 3298 3983 Novas
3315 3938 3532 3995 semper
3555 3928 3876 3992 barmontas

3046 4016 3163 4073 Vox
3194 4020 3406 4078 meloda
3436 4038 3753 4098 concrepat,

3041 4120 3127 4187 Et,
3164 4123 3218 4177 in
3237 4124 3472 4195 jubilum
3498 4129 3732 4199 prolata,

3039 4221 3277 4280 Mulcent
3303 4242 3467 4285 aures
3486 4244 3725 4303 organa;

3043 4323 3233 4396 Digna,
3263 4340 3362 4396 per
3385 4344 3548 4400 quem
3579 4343 3707 4390 sunt
3736 4335 3996 4411 victores,

3038 4423 3169 4497 Regi
3194 4430 3322 4483 dant
3341 4432 3632 4500 praeconia.

3112 4525 3262 4582 Felix
3287 4529 3408 4585 cmli
3442 4548 3564 4602 qua
3589 4547 3915 4605 praesentem

3034 4625 3237 4698 Regem
3260 4630 3435 4685 cernit
3461 4632 3667 4703 anima,

3041 4725 3107 4780 Et
3137 4728 3238 4782 sub
3264 4730 3393 4785 sede
3416 4742 3628 4802 spectat
3655 4736 3764 4796 alta

3034 4828 3196 4887 Orbis
3225 4833 3368 4890 volvi
3396 4839 3732 4908 machinam,

3031 4929 3235 4997 Solem,
3267 4934 3473 5002 lunam,
3505 4947 3563 4994 et
3596 4939 3815 5011 globosa

3025 5032 3161 5087 Cum
3185 5035 3418 5104 planetis
3446 5039 3645 5096 sidera.

3100 5136 3340 5205 Christe,
3366 5142 3548 5210 palma
3575 5146 3924 5220 bellatorum,

3027 5234 3141 5293 Hoc
3167 5240 3219 5293 in
3253 5244 3609 5315 municipium

3022 5332 3281 5394 Introduc
3315 5358 3405 5397 me
3428 5355 3551 5417 post
3587 5347 3824 5407 solutum

3018 5437 3250 5495 Militare
3281 5444 3554 5514 cingulum
3588 5468 3599 5504 :

3021 5542 3125 5597 Fac
3152 5558 3462 5604 consortem
3491 5554 3732 5612 donativi

3015 5641 3309 5700 Beatorum
3342 5651 3564 5707 civium.

3085 5743 3272 5801 Przehe
3293 5751 3439 5807 vires
3472 5756 3797 5821 inexhaustu

3007 5839 3303 5903 Laboranti
3328 5851 3518 5923 prtelio
3548 5872 3564 5915 :

4300 454 4406 514 θη
