5962 6442
1404 420 1505 478 987

2305 416 2802 476 COLLECTANBA
2843 416 2907 474 IN
2947 417 3174 476 VETUS
3211 412 3749 474 TESTAMENTUH.

1401 529 1629 586 tualibus
1672 531 1836 600 ﬁlius,
1877 533 2000 585 dum
2046 529 2277 600 ejusdem
2323 530 2492 584 obitus
2540 531 2833 597 parentalia
2884 542 2972 583 ae—
3000 539 3046 594 Α
3076 541 3248 600 gentia
3273 535 3326 584 in
3356 530 3645 584 Romanam
3675 527 3959 582 Ecclesium
4001 527 4204 580 merita.
4249 523 4394 578 Hcce
4442 524 4658 578 amite?

1401 619 1600 684 scribit,
1648 628 1912 673 testatur:
1951 637 1970 669 ‹
2015 617 2232 682 Aderat,
2280 617 2538 686 inquiens,
2586 616 2972 687 Hogalonensis

1402 707 1688 779 episcopus,
1721 707 1925 760 nomine
1961 704 2318 776 Godefredus,
2363 718 2411 761 et
2457 707 2766 762 Benedictus
2813 707 2975 760 Muti-

1403 799 1574 852 nensis
1599 798 1886 866 episcopus,
1916 808 2066 863 atque
2085 798 2351 852 Aribertus
2395 796 2640 867 Regensis
2678 800 2972 866 episcopus,

1402 898 1448 941 et
1494 887 1728 956 ejusdem
1775 888 2001 942 civitatis
2044 891 2334 957 episcOpus,
2385 887 2580 943 scilicet
2627 886 2969 948 Mantuanus,

1405 971 1638 1028 Ubaldus
1683 985 1893 1028 vocatus
1922 990 1943 1028 :
1984 975 2074 1028 sed
2118 985 2166 1028 et
2212 974 2501 1029 Damianus
2537 975 2820 1028 cardinalis
2870 975 2971 1026 Ro-

1401 1080 1573 1118 mana:
1609 1061 1879 1130 Ecclesia',
1923 1066 2013 1134 qui
2060 1075 2109 1120 et
2140 1065 2299 1120 abbas
2343 1062 2829 1117 Nonantulanensis
2873 1080 2975 1116 coe-

1403 1155 1561 1207 nobii.
1596 1153 1668 1207 Ili
1703 1169 1877 1207 omnes
1921 1155 1992 1207 ad
2034 1154 2351 1208 audiendam
2390 1153 2502 1222 ejus
2533 1154 2878 1222 sapientiam.
2904 1152 2974 1204 ad

1403 1245 1707 1312 capiendum
1742 1246 1903 1310 ipsius
1928 1244 2220 1304 consilium,
2245 1245 2378 1296 sicut
2407 1259 2542 1310 sirpe
2586 1243 2686 1312 ipsi
2711 1259 2772 1294 ac
2802 1243 2975 1296 cwtcri

1402 1338 1646 1391 catholici
1668 1346 2053 1398 consuererant,
2076 1337 2412 1388 advenerunt.
2445 1355 2464 1386 ι
2497 1332 2624 1387 ῘῘαίτ
2650 1333 2938 1402 Rangerius
2956 1349 2973 1386 :

1401 1427 1490 1497 qui
1517 1442 1634 1479 cum
1665 1427 1718 1479 id
1764 1425 2014 1479 accidisse
2057 1434 2269 1478 testetur
2297 1440 2434 1477 anno
2474 1422 2670 1477 Christi
2701 1421 2972 1476 millesimo

1403 1518 1750 1587 octogesimo,
1799 1533 1861 1569 ac
1909 1517 2170 1570 mensibus
2219 1533 2397 1570 novem
2453 1525 2565 1582 post
2617 1513 2972 1582 felicissimum

1404 1603 1646 1674 Gregorii
1673 1623 1821 1676 papa'
1860 1605 1966 1658 VII
2000 1607 2308 1668 transitum,
2341 1606 2481 1657 haud
2521 1604 2727 1674 quidem
2757 1601 2972 1654 dubium

1401 1696 1496 1749 erit
1555 1695 1870 1749 Damianum
1914 1697 2147 1749 abbatem
2181 1698 2335 1748 istum
2368 1695 2424 1749 S.
2459 1694 2526 1748 Β.
2558 1693 2622 1746 Ε.
2651 1692 2974 1746 εανιίὶιιηιρνυι

1402 1794 1633 1838 creatum
1667 1783 1826 1852 fuisse
1861 1785 1924 1837 ab
1951 1785 2129 1838 eodem
2160 1783 2409 1852 Gregorio
2450 1799 2650 1836 summo
2697 1782 2974 1850 pontiﬁce;

3073 620 3268 673 dixisse
3307 619 3446 672 volui
3469 660 3483 683 ,
3531 631 3586 673 ut
3619 621 3734 689 quis
3779 620 3873 673 iste
3912 617 4198 672 Dantianus
4234 615 4411 669 abbas
4465 613 4653 684 fuerit,

3073 710 3248 782 aliqua
3273 711 3424 763 modo
3447 711 3799 764 innotesceret.

3145 799 3250 855 Sed
3292 801 3427 854 enim
3468 802 3732 870 scriptoris
3778 801 3965 870 hujus,
3994 802 4082 870 qui
4125 816 4246 870 opus
4295 796 4458 852 istud
4506 813 4574 852 es
4600 793 4652 852 S.

3077 885 3223 941 Petri
3265 887 3514 942 Damiani
3555 889 3700 943 libris
3737 890 4070 958 deprompsit,
4101 905 4282 941 nomen
4311 887 4426 940 etsi
4455 886 4653 940 codices

3077 995 3180 1032 non
3223 978 3533 1047 exprimant,
3579 979 3916 1033 nihilominus
3962 979 4243 1031 maximam
4273 977 4484 1031 habere
4523 975 4652 1028 hunc

3076 1068 3216 1122 illius
3259 1069 3455 1123 laboris
3485 1069 3782 1133 utilitatem,
3828 1087 3890 1122 ea;
3918 1086 3976 1123 eo
4013 1070 4296 1138 pra'sertim
4331 1075 4492 1135 patet
4521 1064 4650 1134 quod

3075 1157 3200 1210 dum
3250 1172 3318 1212 ex
3363 1156 3581 1226 singulis
3631 1157 3917 1228 quibusque
3975 1155 4285 1211 sanctissimi
4355 1149 4649 1206 cardinnlis

3077 1249 3334 1318 opusculis
3378 1250 3672 1302 testimonia
3712 1249 3766 1300 in
3804 1249 4028 1300 medium
4076 1247 4244 1315 aﬂ'ert,
4289 1243 4544 1312 ejusdem
4572 1248 4649 1292 ul-

3075 1349 3191 1408 pote
3237 1337 3546 1408 discipulus,
3597 1349 3845 1409 tanquam
3898 1338 4040 1391 testis
4098 1335 4357 1398 oculatus,
4424 1349 4490 1386 ea
4547 1331 4649 1395 ipse

3076 1429 3326 1498 opuscula
3372 1433 3435 1482 de
3483 1428 3668 1498 quibus
3717 1428 3893 1494 forsan
3934 1427 4171 1480 dubitare
4198 1432 4411 1494 posset,
4453 1429 4648 1473 tantum

3077 1519 3336 1572 doctorem
3374 1518 3738 1585 conscripsisse
3759 1557 3774 1581 ,
3805 1515 4062 1570 constanti
4086 1512 4188 1581 ﬁde
4216 1511 4366 1564 nobis
4402 1508 4644 1578 aperiret.

3091 1604 3276 1658 Verum
3322 1615 3372 1659 et
3418 1606 3514 1658 hoc
3559 1604 3695 1675 quod
3734 1605 3786 1658 in
3830 1602 4102 1673 pra'scntia
4129 1602 4314 1658 damus
4353 1602 4416 1652 ire
4466 1598 4644 1657 lucem,

3077 1708 3122 1750 et
3178 1697 3283 1749 alia
3320 1712 3472 1766 quae,
3517 1695 3625 1750 Deo
3669 1696 3911 1764 auspice,
3961 1693 4156 1747 edenda
4180 1706 4475 1757 paramus,
4526 1685 4646 1749 tuis.

3077 1789 3257 1852 lector,
3308 1788 3495 1841 studiis
3543 1804 3646 1841 non
3691 1787 3898 1840 inutilia
3945 1801 4033 1840 nec
4075 1784 4277 1853 ingrata
4324 1781 4448 1850 fore
4470 1793 4638 1848 spera-

1399 1884 1554 1943 atque
1585 1884 1630 1926 et
1678 1874 1731 1926 in
1779 1874 1961 1941 primis
2009 1874 2070 1926 ob
2119 1873 2386 1936 eximiam,
2435 1889 2538 1941 qua
2584 1872 2966 1927 sanctissimum
3003 1882 3045 1940 Β
3074 1895 3204 1931 mus,
3265 1877 3392 1932 γαιε
3420 1920 3434 1943 ,
3481 1889 3529 1932 ει
3583 1895 3662 1932 me
3708 1876 3914 1932 Christo
3963 1875 4184 1931 Domino
4244 1873 4348 1925 tuis
4409 1869 4642 1939 precibus

1400 1961 1542 2014 illius
1573 1963 1883 2015 avunculum
1921 1963 2350 2032 prosequebatur,
2382 1962 2816 2025 benevolentiam,
2853 1977 2973 2030 gra-

1401 2049 1655 2104 tissimam
1704 2051 2042 2116 memoriam,
2087 2051 2395 2120 apostolicos
2439 2053 2649 2105 virtutes
2694 2062 2848 2118 atque
2895 2050 2976 2103 in-

2629 2187 2941 2199 ...ς-...ἐ

1413 2187 1660 2200 ~—

3080 1971 3403 2024 commenda.

2303 2315 2361 2355 IN
2401 2314 2643 2356 NOMINE
2681 2310 2934 2355 ΒΔΝΟΤΒ
2974 2309 3053 2351 ΕΤ
3091 2309 3447 2352 ιηυινιῡυιε
3481 2309 3860 2352 TBINITATIS.

2635 2471 3037 2550 INCIPIT
3107 2471 3404 2548 LIBER

1537 2672 2502 2829 'TESTIMONIORUM
2576 2672 3057 2828 IE'I‘ERIS
3125 2673 3265 2827 AG
3360 2674 3630 2827 NOII
3736 2671 4498 2825 TESTAIIEN’I‘I.

1523 2959 1652 3020 qua:
1689 2943 1760 3002 de
1799 2940 2079 3020 Speculis
2109 2937 2424 3000 reuerendi
2479 2936 2650 2998 Petri
2689 2937 2980 2997 Damiani
3017 2935 3271 3074 qésitdam
3308 2957 3459 2999 suus
3507 2937 3856 3020 discipulus
3890 2958 4206 3020 excerpere
4240 2937 4519 3001 studiose

2896 3034 3046 3074 cura
3097 3036 3166 3074 l.

2896 3033 3166 3076 curavit.

2870 3174 3226 3193 σ--ιφσ

2194 3283 2303 3354 ⁷ο
2331 3283 2437 3355 7"
2510 3300 2972 3390 INCIPIT
3026 3300 3691 3396 PROLOGUS.

1481 3603 1709 3662 Domino
1735 3618 1832 3658 suo
1869 3613 1922 3657 et
1960 3601 2129 3666 Patri,
2161 3601 2357 3656 domno
2389 3601 2656 3666 DAIIANO,
2683 3600 2978 3658 reverenda
3005 3605 3049 3667 C
3080 3602 3254 3667 uicos,
3277 3617 3494 3657 onmem
3528 3602 3810 3657 insidiandi
3847 3605 4048 3658 aditum
4080 3604 4381 3670 obturahat,
4433 3617 4489 3661 ut
4515 3601 4631 3660 nulli

1408 3697 1611 3758 abbati.
1641 3695 1860 3750 ultimus
1889 3694 2275 3749 monachorum
2306 3707 2514 3758 servus,
2546 3693 2769 3749 sincerae
2819 3693 2986 3748 devo-

1410 3787 1574 3841 tio-uis
1607 3785 1943 3854 obsequium.

1480 3879 1615 3932 Dum
1647 3887 1822 3931 vestra
1854 3892 2024 3946 nuper
2058 3875 2321 3930 industria
2375 3876 2544 3930 beatae
2597 3875 2985 3930 recordationis

1407 3966 1586 4022 Patris
1625 3967 1817 4030 nostri,
1847 3965 1994 4020 Petri
2045 3965 2302 4034 episcopi,
2350 3965 2597 4020 avunculi
2644 3965 2808 4018 vestri
2842 3972 2984 4024 acta.

1407 4056 1555 4110 velut
1588 4057 1907 4125 quibusdam
1965 4055 2231 4109 nectareis
2267 4055 2440 4124 epulis
2467 4053 2754 4118 oblectata,
2797 4055 2986 4108 crebra

1410 4146 1755 4200 meditatione
1783 4160 2174 4215 percurrerem,
2204 4146 2413 4216 insigne
2443 4145 2494 4198 in
2516 4145 2595 4200 eis
2617 4146 2810 4213 reperi,
2839 4144 2983 4215 quod

1411 4238 1644 4294 utilitate
1691 4254 1851 4308 quam
1904 4239 2137 4293 maxima
2177 4239 2479 4294 redundare
2531 4241 2792 4309 persensi.
2851 4241 2985 4295 Dum

1412 4333 1592 4399 itaque
1617 4330 1700 4385 vir
1730 4329 1954 4385 illustris
1985 4342 2324 4398 arrogantem
2378 4331 2587 4386 illorum
2620 4331 2983 4401 eloquentiam

1414 4422 1756 4477 temne-udam
1787 4422 2031 4488 duceret,
2059 4424 2148 4492 qui
2175 4423 2400 4493 singulis
2423 4423 2834 4493 ingeniil‘amam
2860 4440 2988 4494 cap-

1414 4521 1610 4576 tantes,
1639 4511 1894 4580 quidquid
1920 4512 2120 4578 lingunt
2149 4513 2429 4583 multiplici
2458 4515 2692 4583 gestiunt
2717 4517 2984 4584 opacitate

1413 4601 1661 4664 densare,
1694 4600 1854 4654 modo
1899 4601 2146 4657 videlicet
2175 4604 2566 4659 sententiarum
2619 4606 2979 4676 perplexione,

1413 4691 1570 4745 modo
1596 4689 1916 4746 dictionibus
1945 4692 2211 4748 inusitatis
2240 4710 2583 4766 summOpere
2614 4698 2847 4753 nitentes
2884 4700 2981 4752 ob-

1411 4788 1637 4845 struere,
1665 4795 1728 4834 ne
1742 4781 1984 4850 quilibet,
2003 4799 2121 4852 qua:
2135 4785 2340 4850 dicunt,
2359 4785 2658 4841 intellectus
2672 4803 2886 4856 capere,
2901 4789 2983 4842 vel

1412 4872 1610 4939 absque
1645 4872 1871 4942 improbi
1906 4871 2102 4926 laboris
2156 4884 2349 4930 conatu
2401 4875 2612 4930 illorum
2666 4877 2979 4932 suilicienlia

3087 3691 3501 3763 prorsusjacalo
3523 3694 3740 3763 pervius
3770 3704 3950 3762 patere
3979 3704 4158 3766 posset
4177 3711 4443 3752 accessus.
4472 3697 4630 3764 Quam

3086 3782 3317 3852 denique
3340 3783 3742 3853 Scripturarum
3775 3785 4026 3840 fulturam
4062 3786 4194 3841 adeo
4224 3787 4276 3840 in
4304 3789 4415 3840 suis
4466 3795 4630 3840 tenere

3087 3883 3437 3926 causueverat
3467 3875 3618 3933 actis.
3655 3884 3710 3926 ut
3732 3874 3909 3928 verbis
3932 3875 4114 3937 etiatn,
4145 3890 4260 3944 qua'
4288 3875 4507 3944 prolatis
4529 3875 4628 3945 jam

3086 3971 3165 4013 rat
3178 3961 3389 4015 iouibus
3400 3961 3577 4015 clausa
3595 3961 3828 4030 undique
3851 3973 3905 4016 et
3926 3964 4240 4020 inconcussa
4256 3965 4616 4021 consisterent.

3089 4063 3210 4104 eam
3236 4065 3618 4121 nonnunquam
3656 4051 4008 4108 adhibendam
4034 4053 4361 4109 decerneret.
4394 4053 4463 4109 Ut
4488 4049 4627 4109 sicuti

3089 4139 3220 4194 urbs
3249 4139 3502 4208 quaelibet
3529 4148 3652 4210 post
3671 4140 3929 4196 vallorum
3960 4141 4236 4207 ambitum,
4260 4153 4378 4212 post
4405 4143 4629 4212 impene-

3089 4231 3283 4288 trabile
3313 4232 3531 4287 fortium
3582 4249 3853 4287 murorum
3886 4236 4290 4299 munimentum,
4335 4234 4624 4288 sublimium

3088 4324 3441 4393 distinguitur
3475 4324 3651 4380 adhuc
3694 4325 4181 4380 eonstructionihus
4214 4326 4487 4388 mmnium,
4535 4334 4624 4375 non

3088 4424 3196 4470 tam
3227 4415 3476 4472 videlicet
3514 4416 3584 4470 ob
3612 4416 3928 4471 necessaria
3954 4415 4260 4470 munitionis
4282 4412 4622 4468 fortitudinem

3085 4523 3246 4576 quam
3277 4507 3348 4562 ob
3376 4507 3648 4561 inhiandie
3672 4505 4082 4576 pulclu'itiulinis
4105 4506 4379 4560 decorem:
4410 4503 4481 4556 ila
4509 4512 4623 4570 quo-

3085 4617 3190 4671 que
3216 4601 3262 4655 is
3297 4600 3550 4669 pleraque
3581 4598 3979 4670 Scripturarum
4009 4597 4173 4650 solius
4218 4604 4433 4649 ornatus
4471 4590 4618 4665 gratia

3086 4693 3197 4746 suis
3224 4707 3364 4767 saepe
3393 4692 3556 4760 gestis
3578 4692 3866 4746 inseruisse
3899 4690 4168 4755 videatur;
4199 4704 4290 4743 seu
4318 4687 4473 4753 forte,
4499 4679 4621 4752 quod

3085 4800 3190 4838 non
3214 4784 3446 4837 absurde
3467 4783 3722 4837 aestimari
3747 4791 3942 4852 potest,
3971 4789 4051 4845 ut,
4080 4782 4357 4836 occasione
4380 4794 4532 4850 super
4554 4773 4620 4829 eis

3086 4872 3379 4927 disserendi
3397 4872 3574 4927 taliter
3595 4856 3846 4936 admissa,
3877 4872 3990 4940 ejus
4015 4871 4450 4926 sermocinatione
4472 4867 4620 4922 clare-

1415 4961 1600 5015 intima
1654 4975 1938 5033 penetrare
1965 4976 2126 5036 queat
2156 4984 2169 5021 :
2203 4967 2315 5038 ipse
2353 4986 2480 5024 vero
2532 4985 2740 5034 contra,
2773 4983 2982 5026 cunctis
3011 4951 3061 5008 D
3088 4975 3282 5028 sceret.
3314 4966 3438 5032 (ιυίει
3464 4966 3759 5019 θκίειετθηι

2258 4984 2315 5023 se
2353 4986 2480 5024 vero
2532 4985 2740 5034 contra,
2773 4983 2982 5026 cunctis
3011 4951 3061 5008 D
3088 4975 3282 5028 sceret,
3314 4966 3438 5032 quia
3464 4966 3759 5019 existerent
3786 4965 4050 5019 introrsus
4079 4963 4300 5017 fecunda
4329 4977 4445 5032 qua:
4467 4957 4612 5015 forin-

1416 5052 1553 5104 viam
1569 5051 1864 5121 legentibus
1891 5059 2123 5125 pandere
2141 5075 2202 5111 ac
2221 5061 2507 5114 enucleare
2530 5064 2770 5131 cupiens,
2789 5063 2933 5116 aliine
2951 5081 2979 5117 a

1413 5158 1641 5212 qumque
1663 5145 2019 5213 complaoare,
2045 5164 2134 5202 seu
2168 5152 2476 5205 obscuriora
2505 5170 2609 5206 non
2644 5157 2800 5207 modo
2824 5158 2979 5207 ratio-

1414 5233 1588 5297 nibus,
1628 5249 1812 5288 verum
1856 5238 2020 5291 etiam
2052 5238 2447 5308 Scripturarum
2500 5246 2760 5314 exemplis
2793 5245 2982 5299 diluci-

1412 5317 1537 5374 dzire
1569 5321 1955 5378 instantissime
1983 5329 2279 5396 satagebat.
2331 5330 2497 5386 Porro
2532 5346 2709 5387 autem
2766 5337 2806 5388 si
2856 5335 2982 5404 quid

1414 5411 1639 5474 tulisset,
1670 5417 1809 5481 quod
1840 5417 2016 5471 minus
2045 5418 2184 5472 forte
2213 5422 2401 5488 peritis
2433 5425 2795 5480 nutabundum
2828 5427 2985 5490 foret,

1411 5507 1718 5560 earumdem
1755 5514 2073 5565 testimoniis
2106 5514 2507 5584 Sm'iplurarnm
2539 5520 2678 5572 \‘clul
2699 5519 2862 5586 jactis
2892 5536 2987 5572 an-

1411 5597 1588 5650 choris
1640 5598 1850 5653 fortiter
1878 5606 2137 5668 anihiens,
2174 5624 2237 5659 ne
2274 5609 2490 5661 cuilibet
2546 5611 2679 5663 ultra
2729 5612 2986 5667 ﬂuctuare

1412 5688 1632 5752 valeret,
1667 5691 1924 5747 immobili
1972 5698 2257 5752 stabilitate
2288 5699 2504 5768 ligat-bat,
2540 5710 2697 5767 atque
2726 5703 2984 5758 adversus

1412 5791 1599 5832 omnes
1632 5779 2054 5852 impugnantium
2106 5788 2334 5855 impetus
2388 5789 2821 5858 insuperabiliter
2869 5809 2982 5846 mu-

3084 5070 3239 5108 sccus
3263 5055 3519 5123 patebant
3549 5056 3746 5108 inania.
3782 5055 3946 5108 Nemo
3970 5068 4096 5107 sane
4125 5055 4214 5123 qui
4243 5053 4618 5121 Scripturarnm

3084 5142 3265 5196 limina
3305 5146 3445 5204 terit.
3484 5144 3754 5213 ambigere
3812 5144 4154 5212 permittitur,
4194 5145 4334 5213 quod
4370 5143 4613 5206 [1180,1831

3084 5231 3395 5302 frequenter
3409 5234 3548 5287 illius
3561 5235 3960 5301 actisadhibita,
3977 5234 4256 5302 plurimum
4273 5248 4410 5302 szepe
4435 5224 4612 5300 mystici

3086 5325 3334 5391 sacrique
3357 5324 3656 5379 intellectus
3689 5327 4038 5389 occultarent,
4076 5341 4213 5394 qum,
4258 5325 4356 5377 nisi
4403 5325 4608 5376 reserata

3091 5412 3424 5483 inissent,_ca
3452 5417 3621 5485 magis
3651 5418 3875 5471 obruere
3906 5433 4062 5485 quam
4094 5416 4356 5469 illustrare
4385 5413 4607 5466 valerent.

3091 5508 3325 5573 Quorum
3375 5510 3554 5576 itaque
3597 5510 3848 5562 interiora
3887 5507 4460 5561 lueiﬂumdissertlonis
4481 5511 4608 5556 manu

3091 5602 3419 5669 penetrando
3457 5603 3772 5662 discutiens,
3799 5611 3957 5669 atque
3995 5600 4172 5653 abdita
4226 5611 4445 5667 quaeque
4475 5594 4610 5648 suisc

3089 5695 3452 5765 penetralibus
3477 5693 3714 5748 fitiiditus
3735 5709 3950 5757 eruens,
3979 5694 4202 5748 clariora
4243 5693 4356 5746 luce
4378 5689 4606 5760 patefacta

3091 5789 3361 5845 reddebat.
3388 5787 3590 5851 Quibus
3615 5787 3737 5841 dum
3761 5787 3868 5840 sola
3901 5787 4210 5857 plerumque
4240 5781 4455 5840 rationis
4480 5772 4609 5836 verba
