5962 6434
2551 423 2941 487 PROLOGUS.

4290 404 4398 465 900

1092 591 1213 631 non
1279 571 1318 627 ii
1340 570 1580 624 laetatur
1628 562 1961 626 satisfacere,
2016 557 2120 612 alia
2155 567 2342 610 rursus
2383 547 2690 606 testimonia
2719 552 2766 608 Α
2795 555 2919 597 rere
2945 538 3094 603 velit,
3121 533 3314 590 eodem
3341 529 3520 586 valeat
3543 527 3736 585 ordine
3759 523 3975 595 singula
4003 521 4267 592 reperire,
4288 535 4400 590 quo

1091 659 1510 722 deJucebantor
1536 656 1591 710 in
1616 653 1870 716 medium,
1894 663 2014 720 qua
2041 661 2163 703 cum
2192 644 2272 698 sui
2296 655 2510 711 quoque
2539 637 2691 693 intel-

1094 754 1306 809 lectum
1362 750 1475 804 sive
1501 747 1601 802 sub
1627 742 2007 813 allegoriarum
2031 749 2178 808 typo,
2203 735 2320 790 sive
2351 733 2450 788 sub
2472 728 2696 800 cujusli-

1095 847 1195 900 ltet
1225 840 1468 914 mysterii
1501 852 1642 906 saepe
1674 841 1920 905 tegerent
1944 844 2165 914 arcano,
2205 827 2258 880 in
2290 841 2441 879 suam
2494 824 2690 876 iterum

1095 932 1532 989 declarationem
1560 925 1810 981 eumdem
1849 900 2099 977 laboraie
2155 919 2451 986 cogebant;
2507 913 2693 980 sicque

1095 1023 1290 1080 divina
1322 1018 1627 1091 provisione
1651 1024 1862 1085 gestum
1906 1022 1990 1066 est
2015 1018 2074 1062 ut
2101 1009 2253 1078 plura
2287 1006 2454 1058 Sacra:
2484 1001 2695 1072 paginae

1096 1110 1381 1172 abstrusa,
1401 1106 1543 1162 illius
1557 1120 1720 1175 opera
1748 1097 2149 1157 evidentisstme
2178 1103 2448 1157 reserata,
2481 1091 2696 1161 perspi-

1096 1216 1226 1258 cuae
1252 1200 1407 1255 nobis
1438 1196 1808 1268 intelligentiae
1860 1193 2038 1248 nitore
2088 1188 2489 1259 resplendeant.
2554 1185 2693 1238 Dum

1098 1292 1284 1348 solers
1311 1292 1494 1360 itaque
1516 1290 1599 1343 vir
1627 1285 1906 1354 diligentia
1936 1289 2232 1338 memorata
2287 1278 2583 1347 Scriptura:
2611 1291 2696 1328 sa-

1099 1396 1218 1436 cras
1236 1379 1539 1435 testimonia
1570 1388 1677 1429 tant
1704 1372 1936 1443 eleganti
1956 1368 2347 1424 considerasset
2368 1364 2697 1419 enodatiOne

1098 1471 1360 1535 disserta,
1393 1471 1610 1537 dignum
1639 1465 1754 1520 fore
1782 1465 2044 1533 valdeque
2067 1459 2296 1529 perutile
2322 1456 2529 1518 censui,
2564 1468 2700 1522 qua-

1099 1573 1270 1618 tenus
1297 1577 1363 1616 ex
1395 1561 1671 1615 codicibus
1702 1557 1807 1614 illis
1829 1565 2083 1625 excerpta
2110 1555 2162 1608 in
2191 1551 2461 1620 singulare
2492 1544 2696 1616 proprii

1095 1651 1400 1708 voluminis
1426 1665 1625 1719 corpus
1653 1648 2049 1716 redigerentur,
2074 1661 2140 1700 ne
2185 1645 2326 1697 inter
2372 1649 2449 1694 tot
2490 1637 2698 1693 scilicet

1096 1739 1446 1796 voluminosa
1478 1739 1749 1794 condensa
1780 1736 2013 1790 laterent
2038 1733 2360 1787 detrimenta
2399 1727 2694 1798 incognita.

1095 1834 1224 1900 Qua
1285 1832 1440 1900 plauc
1496 1829 1928 1885 consideratione
1983 1838 2291 1894 quanquam
2342 1837 2447 1875 non
2505 1832 2696 1889 parum

2795 634 2908 690 suis
2929 639 3056 687 sunt
3081 629 3184 684 sita
3206 622 3514 688 codicibus;
3539 619 3804 688 istiusque
3826 613 4120 685 diligentia:
4142 627 4241 666 nec
4263 610 4398 680 ipsis

2795 738 3008 796 quoque
3034 718 3333 792 prtelibatis
3361 713 3728 771 incidentibus
3758 710 4059 778 abnegans,
4088 703 4394 775 simplicem

2796 817 2955 870 modo
3002 828 3191 868 eorum
3227 818 3434 864 textum
3488 805 3710 862 caeteris
3743 801 4078 863 interserui,
4117 812 4185 853 ne
4234 812 4277 852 st
4329 812 4394 859 ea

2794 921 2916 960 cum
2946 905 3060 960 suis
3087 903 3159 957 ibi
3184 895 3619 970 expositionibus
3646 906 3925 965 ponerem,
3965 888 4216 944 mihimet
4249 885 4398 941 labo-

2796 1011 2908 1050 rem
2930 993 3286 1064 geminarem,
3310 998 3366 1042 et
3392 985 3582 1042 lectori
3609 983 3890 1039 fastidium
3923 983 4247 1042 incuterent,
4267 992 4392 1033 cum

2787 1087 2983 1140 eadem
3006 1092 3274 1152 repeteret
3323 1092 3442 1148 qum
3467 1077 3579 1146 jam
3608 1090 3667 1130 se
3698 1073 3953 1143 superius
3978 1069 4174 1142 legisse
4196 1083 4400 1139 cogno-

2796 1183 2996 1232 sceret.
3027 1173 3298 1226 Praeterea
3346 1168 3424 1222 sic
3452 1164 3642 1221 cadent
3697 1160 4032 1234 praetitulare
4085 1157 4292 1222 studui,
4343 1165 4402 1212 ut

2795 1282 2917 1338 qme
2969 1263 3178 1334 singula
3231 1261 3557 1315 schedarum
3604 1269 3826 1310 suarum
3856 1253 3975 1307 loca
4012 1259 4249 1314 teneant,
4301 1263 4400 1304 no-

2797 1354 3043 1409 minutim
3075 1349 3457 1421 expresserim.
3491 1346 3591 1402 Ast
3618 1355 3800 1400 tamen
3859 1351 4050 1398 caveat
4098 1342 4270 1397 lector
4308 1355 4396 1407 ne,

2797 1447 2925 1501 dunt
2954 1446 3006 1500 in
3033 1443 3338 1514 cujuspiatn
3372 1440 3528 1494 titulo
3559 1437 3753 1508 legerit
3807 1435 3860 1490 in
3892 1432 4124 1504 epistola
4162 1431 4232 1486 ad
4267 1445 4397 1500 per—

2798 1551 2988 1592 sonam
3017 1534 3182 1599 illam,
3216 1533 3329 1588 sive
3367 1532 3420 1585 in
3451 1543 3760 1585 sermonem
3813 1525 3959 1580 illius
4001 1523 4202 1588 sancti,
4251 1531 4307 1577 et
4349 1522 4400 1575 in

2799 1643 2904 1681 una
2935 1623 3186 1696 epistola,
3217 1636 3393 1677 unove
3423 1633 3674 1676 sermone
3717 1617 3941 1671 minime
3989 1615 4172 1670 forsan
4221 1613 4403 1668 reuni-

2800 1717 2902 1772 sita
2957 1715 3240 1786 repererit,
3294 1727 3461 1783 prepe
3509 1725 3598 1765 me
3652 1708 3918 1763 mendacii
3965 1705 4398 1774 redarguendum

2801 1817 3043 1870 censeat,
3070 1820 3192 1860 cunt
3215 1813 3269 1859 et
3298 1804 3364 1856 ad
3395 1817 3556 1856 unam
3581 1814 3868 1869 personam
3905 1797 4048 1851 illius
4079 1795 4261 1866 plures
4287 1792 4401 1848 sint

1095 1923 1375 1978 universis
1401 1922 1452 1974 in
1481 1934 1710 1989 quorum
1743 1932 1934 1971 manus
1977 1915 2102 1969 olim
2139 1915 2250 1966 Itzne
2280 1919 2511 1964 ventura
2540 1915 2694 1961 erant
2726 1891 2768 1948 Β
2796 1898 3060 1967 epistolas.
3094 1906 3147 1950 Cl
3179 1897 3229 1949 ill
3259 1895 3420 1948 unius

2053 1931 2102 1967 ,η
2139 1883 2250 1966 [me
2280 1883 2520 1964 γρηιυι-ςί
2540 1915 2694 1961 ρηηι
2726 1891 2768 1948 ll
2796 1898 3060 1967 epistolas,
3094 1906 3147 1950 et
3179 1897 3229 1949 in
3259 1895 3420 1948 unius
3449 1891 3622 1947 sancti
3663 1887 3936 1959 praeconio
3988 1886 4173 1956 plures
4203 1883 4400 1938 nihilo-

1098 2013 1444 2084 pratstiterit,
1465 2010 1568 2064 illis
1596 2019 1774 2064 tamen
1799 2008 2066 2077 praecipue
2098 2003 2432 2058 consuluisse
2457 2000 2697 2054 cernitur

1099 2103 1305 2172 quibus
1335 2101 1487 2172 plura
1512 2100 1691 2170 legere
1716 2115 1822 2152 non
1851 2097 2207 2159 conceditur;
2248 2102 2324 2158 ut,
2355 2092 2480 2146 dum
2509 2091 2574 2144 ad
2606 2103 2698 2144 ca-

1101 2193 1430 2264 pessendam
1459 2192 1640 2261 operis
1670 2191 1837 2246 totius
1866 2188 2259 2259 plenitudinem
2308 2184 2361 2238 lti
2409 2182 2544 2237 tales
2599 2195 2696 2236 ne-

1099 2293 1312 2354 queunt
1339 2295 1690 2351 consurgere,
1745 2281 1828 2334 liis
1849 2278 2040 2334 saltem
2082 2275 2310 2330 modicis
2357 2273 2550 2326 intenti
2600 2286 2697 2326 ne-

1104 2373 1633 2444 quaquatn,valeattt
1658 2371 1853 2425 illustri
1883 2369 2016 2445 tanti
2051 2367 2152 2421 viri
2183 2363 2437 2420 doctrina
2470 2375 2698 2432 prorsus

1104 2465 1321 2522 esurire
1349 2462 1522 2532 jejuni
1563 2481 1575 2516 :
1616 2471 1672 2518 et
1726 2462 1818 2531 qui
1876 2461 2057 2514 minus
2119 2455 2393 2512 sufﬁciunt
2437 2454 2503 2509 de
2556 2456 2696 2506 vasti

1105 2554 1500 2626 gnrgitisalvco
1523 2552 1752 2608 fertilem
1772 2552 1956 2622 capaci
1971 2564 2166 2618 sagena
2195 2547 2429 2618 praedam
2444 2547 2696 2610 educere,

1107 2659 1217 2700 non
1246 2659 1340 2700 eos
1394 2644 1574 2714 pigeat
1601 2641 1684 2698 vel
1713 2641 1889 2696 tenuis
1920 2641 2066 2696 hami
2099 2647 2216 2693 seta
2254 2653 2321 2692 ex
2367 2650 2538 2708 parvo
2593 2636 2700 2690 isto

1109 2733 1231 2788 sinu
1255 2747 1521 2799 seorsum,
1551 2741 1805 2802 tanquam
1836 2731 1886 2784 in
1920 2745 2017 2785 suo
2044 2729 2196 2784 alveo
2214 2729 2457 2791 reducto,
2484 2725 2700 2781 facilem

1107 2832 1391 2892 capturant
1422 2821 1772 2892 suspendere,
1824 2837 1930 2891 qua
1962 2835 2074 2875 suae
2116 2818 2431 2874 refectionis
2479 2832 2698 2872 ntensu-

1112 2927 1229 2967 ram
1259 2911 1650 2968 sufficientibus
1680 2912 1889 2981 possint
1923 2909 2153 2979 dapibus
2197 2908 2479 2962 inlarcire.
2528 2904 2700 2973 liuius

1111 3019 1246 3074 ergo
1275 3004 1353 3060 rei
1380 3003 1654 3076 negotium
1691 3011 1872 3057 vestra
1913 3001 2046 3056 mihi
2093 2999 2361 3056 sanctitas
2420 2998 2700 3069 injungere

1111 3095 1331 3164 dignata
1359 3103 1473 3160 est;
1517 3109 1622 3149 non
1661 3107 1793 3148 sane
1813 3093 1960 3162 quod
1999 3091 2102 3146 mei
2132 3106 2326 3147 sensus
2354 3105 2474 3145 cam
2500 3089 2691 3144 lateret

1111 3187 1316 3256 inopia,
1349 3187 1441 3241 sed
1473 3185 1593 3240 ideo
1614 3184 1753 3239 forte
1783 3183 1953 3254 magis
1985 3183 2241 3253 quoniam
2270 3182 2525 3252 idipsum,
2554 3181 2698 3251 quod

1109 3278 1264 3343 juxta
1298 3277 1570 3346 propriam
1607 3290 1693 3330 me
1720 3275 2078 3344 capacitatem
2116 3273 2299 3327 valere
2334 3272 2538 3342 putavi,
2567 3271 2701 3326 fide-

1119 3365 1245 3421 liter
1272 3373 1683 3435 prosecutorum
1714 3361 1834 3418 fore
1853 3363 2066 3432 speravi
2092 3378 2107 3428 ;
2132 3362 2333 3432 quippe
2364 3376 2463 3415 nec
2507 3361 2700 3414 imme-

1113 3456 1243 3522 rito,
1268 3470 1388 3526 qua:
1409 3455 1609 3510 dudum
1629 3469 1715 3509 me
1732 3453 1974 3508 functum
1999 3461 2295 3524 agnoverat
2313 3453 2544 3521 quadam
2561 3451 2694 3508 dile-

1115 3543 1566 3613 ctionisejusdem
1589 3544 1767 3599 Patris
1784 3546 2140 3614 praerogativa
2167 3543 2284 3597 sola
2308 3544 2478 3612 ipsius
2499 3544 2701 3611 pietate

1117 3640 1370 3712 gratuita.
1392 3638 1543 3694 Unde
1558 3647 1611 3693 et
1633 3645 1872 3709 egomet,
1897 3636 2022 3690 licet
2036 3635 2308 3689 ariditatis
2322 3649 2454 3689 mese
2474 3633 2580 3705 75
2595 3649 2701 3690 non

1121 3732 1407 3800 immemor
1433 3730 1682 3784 idoneum
1707 3743 1794 3783 me
1814 3726 1930 3782 fore
1955 3741 2300 3803 nequaquam
2333 3724 2399 3778 ad
2433 3724 2578 3778 istud
2601 3725 2700 3778 ad-

1117 3827 1412 3882 verterem,
1443 3819 1596 3873 oneri
1635 3827 1814 3872 tamen
1867 3819 1994 3872 huic
2041 3815 2364 3872 obedientiat
2419 3816 2701 3869 humerum

1120 3911 1262 3971 nulla
1293 3911 1596 3968 subducere
1642 3910 1995 3964 excusatione
2048 3909 2281 3973 tentavi;
2313 3922 2420 3962 non
2451 3906 2702 3975 equidem

1119 4004 1247 4076 quia
1279 4001 1568 4060 temerarie
1596 4001 1662 4055 de
1677 3999 1908 4071 propriae
1933 3999 2205 4053 facultatis
2224 4011 2609 4069 praesumerent
2627 3996 2704 4050 vi-

1120 4095 1290 4159 ribus,
1346 4093 1440 4148 sed
1483 4089 1702 4160 quando
1767 4098 1821 4144 et
1864 4088 2210 4153 obedientite,
2255 4104 2360 4158 qua
2410 4087 2704 4158 gestiebam

1125 4195 1320 4240 vestra:
1347 4198 1539 4254 parere
1559 4181 1813 4250 iussioni,
1845 4197 1909 4236 ac
1936 4181 2210 4252 saepedicti
2235 4180 2414 4235 Patris
2466 4178 2700 4244 meritis,

1121 4275 1274 4344 cujus
1301 4275 1557 4330 nimirum
1589 4273 1862 4343 praeconio
1895 4273 2086 4327 deesse
2118 4288 2223 4326 non
2270 4279 2482 4341 poterat
2549 4268 2704 4338 quid-

1121 4365 1248 4439 quid
1278 4366 1331 4420 in
1356 4365 1459 4420 hoc
1487 4364 1618 4420 mihi
1641 4377 1805 4434 opere
1830 4362 2160 4433 proveniret,
2177 4361 2374 4415 obnixe
2398 4375 2485 4414 me
2505 4356 2706 4413 suffra-

1121 4457 1355 4530 gandnm
1381 4454 1692 4525 sperabam.
1740 4451 1856 4506 Huc
1882 4450 2091 4506 accedit
2138 4450 2279 4518 quod
2335 4449 2475 4502 idem
2531 4447 2705 4517 ipsum

1121 4563 1273 4620 opus,
1296 4544 1449 4614 cujus
1468 4554 1613 4601 esset
1639 4541 1982 4604 difficultatis,
2012 4541 2248 4596 nondum
2279 4539 2542 4602 clarcbal,
2573 4538 2700 4593 dum

1121 4653 1186 4695 eo
1224 4638 1398 4693 solum
1421 4635 1670 4690 videlicet
1695 4634 1886 4690 ordine
1911 4632 2136 4702 praefata
2167 4631 2422 4686 suaderet
2449 4629 2706 4698 excipere

1123 4729 1456 4791 testimonia,
1493 4742 1599 4796 quo
1627 4727 1697 4780 ita
1745 4725 1856 4779 suis
1897 4731 2265 4792 reperirentur
2307 4723 2358 4774 in
2403 4721 2704 4776 schedulis.

1124 4825 1194 4877 At
1217 4836 1348 4878 vero
1369 4831 1676 4890 postquam,
1710 4818 1824 4888 jam
1863 4829 2013 4901 parte
2045 4819 2124 4872 sic
2157 4819 2409 4880 decursa,
2461 4815 2708 4870 consulto

1127 4914 1479 4968 advertissem
1509 4911 1649 4980 quod
1680 4919 1858 4980 empto
1912 4919 2097 4964 tenore
2128 4909 2300 4979 magis
2349 4907 2528 4977 operis
2575 4907 2709 4962 ordo

1126 5005 1541 5061 confunderetur
1603 5020 1765 5073 quam
1838 5004 2162 5065 clarefieret,
2195 5003 2396 5071 quique
2448 5001 2706 5056 lectorem

1127 5097 1296 5168 magis
1321 5099 1387 5150 ad
1434 5112 1682 5166 soporem
1734 5111 1894 5165 quam
1929 5097 1995 5149 ad
2029 5095 2399 5149 meditandum
2452 5095 2706 5162 excipere

1124 5196 1324 5259 posset.
1355 5195 1502 5240 ratus
1523 5202 1640 5239 sum
1673 5186 1834 5254 longe
1856 5185 2027 5239 satius
2056 5185 2390 5240 fruetttosum
2423 5201 2507 5239 me
2536 5200 2708 5253 quan-

1127 5278 1676 5337 ttelibetdifl‘tcultatis
1718 5279 1958 5333 laborem
2007 5281 2270 5347 arripere,
2321 5295 2480 5347 quam
2535 5278 2710 5330 infru—

1129 5381 1366 5426 ctuosam
1388 5370 1922 5437 illamamplectendo
1938 5369 2250 5422 facilitatem
2267 5369 2482 5423 sectari.
2505 5367 2709 5420 Relicta

1132 5463 1288 5533 igitur
1321 5464 1482 5531 empti
1518 5462 1718 5514 tenoris
1747 5463 2141 5529 prosccutionc,
2177 5476 2282 5528 qua
2313 5471 2494 5513 vetera
2531 5462 2703 5525 novis,

1132 5555 1478 5624 agiograplta.
1515 5569 1610 5607 seu
1641 5568 1825 5623 regunt
1879 5563 1998 5607 acta
2051 5555 2545 5608 commiscebantur
2582 5569 2706 5622 pru-

1132 5647 1253 5716 pltet
1279 5646 1343 5709 is,
1374 5660 1435 5698 ea
1467 5645 1544 5698 sic
1578 5645 1754 5698 denuo
1807 5646 2065 5699 ordinare
2122 5660 2412 5713 aggressus
2465 5660 2604 5704 sum,
2650 5652 2706 5694 nt

1133 5754 1463 5811 unaquaeque
1499 5737 1804 5792 testimonia
1856 5753 1950 5805 per
1981 5753 2104 5791 suos
2138 5738 2302 5791 libros
2336 5739 2704 5806 κξιηηψοιιοιηιυ

1135 5829 1534 5898 distinguerent,
1565 5837 1826 5897 quatenus
1854 5829 2096 5897 quisquis
2126 5844 2183 5883 ea
2211 5828 2500 5882 studiosius
2533 5828 2708 5896 tequi-

2800 1991 2980 2047 minus
3009 1987 3210 2043 elimati
3255 1999 3551 2040 sermones.
3587 1981 3856 2047 Quocirca
3891 1993 4012 2048 quae
4048 1976 4401 2034 inveniuntur

2800 2082 2853 2136 in
2871 2080 2975 2144 bis,
2999 2077 3318 2148 reperienda
3343 2089 3449 2129 non
3465 2072 3743 2128 dubitetur
3757 2071 3810 2124 itt
3829 2069 3980 2134 aliis;
4005 2082 4316 2138 quanquam
4335 2073 4393 2120 et

2799 2187 2962 2242 super
2988 2171 3090 2225 hoc
3113 2169 3432 2239 plerumque
3450 2165 3628 2220 valeat
3651 2164 3705 2218 itt
3724 2163 3857 2232 ipsis
3878 2159 4398 2234 praetitulationibus

2798 2263 3046 2318 edocere.
3070 2261 3183 2314 Hoc
3195 2273 3410 2330 quoque
3430 2255 3816 2310 attendendum
3831 2253 3978 2322 quia,
3995 2251 4121 2305 dum
4143 2247 4400 2304 nonnulla

2799 2355 3028 2411 diversis
3065 2353 3175 2424 76
3204 2352 3334 2405 locis
3355 2349 3458 2403 sita
3491 2345 3809 2416 repererim,
3840 2353 4003 2414 atque
4046 2341 4173 2396 alibi
4218 2341 4397 2404 latius,

2799 2445 2926 2499 alibi
2955 2440 3390 2510 compendiosius
3417 2436 3681 2507 exposita,
3705 2433 3790 2489 vel
3818 2432 3984 2488 etiam
4013 2431 4139 2502 styli
4169 2445 4393 2501 permu-

2801 2541 3026 2605 tatione,
3061 2553 3156 2592 seu
3179 2535 3407 2600 ordinis,
3423 2531 3659 2588 licetsub
3679 2526 4190 2591 eodemintcllectu,
4219 2535 4398 2579 tamen

2799 2630 3142 2699 aliquatenus
3158 2628 3464 2697 disparata;
3487 2623 3796 2694 aliquoties,
3827 2636 3948 2690 quae
3981 2627 4292 2688 competere
4319 2615 4404 2670 vi-

2798 2725 3051 2786 deantur.
3077 2723 3402 2778 altrinsecus
3430 2719 3589 2791 elegi,
3607 2718 3727 2774 etin
3757 2715 3920 2771 unius
3939 2712 4224 2770 sententia:
4270 2710 4387 2766 f'or-

2801 2832 2944 2872 mam
2976 2814 3206 2870 dedueta
3245 2811 3547 2881 composui.
3600 2806 3902 2877 Aliquoties
3947 2818 4075 2858 vero
4107 2812 4395 2869 utramque

2803 2908 3218 2978 expositionem,
3251 2919 3373 2960 cum
3402 2918 3492 2958 res
3511 2900 3764 2956 videlicet
3787 2903 4131 2967 exposceret.
4153 2893 4296 2949 sicut
4325 2890 4398 2947 ibi

2805 2999 3068 3071 comperi,
3102 2998 3176 3052 ita
3199 2995 3551 3052 nihilominus
3586 2993 3673 3046 hic
3701 2992 3968 3061 integram
3997 2985 4272 3058 sigillatim
4296 2999 4390 3053 ap.

2801 3089 2976 3160 posui.
3009 3079 3182 3143 Porro
3204 3101 3305 3142 nec
3332 3085 3477 3141 istud
3523 3080 3957 3154 praetereundum
3984 3077 4242 3148 quoniam
4269 3074 4396 3146 qui-

2804 3180 3030 3235 busdam
3086 3175 3375 3242 sententiis
3417 3186 3526 3230 tam
3579 3171 3928 3244 congruentia
3965 3170 4079 3225 illic
4122 3167 4400 3239 proposita

2728 3239 2772 3303 Ο
2807 3273 3005 3343 reperi,
3040 3285 3160 3342 quae
3187 3239 3300 3324 suis
3327 3269 3378 3322 in
3407 3239 3820 3338 praefationibus
3846 3263 3938 3318 hic
3975 3261 4203 3317 minime
4232 3259 4399 3314 debe-

2804 3373 2928 3423 rent
2956 3362 3184 3428 mutari;
3209 3358 3534 3430 quibusdam
3561 3370 3691 3411 vero
3713 3369 3822 3410 non
3847 3353 4009 3408 modo
4031 3368 4100 3408 ex
4122 3350 4404 3420 aliquanto

2803 3457 3016 3528 longius
3067 3450 3328 3522 praefatis,
3371 3463 3562 3504 verum
3609 3446 3773 3501 etiam
3809 3459 3878 3500 ex
3927 3441 4402 3510 subsequentibus,

2801 3561 2924 3618 quat
2954 3546 3132 3600 forent
3158 3540 3414 3610 aptanda,
3442 3553 3659 3594 sumere
3685 3549 3909 3592 necesse
3939 3532 4137 3598 habui;
4168 3531 4290 3586 aliis
4313 3531 4404 3587 deo

2807 3639 2971 3708 nique
3000 3633 3211 3690 noviter
3235 3631 3408 3687 solum
3439 3629 3582 3683 edita
3611 3635 3867 3696 coaptare
3897 3623 4150 3695 cogebar.
4184 3619 4293 3675 Nec
4322 3629 4402 3676 ta-

2809 3741 2930 3782 men
2957 3726 3079 3795 quis
3111 3737 3274 3792 super
3300 3722 3403 3775 hoc
3427 3718 3732 3772 mirandum
3779 3716 3961 3780 ducat,
3999 3714 4125 3768 dum
4170 3713 4398 3766 istarum

2808 3816 3166 3889 praecedentia
3225 3811 3621 3866 sententiarum
3674 3822 4033 3889 nequaquam.
4070 3803 4272 3876 passim
4329 3801 4398 3857 ad

2808 3911 2957 3980 ipsas
2978 3917 3232 3977 tanquam
3259 3905 3567 3960 necessario
3595 3903 3982 3958 subsecuturas
4008 3879 4395 3970 spectaverint,

2808 4000 2934 4055 licet
2968 3999 3233 4054 rationem
3264 4010 3360 4051 eas
3399 3991 3778 4049 introducentli
3819 3989 4196 4062 praestiterint.
4242 3988 4398 4045 Unde

2811 4106 2918 4147 non
2953 4088 3320 4144 necessarium
3353 4083 3522 4139 fuisse
3545 4081 3901 4153 perpenditur
3932 4089 3995 4134 ut
4025 4079 4282 4150 quaelibet
4308 4078 4396 4134 Itis

2811 4181 3014 4250 ubique
3035 4177 3322 4234 sententiis
3339 4175 3640 4236 mererent,
3667 4187 3785 4244 quae
3811 4172 3926 4228 suis
3949 4171 4039 4228 hic
4068 4171 4244 4241 aptari
4267 4185 4404 4242 pra:-

2813 4270 3177 4326 loeutionibus
3199 4275 3442 4338 possent.
3467 4264 3574 4320 Sed
3595 4262 3708 4334 jam
3745 4279 3870 4318 cum
3896 4261 4158 4317 extremis
4188 4259 4404 4330 propin-

2808 4377 2936 4432 quo,
2975 4376 3094 4416 mea
3122 4360 3190 4414 ad
3221 4369 3292 4422 te,
3320 4357 3506 4420 Pater,
3530 4357 3694 4412 verba
3725 4363 4008 4419 converto,
4037 4364 4120 4418 ut,
4155 4353 4241 4408 cui
4269 4352 4412 4408 mili-

2813 4454 3142 4524 tantprima,
3161 4452 3283 4522 jure
3308 4463 3523 4519 quoque
3546 4445 3881 4520 famulentur
3900 4443 4191 4511 ultimadln
4217 4443 4411 4513 primis

2814 4545 2995 4616 itaque
3020 4543 3237 4598 veniam
3269 4554 3431 4609 super
3454 4537 3673 4602 erratis,
3715 4534 3914 4605 quibus
3957 4533 4011 4588 in
4049 4533 4151 4587 hoc
4172 4530 4402 4586 forsitan

2812 4634 2998 4688 videor
3039 4631 3330 4700 deliquisse
3379 4629 3616 4697 negotio,
3665 4625 3934 4681 submisse
3984 4638 4167 4679 coram
4209 4631 4407 4675 vestra:

2811 4723 3121 4778 sanctitatis
3153 4718 3525 4792 magnitudine
3561 4717 3823 4787 imploro;
3854 4730 4016 4784 quant
4058 4711 4222 4768 simul
4270 4726 4407 4780 quo—

2811 4831 2916 4892 que
2948 4815 3223 4870 mihicum
3250 4813 3352 4866 hoc
3383 4810 3594 4865 faenore
3624 4810 3808 4880 largiri
3852 4808 4105 4878 deposco,
4137 4814 4408 4875 quatenus

2812 4922 2931 4977 qua:
2947 4903 3264 4974 corrigenda
3291 4910 3417 4955 sunt
3441 4900 3751 4955 nullatenus
3768 4899 4071 4952 incorrecta
4101 4895 4404 4963 relinquat;

2821 5012 2889 5052 ne
2930 4996 3058 5066 quid
3083 5004 3234 5049 extra
3267 4995 3332 5046 de
3358 5002 3555 5046 cmtero
3581 5005 3775 5044 manus
3813 4988 4052 5043 inveniat
4101 4984 4243 5054 quod
4300 4999 4408 5038 met

2809 5106 2933 5145 cum
2967 5084 3610 5152 insultationeidccerpat.
3634 5081 3985 5150 Nequaquam
4006 5080 4152 5132 enim
4176 5091 4298 5130 reor
4326 5076 4406 5130 sic

2813 5196 2898 5235 me
2938 5179 3243 5233 cucurrisse
3275 5186 3331 5228 ut
3367 5191 3462 5243 per
3485 5172 3666 5226 omnia
3693 5167 4187 5238 irreprehensibilis
4207 5179 4406 5234 usque-

2813 5287 3028 5342 quaque
3056 5269 3316 5338 reperiar.
3351 5267 3407 5320 ln
3438 5265 3635 5333 quibus
3684 5279 3812 5332 ergo
3842 5261 4169 5331 quandoque
4218 5258 4406 5313 redar-

2816 5364 3057 5435 guendus
3083 5374 3334 5429 appareo,
3365 5357 3618 5429 pmprias,
3652 5356 3883 5423 ipsemet
3910 5354 4198 5415 confitens,
4234 5350 4406 5417 impc-

2817 5458 2957 5511 ritiac
2987 5457 3247 5524 deputare
3283 5466 3444 5519 quam
3479 5449 3783 5518 procaciter
3822 5444 4110 5499 defendere
4137 5440 4297 5495 malo.
4347 5440 4407 5493 Si

2816 5548 2942 5617 quid
2978 5561 3128 5608 vero,
3163 5543 3304 5612 quod
3335 5544 3472 5595 forte
3505 5541 3735 5608 placeat,
3771 5538 4052 5608 gesserint,
4087 5533 4411 5586 oliedientim

2815 5650 3008 5695 vestrae
3039 5636 3313 5691 sanctitati
3346 5633 3622 5695 exhibitas,
3674 5631 4021 5696 (ejusdemque
4056 5641 4197 5695 smpe
4256 5639 4408 5679 reco-

2816 5733 2958 5789 lendi
3001 5733 3172 5802 patris
3229 5728 3455 5788 meritis,
3498 5734 3615 5795 post
3665 5725 3852 5784 licunt,
3913 5724 3993 5775 cui
4039 5717 4412 5789 principaliter

2817 5832 3030 5889 cuncta,
3055 5836 3172 5889 quze
3200 5821 3311 5888 ipse
3339 5818 3636 5880 distribuit,
3668 5816 3803 5868 dona
3832 5812 4102 5867 reddenda
4145 5820 4290 5872 sunt,
4323 5806 4410 5860 de-
