5962 6492
2258 428 2747 486 COLLECTANEA
2791 425 2856 481 IN
2902 426 3124 484 VETUS
3166 426 3700 483 TESTAMEN'I'UM.
4510 426 4608 483 906

1586 554 1660 608 5:,
1688 543 1810 595 dum
1843 540 2007 595 dicit:
2065 552 2082 588 ι
2114 537 2296 591 Nonne
2328 538 2605 597 duodecnn
2638 537 2781 589 hora:
2810 546 2937 589 sunt
2964 551 3007 604 Α
3038 536 3305 602 firmaret;
3349 539 3414 591 ad
3468 540 3566 593 hoc
3605 539 3905 593 sublimitas
3945 539 4195 593 inclinata
4247 547 4349 601 est,
4401 551 4463 594 ιιι
4512 543 4604 591 de.

1615 630 1794 701 (Joan.
1828 631 1904 697 xt)
1953 627 2022 681 Se
2052 627 2257 681 scilicet
2303 627 2473 688 dicm;
2514 626 2791 680 duodecim
2846 641 2940 677 au-
3036 627 3210 697 jectos
3252 630 3524 697 erigeret;
3558 629 3623 682 ad
3674 630 3773 683 hoc
3822 630 3928 683 vita
3970 630 4101 683 mori
4135 630 4347 699 dignata
4392 638 4504 692 est.
4550 641 4603 683 ιιι

1569 739 1685 787 ras,
1717 721 1935 775 totidem
1988 720 2121 775 dicit
2154 719 2444 788 apostolus.
2476 717 2650 772 Locus
2679 734 2805 771 vero
2834 718 2941 773 illic
3042 717 3229 769 mortis
3277 717 3563 785 imperium
3605 719 3886 772 destruens
3929 719 3995 773 ad
4044 720 4205 772 vitam
4237 728 4485 773 mortuos
4512 734 4596 773 re-

1561 821 1736 867 tanter
1764 810 2108 881 exprimitur,
2148 809 2237 863 ubi
2280 807 2580 877 Propheta,
2632 822 2752 861 cum
2801 821 2939 875 prte-
3039 814 3277 859 vocaret.
3322 805 3475 872 Quod
3522 806 3772 861 nimirum
3800 808 3962 861 etiam
4014 810 4064 862 in
4096 810 4207 879 ipso
4257 810 4475 880 generis
4501 810 4597 863 huc

1557 911 1610 957 et
1636 920 1649 954 :
1691 920 1709 953 ι
1738 901 1814 956 Tn
1843 910 2021 955 autem
2060 901 2199 954 idem
2230 899 2342 969 ipse
2379 914 2467 963 es,
2496 909 2550 953 et
2574 899 2694 951 anni
2726 898 2799 951 tui
2833 913 2939 951 non
3040 896 3181 949 mani
3211 896 3518 951 declaratur
3544 899 3781 952 exordio.
3813 898 4083 967 Scriptum
4107 908 4187 956 est
4207 902 4347 954 enim
4374 918 4387 952 :
4424 901 4587 966 «Quia

1550 1001 1644 1055 ,nt,
1694 1010 1712 1043 ι
1790 991 2037 1061 protinus
2100 990 2304 1044 addidit
2346 1008 2357 1043 :
2415 1009 2433 1040 ι
2484 988 2604 1044 Filii
2656 1004 2936 1043 servorum

1546 1098 1581 1135 τι
1624 1082 1946 1137 habitahnnt
1989 1079 2160 1153 (Psal.
2189 1083 2297 1151 CI);
2329 1100 2348 1132 ι
2402 1081 2470 1135 ibi
2520 1081 2660 1134 haud
2680 1082 2934 1145 dubium,

1538 1193 1577 1226 ,υ
1614 1173 1667 1226 in
1701 1183 1770 1227 te.
1801 1172 1951 1227 Fecit
1982 1174 2162 1240 itaque
2196 1170 2336 1225 Deus
2365 1170 2559 1227 cmlum
2592 1182 2645 1225 et
2696 1180 2930 1237 terram;

1530 1261 1781 1331 juie'visse
1811 1277 1913 1313 non
1963 1261 2181 1316 dicitur.
2234 1259 2389 1314 Fecit
2441 1260 2621 1314 omnia
2672 1274 2793 1327 qua:
2838 1274 2933 1330 pa-

1526 1370 1587 1407 ur
1617 1353 1672 1407 in
1706 1353 1889 1417 terris,
1918 1362 1975 1407 et
2020 1368 2139 1422 qua:
2170 1361 2456 1409 moventur
2486 1352 2540 1406 in
2581 1353 2767 1421 aquis;
2798 1360 2854 1407 et
2882 1352 2936 1405 in

1522 1445 1620 1499 bus
1671 1444 1754 1497 his
1802 1459 2069 1513 nunquam
2132 1443 2326 1513 legitur
2398 1444 2722 1514 requievissc
2762 1458 2776 1495 :
2818 1443 2932 1509 sed,

1513 1544 1630 1588 nato
1680 1534 1749 1588 ad
1800 1534 2085 1603 imaginem
2137 1547 2290 1587 suam
2344 1532 2595 1597 homine,
2639 1531 2933 1586 Sabbatum

1513 1636 1611 1676 nus
1645 1622 1844 1690 quietis
1873 1620 2069 1685 illuxit,
2100 1630 2153 1674 et
2202 1620 2281 1674 sic
2322 1620 2691 1675 universitatis
2732 1619 2932 1675 Condi-

1500 1711 1768 1783 requievit.
1816 1712 2031 1767 Etcum
2083 1712 2195 1782 ipse
2238 1725 2335 1780 per
2383 1711 2697 1780 prophetam
2746 1712 2931 1765 dicat:

1495 1803 1626 1857 cium
1682 1802 1811 1855 mihi
1867 1802 2019 1855 sedes
2062 1810 2163 1864 est,
2209 1809 2351 1855 terra
2404 1808 2582 1854 autem
2638 1798 2929 1855 scabellum

3040 988 3183 1041 misit
3213 986 3471 1041 Dominus
3517 1002 3762 1057 soporem
3808 990 3859 1042 in
3888 990 4094 1053 Adam;
4141 1005 4368 1059 cmnqne
4396 991 4588 1045 obdor-

3039 1078 3244 1143 misset,
3278 1078 3395 1131 tulit
3427 1094 3587 1132 unam
3633 1080 3698 1131 de
3743 1079 3906 1133 costis
3946 1080 4081 1149 ejus,
4127 1088 4180 1131 et
4219 1080 4435 1148 replevit
4470 1094 4583 1133 car-

3040 1184 3161 1224 nem
3202 1184 3297 1238 pro
3344 1184 3444 1234 ea;
3477 1179 3529 1224 et
3570 1170 3853 1224 :edilicavit
3894 1168 4146 1223 Dominus
4193 1169 4328 1223 Deus
4355 1177 4578 1225 costam.

3034 1277 3195 1330 quam
3243 1266 3437 1316 tulerat
3484 1264 3552 1318 de
3594 1263 3790 1326 Adam,
3840 1264 3891 1317 in
3941 1262 4213 1317 mulierem
4257 1262 4403 1334 (Gen.
4435 1262 4520 1333 ιι).
4554 1282 4573 1315 ι

3035 1350 3212 1421 Super
3272 1367 3380 1423 quo
3437 1368 3559 1408 cum
3618 1353 3928 1422 loqueretur
3986 1354 4301 1422 Apostolus,
4354 1355 4569 1408 dicens:

3040 1461 3058 1494 ι
3099 1440 3391 1512 Relinquet
3440 1442 3599 1496 homo
3649 1451 3891 1512 patrem,
3932 1450 3988 1497 et
4040 1452 4259 1496 matrem
4300 1456 4470 1507 suam,
4522 1453 4574 1496 et

3036 1530 3329 1585 adhaerebit
3380 1532 3536 1586 uxori
3592 1546 3702 1587 sua:
3732 1570 3747 1596 ,
3822 1539 3876 1586 et
3936 1540 4095 1586 erunt
4153 1532 4256 1587 duo
4312 1532 4363 1585 in
4412 1546 4574 1586 carus

3034 1636 3165 1686 una,
3209 1640 3229 1673 ι
3263 1633 3460 1693 praesto
3491 1623 3768 1693 subjunxit
3797 1640 3809 1676 :
3850 1642 3867 1674 ι
3900 1622 4299 1677 Sacramentum
4326 1622 4424 1677 hoc
4457 1638 4567 1675 ma-

3032 1725 3193 1782 gnttm
3227 1721 3340 1777 est;
3373 1726 3473 1781 ego
3502 1722 3681 1766 autem
3711 1714 3830 1767 dico
3861 1713 3910 1765 in
3947 1712 4159 1766 Christo
4205 1722 4257 1766 et
4300 1714 4350 1766 in
4394 1713 4569 1768 Eccle-

3033 1803 3111 1856 sia
3143 1800 3357 1873 (Epiros.
3389 1802 3461 1876 ν).
3496 1822 3515 1854 ι
3560 1803 3627 1857 Ει
3673 1818 3795 1859 vere
3840 1820 4043 1875 magna:
4070 1804 4275 1858 virtutis
4304 1804 4565 1865 indicium,

1488 1910 1555 1947 nn
1586 1908 1822 1946 meorum
1846 1891 1978 1961 (Isa.
2009 1889 2179 1959 χιιι),
2213 1908 2232 1941 ι
2254 1890 2393 1956 quod
2425 1889 2477 1941 in
2507 1888 2713 1941 illorum
2741 1888 2927 1943 condi-
2962 1888 3003 1946 Β
3034 1892 3289 1945 miranda
3320 1888 3700 1961 profunditatis
3729 1901 3813 1947 est
3838 1903 4250 1947 sacramentum.
4280 1892 4378 1947 Per
4404 1893 4567 1947 Adam

1483 1999 1512 2036 e
1538 1998 1640 2036 non
1670 1982 1888 2044 dicitur,
1936 1980 1987 2032 in
2032 1978 2143 2033 sola
2173 1978 2406 2032 hominis
2436 1978 2741 2031 conditione
2770 1978 2925 2046 quie-

1475 2088 1505 2126 e
1544 2072 1870 2143 perhibetur.
1922 2070 1990 2129 Et
2024 2079 2081 2123 ut
2115 2069 2284 2139 magis
2329 2084 2393 2120 ac
2444 2068 2613 2137 magis
2662 2068 2925 2137 insignem

1468 2179 1519 2216 ιε
1582 2162 1691 2215 diei
1760 2170 1979 2230 stupeas
2041 2160 2380 2229 dignitatem,
2420 2159 2553 2213 dicit
2610 2157 2927 2227 Scriptura:

1460 2252 1552 2315 uia
1584 2250 1855 2306 benedixit
1885 2251 2026 2304 Deus
2068 2249 2172 2302 diei
2205 2249 2457 2318 septimo,
2490 2258 2542 2301 et
2572 2246 2933 2301 sanetiflcavit

1456 2359 1527 2407 ιιι,
1568 2342 1691 2410 quia
1724 2340 1835 2410 ipse
1864 2349 2169 2394 cessaverat
2217 2338 2285 2392 ab
2333 2338 2588 2390 universo
2616 2350 2781 2406 opere
2830 2350 2929 2390 suo

1447 2452 1509 2487 sn.
1562 2434 1657 2503 n);
1688 2451 1707 2484 ι
1760 2431 1901 2501 quod
1953 2431 2006 2483 in
2039 2430 2251 2485 ueteris
2292 2429 2485 2484 diebus
2534 2429 2727 2483 fecisse
2762 2428 2927 2495 nullo

1439 2525 1515 2578 ldo
1580 2522 1867 2592 reperitur.
1932 2520 2069 2587 Quid
2128 2528 2212 2574 est
2266 2519 2409 2574 enim
2467 2518 2576 2572 Deo
2630 2516 2925 2571 Sabbatum

1436 2613 1719 2675 ictiﬁcare,
1756 2613 1857 2667 nisi
1889 2611 2143 2676 templum
2202 2611 2417 2665 sibimet
2456 2610 2509 2662 in
2539 2610 2712 2662 sancti
2766 2618 2928 2676 atque

1427 2704 1577 2758 rfecti
1605 2704 1707 2757 viri
1738 2713 1912 2757 mente
1935 2700 2295 2756 construere?
2324 2699 2478 2752 Sicut
2512 2710 2567 2754 et
2593 2699 2880 2768 Apostolus
2907 2715 2918 2749 :

1425 2793 1719 2861 Templum,
1758 2792 1853 2855 ait,
1902 2791 1995 2845 Dei
2034 2801 2277 2844 sanctum
2308 2802 2413 2853 est,
2446 2791 2586 2859 quod
2632 2790 2763 2843 estis
2802 2802 2921 2851 vos,

1458 2881 1688 2950 Spiritus
1727 2889 1943 2934 sanctus
1976 2879 2182 2932 habitat
2232 2878 2283 2931 in
2315 2880 2467 2930 vobis
2517 2878 2562 2947 (l
2602 2877 2724 2930 Cor.
2758 2877 2859 2936 tu).
2899 2896 2917 2927 ι

1407 2989 1523 3029 arm
1540 2983 1737 3039 autem,
1757 2974 1894 3028 sicut
1910 2971 1971 3027 de
1988 2970 2222 3028 Sabbato
2237 2970 2493 3037 diximus,
2513 2972 2579 3025 ita
2597 2984 2807 3043 quoque
2838 2984 2926 3027 ra-

1400 3083 1431 3121 ο
1492 3068 1659 3136 exigit
1710 3076 1767 3119 ut
1805 3066 1872 3120 de
1940 3066 2136 3134 templo
2196 3067 2438 3119 dicamus
2496 3068 2620 3133 quia
2677 3075 2732 3119 et
2783 3066 2925 3119 Dens

1394 3155 1607 3224 nuptum
1650 3153 1902 3217 hominis,
1935 3163 1989 3207 et
2018 3154 2179 3207 homo
2206 3164 2292 3208 est
2337 3156 2589 3222 templum
2630 3155 2751 3218 Dei;
2780 3156 2921 3208 sicut

3030 1982 3296 2050 siquidem
3342 1981 3622 2045 Christus,
3651 1997 3744 2052 per
3775 1982 3937 2038 Evam
3984 1983 4287 2052 designatur
4320 1982 4566 2038 Ecclesia.

3030 2070 3168 2137 Quid
3199 2079 3283 2124 est
3316 2078 3492 2125 auteiu
3519 2071 3662 2140 quod
3696 2072 3845 2140 prius
3871 2071 4039 2125 Adam
4068 2072 4315 2125 Dominus
4354 2086 4566 2141 sopora-

3032 2160 3128 2222 vit,
3155 2160 3346 2214 deinde
3377 2168 3582 2213 costam
3608 2175 3673 2215 ex
3702 2160 3819 2232 ejus
3853 2159 4043 2225 latere,
4070 2163 4207 2215 unde
4248 2162 4429 2217 mulier
4462 2161 4568 2215 for-

3030 2260 3288 2314 maretur,
3335 2251 3539 2313 eduxit,
3575 2250 3675 2304 nisi
3720 2250 3841 2318 quia
3872 2253 4022 2322 prius
4050 2250 4366 2321 Redemptor
4394 2260 4568 2305 noster

3032 2340 3084 2393 in
3116 2349 3289 2393 morte
3332 2341 3605 2404 dormivit,
3636 2341 3819 2409 sicque
3858 2341 3925 2395 de
3967 2340 4134 2395 latere
4159 2338 4269 2407 ejus
4297 2343 4347 2394 in
4391 2339 4567 2395 Eccle-

3029 2429 3121 2483 siae
3147 2440 3543 2484 sacramentum
3570 2431 3788 2499 sanguis
3834 2437 3889 2485 et
3917 2445 4053 2499 aqua
4080 2428 4354 2500 profluxit?
4377 2428 4568 2484 Trans-

3030 2520 3137 2573 lata
3184 2529 3269 2575 est
3300 2520 3410 2575 Eva
3439 2521 3504 2573 de
3528 2519 3628 2573 viri
3650 2519 3819 2574 latere
3836 2519 4171 2582 dormientis,
4204 2520 4361 2574 exivit
4390 2519 4567 2573 Eccle-

3030 2610 3108 2664 sia
3134 2610 3200 2664 de
3230 2610 3397 2664 latere
3437 2610 3639 2665 Christi
3683 2610 3735 2663 in
3780 2624 3939 2664 cruce
3975 2611 4273 2681 pendentis.
4312 2610 4411 2663 Sed
4442 2610 4565 2677 quid

3028 2710 3111 2755 est
3142 2701 3287 2769 quod
3316 2700 3663 2769 omnipotens
3709 2700 3987 2767 Conditor,
4029 2716 4147 2755 cum
4193 2700 4458 2754 mulierem
4505 2701 4567 2754 de

3028 2790 3169 2854 viro,
3195 2790 3246 2843 id
3277 2799 3379 2855 est,
3408 2788 3652 2861 fragilem
3682 2805 3871 2845 sexum
3913 2790 3978 2845 de
4024 2791 4243 2845 fortiore
4284 2804 4565 2859 propagare

3028 2879 3358 2948 disponeret,
3379 2896 3483 2934 non
3508 2880 3611 2933 viri
3633 2895 3876 2944 carnem,
3898 2881 3990 2935 sed
4014 2896 4076 2935 os
4095 2880 4265 2950 potius
4291 2882 4351 2933 ad
4375 2878 4564 2933 facien-

3027 2972 3150 3029 datu
3181 2971 3434 3037 feminam
3462 2972 3561 3025 sibi
3587 2971 3753 3024 voluit
3784 2974 4062 3026 materiam
4090 2972 4366 3026 exhibere?
4394 2971 4565 3025 Potuit

3026 3067 3169 3119 enim
3212 3067 3353 3120 Deus
3385 3066 3583 3121 homini
3613 3078 3828 3121 carnem
3858 3063 4170 3128 detrahere,
4200 3063 4335 3119 unde
4375 3062 4564 3117 femina

3027 3155 3373 3219 formaretur,
3417 3165 3474 3210 et
3514 3157 3614 3211 hoc
3664 3169 3809 3211 certe
3856 3158 4233 3224 congruentius
4275 3156 4560 3215 videretur;

1390 3244 1751 3314 iApocalypsi
1782 3244 2014 3298 Joannes
2065 3247 2177 3298 ait:
2218 3244 2541 3313 cTeinplum
2575 3261 2677 3299 non
2736 3247 2833 3299 vidi
2868 3247 2918 3297 in
2950 3246 2989 3301 (ἶ
3025 3244 3187 3297 fiebat
3230 3246 3371 3299 enim
3419 3260 3579 3298 sexus
3639 3246 3891 3307 debilior,
3946 3247 4034 3314 qui
4090 3246 4334 3298 nimirum
4382 3259 4563 3298 conse~

1381 3354 1447 3389 a:
1498 3336 1637 3389 Deus
1662 3336 1803 3389 enim
1853 3335 2193 3404 omnipotens
2242 3337 2498 3403 templum
2548 3337 2690 3391 illius
2738 3348 2820 3391 est
2866 3349 2920 3391 et

1372 3440 1533 3495 igitus
1554 3423 1736 3492 (Apoc.
1768 3424 1903 3493 ut).
1930 3443 1948 3473 ι
1988 3423 2263 3493 Templum
2288 3425 2469 3493 itaque
2496 3426 2726 3479 hominis
2756 3426 2915 3489 Dens;

1368 3516 1609 3583 .emplum
1658 3514 1749 3568 Dei
1786 3515 1842 3567 iit
1873 3515 2053 3567 homo.
2084 3513 2197 3567 Hoc
2234 3514 2465 3568 hominis
2494 3514 2771 3583 templum,
2806 3517 2917 3583 spi-

1358 3603 1562 3655 ritualis
1605 3610 1685 3655 est
1731 3602 2054 3670 paradisus:
2089 3615 2239 3654 mens
2270 3602 2474 3655 scilicet
2519 3612 2726 3663 saneta,
2769 3618 2920 3655 uicus

1352 3690 1611 3759 perfecta,
1640 3705 1791 3743 mens
1820 3692 2039 3753 munda,
2074 3699 2231 3756 atque
2254 3690 2318 3743 ad
2344 3691 2422 3743 sui
2456 3691 2759 3744 Conditoris
2791 3691 2921 3744 ima-

1350 3782 1527 3848 ginem
1560 3780 1836 3849 signanter
1866 3794 2143 3848 expressa.
2164 3779 2308 3843 litec,
2343 3780 2579 3848 inquam,
2603 3797 2773 3847 mens,
2805 3783 2919 3835 sive

1348 3869 1630 3923 rationalis
1657 3869 1859 3933 anima,
1880 3867 2004 3936 jure
2028 3869 2225 3922 dicitur
2245 3870 2547 3937 paradisus,
2576 3886 2695 3937 qum
2723 3880 2776 3933 et
2802 3885 2915 3925 etB-

1345 3958 1558 4012 lestium
1601 3959 1985 4013 charismatum
2033 3970 2118 4013 est
2165 3957 2378 4013 fluentis
2423 3961 2656 4030 irrigua,
2692 3970 2748 4015 et
2796 3972 2914 4014 tan,

1344 4063 1504 4116 quam
1533 4046 1789 4100 fertilium
1847 4050 2099 4101 arborum
2142 4049 2225 4103 vel
2270 4048 2581 4111 herbarum,
2624 4052 2702 4113 sic
2734 4051 2916 4104 vireu~

1347 4140 1490 4193 tibus
1525 4148 1831 4193 sanctarum
1866 4140 2122 4193 virtutum
2163 4150 2352 4193 vernat
2383 4142 2717 4209 germinibus
2762 4143 2915 4195 ador-

1343 4238 1490 4281 nata.
1534 4228 1677 4281 Fons
1715 4230 1857 4283 enim
1920 4230 2008 4284 ille
2046 4231 2157 4283 sive
2194 4228 2409 4293 ﬂuvius,
2442 4232 2530 4299 qui
2580 4232 2689 4284 illic
2722 4234 2917 4287 dicitur

1346 4318 1526 4387 egredi
1577 4319 1641 4372 de
1671 4319 1787 4373 loco
1817 4320 2101 4389 voluptatis
2130 4320 2196 4374 ad
2229 4321 2552 4388 irrigandnm
2585 4323 2909 4389 paradisum,

1344 4411 1544 4477 quique
1572 4410 1828 4462 dividitur
1857 4410 1908 4462 iu
1940 4421 2171 4478 quatuor
2199 4413 2398 4479 capita,
2427 4415 2562 4463 raiiu
2589 4416 2781 4467 mentis
2807 4426 2909 4480 est,

1340 4516 1405 4551 ex
1447 4514 1548 4565 qua
1579 4499 1719 4551 velut
1746 4500 1993 4567 originali
2024 4500 2168 4553 fonte
2196 4510 2427 4567 quatuor
2466 4504 2711 4565 virtutes,
2745 4503 2904 4569 justi~

1343 4592 1413 4645 tia
1469 4590 1735 4653 videlicet,
1764 4590 2023 4643 fortitudo
2075 4591 2653 4658 prudentia,similiter
2694 4594 2804 4663 δε
2853 4603 2906 4647 et
2940 4571 2985 4629 D

1343 4682 1718 4748 temperantia,
1769 4683 1919 4748 quasi
1967 4684 2185 4735 totidem
2224 4682 2482 4737 salutiferi
2514 4685 2751 4754 gurgites
2784 4700 2904 4753 pro-

1339 4771 1542 4833 fluunt,
1593 4772 1682 4838 qui
1725 4780 1920 4823 terram
1977 4773 2143 4824 nostri
2177 4774 2356 4826 cordis
2384 4775 2608 4827 fertilem
2654 4776 2901 4829 reddunt.

1340 4862 1560 4931 Lignum
1604 4876 1731 4915 vero
1763 4861 1906 4926 vitre,
1940 4860 2052 4932 ipsa
2087 4864 2348 4917 bonorum
2392 4876 2564 4916 mater
2592 4866 2905 4933 cstsapien-

1338 4954 1445 5018 tia;
1478 4955 1543 5008 de
1567 4970 1668 5022 qua
1700 4963 1755 5008 et
1784 4952 2039 5008 Salomon
2071 4956 2186 5009 ait:
2224 4972 2242 5005 ι
2274 4955 2499 5025 Lignnm
2528 4956 2650 5010 vitm
2679 4966 2763 5010 est
2817 4956 2904 5011 his

1340 5044 1430 5112 qui
1455 5042 1898 5112 apprehenderint
1924 5058 2067 5109 eam,
2094 5056 2149 5099 et
2174 5045 2263 5113 qui
2293 5047 2520 5099 tenuerit
2545 5060 2686 5112 eam,
2712 5046 2905 5101 beatus

1337 5131 1518 5200 (Prov.
1551 5134 1622 5204 ι).
1658 5152 1675 5181 ι
1730 5133 1951 5203 Lignum
1999 5151 2128 5190 vero
2176 5126 2417 5190 scientiae
2470 5137 2591 5190 boni
2646 5146 2702 5191 et
2754 5138 2901 5202 mali,

1343 5221 1697 5291 transgressio
1727 5232 1809 5274 est
1842 5222 1974 5291 legis
2003 5224 2213 5279 indicta:
2240 5216 2780 5295 experimentumque
2806 5227 2905 5280 mi-

1341 5309 1507 5361 serim.
1542 5308 1647 5359 Sed
1675 5311 1800 5378 quia
1846 5312 2000 5365 nobis
2031 5314 2359 5381 propositum
2393 5331 2497 5369 non
2529 5325 2613 5369 est
2635 5331 2905 5386 exponere

1345 5406 1529 5449 cuncta
1562 5412 1652 5465 per
1681 5397 1949 5461 ordinem,
1973 5398 2203 5454 sufficiat
2233 5401 2319 5454 hic
2341 5405 2611 5459 succincte
2634 5420 2754 5473 qua:
2779 5403 2902 5459 huic

1341 5486 1549 5554 negotio
1579 5497 1883 5555 competunt
1912 5489 2240 5557 pra-libasse.

1916 5580 2140 5637 CAPUT
2183 5582 2309 5637 Vlll.

1710 5667 1774 5722 In
1804 5686 2036 5723 sermone
2064 5672 2127 5725 de
2154 5670 2212 5726 S.
2248 5671 2518 5727 Columba.

1407 5756 1483 5809 Ad
1509 5759 1605 5812 hac
1640 5757 1728 5812 Dei
1757 5760 1927 5813 virtus
1956 5762 2226 5816 exinanita
2253 5774 2349 5827 cst,
2378 5776 2434 5818 ut
2475 5764 2683 5819 infirma
2714 5778 2893 5821 nostra

3021 3340 3273 3407 qucutius
3319 3340 3386 3393 de
3426 3340 3606 3393 carnis
3651 3339 3960 3394 infirmitate
3991 3355 4149 3409 quam
4178 3355 4240 3394 ex
4274 3340 4404 3393 ossis
4449 3354 4561 3407 pro-

3020 3428 3233 3479 cederet
3258 3426 3573 3481 fortitudine
3602 3446 3616 3480 :
3647 3439 3722 3495 et,
3752 3440 3808 3481 ut
3836 3432 4000 3499 magis
4026 3441 4237 3499 stupeas
4258 3430 4412 3482 divini
4444 3444 4561 3497 ope-

3023 3514 3097 3568 ris
3145 3525 3573 3581 sacramentum,
3622 3532 3728 3571 non
3776 3533 3873 3587 pro
3918 3535 4038 3574 osse
4074 3535 4135 3574 os
4178 3519 4424 3584 redditur,
4471 3521 4559 3574 sed

3020 3622 3183 3660 carne
3205 3610 3401 3676 potius,
3438 3612 3578 3678 quod
3619 3610 3671 3663 in
3702 3610 3797 3664 viri
3829 3626 4054 3681 carpere
4082 3614 4328 3675 vacabat,
4375 3611 4555 3679 imple-

3019 3695 3113 3747 vit.
3165 3694 3315 3750 Unde
3359 3695 3659 3766 Scriptura,
3687 3714 3806 3751 cum
3853 3702 4019 3753 dicit:
4073 3720 4092 3750 ι
4120 3700 4259 3755 Tulit
4302 3717 4453 3754 unam
4498 3705 4560 3754 de

3018 3785 3185 3839 costis
3215 3787 3365 3855 ejus,
3402 3805 3417 3836 ι
3456 3803 3579 3842 mox
3621 3791 3807 3843 addit:
3845 3808 3862 3840 ι
3887 3800 3940 3844 et
3967 3790 4429 3859 replevitcarnem
4465 3804 4558 3860 pro

3017 3890 3077 3926 ea
3110 3875 3263 3942 (Gen.
3292 3878 3373 3945 ιι).
3406 3894 3423 3926 ι
3454 3875 3671 3931 Poterat
3702 3894 3887 3948 nempe
3916 3881 3979 3931 ad
4006 3880 4275 3932 mulierem
4302 3879 4554 3947 plasmau-

3016 3967 3139 4016 dam
3189 3980 3406 4019 carnem
3472 3967 3586 4019 viro
3634 3968 3950 4031 detrahere,
4014 3977 4219 4037 poterat
4264 3984 4380 4023 osse
4424 3970 4553 4024 ossis

3018 4055 3351 4123 dispendium
3389 4056 3709 4110 immutilato
3755 4074 3977 4129 curpurc
4028 4069 4353 4123 restaurare;
4382 4060 4469 4114 sed
4497 4075 4551 4115 os

3020 4144 3157 4210 tulit,
3186 4154 3241 4199 et
3266 4161 3483 4200 carnem
3516 4149 3761 4211 reddidit,
3794 4150 3973 4217 sicque
4006 4149 4239 4219 fragilem
4278 4152 4341 4204 de
4370 4153 4553 4204 virtute

3016 4234 3287 4287 formavit.
3315 4236 3515 4291 Debilis
3542 4238 3720 4306 itaque
3748 4241 3917 4293 factus
3950 4251 4032 4293 est
4072 4242 4257 4305 Adam,
4309 4250 4358 4293 ut
4406 4240 4551 4295 fortis

3015 4322 3168 4376 ﬁeret
3197 4323 3301 4378 Eva
3331 4343 3344 4378 :
3380 4326 3679 4381 iniirmatus
3708 4338 3789 4381 est
3814 4330 4082 4393 Christus,
4134 4340 4188 4381 ut
4226 4330 4551 4383 roboraretur

3012 4411 3289 4478 Ecclesia;
3338 4416 3483 4469 illius
3529 4417 3671 4469 enim
3723 4418 4025 4483 infirmitas,
4074 4430 4249 4473 nostra
4295 4432 4373 4473 est
4413 4419 4550 4473 forti-

3014 4505 3140 4557 tttdo
3160 4545 3173 4567 ,
3226 4515 3278 4559 et
3308 4507 3373 4558 ad
3420 4507 3519 4559 hoc
3553 4507 3639 4559 ille
3669 4519 3901 4561 nostram
3940 4523 4034 4576 per
4062 4510 4155 4561 ttlit
4186 4509 4545 4569 infirmitatem.

3013 4605 3071 4648 ut
3102 4597 3168 4648 ad
3197 4611 3349 4649 suam
3382 4606 3769 4650 nosstatueret
3804 4598 4187 4652 fortitudinem.
4220 4619 4237 4649 ι
4283 4600 4423 4665 Quod
4448 4599 4545 4669 83

3015 4687 3286 4740 infirmum
3326 4696 3407 4740 est
3440 4687 3554 4750 Dei,
3588 4690 3662 4741 ait
3698 4689 4000 4757 Apostolus,
4036 4690 4222 4744 fortius
4265 4700 4342 4745 est
4390 4692 4547 4744 homi-

3015 4776 3171 4828 nibus
3203 4774 3250 4843 (f
3282 4773 3403 4829 Cor.
3437 4779 3474 4846 ι)
3506 4796 3523 4827 ι
3575 4777 3643 4831 Ει
3686 4778 3807 4830 alibi
3838 4795 3851 4830 :
3886 4796 3904 4828 ι
3934 4777 4065 4833 Nam
4094 4780 4135 4833 si
4164 4782 4439 4834 crucifixus
4471 4790 4546 4835 est

3012 4865 3255 4918 Christus
3302 4882 3367 4919 ex
3421 4866 3759 4931 infirmitate,
3800 4873 3890 4923 sed
3922 4870 4051 4922 vivit
4095 4886 4159 4923 ex
4190 4871 4376 4924 virtute
4398 4872 4539 4925 Dei.»

3010 4951 3143 5007 Nam
3176 4963 3230 5007 et
3274 4956 3318 5009 si
3349 4969 3446 5010 nos
3491 4955 3687 5010 infirmi
3731 4971 3915 5010 sumus
3957 4957 4007 5009 in
4060 4957 4166 5021 illo,
4218 4959 4307 5012 sed
4334 4960 4543 5014 vivimus

3010 5043 3062 5095 in
3093 5057 3156 5096 eo
3184 5059 3249 5097 ex
3267 5045 3463 5099 virtute
3487 5045 3576 5097 Dei
3602 5043 3687 5107 (ΙΙ
3725 5041 3848 5097 Car.
3877 5046 4048 5115 χιιι).ι
4076 5046 4354 5103 Enimvero
4378 5048 4545 5103 saeuit

3008 5134 3167 5203 hujus
3196 5135 3460 5201 homines,
3495 5137 3585 5205 qui
3620 5136 3880 5190 bellorum
3928 5138 4165 5192 ambiunt
4210 5138 4401 5193 virtute
4448 5139 4548 5193 cla-

3009 5241 3240 5291 rescere,
3267 5227 3356 5296 qui
3405 5242 3502 5296 per
3537 5241 3631 5280 ora
3664 5227 3803 5296 vulgi
3831 5243 3953 5281 suas
3986 5236 4171 5298 optant
4193 5230 4437 5284 victorias
4465 5242 4545 5283 ce-

3008 5316 3223 5381 lebrari,
3271 5332 3390 5372 cum
3440 5317 3729 5387 ingressuri
3780 5326 3905 5371 sunt
3952 5318 4208 5387 praelium,
4241 5319 4294 5372 in
4334 5332 4543 5388 corpore

3009 5422 3106 5461 suo
3144 5410 3298 5477 quod'
3334 5409 3605 5463 infirmum
3652 5417 3737 5463 est
3767 5416 3820 5463 et
3842 5408 4021 5473 molle,
4063 5408 4371 5477 subjiciunt;
4411 5408 4540 5478 quod

3011 5498 3198 5551 durum
3236 5507 3319 5552 est
3360 5508 3517 5567 atque
3545 5498 3609 5551 ad
3640 5500 4021 5567 penetrandum
4050 5498 4274 5561 difficile,
4304 5513 4539 5568 superpo—

3005 5598 3168 5643 nunt:
3202 5590 3383 5644 loricis
3421 5590 3619 5659 quippe
3652 5603 3711 5644 se
3743 5588 3930 5644 ferreis
3959 5590 4201 5649 induunt.
4226 5600 4280 5644 et
4318 5604 4533 5653 carnem,

3002 5692 3119 5746 quae
3150 5678 3306 5733 facile
3329 5678 3473 5733 cedit
3497 5677 3939 5739 ictui,custodire
3966 5668 4321 5740 contendunt;
4344 5687 4399 5729 ut
4422 5676 4534 5729 illud

3003 5767 3193 5821 durum
3220 5783 3281 5822 ac
3311 5767 3470 5833 forte,
3504 5769 3643 5837 quod
3671 5765 3799 5822 foris
3822 5776 3923 5831 est,
3952 5765 4197 5821 defendat
4222 5765 4532 5836 molliaque“!
