5962 6450
1137 459 1250 517 997

1137 681 1390 735 campum
1419 675 1753 736 pugnaturus
1782 663 2103 733 ingreditur.
2134 679 2254 717 cum
2284 666 2348 718 ad
2378 665 2726 719 debellandas

1137 758 1286 812 aeris
1311 757 1469 827 hujus
1498 754 1770 822 nequitias
1795 752 1953 808 fortis
1977 753 2250 824 pr:eliator
2281 764 2527 808 armatur
2551 796 2562 815 ,
2599 755 2724 824 quia

1139 863 1338 901 novum
1386 843 1616 899 debebat
1654 844 1939 898 instituere
1985 842 2260 912 prmlinm,
2317 859 2512 898 novum
2552 844 2729 898 induit

1137 953 1312 1007 genus
1359 951 1672 992 armorum:
1714 937 1966 991 videlicet
2025 947 2083 989 ut
2129 937 2273 1006 quod
2322 935 2595 1014 infirmum
2644 947 2726 990 est

1137 1035 1553 1101 superponeret,
1579 1039 1632 1084 ct
1673 1029 1816 1100 quod
1845 1032 2125 1083 robustum
2151 1041 2234 1083 eSt
2281 1029 2600 1084 occultaret.
2627 1029 2728 1082 Lo-

1137 1119 1312 1174 ricam
1349 1119 1615 1188 siquidem
1660 1117 1945 1173 imbecillze
1975 1118 2159 1172 carnis
2190 1119 2384 1184 induit,
2421 1129 2478 1174 et
2509 1120 2728 1190 insupe-

1138 1211 1367 1265 rabilem
1399 1210 1699 1266 divinitatis
1739 1209 2111 1266 fortitudinem
2141 1211 2454 1266 occultavit.
2502 1209 2616 1274 Sic,
2649 1211 2729 1264 sic

1137 1317 1241 1372 per
1267 1318 1482 1358 carnem
1508 1304 1754 1358 diabolus
1780 1320 1807 1356 a
1839 1306 2076 1358 secundo
2103 1305 2324 1359 homine
2351 1304 2607 1374 perdidit,
2637 1303 2725 1372 qui

1137 1405 1242 1463 per
1263 1406 1480 1446 carnem
1508 1393 1706 1446 dudum
1738 1394 1971 1460 primmn
2003 1393 2277 1449 hominem
2303 1393 2612 1463 superavit;
2641 1407 2728 1445 ea-

1139 1482 1376 1550 demque
1423 1481 1525 1536 sibi
1559 1498 1699 1536 nunc
1732 1483 1898 1536 ruime
1948 1482 2088 1536 facta
2119 1491 2204 1537 est
2243 1497 2428 1545 causa,
2463 1497 2584 1552 qua:
2617 1481 2728 1534 vic-

1139 1573 1298 1628 toriae
1328 1571 1504 1627 fuerat
1529 1573 1596 1628 de
1624 1574 1794 1643 primo
1825 1584 2048 1644 parente
2075 1575 2323 1630 materia.

1747 1683 1975 1741 CAPUT
2025 1685 2116 1740 IX.

1138 1768 1214 1828 In
1237 1774 1457 1846 epistola
1503 1785 1570 1828 ad
1601 1776 1984 1848 Ariprandum,
2017 1778 2071 1830 in
2100 1795 2205 1848 qua
2236 1779 2478 1832 hortatur
2509 1789 2587 1843 ut,
2625 1779 2725 1833 Dei

1356 1861 1552 1910 servus,
1576 1846 1916 1900 srrcularibus
1940 1863 2042 1900 non
2070 1846 2276 1902 studeat
2305 1849 2511 1904 litteris.

2445 457 2510 510 ΙΝ
2552 453 2816 511 LIBRUM
2847 451 3139 514 GENESIS

1135 576 1286 636 intus
1313 585 1413 630 est.
1440 575 1770 646 Redemptor
1801 583 1981 628 autem
2012 584 2194 630 noster
2245 591 2366 630 cum
2420 576 2726 646 bujusmodi
2761 572 2806 630 Δ

4325 464 4431 524 998

3437 575 3666 634 CAPUT
3711 578 3800 633 XI.

3075 664 3142 716 In
3170 665 3303 718 libro
3333 667 3397 728 de
3423 669 3743 736 perfectione
3768 673 4171 728 monachorum.

2899 755 3117 818 Arcam,
3153 772 3274 826 quae
3299 765 3420 812 octo
3449 759 3659 814 animas
3700 761 3846 816 inter
3876 763 4193 835 cataclysmi
4225 764 4428 824 ﬂuenta

2831 845 3120 908 continuit,
3164 845 3493 902 intrinsecus
3520 858 3573 900 et
3606 851 3948 906 extrinsecus
3980 852 4123 908 liniri
4165 855 4430 914 bitumine

2832 949 2932 990 vox
2964 937 3144 990 divina
3174 940 3453 1008 praecepit.
3503 939 3703 996 Sancta
3735 943 3946 997 scilicet
3990 944 4262 1010 Ecclesia,
4305 961 4430 1017 quas

2832 1025 2899 1078 ad
2931 1029 3347 1084 resurrectionis
3375 1030 3605 1100 gloriam
3663 1033 3868 1098 tendit,
3897 1035 3976 1088 sic
4017 1035 4156 1089 intra
4187 1046 4243 1091 et
4269 1045 4428 1093 extra

2831 1114 3098 1171 bitumine
3113 1116 3322 1181 linitur,
3342 1129 3399 1171 ιιι
3423 1129 3475 1171 et
3501 1119 3632 1174 furis
3652 1121 3956 1175 blandiatur
3981 1125 4031 1176 in
4050 1123 4292 1180 fraterna
4304 1126 4427 1181 dul-

2831 1207 3039 1268 cedine.
3069 1216 3123 1261 et
3161 1208 3307 1262 intus
3343 1215 3620 1264 cohaereat
3649 1212 3704 1265 in
3741 1212 4047 1268 dilectionis
4086 1225 4290 1272 tuatua:
4327 1231 4426 1272 ve-

2833 1301 3013 1356 ritate.
3047 1301 3304 1373 Quisquis
3333 1306 3477 1359 enim
3511 1305 3659 1362 intus
3685 1319 3856 1372 amat,
3890 1309 3983 1363 sed
4013 1307 4146 1364 foris
4177 1325 4208 1364 a
4237 1312 4424 1366 fratri-

2830 1390 2930 1445 bus
2962 1407 3171 1447 morum
3201 1394 3497 1449 inconsona
3537 1397 3834 1466 asperitate
3881 1398 4175 1464 discordat,
4227 1400 4428 1456 intrin-

2831 1499 2989 1540 secus
3032 1486 3250 1555 quidem
3290 1487 3530 1541 bitumen
3573 1489 3754 1555 habet,
3805 1491 3900 1545 sed
3947 1492 4288 1548 extrinsecus
4315 1507 4423 1549 non

2831 1574 3018 1628 habet.
3056 1574 3314 1646 Quisquis
3346 1593 3477 1631 vero
3507 1593 3566 1633 se
3588 1580 3771 1649 specie
3799 1591 3956 1636 tenus
3985 1581 4254 1638 att‘abilem
4281 1597 4426 1654 prae-

2831 1663 2945 1729 bet,
2974 1664 3270 1722 amicitiam
3302 1667 3538 1734 simulat,
3569 1671 3663 1725 sed
3712 1671 3765 1725 in
3811 1673 3999 1728 cordis
4037 1675 4255 1730 occulto
4278 1675 4414 1730 veri-

2833 1764 2998 1811 tatem
3036 1758 3291 1814 amicitia:
3333 1777 3441 1814 non
3485 1774 3800 1828 conservat,
3847 1765 4232 1819 damnabiliter
4275 1766 4426 1822 intus

2833 1846 2968 1911 hiat,
3017 1863 3138 1902 cum
3184 1847 3488 1906 forinsecus
3510 1854 3823 1922 superducti
3877 1854 4158 1911 bituminis
4201 1855 4425 1912 simula-

1207 1932 1402 2004 Frigus
1431 1945 1751 2006 conceptum
1785 1946 2006 2007 pectore
2027 1955 2212 1994 vocem
2245 1942 2566 2012 intercipere
2598 1957 2724 1996 con-
2753 1911 2803 1971 Β
2835 1940 2980 1996 tione
3027 1941 3320 1998 cohaereat.
3353 1943 3595 2011 Quorum
3637 1945 3888 2002 videlicet
3925 1967 3955 2001 a
3998 1948 4237 2003 diluviali
4283 1965 4422 2004 nan-

1132 2025 1332 2080 suevit.
1363 2025 1476 2081 Hoc
1515 2027 1747 2096 denique
1777 2027 1949 2098 frigus
1972 2026 2085 2096 jam
2115 2040 2242 2085 tunc
2269 2032 2354 2086 ille
2382 2039 2718 2102 conceperat,

1132 2114 1231 2183 qui
1281 2115 1648 2170 deambulanti
1696 2117 1924 2172 Domino
1966 2119 2031 2172 ad
2079 2134 2267 2173 auram
2317 2120 2548 2187 paradisi
2601 2129 2724 2189 post

1131 2205 1418 2260 meridiem
1449 2209 1630 2261 raucis
1652 2208 2052 2276 quodammodo
2075 2211 2296 2263 vocibus
2329 2212 2717 2277 respondebat:

1136 2313 1158 2345 ι
1172 2295 1390 2360 Audivi,
1416 2298 1610 2367 inquit,
1625 2313 1810 2353 vocem
1837 2307 2006 2363 tuam,
2023 2308 2077 2353 et
2098 2301 2249 2354 tiunti
2270 2342 2284 2360 .
2299 2316 2362 2354 eo
2384 2301 2526 2370 quod
2545 2302 2719 2357 nudus

1130 2401 1337 2450 essem,
1370 2398 1420 2442 et
1448 2389 1706 2443 abscondi
1737 2404 1822 2444 me
1837 2389 1987 2459 (Ceu.
2012 2391 2094 2459 ιιι)
2133 2411 2148 2440 ι
2184 2389 2373 2455 Porro,
2404 2394 2527 2460 quia
2557 2393 2719 2447 meri-

1129 2476 1332 2533 dianus
1370 2479 1438 2534 ab
1469 2479 1559 2532 illo
1583 2479 1698 2548 jam
1732 2479 1913 2534 fervor
1939 2481 2171 2542 abierat,
2205 2497 2357 2543 aura,
2386 2497 2506 2548 qua:
2552 2482 2717 2552 frigo-

1130 2568 1212 2624 ris
1239 2580 1322 2626 est
1345 2571 1581 2635 alumna,
1606 2574 1711 2626 huc
1737 2573 2059 2636 accedebat;
2087 2573 2211 2642 quia
2237 2582 2290 2627 et
2322 2574 2469 2627 illum
2493 2573 2606 2640 jam
2641 2576 2719 2628 in-

1127 2665 1384 2720 nocentia
1424 2665 1637 2718 sublata
1669 2665 1988 2720 nudaverat.
2024 2664 2148 2721 “me
2189 2666 2366 2720 omnia
2402 2668 2531 2736 quid
2573 2667 2716 2720 aliud

1130 2757 1367 2810 innuunt
1415 2771 1574 2824 quam
1622 2757 1763 2826 quod
1793 2757 1935 2811 illius
1976 2757 2187 2812 viscera
2225 2757 2478 2811 exstincti
2514 2757 2717 2810 amoris

1126 2846 1285 2914 algor
1312 2845 1701 2909 obstrinxerat,
1741 2856 1904 2916 atque
1948 2848 2148 2902 idcirco
2179 2863 2280 2902 vox
2316 2847 2457 2900 illius
2488 2847 2540 2900 in
2571 2851 2715 2900 auri-

1129 2937 1236 2988 bus
1267 2935 1474 2990 Domini
1510 2953 1730 2991 raucum
1763 2940 2028 2992 sonabat?
2056 2940 2138 2993 Ab
2183 2939 2284 2994 hoc
2329 2939 2487 3009 plane
2513 2939 2715 3009 frigore

1125 3029 1402 3082 Abraham
1433 3030 1643 3084 alienus
1674 3033 1979 3092 exstiterat,
2013 3033 2079 3086 de
2116 3048 2226 3102 quo
2267 3031 2546 3101 Scriptura
2593 3046 2716 3102 pro-

1125 3117 1384 3171 nuntiat:
1423 3137 1441 3170 ι
1473 3118 1736 3186 Quoniam
1789 3122 2040 3190 apparuit
2085 3122 2133 3176 ei
2188 3121 2448 3176 Dominus
2497 3121 2548 3174 in
2599 3123 2714 3190 ipso

2830 2030 3004 2101 fragio
3034 2043 3226 2088 neuter
3252 2035 3505 2103 eripitur,
3531 2036 3659 2105 quia
3685 2037 3884 2106 duplici
3936 2037 4220 2094 charitatis
4271 2040 4419 2096 bitu-

2829 2124 2994 2188 mine,
3033 2133 3093 2179 ιιι
3141 2124 3401 2181 divinitus
3460 2139 3789 2199 pmceptum
3841 2140 3944 2191 est.
3992 2145 4101 2185 non
4153 2133 4417 2188 munitur.

2826 2214 2926 2280 Qui
2981 2224 3164 2270 autem
3204 2226 3258 2271 et
3299 2234 3358 2272 se
3405 2217 3538 2272 foris
3580 2221 3783 2289 praebet
3829 2221 4120 2276 amabilem
4168 2231 4225 2278 et
4275 2222 4423 2278 intus

2824 2315 3117 2361 conservat
3149 2324 3427 2374 amorem,
3473 2309 3607 2366 foris
3651 2327 3776 2367 cum
3821 2314 3987 2369 ramis
4025 2314 4177 2370 verbi
4213 2315 4424 2371 fructus

2823 2395 3042 2450 exhibet
3083 2396 3367 2464 beneﬁcii,
3415 2401 3562 2455 intus
3605 2401 3773 2456 altam
3822 2403 4062 2458 radicem
4099 2403 4252 2474 figit,
4289 2405 4417 2475 quia

2825 2488 3136 2544 medullitus
3167 2489 3374 2562 diligit;
3410 2492 3498 2547 hic
3523 2492 3769 2562 profecto
3808 2503 3862 2548 et
3891 2495 4036 2550 intus
4065 2505 4119 2549 et
4150 2505 4304 2551 extra
4339 2497 4424 2551 bi-

2823 2579 3028 2634 tumine
3066 2579 3270 2644 linitur,
3302 2581 3427 2650 quia
3451 2581 3650 2652 duplici
3703 2584 3994 2639 charitatis
4040 2585 4249 2655 glutino
4291 2602 4416 2640 cum

2822 2670 3083 2738 proximis
3115 2669 3435 2726 foederatur.
3465 2673 3638 2726 Porro
3669 2683 3850 2729 autem
3883 2677 4009 2746 quia
4041 2677 4106 2730 de
4135 2676 4296 2746 lignis
4329 2677 4420 2732 lae-

2822 2760 3014 2830 rigatis
3049 2763 3199 2830 prius
3240 2762 3357 2816 ﬁeri
3393 2778 3519 2817 arca
3553 2765 3888 2834 prmcipitur,
3921 2777 3975 2820 et
4015 2769 4095 2821 sic
4159 2767 4419 2837 deinceps

2821 2863 2877 2906 ut
2909 2854 3172 2909 bitumine
3210 2854 3454 2918 liniatur,
3479 2871 3576 2923 per
3609 2857 3710 2911 hoc
3742 2869 3933 2926 aperte
3980 2859 4136 2914 nobis
4166 2861 4416 2915 ἱιιιιιιίιιιι⁸

2819 2957 2876 2997 ιιι
2910 2945 3050 3014 ligna
3078 2955 3286 3010 nostra,
3310 2948 3430 3000 duri
3462 2949 3714 3004 videlicet
3748 2966 3927 3006 mores
3952 2961 4007 3004 et
4039 2953 4418 3022 ineulti,prius

2819 3037 3052 3091 debeant
3079 3037 3237 3106 poliri
3271 3054 3367 3108 per
3404 3039 3705 3108 spiritualis
3743 3043 3992 3097 exercitii
4041 3043 4414 3115 disciplinam,

2818 3139 2876 3181 ut
2907 3137 3204 3196 compacta:
3224 3129 3424 3186 dehinc
3447 3131 3667 3187 fabricm
3695 3133 3938 3188 bitumen
3962 3135 4205 3190 accedat.
4231 3134 4415 3190 Enim-

1127 3207 1345 3263 fervore
1374 3209 1477 3262 diei
1509 3207 1662 3279 (Gen.
1697 3215 1850 3281 xvm)
1876 3229 1890 3277 ;
1917 3232 1933 3263 ι
1969 3222 2020 3265 et
2052 3213 2296 3278 Sponsus
2329 3213 2416 3264 ille
2447 3213 2706 3275 cmlcstis,
2740 3255 2784 3315 Ο
2819 3237 2944 3274 vero
2967 3221 3208 3290 quandiu
3239 3238 3420 3277 mores
3452 3225 3733 3279 hominum
3761 3229 3939 3296 asperi
3966 3239 4092 3282 sunt
4118 3239 4170 3283 et
4207 3229 4413 3295 inculti.

1123 3300 1269 3353 sicut
1294 3301 1343 3352 iu
1373 3301 1612 3356 Cantiris
1649 3301 1878 3371 legitur:
1918 3323 1932 3354 ε
1964 3305 2143 3358 Pascit
2187 3314 2243 3358 et
2281 3305 2441 3359 cubat
2471 3306 2522 3359 in
2551 3307 2710 3360 meri-

1119 3389 1217 3445 die
1254 3389 1430 3461 (Cant.
1464 3397 1520 3464 t).
1558 3413 1576 3445 ι

1729 3487 1956 3543 CAPUT
1999 3487 2064 3542 Χ.

1590 3576 1654 3629 In
1683 3595 1918 3632 sermone
1949 3581 2008 3635 S.
2051 3579 2218 3635 Luca‘.

1199 3664 1264 3718 Et
1291 3665 1478 3720 beatus
1523 3667 1718 3728 Lucas.
1750 3679 1810 3722 ut
1853 3672 2057 3738 expiari
2094 3686 2191 3726 nos
2229 3687 2260 3726 a
2293 3675 2492 3727 nostris
2537 3663 2724 3728 scele-l

1122 3754 1274 3809 ribus
1304 3770 1399 3823 per
1427 3758 1714 3812 adventum
1754 3762 1922 3814 nostri
1957 3761 2257 3816 Salvatoris
2287 3765 2558 3825 ostendat,
2600 3780 2706 3817 non

1121 3842 1192 3899 ab
1230 3846 1552 3915 evangelica:
1597 3851 1924 3904 narrationis
1971 3852 2217 3919 exordio,
2259 3853 2354 3907 sed
2385 3869 2413 3907 a
2442 3855 2707 3922 baptismo

1121 3937 1389 3992 duntaxat
1464 3938 1664 3992 Christi
1729 3943 2072 4009 cognationis
2137 3943 2384 3996 ordinem
2450 3943 2702 4008 inchoat;

1119 4041 1282 4095 quem
1334 4043 1430 4096 per
1475 4044 1655 4084 Lxxvn
1688 4031 2069 4100 cognationum
2113 4033 2312 4102 gradus
2362 4034 2705 4087 ascendendo

1115 4119 1398 4174 describit.
1449 4121 1600 4187 Quod
1653 4123 1815 4177 etiam
1861 4123 1910 4177 in
1943 4124 2083 4179 libro
2121 4122 2396 4179 Gencsens
2424 4129 2700 4179 evidenter

1103 4212 1446 4274 «ostenditur,
1479 4214 1568 4266 ubi
1600 4211 1832 4268 Lamech
1884 4215 2144 4270 uxoribus
2193 4216 2307 4270 suis
2337 4217 2539 4270 dixisse
2581 4231 2704 4268 nar-

1121 4313 1306 4359 ratur:
1327 4326 1343 4356 ι
1381 4308 1697 4377 Septuplum
1719 4309 1850 4362 ultio
1879 4309 2096 4363 dabitur
2111 4311 2177 4365 de
2207 4311 2337 4366 Cain
2371 4311 2520 4380 (Gen.
2547 4312 2654 4378 tv);
2679 4331 2696 4362 ι

1116 4399 1185 4454 de
1199 4396 1556 4471 Lamech“
1575 4418 1698 4454 vero
1719 4405 2026 4473 sepluagies
2049 4406 2246 4474 septies
2271 4407 2443 4459 danda
2479 4407 2698 4471 dicitur,

1113 4489 1241 4558 quia
1284 4507 1466 4546 txxvtt
1508 4493 1741 4547 hominis
1774 4496 1838 4584 de
1873 4496 2168 4550 femoribus
2198 4497 2312 4563 ejus
2347 4496 2699 4566 perhibentur

2819 3314 3054 3368 inaniter
3091 3315 3172 3368 eis
3218 3315 3510 3369 charitatis
3557 3316 3743 3386 gluten
3793 3320 4107 3388 apponitur,
4155 3320 4413 3388 quoniam

2817 3405 2883 3456 ab
2909 3404 3137 3458 invicem
3170 3405 3281 3459 cito
3314 3405 3611 3468 dissiliunt,
3646 3408 3773 3461 dum
3809 3409 3862 3462 in
3893 3410 3973 3463 eis
3999 3410 4179 3480 polita!
4213 3419 4416 3466 morta-

2817 3498 2982 3552 litatis
3008 3509 3220 3568 thuata
3252 3499 3648 3555 confoederatio
3679 3518 3785 3555 non
3818 3513 4050 3557 tenetur.

3419 3613 3650 3668 CAPUT
3692 3612 3805 3667 ΧΠ.

2992 3699 3058 3752 1η
3086 3717 3322 3755 sermone
3349 3704 3414 3756 de
3445 3703 3768 3757 exultatione
3799 3717 3996 3760 sancire
4029 3710 4218 3762 crucis.

2883 3790 3073 3846 Crucis
3110 3793 3428 3864 mysterium
3458 3794 3545 3848 illa
3575 3795 3630 3847 in
3665 3810 3721 3850 se
3743 3796 3929 3851 diluvii
3955 3813 4081 3851 arca
4111 3800 4406 3867 continuit,

2810 3881 2965 3949 cujus
3019 3882 3409 3953 longitudinem
3465 3894 3832 3939 trecentorum
3881 3886 4051 3941 fuisse
4093 3890 4403 3946 cubitorum

2812 3971 3093 4042 Scriptura
3148 3974 3358 4028 definit.
3390 3975 3490 4041 Qui
3532 3976 3784 4029 videlicet
3835 3993 4093 4032 numerus
4144 3981 4196 4034 in
4253 3980 4406 4035 Titan

2809 4062 3012 4126 littera,
3047 4079 3168 4132 quae
3221 4065 3400 4118 crucis
3449 4066 3708 4134 exprimit
3753 4069 4017 4136 speciem,
4073 4072 4402 4124 continetur.

2807 4155 2976 4208 Porro
3015 4157 3154 4210 sicut
3185 4156 3297 4211 Noe
3351 4173 3473 4212 cum
3514 4161 3628 4212 suis
3669 4175 3765 4229 per
3814 4178 4008 4229 aquam
4089 4164 4406 4234 lignumque.

2805 4249 3074 4315 salvator,
3111 4253 3222 4323 85
3255 4251 3334 4306 sic
3377 4261 3433 4305 ct
3481 4252 3684 4306 Christi
3717 4254 3921 4308 familia
3969 4271 4110 4324 aqua
4160 4257 4405 4312 salvator

2803 4351 2856 4394 et
2889 4342 3050 4408 ligno,
3087 4351 3211 4396 dum
3243 4351 3298 4395 et
3327 4343 3598 4410 baptismo
3647 4343 3838 4398 salutis
3868 4345 4128 4410 abluitur,
4163 4358 4216 4402 et
4258 4351 4399 4402 vivi-

2804 4432 2918 4485 ﬁcaa
2965 4433 3144 4488 crucis
3204 4432 3562 4500 impressione
3628 4433 3893 4500 signatur.
3960 4437 4088 4501 Qum
4150 4439 4403 4494 videlicet

2801 4539 2926 4576 arca
2959 4563 2972 4584 ,
3022 4531 3079 4574 ut
3140 4522 3194 4575 in
3231 4530 3576 4576 sacramento
3633 4521 3833 4576 Christi
3884 4525 4103 4579 humani
4158 4531 4401 4595 corporis

1111 4583 1350 4652 egressi,
1400 4600 1463 4638 ac
1493 4587 1835 4653 postmodum
1884 4589 2084 4643 diluvio
2127 4600 2353 4644 vorantc
2390 4591 2698 4644 referuntur
2731 4604 2775 4661 ι)
2805 4615 3050 4668 videam,
3077 4613 3417 4682 aequiparare
3448 4629 3778 4678 mensuram,
3825 4625 4098 4672 ιτερρηιοε
4147 4622 4398 4675 habuisse

1111 4673 1375 4742 absorpti.
1401 4675 1506 4729 Sed
1532 4678 1655 4746 quia
1686 4679 1916 4734 Lautech
1964 4684 2254 4749 percutiens
2280 4684 2394 4737 sive
2417 4701 2692 4752 percussus

1110 4761 1470 4829 exprimitur,
1503 4766 1631 4833 quid
1680 4784 1774 4837 per
1817 4769 1940 4832 hoc,
1978 4771 2077 4824 nisi
2129 4772 2333 4840 primus
2363 4789 2559 4841 parcns
2589 4775 2692 4828 hu-

1113 4852 1259 4906 mani
1289 4857 1502 4921 generis
1543 4858 1837 4928 tiguratnr?
1863 4862 1953 4930 qui
1983 4862 2237 4917 nimirum
2267 4865 2475 4934 peccati
2503 4865 2688 4930 telum,

1112 4956 1224 5011 quo
1249 4943 1453 5011 primus
1483 4947 1595 5016 ipse
1623 4965 1910 5017 percussus
1938 4952 2168 5017 interiit,
2191 4955 2446 5010 universo
2474 4971 2691 5026 quoque

1109 5033 1295 5104 generi
1326 5048 1656 5094 successurus
1695 5043 2031 5110 posteritatis
2063 5043 2275 5100 inflixit.
2318 5045 2394 5100 De
2431 5046 2534 5101 hoc
2558 5062 2688 5116 ergo

1109 5125 1350 5184 Lamech
1379 5133 1680 5201 septuagies
1706 5137 1906 5204 septies
1933 5137 2068 5191 ultio
2113 5139 2236 5192 data
2275 5149 2380 5202 est,
2406 5140 2532 5209 quia
2566 5155 2690 5209 pec-

1109 5230 1314 5284 catum,
1347 5223 1490 5290 quod
1518 5224 1725 5293 primus
1755 5227 1917 5282 homo
1949 5231 2241 5291 contraxit,
2272 5246 2368 5300 per
2392 5247 2572 5286 Lxxvn
2597 5248 2690 5302 ge—

1110 5311 1421 5365 nerationes
1453 5313 1505 5367 in
1535 5315 1771 5371 humano
1805 5333 2006 5385 genere
2038 5319 2209 5389 viguit
2237 5334 2408 5391 usque
2435 5320 2502 5374 ad
2533 5319 2688 5376 Chri-

1109 5411 1253 5458 stum
1269 5445 1284 5468 ,
1313 5403 1578 5474 siquidem
1607 5416 1886 5474 peccatum
1911 5410 2175 5481 originale
2199 5411 2518 5482 permansit,
2543 5414 2688 5481 quod

1111 5495 1224 5562 ipse
1261 5509 1358 5564 per
1392 5494 1642 5567 baptismi
1693 5501 1800 5565 sui,
1853 5501 1995 5556 unde
2015 5501 2192 5557 Lucas
2241 5503 2451 5573 incipit,
2501 5519 2685 5558 sacra-

1109 5597 1288 5640 menta
1325 5587 1561 5644 delevit:
1595 5591 1684 5644 ubi
1717 5591 1969 5648 videlicet
2000 5594 2066 5649 de
2103 5591 2194 5650 illo
2221 5596 2459 5650 dicitur:
2495 5615 2514 5646 ι
2547 5596 2686 5652 Ecce

1109 5674 1288 5739 Agnus
1318 5675 1434 5740 Dei,
1465 5692 1592 5732 ecce
1619 5681 1708 5750 qui
1743 5680 1878 5734 tollit
1907 5694 2127 5752 peccata
2161 5685 2344 5736 mundi
2378 5683 2556 5752 (Joan.
2590 5687 2677 5742 tl.)

2803 4709 3013 4763 enhitbs
3043 4709 3093 4760 in
3123 4708 3460 4777 longitudine
3484 4749 3497 4770 ,
3529 4709 3920 4781 quinquaginta
3970 4714 4022 4766 in
4071 4713 4352 4768 latitudine
4379 4760 4394 4780 ,

2804 4803 3020 4871 triginta
3071 4816 3200 4856 vero
3272 4803 3324 4855 in
3387 4801 3674 4858 altitudine
3751 4807 4085 4874 perhibetur.
4144 4811 4394 4870 Trecenti

2799 4908 3032 4962 namque
3065 4893 3591 4963 quinquagenarium
3635 4913 3914 4951 numerum
3956 4902 4134 4956 sexies
4160 4944 4174 4966 ,
4217 4916 4272 4959 et
4299 4911 4398 4962 tri-

2800 4991 3076 5046 cenarium
3121 4990 3176 5044 in
3206 5003 3266 5044 se
3294 4990 3475 5044 decies
3509 4990 3821 5058 includunt;
3859 5001 3916 5047 et
3943 4994 4164 5050 humani
4199 5013 4395 5070 corpo-

2797 5082 2872 5136 ris
2905 5080 3180 5152 longitudo
3203 5119 3219 5144 ,
3251 5095 3282 5134 a
3331 5081 3534 5135 vertice
3585 5081 3836 5137 videlicet
3869 5100 4039 5153 usque
4074 5087 4140 5141 ad
4181 5090 4346 5158 pedes
4375 5133 4389 5154 ,

2792 5174 2970 5229 sexies
3021 5180 3228 5227 tantum
3279 5173 3482 5235 habet,
3528 5189 3692 5243 quam
3741 5175 3968 5232 latitudo
4026 5193 4147 5247 qute
4186 5191 4270 5236 est
4321 5186 4387 5238 ad

2793 5264 3074 5319 dexteram
3128 5278 3301 5332 usque
3353 5264 3419 5316 ad
3468 5264 3787 5332 sinistram,
3846 5275 3900 5320 et
3949 5269 4128 5325 decies
4178 5281 4386 5329 tantum

2792 5373 2954 5426 qttam
2982 5355 3208 5411 altitudo
3253 5371 3374 5426 qnte
3401 5365 3486 5412 est
3514 5367 3644 5414 ante
3680 5369 3734 5414 et
3786 5372 3954 5415 retro.
4002 5361 4095 5418 Sic
4128 5364 4383 5420 nimirum

2793 5462 2918 5502 arca
2964 5456 3018 5503 et
3063 5449 3114 5501 in
3149 5449 3549 5503 trecentenario
3600 5449 3952 5520 longitudinis
3999 5469 4110 5508 sine
4157 5470 4386 5510 numero

2793 5540 3027 5609 speciem
3061 5539 3258 5604 crucis,
3300 5550 3354 5595 et.
3399 5541 3451 5594 in
3505 5541 3671 5597 totius
3715 5559 3823 5598 sua:
3849 5539 4203 5602 dimensionis
4231 5549 4384 5604 habi-

2794 5635 2976 5687 tudine
3028 5632 3252 5700 ﬁguram
3307 5642 3457 5688 tenet
3507 5632 3772 5690 Dominici
3818 5638 4208 5705 corporis;ct,
4243 5640 4382 5696 sicut

2791 5733 2994 5792 septem
3029 5725 3222 5779 animrc
3254 5725 3524 5778 donantur
3564 5723 3677 5780 Noe
3699 5767 3711 5787 ,
3743 5734 3793 5777 ut
3824 5740 3920 5795 per
3943 5726 4142 5796 lignum
4167 5727 4379 5784 Salven-

2792 5825 2876 5868 tur
2909 5816 2958 5868 in
2997 5815 3177 5879 undis,
3204 5816 3283 5870 sic.
3321 5825 3526 5885 septem
3559 5815 3814 5873 Ecclesiae
3837 5818 4138 5886 septiformi
4173 5817 4377 5889 Spiritu
