5962 6492
1477 416 1581 469 ΜΟ

1482 531 1694 598 replete
1738 527 2013 582 salvantur
2052 526 2101 578 in
2131 523 2344 580 Christo
2373 536 2469 592 per
2518 521 2723 592 lignum
2774 519 2953 575 crucis
2990 527 3044 572 et
3074 520 3117 579 Α

1480 633 1673 688 aquam
1700 615 2055 687 baptismatis.
2084 612 2188 667 Per
2214 613 2419 683 lignum
2456 626 2648 679 nempe
2671 624 2771 665 na
2799 609 3045 664 servituti

1480 709 1727 780 princeps
1758 704 2020 775 superbia:
2058 702 2333 767 subdidit;
2358 718 2454 771 per
2491 702 2693 771 lignum
2726 701 2829 756 hoc
2869 700 3047 753 humi-

1480 800 1647 855 litatis
1670 798 1875 854 Auctor
1896 797 1950 851 in
1980 795 2245 850 libertatis
2272 792 2455 847 titulos
2474 791 2765 847 revocavit.

2071 883 2297 941 CAPUT
2334 882 2469 937 XIII.

1906 978 1966 1032 In
1995 994 2229 1032 sermone
2257 976 2321 1029 de
2347 983 2525 1029 sancto
2560 969 2625 1025 P.

1554 1096 1572 1126 ι
1606 1073 1923 1141 Quindecim
1948 1072 2144 1127 cubitis
2171 1070 2330 1124 altior
2368 1067 2468 1121 fuit
2506 1079 2642 1135 aqua
2676 1077 2837 1132 super
2863 1077 3051 1117 omnes

1480 1175 1712 1227 montes,
1760 1178 1895 1233 quos
1938 1167 2224 1233 operuerat
2251 1156 2402 1227 (Cen.
2434 1155 2562 1227 vn).
2604 1175 2622 1205 ι
2656 1152 3052 1219 Quindenarius

1483 1254 1642 1324 plane
1685 1265 1982 1312 numerus,
2030 1248 2153 1317 quia
2199 1261 2263 1301 ex
2293 1253 2495 1314 septem
2548 1249 2757 1298 constat
2785 1251 2839 1295 et
2887 1248 3049 1302 octo,

1486 1344 1796 1417 mysterium
1828 1343 1879 1395 in
1923 1355 1982 1395 se
2027 1340 2266 1395 continet
2296 1338 2467 1391 beata:
2513 1333 2713 1403 quietis
2765 1340 2817 1385 et
2862 1329 3053 1383 futura:

1484 1431 1915 1495 resurrectionis,
1944 1428 2194 1498 quoniam
2226 1426 2565 1493 omnipotens
2598 1423 2740 1477 Deus
2775 1430 2824 1475 et
2862 1427 3053 1473 octavo

1483 1526 1569 1579 die
1590 1538 1712 1577 cum
1738 1520 1993 1575 mundum
2018 1518 2293 1580 conderet,
2322 1515 2612 1585 requievit,
2641 1522 2690 1567 et
2715 1521 2905 1565 octavo
2930 1523 3051 1562 eum

1488 1616 1792 1677 redimeret,
1822 1605 2614 1679 resurrexit;virtusquebujus
2639 1604 2844 1660 numeri
2874 1615 3054 1656 sacra-

1488 1714 1727 1759 mentum
1753 1703 1995 1760 continet
2019 1700 2325 1769 specialiter
2350 1699 2402 1753 in
2424 1696 2709 1767 baptismo,
2733 1692 2822 1747 ubi
2848 1689 3055 1745 scilicet

1484 1805 1541 1851 et
1594 1795 1723 1873 novi
1779 1798 1845 1849 de
1897 1800 2165 1848 vetustate
2238 1787 2608 1857 resurgimus.
2682 1791 2737 1836 et
2801 1780 3055 1847 deinceps

1485 1870 1768 1957 quiescere
1821 1901 1850 1939 a
1896 1882 2147 1937 mundani
2199 1879 2454 1949 strepitus
2513 1872 2916 1945 perturbatione
2967 1870 3051 1937 jn-
3086 1864 3125 1921 lt

1487 1972 1693 2034 bemur.
1750 1976 1862 2031 Hoc
1915 1975 2147 2042 denique
2202 1971 2443 2042 septimae
2494 1967 2692 2038 quietis
2749 1974 2803 2020 et
2849 1972 3053 2018 octava:

1485 2068 1902 2128 resurrectionis
1963 2064 2278 2137 mysterium
2322 2077 2426 2117 non
2484 2059 2788 2127 intelligunt
2829 2055 2917 2124 qui
2970 2052 3051 2107 vel

1485 2162 1668 2236 gloria:
1718 2160 2003 2215 mundanae
2028 2155 2285 2227 iactantia
2314 2195 2328 2216 .
2370 2152 2455 2206 vel
2509 2160 2737 2206 terrena:
2776 2144 3051 2217 sapientiai

1486 2255 1813 2311 vanitatibus
1858 2253 2240 2307 intumescunt.
2294 2245 2445 2301 Unde
2488 2251 2673 2311 aperte
2716 2240 2806 2295 hic
2856 2237 3047 2292 dicitur

1485 2346 1609 2416 quia
1661 2363 1679 2395 ε
1729 2339 2033 2410 quindecim
2085 2337 2281 2392 cubitis
2327 2333 2489 2389 altior
2540 2331 2638 2385 fuit
2704 2342 2840 2398 aqua
2894 2337 3055 2392 super

1485 2452 1672 2491 omnes
1708 2441 1954 2496 montes,
1985 2444 2119 2501 quos
2158 2434 2469 2498 operuerat;
2501 2442 2522 2475 ι
2577 2428 2786 2475 montes
2829 2416 3052 2470 scilicet.

1486 2527 1744 2595 superbos
1788 2523 2093 2593 signiﬁcant
2136 2527 2190 2573 et
2240 2516 2429 2572 elatos.
2482 2512 2663 2567 Altum
2718 2523 2847 2576 ergo
2897 2515 3055 2575 atque.

1485 2618 1807 2690 profundum
1841 2611 2250 2670 resurrectionis
2300 2618 2352 2661 et
2383 2606 2579 2676 quietis
2618 2603 2823 2657 intima:
2872 2616 3053 2655 saera-

1486 2687 1723 2763 rnentum
1750 2718 1966 2759 omnem
1998 2698 2328 2756 transcendit
2371 2694 2701 2749 intellectum
2734 2687 3053 2759 sapientium

1484 2797 1859 2869 superborum.

2065 2880 2291 2939 CAPUT
2331 2876 2445 2935 XIV

2002 2974 2059 3030 ἠ
2086 2976 2261 3029 eodem
2290 2985 2543 3026 sermone.

1564 3090 1584 3125 ι
1621 3071 1871 3126 Reverste
1925 3075 2048 3120 sunt
2101 3079 2253 3132 aqua:
2295 3075 2457 3130 super
2517 3068 2715 3112 terram
2770 3063 2962 3110 euntes
3007 3060 3061 3105 et

1487 3164 1811 3222 redeuntes,
1866 3165 1922 3213 et
1950 3162 2229 3225 cmperunt
2262 3150 2427 3206 minui
2475 3156 2595 3218 post
2639 3158 2853 3202 centum
2904 3144 3060 3213 quin-

2289 409 2782 468 COLLECTANEA
2824 407 2889 462 IN
2935 406 3159 464 VETUS
3199 406 3737 463 TES’I'AMEN‘I‘I'M.

4588 405 4730 463 ωοο

3730 514 3953 571 CAPUT
3990 516 4124 572 XVil

3508 606 3570 660 In
3591 623 3824 661 sermone
3864 607 3917 661 in
3950 623 4090 662 cana
4131 605 4353 660 Domini.

3215 697 3349 752 Dum
3398 699 3579 753 mundi
3610 700 3833 753 crimina
3885 698 4083 753 diluvio
4110 697 4375 768 quondam
4425 697 4719 768 expiaren-

3149 800 3236 845 tur
3284 786 3456 845 eﬂ‘uso
3482 830 3497 853 ,
3553 790 3715 846 futuri
3753 792 3989 845 muneris
4017 790 4259 845 columba
4309 790 4713 845 similitudinem

3148 878 3401 948 praetulit,
3440 894 3563 934 cum
3592 895 3689 948 per
3732 878 3885 935 oliva:
3916 895 4123 935 ramum
4176 894 4357 950 pacem
4391 880 4550 935 terris
4584 880 4703 936 red-

3148 968 3315 1023 ditam
3364 968 3653 1023 nuntiavit.
3683 967 3771 1022 Ait
3798 969 3940 1023 enim
3987 967 4301 1039 Scriptura:
4329 988 4346 1020 t
4376 969 4715 1040 Exspectatis

3148 1066 3326 1112 autem
3383 1066 3590 1127 septem
3650 1058 3837 1114 diebus
3893 1059 4057 1124 aliis,
4092 1075 4302 1115 rursum
4353 1063 4553 1117 dimisit
4599 1061 4712 1116 Noe

3150 1147 3451 1203 columbam
3497 1162 3562 1203 ex
3595 1163 3757 1204 arca:
3791 1159 3847 1203 at
3874 1149 3961 1204 illa
3986 1152 4129 1206 venit
4153 1153 4217 1205 ad
4242 1166 4361 1207 eum
4399 1152 4463 1206 ad
4508 1167 4707 1224 vespe-

3148 1254 3287 1304 ram,
3312 1248 3532 1307 portans
3552 1255 3759 1295 ramum
3780 1240 3935 1296 oliva:
3954 1242 4248 1298 virentibus
4270 1242 4471 1299 foliisin
4489 1258 4587 1299 ore
4607 1259 4709 1300 suo

3151 1326 3302 1390 (Gen.
3343 1330 3481 1399 vin).
3527 1349 3545 1381 ι
3581 1329 3635 1384 ln
3666 1330 3953 1385 emissione
4002 1346 4066 1387 ac
4100 1335 4404 1389 reversione
4447 1333 4710 1390 columba:

3152 1418 3484 1484 septenarius
3506 1433 3757 1473 numerus
3776 1419 4152 1490 ponitur,quia
4176 1432 4375 1491 septem
4397 1423 4710 1493 esseproeul

3152 1505 3313 1561 dubio
3350 1507 3586 1578 Spiritus
3636 1511 3808 1565 sancti
3856 1511 3995 1565 dona
4045 1522 4353 1567 noscuntur.
4395 1512 4708 1582 Vespertiua

3151 1612 3283 1654 vero
3309 1600 3438 1654 hora
3472 1602 3539 1655 ad
3576 1617 3755 1657 arcam
3785 1602 4033 1658 columba
4061 1604 4365 1669 revertitur,
4392 1606 4512 1674 quia
4538 1603 4714 1675 Spiri-

3156 1697 3241 1743 tus
3267 1699 3508 1755 sanctus,
3538 1692 3630 1761 qui
3660 1692 3711 1747 in
3741 1693 3925 1775 mundi
3965 1692 4229 1763 principio
4258 1693 4522 1750 ferebatur
4548 1710 4711 1765 super

3154 1792 3341 1920 ἓιιιιῗιε.
3371 1778 3483 1848 jam
3526 1791 3938 1853 vesperascente
3984 1782 4177 1839 saeculo
4224 1792 4456 1840 sanctam
4488 1785 4713 1856 replevit

3196 1882 3257 1920 cc
3281 1883 3471 1920 estam.

3196 1882 3471 1923 cetesmm.

3722 1979 3949 2037 CAPUT
3979 1978 4165 2038 XVIII.

3153 2062 3218 2117 In
3242 2068 3469 2152 epistola
3513 2068 3963 2152 ndDHinnifindin
4005 2074 4568 2152 snnctimonialem_;_in
4606 2093 4711 2152 qua

3221 2136 3429 2215 άξεὶιιινΔ
3457 2140 3597 2208 quod
3660 2141 3942 2209 redi/icium
4002 2143 4245 2198 hutnnna:
4302 2136 4547 2214 superbiae
4597 2136 4710 2215 {cito

3232 2209 3535 2261 destruilttr.

3230 2341 3250 2374 ι
3297 2322 3429 2377 Cum
3483 2322 3905 2393 pmﬂscerentur
3962 2323 4030 2380 de
4082 2323 4345 2390 Oriente,
4399 2325 4713 2382 invenerunt

3155 2429 3405 2483 campum
3452 2413 3504 2467 in
3544 2420 3684 2469 terra
3717 2413 3982 2477 Sennaar,
4015 2424 4069 2470 et
4106 2416 4480 2471 habitaverunt
4522 2416 4573 2470 in
4604 2432 4665 2471 eo
4694 2457 4709 2477 .

3155 2506 3397 2575 dixitque
3435 2504 3573 2559 alter
3613 2504 3679 2559 ad
3723 2505 4028 2574 proximum
4072 2521 4269 2562 suum:
4309 2507 4524 2573 Venite,
4554 2506 4712 2563 facia-

3158 2610 3277 2650 mus
3301 2595 3517 2659 lateres,
3542 2602 3597 2649 et
3616 2609 3910 2664 coquamus
3928 2610 4021 2651 eos
4042 2596 4147 2665 igni
4175 2614 4187 2650 :
4216 2597 4612 2667 babueruntque
4633 2596 4708 2650 Ia-

3158 2693 3300 2741 teres
3322 2701 3419 2755 pro
3447 2685 3686 2749 saxis,et
3712 2683 3949 2740 bitumen
3977 2699 4075 2755 pro
4105 2696 4367 2741 cremento
4385 2683 4530 2757 (Gen.
4555 2690 4654 2749 χι).
4687 2704 4704 2735 ι

3158 2775 3325 2831 Porro
3356 2786 3536 2831 autem
3565 2792 3687 2831 cum
3712 2775 3959 2831 Christus
3990 2790 4114 2831 vere
4137 2776 4201 2832 sit
4229 2775 4435 2839 Oriens,
4457 2777 4707 2846 propheta

3160 2864 3394 2920 testante
3422 2906 3437 2929 ,
3483 2866 3574 2935 qui
3616 2866 3694 2920 ait
3728 2884 3740 2919 :
3782 2885 3801 2917 ι
3837 2866 3977 2923 Ecce
4012 2867 4124 2928 vir.
4156 2865 4347 2923 Oriens
4375 2883 4557 2922 nomen
4600 2866 4709 2936 eius

3160 2951 3347 3023 (Zarlt.
3379 2952 3484 3021 vi),
3529 2972 3548 3005 ι
3578 2954 3642 3008 de
3663 2954 3881 3010 Oriente
3908 2956 4127 3011 veniunt
4156 2958 4245 3026 qui
4283 2972 4312 3012 a
4348 2958 4542 3014 Christi
4592 2975 4709 3015 eon-

3161 3046 3351 3107 sortio,
3381 3044 3516 3099 male
3546 3045 3798 3108 vivendo,
3828 3046 3912 3098 vel
3940 3048 4208 3115 proximos
4236 3048 4513 3103 laceranda
4534 3088 4547 3112 ,
4570 3063 4706 3103 rece-

3160 3134 3313 3189 dunt.
3348 3135 3589 3189 Sennaar
3624 3137 4010 3204 interpretatur
4051 3138 4281 3192 exettssio
4320 3139 4570 3199 dentium,
4600 3141 4704 3192 sive

1486 3253 1739 3324 quaginta
1775 3250 1891 3303 dies
1917 3206 2069 3316 (Cenr.
2100 3247 2239 3311 vut).
2276 3264 2291 3293 ι
2327 3242 2591 3310 Quoniam
2615 3240 2667 3293 in
2698 3236 3056 3308 generationis
3084 3206 3128 3267 (ἶ
3160 3224 3315 3293 fa’lor
3340 3240 3539 3277 eorum.
3568 3222 3623 3277 In
3656 3240 3849 3292 campo
3878 3226 4040 3291 igitur
4062 3224 4302 3281 Sennaar
4328 3225 4564 3281 habitant
4594 3229 4703 3297 qui.

1486 3351 1685 3397 nostra:
1710 3338 1965 3409 mysterio
1995 3336 2217 3404 septima
2247 3332 2467 3400 requies
2490 3344 2611 3383 eum
2658 3337 2847 3381 octava
2878 3340 3056 3378 resur-

1489 3430 1745 3487 rectionis
1774 3425 2139 3495 coniungitur.
2168 3422 2303 3477 bene
2331 3418 2649 3476 imGenesis
2676 3417 2817 3470 libro
2862 3416 3060 3469 dicitur

1486 3522 1613 3590 quia
1669 3532 1901 3573 reversa:
1964 3513 2181 3569 fuerunt
2221 3525 2378 3579 aqum
2436 3509 2501 3561 de
2552 3516 2725 3565 terra,
2770 3513 2825 3558 et
2881 3517 3057 3569 cmpe-

1489 3619 1615 3665 ruut
1646 3607 1811 3663 minui
1833 3613 1951 3673 post
1980 3611 2198 3669 centum
2233 3596 2617 3667 quinquaginta
2657 3594 2791 3646 dies.
2832 3590 3059 3659 Septua-

1488 3699 1635 3768 ginta
1658 3709 1913 3764 namque,
1930 3692 2063 3762 quia
2080 3697 2309 3757 septem.
2332 3696 2387 3742 et
2412 3684 2707 3751 octoginta,
2735 3682 2822 3748 qui
2849 3682 2915 3733 ab
2936 3690 3059 3732 orto

1488 3781 2108 3845 dinttmerantur.simul
2152 3777 2362 3847 juncti,
2403 3784 2621 3830 centum
2669 3770 3055 3843 quinquaginta

1488 3882 1712 3936 faciunt.

2002 3962 2116 4033 εδ
2161 3959 2388 4016 CAPUT
2428 3957 2543 4012 xv.

2007 4050 2075 4104 In
2098 4050 2276 4103 eodem
2301 4062 2555 4101 sermone.

1565 4164 1585 4200 ι
1628 4143 1912 4213 chuievit
1960 4156 2113 4205 area,
2150 4154 2334 4195 mense
2384 4138 2636 4205 septimo,
2679 4133 2932 4187 vicesima
2971 4144 3057 4185 se-

1485 4236 1653 4310 ptima
1671 4235 1756 4288 die
1771 4231 1994 4293 mensis,
2016 4243 2178 4299 super
2198 4234 2408 4282 montes
2423 4222 2687 4278 Armeniae
2709 4218 2857 4292 (Cen.
2882 4219 3021 4282 vui),
3036 4235 3054 4267 ι

1487 4307 1613 4395 quia
1661 4324 1912 4379 nimirum
1943 4318 2229 4389 septenarii
2278 4314 2492 4383 requies
2521 4311 2658 4367 bene
2686 4312 2738 4364 in
2789 4307 3059 4377 baptismo

1488 4414 1917 4471 commendatur.
1971 4408 2122 4476 Quod
2163 4406 2415 4461 videlicet
2464 4418 2563 4473 per
2616 4399 2872 4454 diluvium
2930 4396 3058 4452 illud

1489 4506 1776 4575 ﬁguratum
1798 4514 1916 4554 esse
1942 4497 2293 4568 dignoscitur,
2324 4495 2376 4547 in
2401 4506 2530 4561 quo,
2552 4489 2675 4544 novi
2704 4489 2768 4542 de
2795 4495 3058 4575 vetustate

1491 4566 1857 4661 revsurgentes,
1882 4566 2135 4655 deinceps
2160 4584 2438 4653 quiescere
2459 4596 2491 4635 a
2516 4578 2771 4635 mundani
2803 4566 3058 4645 strepitus

1486 4680 1896 4752 perturbatione
1924 4676 2195 4745 iubemur.

2071 4765 2297 4822 CAPUT
2332 4760 2469 4819 XVI.

1732 4861 1801 4917 In
1826 4861 1959 4915 libro
1988 4860 2051 4913 de
2078 4858 2392 4927 perfectione
2418 4853 2811 4909 monachorum.

1557 4954 1615 5005 In
1665 4949 1822 5019 hujus
1856 4950 2049 5018 quippe
2095 4945 2281 5000 mundi
2324 4944 2436 4999 salo
2469 4941 2600 5012 justi
2648 4940 2891 4995 laborant
2923 4976 2937 5001 ,
2967 4935 3059 4991 ubi

1486 5056 1645 5097 suam
1691 5038 1899 5106 reprobi
1949 5036 2227 5106 possident
2271 5033 2534 5103 requiem.
2584 5030 2756 5097 Quam
2808 5026 3060 5082 videlicet

1487 5130 1856 5189 diversitatem
1899 5129 2037 5181 bene
2087 5117 2283 5182 eorvus'
2325 5142 2389 5179 ex
2432 5138 2557 5178 arca
2588 5121 2860 5181 dimissus,
2893 5127 3059 5173 etco-

1488 5222 1669 5281 lumba
1695 5219 2023 5291 signiﬁcant.
2044 5237 2061 5267 ι
2079 5218 2280 5271 Corvus
2300 5236 2319 5269 ›
2343 5216 2539 5286 quippe
2568 5231 2585 5265 t
2605 5212 2956 5268 cadaveribus
2980 5210 3061 5262 in-

1490 5314 1673 5371 sideris
1705 5314 1770 5367 ad
1802 5326 1942 5365 arcae
1967 5310 2199 5365 claustra
2230 5323 2335 5363 non
2360 5307 2557 5373 tediit;
2589 5306 2833 5361 columba
2877 5311 3055 5356 autem

1491 5419 1704 5459 reversa
1755 5412 1876 5463 est,
1920 5401 2043 5471 quia
2094 5400 2184 5453 ubi
2232 5413 2326 5468 pes
2374 5398 2491 5467 ejus
2539 5398 2899 5467 requiesceret
2949 5407 3055 5446 non

1492 5496 1693 5551 invenit
1741 5494 1894 5565 (Gen.
1927 5494 2068 5559 vut).
2114 5512 2133 5545 ι
2190 5490 2285 5545 llic
2330 5490 2473 5545 enim
2524 5488 2613 5542 ubi
2660 5488 2807 5555 pravi
2856 5483 3057 5554 quique

1490 5586 1795 5642 carnalibus
1822 5600 1879 5640 se
1910 5584 2265 5653 voluptatibus
2288 5581 2489 5637 satiant
2514 5619 2531 5644 ,
2570 5578 2737 5633 sancti
2766 5576 2866 5629 viri
2913 5586 3059 5642 repe-

1494 5678 1598 5730 rire
1638 5684 1915 5747 nequeunt
1972 5674 2063 5729 ubi
2113 5673 2178 5728 ad
2232 5670 2617 5743 quiescendum
2673 5666 2922 5724 desiderii
2973 5661 3055 5720 sui

1492 5766 1676 5835 pedem
1710 5772 1924 5833 ponant.

3157 3331 3261 3367 non
3292 3315 3570 3369 constituti
3599 3314 3651 3367 in
3697 3330 3821 3369 arce
3871 3316 4122 3370 virtutum
4170 3317 4261 3371 sed
4291 3318 4464 3386 potius
4502 3318 4550 3370 in
4586 3332 4703 3371 eoo-

3157 3403 3294 3456 valle
3340 3404 3614 3466 vitiorum,
3664 3413 3718 3457 et
3765 3404 3953 3459 dentes
3998 3405 4293 3469 excutiunt,
4346 3414 4401 3459 ut
4450 3407 4704 3475 proximos

3158 3510 3283 3549 suos
3323 3495 3432 3565 87
3463 3494 3890 3548 detractionibus
3919 3494 4070 3561 quasi
4112 3493 4378 3549 mordicus
4418 3494 4617 3557 rodant,
4655 3504 4702 3546 et

3159 3585 3377 3640 fmtores
3418 3586 3707 3648 emittunt,
3749 3586 3874 3639 dum
3922 3586 3973 3640 in
4030 3601 4255 3641 comest
4297 3583 4701 3641 conversationis

3156 3676 3495 3743 squalor-ibus
3521 3684 3977 3745 computrescunt.
4012 3674 4115 3730 Sed
4146 3690 4328 3729 eorum
4369 3676 4549 3730 dentes
4574 3675 4702 3730 Deus

3155 3766 3496 3835 omnipotens
3516 3766 3736 3828 excutit,
3752 3766 3875 3846 dum
3903 3779 4270 3834 perversorum
4293 3763 4639 3833 quorumlibet
4656 3770 4700 3817 et

3158 3858 3296 3911 facta
3330 3855 3578 3908 similiter
3606 3863 3660 3909 et
3688 3855 3850 3907 verba
3888 3852 4184 3908 confundit.
4214 3852 4361 3908 Unde
4387 3863 4435 3908 et
4464 3852 4563 3907 illic
4580 3851 4701 3907 diei.

3160 3954 3247 3999 tur
3275 3962 3290 3997 :
3328 3962 3347 3994 ι
3386 3942 3588 3998 Idcirco
3618 3952 3862 3996 vocatum
3891 3953 3974 3997 est
4002 3957 4193 3996 nomen
4231 3940 4345 4011 ejus
4374 3942 4529 3997 Babel
4560 3940 4697 4013 (Cen.

3162 4035 3270 4101 at);
3306 4051 3322 4081 ι
3350 4032 3473 4101 quia
3506 4030 3575 4084 ibi
3600 4029 3878 4085 confusum
3911 4040 3994 4083 est
4016 4029 4208 4084 Iabium
4242 4030 4496 4083 universce
4523 4040 4698 4091 terrae.

3157 4131 3213 4177 et
3236 4123 3354 4177 ideo
3382 4121 3637 4191 dispersit
3662 4134 3755 4174 eos
3781 4119 4037 4174 Dominus
4069 4134 4229 4189 super
4256 4119 4389 4175 facie
4404 4128 4698 4176 eteterarum

3158 4214 3456 4284 regionum.
3508 4212 3673 4265 Recte
3705 4224 3835 4281 ergo
3860 4201 4075 4272 dicitur.
4106 4211 4229 4281 quia
4274 4212 4483 4281 superbi
4510 4212 4581 4266 illi
4609 4213 4699 4269 bo-

3158 4305 3331 4361 mines
3359 4318 3421 4357 ac
3450 4318 3599 4356 vana:
3629 4301 3813 4372 gioriar
3836 4292 4160 4371 captaiores,
4196 4304 4442 4357 nimirum
4472 4302 4697 4359 dicentes

3159 4396 3224 4451 ad
3268 4394 3584 4449 alterutrum
3618 4412 3631 4447 :
3672 4393 3859 4447 Venite
3886 4434 3899 4453 .
3929 4392 4186 4448 faciamus
4228 4395 4377 4449 nobis
4400 4396 4695 4451 civitatem.

3160 4496 3215 4543 et
3243 4488 3454 4548 turrim,
3480 4483 3633 4553 cujus
3658 4482 3862 4537 culmen
3895 4484 4160 4553 pertingat
4180 4486 4244 4539 ad
4272 4484 4480 4547 cmlum,
4506 4494 4555 4539 et
4578 4486 4700 4541 cele-

3162 4580 3380 4634 bremus
3426 4589 3618 4630 nomen
3669 4582 3946 4636 nostrum,
4003 4586 4285 4644 antequam
4322 4576 4613 4629 dividamur
4654 4574 4697 4629 io

3167 4667 3444 4719 universas
3473 4674 3642 4717 terras
3658 4678 3672 4726 ;
3691 4671 3745 4716 et
3766 4662 4141 4718 habitaverunt
4156 4664 4208 4717 in
4231 4679 4417 4733 campo
4438 4663 4695 4718 Sennaar:

3166 4755 3305 4824 quod
3332 4750 3469 4823 apud
3520 4766 3619 4806 nos
3644 4791 3659 4813 ,
3706 4750 3846 4804 sit‘ttt
3871 4752 4069 4806 dictum
4114 4762 4194 4807 est
4221 4795 4236 4816 ,
4278 4762 4431 4808 sonat
4472 4754 4699 4808 excussio

3166 4844 3441 4908 dentium,
3474 4842 3555 4897 vel
3610 4842 3750 4896 fetor
3776 4857 3980 4896 eorum.
4030 4841 4287 4909 Quoniam
4326 4845 4555 4912 perversi
4594 4843 4700 4911 qni-

3166 4956 3289 5007 que,
3318 4940 3441 4993 dum
3469 4944 3655 4992 contra
3686 4937 3878 4993 divinm
3909 4936 4037 5007 legis
4083 4938 4326 4993 mandata
4356 4938 4652 5007 superbiant
4680 4977 4695 5000 ,

3162 5030 3285 5085 dum
3321 5029 3576 5083 adversus
3615 5028 3897 5081 Dominum
3939 5026 4198 5082 cervicem
4238 5026 4412 5083 cordis
4452 5041 4692 5097 arrogano

3163 5127 3244 5175 ter
3272 5118 3542 5180 attollunt,
3570 5125 3625 5172 et
3652 5116 3913 5185 proximis
3943 5130 4317 5184 nomnmquam
4343 5115 4695 5171 damnabiliter

3161 5210 3465 5271 detrahunt,
3494 5216 3547 5263 et
3568 5207 3665 5277 ipsi
3693 5207 3981 5273 proclivius
4005 5207 4055 5261 iu
4082 5208 4323 5263 obscenae
4345 5209 4461 5261 vita-
4486 5208 4694 5276 sterquic

3162 5301 3289 5355 linio
3314 5300 3640 5354 volutantur.
3682 5296 3748 5351 Et
3774 5295 3840 5350 de
3878 5297 4189 5352 excussione
4228 5298 4437 5367 quidem
4475 5297 4691 5351 dentium

3164 5404 3260 5459 per
3281 5387 3448 5442 David
3474 5387 3672 5441 dicitur
3698 5402 3710 5438 :
3743 5402 3761 5436 ι
3791 5384 3869 5439 Tn
3895 5384 4202 5455 percussisti
4224 5400 4407 5441 omnes
4432 5388 4693 5443 adversan-

3166 5487 3247 5533 tes
3285 5476 3416 5532 mibi
3446 5476 3564 5531 sine
3592 5488 3794 5539 causa;
3828 5474 4013 5529 dentes
4053 5486 4386 5543 peccatorum
4419 5475 4690 5531 contrivisti

3165 5566 3337 5638 (Prol.
3369 5568 3477 5637 ιιι).
3509 5582 3527 5617 ι
3558 5564 3628 5619 Et
3652 5563 3777 5618 alibi
3807 5582 3821 5618 :
3855 5582 3875 5615 ι
3906 5564 4043 5619 Deus
4064 5573 4305 5621 conteret
4324 5565 4505 5620 dentes
4524 5580 4687 5619 eorum

3166 5656 3218 5709 in
3246 5670 3340 5710 ore
3368 5654 3601 5724 ipsorum
3622 5690 3637 5715 .
3688 5650 3857 5705 molas
3886 5649 4096 5706 leonum
4127 5650 4422 5723 confringet
4461 5652 4687 5706 Dominus

3169 5740 3353 5813 (Psal.
3410 5739 3577 5812 Lm).
3617 5758 3637 5794 ι
3698 5739 3777 5797 De
3839 5738 4007 5798 fetore
4068 5756 4279 5812 quoque
4338 5757 4517 5799 eorum
4571 5743 4685 5797 alios
