4260 6412
365 372 454 430 {93
1000 352 1544 415 PROLFCOMENA.
1584 380 1655 392 -
1696 346 2123 404 TES'I‘IMO'NIA
2167 346 2254 401 DE
2293 347 2352 401 S.
2392 346 2630 403 PETRO
2671 346 3012 404 DAMIANO.

3580 347 3687 403 »ιοι

362 480 518 557 glonis
566 476 773 549 gratia,
808 474 1035 529 Romam
1085 479 1178 524 aut
1212 467 1493 523 Turonum
1546 463 1813 517 missuros
1849 476 1862 514 :
1894 474 1953 513 se
1984 471 2027 523 Λ
2061 462 2173 519 nati
2220 462 2621 531 archiepiscopi
2666 462 2999 533 contagione
3046 473 3404 535 corruptum,
3455 460 3694 534 cumque

362 550 474 629 vero
490 570 563 626 ad
595 568 657 624 S.
690 564 954 623 Jacobum
995 562 1051 617 in
1080 558 1398 631 Hispaniam
1441 556 1647 610 iturum
1671 550 1950 624 promisit.

368 666 479 722 llaec
494 662 693 717 Petrus
724 660 839 729 ipse
862 670 921 713 se
938 652 1223 710 Mediolani
1254 651 1491 721 legatum
1512 647 1689 719 egisse
1710 643 1952 713 scripsit.

423 751 673 809 Profecto
702 748 827 803 inde
856 747 1058 816 legato,
1091 740 1538 810 archiepiscopus
1588 734 1803 805 asperis
1844 732 1954 788 cle-

362 847 584 901 ricorum
617 854 840 897 suorum
869 835 1131 894 conviciis
1156 834 1452 896 laceratus,
1496 828 1641 901 quod
1696 826 1952 882 Mediola-

359 936 532 994 nensis
558 934 869 989 libertatem
900 928 1161 985 Ecclesim
1201 924 1567 997 prodidisset,
1596 923 1648 977 in
1678 920 1951 976 sententia

360 1024 618 1083 castitatis
674 1038 782 1078 non
828 1018 1085 1091 perstitit,
1134 1017 1229 1073 scd
1271 1014 1617 1086 promiscuos
1659 1009 1951 1065 mulierum

356 1116 669 1174 concubitus
691 1113 900 1170 annuit.
962 1110 1154 1181 Itaque
1200 1107 1453 1178 sequenti
1496 1120 1664 1170 anno,
1712 1103 1806 1173 qui
1844 1101 1953 1156 fuit

356 1209 668 1267 millesimus
688 1204 1083 1277 sexagesimus,
1109 1199 1492 1257 Arlcmbaldtts
1514 1198 1671 1253 Cotta
1697 1197 1750 1251 in
1770 1195 1951 1250 locum

354 1300 593 1359 Landttlﬁ
662 1299 847 1355 fratris
893 1296 1093 1352 mortui
1142 1294 1458 1359 subiectus,
1486 1291 1676 1346 eodem
1726 1286 1953 1341 Arialdo

356 1392 675 1465 impellente,
708 1404 929 1448 causam
975 1388 1399 1443 intermortuam
1444 1373 1706 1439 excitavit
1742 1399 1754 1435 :
1787 1388 1953 1449 atque

352 1485 602 1559 gravibus
641 1481 957 1539 tumultibus
1007 1480 1063 1534 in
1118 1478 1253 1533 urbe
1304 1474 1633 1562 miscendis;
1674 1471 1839 1528 etiam
1886 1484 1953 1523 ne

352 1576 513 1632 abbas
571 1574 632 1630 ὃ.
685 1571 827 1629 Celsi
870 1572 939 1627 ab
967 1568 1380 1641 archiepiscopo
1416 1573 1752 1629 sacraretur,
1810 1562 1954 1646 inhi-

355 1669 484 1724 buit.
514 1667 702 1739 Itaque
729 1665 927 1721 Petrus
968 1662 1214 1718 Damiani
1251 1664 1319 1717 ad
1341 1676 1436 1717 eos
1482 1660 1628 1715 hanc
1656 1658 1950 1728 epistolam

349 1761 492 1816 misit
522 1779 536 1815 :
561 1760 756 1815 Petrus
778 1754 1315 1822 Damiani,etc.hab.
1349 1768 1473 1809 eam
1489 1752 1584 1807 lib.
1616 1749 1840 1821 v,epist.
1859 1746 1949 1803 84.

2059 558 2381 611 danutatum
2432 555 2483 608 in
2531 555 2767 625 gratiam
2826 555 3087 612 Bede-ia:
3135 557 3381 627 recepit,
3434 572 3500 612 ac
3555 572 3692 614 con-

2060 657 2237 705 tracto
2265 647 2483 718 piaculo
2538 649 2871 705 auctoritate
2917 650 3201 720 pontilicia
3256 651 3537 707 liberavit.
3570 649 3693 707 Mox

2058 744 2323 798 Ravenna
2375 743 2688 813 digressus,
2749 758 2874 798 cum
2931 743 3256 800 Faventiam
3306 744 3694 815 pervenisset,

2062 838 2200 893 febri
2250 852 2546 908 Oppressus
2578 836 2810 892 interiit.
2856 836 2986 900 Vir.
3028 848 3083 893 et
3119 838 3457 905 sanctitate,
3512 849 3569 893 et
3607 854 3697 892 sa-

2056 931 2263 1001 pientia
2302 945 2400 999 per
2442 929 2558 984 lucc
2607 938 2853 1000 tempora
2899 931 3106 986 clarus.
3161 930 3561 988 Postmortem
3596 930 3689 986 mi-

2058 1024 2264 1079 raculis
2316 1022 2580 1094 inclytum
2628 1036 2728 1092 pro
2772 1021 2898 1077 divo
2934 1022 3189 1079 homines
3215 1022 3551 1078 habuerunt.

2795 1112 2968 1168 XXV.

2058 1207 2251 1263 Petrus
2297 1207 2623 1281 Ricardatus
2674 1208 2786 1281 (gn.
2834 1208 3028 1280 I578),
3082 1208 3283 1281 Tuscus
3337 1209 3693 1281 Bojanensis,

2093 1280 2384 1334 monachus
2406 1296 2649 1351 congreg.
2673 1279 2858 1334 Casia.
2888 1279 3063 1335 diaria
3094 1282 3124 1337 4
3154 1280 3202 1334 ΙΙ
3212 1284 3301 1335 ist.
3331 1279 3657 1339 monasticae.

2130 1372 2208 1427 De
2238 1372 2400 1426 Petro
2432 1372 2682 1426 Damiani
2706 1413 2721 1437 ,
2770 1382 2882 1428 tum
2910 1374 3164 1428 doctrina
3190 1416 3205 1439 ,
3251 1385 3365 1431 tum
3396 1376 3697 1433 sanctitate

2060 1464 2261 1536 insigni
2315 1464 2481 1519 verba
2531 1463 2830 1525 facientes.
2883 1467 3123 1521 dicimus
3180 1467 3354 1524 fuisse
3404 1469 3697 1525 Ravenna-

2061 1562 2169 1608 tem
2193 1595 2206 1617 ,
2233 1563 2285 1610 et
2314 1557 2637 1610 monasterii
2666 1556 2724 1611 S.
2759 1555 2947 1612 Maria:
2977 1573 3007 1612 a
3040 1558 3302 1615 Faventia
3336 1563 3693 1618 monachum.

2061 1645 2169 1714 Qui
2199 1646 2268 1701 ob
2300 1662 2431 1702 suas
2462 1647 2757 1716 prmclaras
2805 1650 3039 1704 virtutes
3081 1666 3109 1702 a
3161 1652 3443 1722 Stephano
3481 1652 3548 1707 IX
3583 1654 3701 1723 cpio

2061 1754 2260 1810 scopus
2304 1738 2578 1795 Ostiensis
2631 1748 2685 1795 et
2732 1739 2790 1795 S.
2848 1741 2913 1796 Β.
2955 1742 3017 1796 Ε.
3072 1744 3224 1799 card.
3281 1754 3501 1801 creatus
3536 1787 3549 1810 ,
3603 1746 3699 1801 tali

413 1852 558 1908 Idem
587 1850 881 1923 (Henricus
910 1848 977 1903 III
1031 1846 1189 1920 imp.)
1217 1844 1378 1901 malis
1409 1842 1747 1907 suasoribus,
1780 1840 1953 1909 inpri-
1983 1846 2028 1906 Β
2059 1846 2287 1887 munere
2314 1847 2413 1902 per
2449 1830 2680 1886 multum
2709 1834 2975 1904 temporis
3011 1822 3248 1905 spatium
3274 1836 3441 1909 digne
3474 1837 3697 1894 functus

347 1944 552 2014 misque
579 1942 899 2009 Adelberto,
922 1938 1205 1997 Bremensi
1237 1936 1671 2012 archiepiscopo,
1702 1933 1943 1998 deditus,

345 2034 546 2090 nullum
573 2050 705 2107 erga
736 2035 1005 2099 homines,
1037 2032 1319 2102 Deumque
1364 2029 1645 2092 avaritiae,
1681 2027 1942 2091 libidinis,

345 2144 504 2203 atque
530 2133 840 2188 insolentia:
886 2148 1062 2204 genus
1087 2132 1366 2187 omittere.
1393 2128 1530 2183 Nam
1565 2136 1620 2184 et
1641 2127 1781 2199 plebi
1813 2142 1949 2182 con-

346 2235 423 2277 tra
461 2223 695 2290 nobiles,
738 2223 1125 2293 principesque
1182 2220 1426 2284 studere,
1474 2227 1641 2289 atque
1684 2217 1867 2273 omnia
1895 2218 1947 2271 vi

340 2315 527 2385 magis,
562 2328 729 2385 quam
778 2314 902 2384 jure
955 2328 1152 2383 agere,
1184 2321 1240 2367 et
1270 2311 1650 2381 episcopatus,
1678 2308 1953 2363 ahbatias-

341 2421 441 2477 que
491 2404 672 2475 palam
726 2404 979 2469 vendere,
1028 2412 1084 2456 et
1136 2403 1317 2473 opima
1364 2402 1479 2471 ipsa
1556 2400 1952 2455 monachorum

339 2498 541 2569 prtedia
576 2495 944 2552 sectatoribus
995 2495 1110 2549 suis
1165 2495 1310 2565 turpi
1365 2494 1657 2566 largitione
1690 2493 1951 2548 tribuere.

340 2590 477 2656 Quin
508 2589 677 2643 etiam
711 2603 834 2643 cum
858 2587 1088 2658 conjuge
1111 2586 1335 2651 Bertha,
1364 2584 1594 2641 Othonis
1619 2584 1956 2638 marchionis

339 2681 463 2745 tilia,
497 2677 661 2747 cujus
709 2679 870 2749 paulo
918 2688 1043 2734 ante
1085 2677 1194 2733 sibi
1237 2678 1519 2749 desponsae
1553 2676 1668 2746 jam
1728 2676 1957 2731 satietas

339 2783 579 2844 ceperat,
620 2773 915 2829 divortium
939 2771 1123 2828 facere
1151 2771 1402 2842 cupiens,
1444 2769 1821 2841 Moguntinum
1850 2785 1952 2823 an-

338 2866 564 2941 tistitem
608 2865 679 2919 ad
723 2864 1080 2919 indicendum
1115 2877 1366 2933 uiperea
1402 2877 1464 2917 re
1490 2861 1786 2932 Moguntiae
1815 2876 1956 2917 con-

338 2968 557 3013 ventum
593 2956 833 3013 induxit.
885 2957 1040 3025 Quod
1071 2948 1171 3011 ubi"
1202 2954 1459 3027 cognovit
1488 2953 1822 3020 Alexander,
1854 2942 1952 3010 Pe~

337 3061 477 3104 trum
517 3050 774 3103 Damiaui
804 3049 1041 3121 legatum
1076 3049 1130 3102 in
1181 3047 1558 3113 Germaniam,
1587 3048 1655 3103 ad
1687 3064 1809 3103 eam
1842 3062 1957 3101 rem

337 3144 747 3213 impediendam
794 3144 959 3198 misit.
1004 3141 1055 3197 ls
1079 3141 1329 3211 sequenti
1363 3156 1508 3196 anno
1532 3139 1814 3211 profectus
1844 3138 1956 3193 Μοο

2051 1935 2159 1982 cst.
2190 1927 2337 1982 Inter
2367 1941 2431 1981 ea
2454 1967 2468 1992 ,
2500 1941 2622 1996 quae
2670 1928 2737 1983 de
2766 1928 2886 1999 ipso
2929 1929 3071 1984 scitu
3102 1932 3265 2003 digna
3315 1933 3369 1987 in
3403 1933 3698 2007 Hirsangia

2052 2018 2341 2073 Trithemii
2394 2018 2650 2083 invenio,
2714 2020 2915 2091 legitur
2970 2021 3146 2091 quod,
3199 2024 3404 2078 missus
3461 2025 3532 2081 ab
3574 2026 3702 2081 Λιο-

2054 2110 2268 2166 xandro
2315 2110 2356 2165 II
2407 2113 2474 2164 ad
2503 2110 2805 2167 IIenricum
2840 2113 3051 2185 legatus
3083 2114 3437 2173 Francol‘urti
3460 2159 3475 2184 ,
3509 2135 3697 2176 coram

2056 2202 2411 2273 tuagnatilms
2450 2210 2507 2256 et
2562 2202 2907 2271 principibus
2943 2202 3182 2275 ‘imperii
3239 2222 3456 2263 summa
3503 2222 3701 2267 aucto-

2058 2294 2221 2347 ritate
2272 2304 2328 2347 et
2379 2295 2612 2349 scientia
2658 2295 2973 2351 universam
3006 2297 3301 2366 legationis
3339 2302 3540 2358 seriem
3582 2304 3699 2374 regi

2060 2386 2382 2440 insinuavit.
2416 2387 2623 2457 Captus
2652 2387 2849 2443 deinde
2890 2404 3082 2445 amore
3117 2392 3465 2460 solitudinis,
3500 2396 3701 2453 talibus

2059 2495 2118 2533 se
2174 2481 2405 2551 negotiis
2450 2481 2773 2547 extricavit,
2832 2492 3003 2553 atque
3050 2487 3374 2557 episcopatu
3438 2504 3497 2544 se
3544 2491 3702 2546 abdi-

2058 2587 2225 2635 cans,
2257 2574 2323 2627 ad
2376 2575 2774 2629 monasterium
2810 2575 2869 2631 S.
2902 2578 3097 2633 Crucis
3128 2580 3197 2634 ab
3226 2580 3490 2636 Avellana
3532 2599 3700 2653 supra

2061 2675 2426 2720 memoratum
2477 2681 2537 2721 se
2586 2664 2839 2722 contulit.
2896 2668 3051 2724 Jacet
3103 2680 3288 2726 autem
3335 2673 3441 2728 hoc
3501 2690 3695 2730 mona-

2060 2758 2290 2836 sterium
2334 2760 2387 2813 in
2428 2760 2709 2815 montibus
2757 2770 2939 2816 status
2993 2760 3313 2830 Urbinatis,
3366 2766 3460 2821 ubi
3509 2778 3702 2824 noster

2061 2858 2221 2918 poeta
2272 2850 2511 2917 Dantes,
2546 2850 2792 2907 solitaria
2839 2852 2928 2907 illa
2964 2855 3191 2925 regione
3228 2857 3564 2927 delectatus,
3605 2862 3697 2915 diu

2063 2940 2431 2997 commoravit
2460 2942 2761 2997 maximam
2793 2958 3019 3000 suorum
3051 2960 3281 3015 operum
3308 2958 3517 3018 partem
3550 2966 3702 3005 cotu-

2061 3050 2306 3103 ponens,
2343 3036 2501 3106 cujus
2552 3036 2632 3091 rei
2664 3038 2883 3109 signum
2916 3053 3092 3108 usque
3130 3040 3197 3095 ad
3251 3040 3394 3097 hanc
3427 3043 3571 3097 diem
3605 3058 3703 3098 ex-

2064 3137 2175 3181 stat
2224 3128 2500 3198 quoddam
2532 3128 2793 3199 spelrcum
2819 3170 2834 3196 ,
2869 3131 3012 3200 quod
3046 3131 3239 3187 Dantis
3265 3134 3447 3190 cubile
3478 3136 3698 3192 dicitur.

332 3238 585 3305 guntium
618 3278 635 3302 ,
684 3237 956 3290 intentato
1002 3233 1234 3289 acrioris
1270 3231 1953 3302 animadversionisperi-

2067 3219 2221 3275 lIunc
2274 3220 2452 3276 locum
2502 3231 2662 3291 poeta
2716 3224 2768 3277 in
2820 3239 2922 3279 suo
2972 3223 3239 3281 Paradiso
3288 3229 3579 3299 descripsit
3633 3230 3703 3287 iis

332 3328 488 3393 culo,
544 3330 623 3384 ab
676 3327 930 3383 habendo
959 3325 1194 3381 concilio
1222 3324 1519 3381 revocavit.
1553 3323 1791 3379 Henrico
1825 3339 1956 3379 vero
2008 3384 2009 3387 η

333 3421 736 3489 l‘rancfortlirc,
780 3437 890 3492 quo
915 3420 1004 3477 ille
1019 3429 1347 3476 conventum
1365 3419 1665 3485 acciverat,
1695 3418 1954 3473 mandata

333 3514 610 3583 pontilicis
634 3514 691 3568 in
723 3515 865 3568 hanc
892 3511 1226 3568 sententiam
1248 3511 1456 3577 edidit,
1488 3526 1603 3565 rem
1635 3510 1953 3581 pessimam,

329 3617 383 3659 et
409 3624 439 3660 a
465 3609 703 3661 nomine
729 3603 1064 3668 Christiano,
1107 3602 1308 3659 nedum
1337 3603 1507 3672 regio,
1542 3602 1778 3658 alienam
1808 3617 1953 3669 esse,

330 3717 493 3770 quam
529 3699 627 3755 ille
682 3698 988 3754 moliretur.
1020 3696 1175 3765 Quod
1227 3696 1273 3751 si
1316 3696 1597 3760 humanis,
1627 3707 1723 3749 aut
1756 3696 1957 3749 divinis

329 3790 542 3859 legibus
578 3804 697 3844 non
729 3797 1052 3852 terreretur,
1086 3796 1143 3842 at
1173 3785 1367 3842 saltem
1396 3785 1557 3840 fama:
1585 3795 1641 3841 et
1669 3786 1955 3842 existima-

330 3887 493 3940 tionis
516 3900 638 3940 su:e
672 3884 944 3939 rationem
978 3883 1237 3949 haberet,
1263 3897 1331 3937 ne
1372 3889 1481 3935 tam
1511 3890 1653 3937 tetro
1682 3897 1893 3937 veneno
1924 3897 1954 3935 a

327 3994 453 4049 rege
490 3985 816 4049 temperato
842 3984 1013 4031 totunt
1056 3974 1311 4047 populum
1352 3974 1727 4030 Christianum
1768 3972 1958 4029 inﬁce-

330 4082 439 4134 ret;
483 4082 543 4126 et
601 4068 706 4139 qui
757 4066 955 4139 flagitia
1007 4067 1195 4122 ulcisci
1239 4066 1481 4132 deberet,
1509 4066 1573 4121 iis
1608 4082 1668 4121 se
1696 4066 1957 4136 princeps

324 4160 740 4232 obstringeret.
773 4156 933 4226 Quod
979 4157 1024 4214 si
1070 4172 1177 4211 non
1219 4156 1533 4212 flecteretur
1561 4157 1827 4223 consiliis,
1856 4172 1957 4227 pro

324 4261 474 4307 certo
502 4251 754 4308 haberet
783 4250 1096 4320 pontificem
1122 4250 1235 4304 vim
1283 4248 1719 4306 ecclesiasticam
1742 4249 1956 4303 adbibi.

324 4354 536 4410 turum,
570 4360 766 4416 neque
797 4359 919 4399 cum
956 4344 1069 4399 suis
1119 4343 1373 4399 manibus
1422 4343 1815 4412 imperatorem
1838 4342 1958 4396 ‘~ali-

323 4438 545 4507 quando
606 4446 995 4493 sacratorum.
1055 4436 1230 4507 Ilnjus
1285 4435 1593 4492 orationem
1650 4424 1958 4491 SIII)SCCIII:(.‘

323 4538 448 4582 sunt
480 4528 617 4583 inde
648 4541 856 4597 graves
892 4526 1201 4598 principum
1225 4526 1317 4596 qui
1339 4526 1571 4581 aderant
1595 4539 1777 4587 voces.
1802 4541 1955 4597 aequa

322 4619 520 4686 jubere
553 4618 881 4674 Romanum
910 4616 1244 4687 pontificem.
1280 4614 1359 4671 Ne
1386 4630 1486 4686 per
1520 4616 1689 4671 Deum
1718 4616 1960 4672 nominis

324 4712 455 4783 regii
492 4713 866 4784 majestatem
899 4718 1009 4764 tam
1057 4709 1231 4780 turpis
1268 4708 1395 4765 facti
1433 4709 1555 4766 labe
1592 4709 1960 4765 commacula-

323 4816 426 4871 ret,
462 4820 609 4862 neve
656 4804 989 4876 parentibus
1018 4804 1222 4875 regina:
1269 4818 1498 4859 causam
1534 4803 1861 4859 defectionis
1905 4813 1961 4858 et

316 4897 522 4965 justam
581 4895 887 4952 turbandae
912 4896 1226 4966 reipublica:
1264 4896 1612 4952 occasionem
1653 4898 1955 4968 prmberet;

322 4992 437 5060 qui,
495 4991 544 5046 si
582 4990 700 5045 viri
755 4996 962 5054 essent,
1008 5004 1132 5043 cum
1177 4989 1347 5044 armis
1377 4989 1617 5059 virisque
1660 4990 1958 5061 plurimum

322 5095 568 5156 possent,
605 5094 732 5140 tam
789 5082 1057 5154 insignem
1090 5081 1215 5137 filiae
1252 5098 1366 5138 sua:
1417 5082 1811 5138 contumeliam
1840 5084 1960 5138 sine

323 5176 722 5249 dubioinsigni
756 5172 944 5245 aliquo
970 5173 1210 5231 facinore
1236 5176 1507 5245 expiaturi
1524 5184 1728 5231 essent.
1749 5174 1961 5243 Quibus

324 5270 641 5329 rationibus
686 5265 907 5321 fractus
930 5269 1103 5338 magis
1125 5283 1291 5338 quam
1321 5266 1554 5323 inﬂexus
1584 5266 1875 5332 Henricus,
1902 5281 1962 5323 se

326 5370 376 5426 in
404 5369 704 5444 pontiﬁcis
729 5364 1066 5422 auctoritate
1096 5366 1339 5421 futurum
1368 5366 1524 5420 dixit.

392 5465 469 5523 Eo
521 5479 669 5521 vero
717 5476 875 5517 anno
924 5460 1015 5529 qui
1052 5460 1330 5515 insecutus
1376 5470 1492 5525 est,
1540 5474 1737 5530 nempe
1786 5458 1959 5525 1080,

325 5557 626 5629 Gregorius
642 5553 841 5629 (σι-ες.
862 5551 991 5623 VII)
1016 5569 1140 5609 cum
1161 5552 1465 5610 Gilbertum
1490 5554 1961 5625 archiepiscopum

326 5646 583 5705 Ravenna
617 5644 945 5719 profectum
972 5644 1247 5707 audisset,
1272 5642 1494 5698 Petrum
1528 5644 1772 5700 Damiani
1792 5688 1807 5712 ,
1836 5648 1964 5702 licet

329 5750 479 5796 atate
511 5738 884 5800 confectum,
910 5734 1223 5791 Ravennam
1256 5737 1493 5807 legatum
1525 5740 1692 5792 misit.
1718 5740 1810 5795 llic
1840 5756 1964 5811 pro-

330 5832 493 5890 Iettus
523 5850 591 5890 ac
616 5830 878 5889 comiter
900 5845 931 5884 a
954 5816 1173 5884 civitate
1202 5839 1487 5899 acceptus,
1524 5831 1780 5902 populum
1809 5833 1963 5889 dant-

1990 4581 2037 4640 D

2063 3312 2351 3375 versibus,
2408 3328 2549 3381 quos
2602 3324 2769 3368 cantu
2803 3332 2893 3370 XXI
2933 3304 3207 3373 dicentem
3262 3319 3441 3389 ipsum
3476 3321 3699 3379 Petrum
3774 3305 3777 3307 i

2066 3404 2275 3460 inducit
2321 3405 2578 3461 videlicet
2610 3426 2621 3460 :

2250 3494 2347 3546 Tra
2372 3497 2472 3546 due
2500 3496 2571 3546 liti
2596 3496 2785 3547 d'ltaiia
2820 3513 3006 3559 surgon
3033 3508 3159 3554 sassi

2254 3559 2317 3627 [Ε
2342 3572 2435 3609 non
2464 3560 2619 3627 multo
2643 3562 2960 3627 distantialla
2990 3572 3070 3613 tua
3093 3567 3274 3627 patria)

2253 3621 2414 3672 Tanto
2441 3623 2523 3673 chi
2550 3624 2706 3672 'l'uoni
2738 3625 2862 3673 assal
2889 3621 3105 3676 suonam'
3122 3630 3205 3690 pitt
3231 3621 3381 3688 b'assi,
3408 3640 3507 3682 etc.

2125 3706 2240 3762 lloc
2261 3710 2661 3765 monasterium
2688 3711 2757 3763 ab
2775 3710 3151 3767 iilusirissimo
3169 3723 3223 3769 et
3244 3719 3706 3775 reverendissimo

2064 3798 2211 3856 Julio
2240 3800 2392 3855 card.
2422 3799 2693 3857 Urbinate
2723 3802 2793 3857 ab
2818 3804 3232 3861 observantiam
3264 3808 3576 3879 regularem
3603 3813 3706 3867 sub

2064 3893 2499 3965 congregatione
2528 3893 2935 3951 Camaldulensi
2987 3899 3193 3954 nostris
3246 3903 3590 3970 temporibus
3623 3920 3709 3960 reo

2065 3982 2283 4036 dactutn
2326 3991 2428 4038 est.
2480 3980 2554 4038 Ut
2582 3984 2749 4054 igitur
2778 3985 2845 4041 ad
2886 3986 3201 4043 institutum
3240 3992 3565 4061 redeamus,
3600 3993 3707 4050 Pe-

2066 4082 2182 4130 trus
2233 4074 2301 4128 ad
2352 4076 2747 4133 monasterium
2780 4093 3067 4143 reversus,
3100 4080 3377 4151 privatum
3417 4083 3597 4139 locum
3629 4094 3707 4141 te-

2065 4166 2219 4221 nuit:
2251 4176 2439 4235 postea
2465 4183 2494 4219 a
2519 4166 2743 4224 Nieolao
2770 4171 3013 4226 secundo
3033 4171 3348 4228 Alexandro
3380 4179 3623 4232 secundo
3651 4187 3708 4232 et

2064 4256 2330 4326 Gregorio
2345 4258 2580 4326 septimo
2601 4260 2862 4325 monitus,
2884 4277 2951 4315 eo
2968 4264 3113 4331 quod
3140 4274 3288 4319 esset
3316 4266 3709 4325 inconveniens

2067 4348 2242 4402 virum
2272 4364 2301 4403 a
2328 4348 2438 4404 Deo
2468 4351 2677 4420 optimo
2704 4360 2853 4407 tanta
2881 4354 3111 4408 scientia
3134 4364 3189 4409 et
3216 4357 3531 4427 eloquentia
3560 4361 3705 4416 dita-

2069 4449 2182 4494 tum
2200 4482 2213 4505 ,
2244 4442 2312 4494 ad
2340 4442 2785 4511 persuadendum
2812 4445 3028 4515 populis
3052 4456 3265 4501 rectum
3291 4450 3509 4506 vivendi
3535 4466 3708 4522 genus

2069 4533 2307 4588 maxime
2334 4534 2614 4601 idoneum,
2643 4537 2925 4606 prepriam
2950 4546 3235 4593 curantem
3262 4539 3557 4596 utilitatem
3586 4558 3707 4600 eas-

2068 4629 2207 4683 sisse
2260 4627 2637 4698 episcopatui,
2672 4646 2797 4683 cum
2848 4630 3036 4686 multis
3070 4632 3122 4685 in
3178 4634 3274 4687 tali
3313 4636 3582 4706 dignitate
3610 4640 3709 4691 atl-

2063 4718 2319 4788 jumcuto
2366 4727 2512 4773 esset
2544 4733 2645 4788 per
2674 4720 2963 4789 epistolam
2997 4724 3319 4793 respondit,
3363 4726 3418 4779 iu
3452 4743 3560 4798 qua
3591 4738 3705 4783 tum

2066 4813 2324 4883 optimas,
2349 4820 2463 4867 tum
2488 4822 2863 4883 congruentes
2892 4815 2977 4869 sui
3002 4815 3283 4871 discessus
3306 4834 3504 4875 causas
3528 4820 3705 4877 affert.

2069 4903 2304 4975 Scripsit
2348 4905 2416 4959 ad
2456 4903 2699 4959 Leonem
2749 4908 3046 4962 eremitam
3088 4924 3155 4963 an
3214 4910 3266 4963 in
3300 4910 3480 4966 oflicio
3522 4912 3709 4969 divino

2068 4997 2361 5051 dicendum
2419 4996 2490 5050 sit
2523 5014 2535 5049 :
2574 4996 2843 5053 Dominus
2896 4999 3217 5068 vobiscum,
3273 5003 3349 5058 lib
3387 5021 3473 5075 tt,:
3508 5005 3710 5077 Apolo-

2071 5087 2409 5158 geticorum,
2453 5086 2486 5139 Ι.
2526 5103 2618 5152 ιιι;
2663 5087 2738 5142 De
2766 5091 3106 5145 continentia
3137 5096 3523 5161 sacerdotum,
3578 5097 3612 5150 Ι.
3651 5098 3703 5159 I;

2070 5179 2147 5235 De
2180 5178 2364 5251 regula
2404 5178 2776 5235 solitariorum
2798 5222 2812 5248 ,
2844 5180 2881 5233 l.
2920 5182 2941 5235 I
2970 5198 2985 5248 ;
3018 5182 3095 5236 De
3138 5184 3423 5243 miraculis
3452 5189 3532 5242 sui
3569 5198 3706 5244 tein-

2070 5274 2253 5346 poris,
2295 5272 2331 5327 l.
2366 5274 2418 5338 In;
2449 5272 2910 5327 Exhortationum
2945 5278 3406 5345 monasticarum,
3457 5279 3495 5333 Ι.
3634 5282 3710 5339 De

2071 5380 2362 5437 progressu
2404 5364 2841 5429 monachorum,
2876 5364 2911 5417 Ι.
2952 5365 3001 5428 l;
3034 5364 3236 5420 Contra
3277 5367 3532 5437 Judaeos,
3574 5373 3609 5427 l.
3656 5376 3674 5427 1
3690 5404 3704 5452 ;

2077 5458 2153 5512 De
2179 5457 2407 5510 avaritia
2441 5455 2828 5527 prmlatorum,
2880 5456 2916 5508 I.
2962 5457 3013 5522 fl;
3060 5458 3132 5513 De
3170 5457 3293 5513 Vita
3326 5462 3578 5519 Odilonis
3605 5467 3706 5520 ab-

2072 5553 2213 5609 batis
2259 5552 2667 5617 Cluniacensis,
2720 5550 2842 5615 1.4;
2900 5551 2975 5605 De
3025 5560 3236 5609 terrore
3290 5556 3517 5619 mortis,
3552 5557 3590 5609 l.
3653 5558 3703 5623 l;

2072 5646 2274 5701 Contra
2303 5646 2589 5713 episeOpos
2644 5643 3009 5707 simoniacos,
3063 5645 3097 5697 l.
3150 5646 3202 5709 l;
3242 5646 3444 5701 Contra
3493 5650 3708 5719 episco-

2073 5756 2235 5812 pum,
2284 5741 2440 5808 cujus
2479 5752 2676 5793 nomen
2725 5738 3061 5803 subticetur,
3108 5738 3146 5793 Ι.
3202 5743 3253 5808 I;
3302 5743 3373 5796 De
3410 5741 3703 5821 insolentia

2073 5831 2462 5902 improborum,
2518 5831 2552 5885 l.
2600 5833 2651 5896 l;
2705 5832 2777 5890 De
2828 5831 3322 5889 exclamationibus
3371 5838 3701 5901 rhetorum,
