5962 6442
1112 470 1248 530 1001

2392 471 2460 526 IN
2489 468 2749 525 LIBRUM
2789 467 3103 525 GENESIS.

4262 478 4399 533 1002

1097 584 1363 655 preplieta
1396 584 1528 639 dicit
1559 602 1572 639 :
1614 605 1631 637 ‹
1667 585 2057 655 Computruere
2088 585 2332 653 iumenta
2370 586 2425 639 in
2454 594 2695 640 stercore
2724 592 2768 651 Α
2802 582 3028 647 tionem,
3057 598 3152 637 seu
3177 596 3403 652 operum
3430 592 3743 641 nostrorum
3772 585 4044 651 victimas.
4077 602 4107 641 a
4146 589 4399 660 malignis

1100 688 1200 730 suo
1232 672 1391 746 (laet.
1414 676 1480 733 ι).
1518 694 1535 726 ι
1566 675 1632 729 Et
1664 675 1832 731 Isaias
1863 694 1875 727 :
1915 694 1932 722 ε
1978 674 2129 738 Erit,
2159 675 2363 744 inquit,
2408 691 2505 744 pro
2534 676 2686 731 suavi

1099 763 1267 821 odore
1314 762 1455 820 fetor
1503 763 1639 828 (Ian.
1694 765 1799 834 tu).
1845 784 1865 817 ι
1919 764 2208 820 Enimvero
2260 767 2508 837 quisquis
2575 766 2691 819 vult

1097 858 1385 912 aedilicium
1443 858 1675 913 condere
1723 858 1866 927 quod
1918 856 2075 912 facile
2119 859 2288 914 ruinae
2336 875 2443 915 non
2498 861 2569 913 sit
2597 858 2689 913 ob-

1095 952 1322 1005 noxium
1347 990 1361 1013 ,
1410 964 1634 1003 necesse
1684 959 1766 1003 est
1795 964 1917 1003 eum
1968 966 2076 1004 non
2116 951 2315 1007 lateres
2345 960 2399 1005 et
2443 950 2689 1007 bitumen

1095 1041 1320 1107 habere,
1361 1024 1481 1111 qua:
1508 1053 1727 1111 repente
1777 1026 2074 1105 dissiliant;
2124 1040 2217 1094 sed
2267 1040 2472 1109 lapides
2510 1040 2690 1109 potius

1098 1146 1164 1186 ac
1205 1146 1356 1194 Saxa,
1391 1148 1510 1199 qua:
1557 1132 1793 1200 parietes
1825 1131 2033 1200 erigant
2056 1170 2069 1193 ,
2108 1139 2162 1183 et
2226 1130 2391 1183 calcis
2422 1144 2485 1182 ac
2514 1131 2687 1184 sabuli

1093 1231 1421 1276 caementum
1448 1262 1463 1286 ,
1512 1223 1654 1291 quod
1691 1222 1837 1289 ipsos
1868 1221 2103 1289 parietes
2134 1219 2392 1273 inviolata
2445 1219 2685 1287 lapidum

1089 1325 1356 1381 compage
1386 1312 1742 1381 constringat.
1774 1310 1926 1376 Quod
1950 1326 2077 1379 ergo
2100 1312 2213 1379 jam
2242 1311 2370 1365 dicti
2405 1310 2685 1381 Babylonii

1092 1403 1293 1459 lateres
1318 1422 1414 1474 pro
1439 1407 1585 1459 saxis
1600 1415 1653 1459 et
1676 1406 1918 1459 bitumen
1944 1404 2244 1459 habuerant
2272 1420 2369 1473 pro
2393 1412 2684 1469 cannento,

1088 1497 1333 1550 carnalis
1364 1498 1485 1549 vitae
1512 1496 1783 1566 significat
1814 1492 2132 1559 mitificium,
2170 1495 2234 1547 ad
2260 1496 2367 1547 vim
2398 1503 2685 1547 ventorum

1091 1583 1180 1639 vel
1218 1586 1474 1655 impetum
1504 1585 1782 1638 iluruinum
1809 1584 2134 1653 quantocius
2163 1583 2522 1638 obruendum.

1686 1692 1914 1749 CAPUT
1955 1692 2094 1746 XIX.

1088 1808 1161 1865 In
1200 1810 1418 1879 epistola
1446 1812 1514 1862 ad
1562 1809 1897 1889 Bonichium
1933 1807 2308 1889 Quasiriicum;
2346 1809 2463 1889 .ubi
2490 1810 2685 1863 dicitur

1162 1892 1217 1933 ut
1247 1882 1495 1933 exteriori
1543 1879 1836 1949 prudentia?
1901 1880 2191 1947 spiritantia
2240 1880 2500 1951 sapientia
2541 1897 2681 1949 pra:-

1158 1950 1389 2017 feratur.

1169 2060 1186 2093 ι
1222 2040 1513 2096 Prudentia
1566 2039 1724 2107 hujus
1765 2040 1951 2095 mundi
1992 2040 2210 2094 inimica
2244 2051 2326 2095 est
2376 2040 2488 2096 Deo
2528 2060 2539 2095 :
2576 2042 2681 2113 legi

1080 2132 1233 2186 enim
1257 2132 1350 2187 Dei
1379 2148 1485 2185 non
1510 2132 1796 2200 subjicitur
1812 2147 1909 2185 nec
1934 2131 2075 2185 enim
2100 2140 2277 2201 potest
2302 2131 2474 2200 (Rom.
2502 2134 2675 2203 \'III).I

1082 2225 1227 2280 IIinc
1255 2231 1337 2279 est
1366 2225 1510 2294 quod
1540 2266 1553 2289 ,
1587 2226 1726 2278 sicut
1759 2226 1811 2277 in
1851 2225 1991 2278 libro
2032 2223 2259 2278 Genesis
2291 2225 2491 2278 dicitur
2537 2227 2681 2295 quod

1081 2317 1325 2386 quinque
1372 2330 1528 2385 reges
1552 2357 1565 2378 ,
1595 2316 1685 2384 qui
1723 2314 1945 2369 subesse
1986 2314 2275 2369 noluerunt
2303 2316 2681 2370 (Ihodorlaho-

1082 2423 1228 2470 mor,
1262 2423 1288 2459 a
1342 2418 1577 2475 quatuor
1614 2407 1828 2474 regibus
1881 2406 2119 2474 superati
2153 2415 2317 2471 sunt,
2367 2416 2422 2460 et
2472 2409 2597 2461 tibi?
2627 2409 2678 2460 in

1081 2497 1226 2551 valle
1251 2495 1520 2559 Silvestri,
1553 2512 1670 2564 quae
1721 2512 1865 2550 nunc
1901 2506 1983 2549 est
2010 2511 2161 2550 mare
2201 2496 2330 2551 salis
2355 2494 2508 2567 (Cen.
2544 2498 2676 2569 κη’).

1080 2584 1188 2652 Qui
1220 2595 1346 2639 sunt
1384 2586 1528 2639 enim
1557 2595 1792 2654 quatuor
1826 2601 2002 2653 reges,
2028 2586 2129 2640 nisi
2160 2596 2396 2654 quatuor
2426 2589 2677 2655 virtutes,

1079 2694 1222 2748 quas
1249 2677 1529 2746 Scriptura
1554 2693 1709 2731 sacra
1734 2677 1978 2731 nominat
2002 2677 2367 2747 principales?
2388 2678 2525 2745 Quid
2549 2694 2678 2733 vero

1078 2781 1183 2838 per
1210 2768 1449 2835 quinque
1493 2782 1678 2835 reges,
1711 2768 1813 2821 nisi
1843 2768 2064 2822 totidem
2090 2783 2282 2823 sensus
2317 2770 2584 2840 corporis,
2615 2788 2679 2827 ac

1078 2873 1183 2929 per
1225 2874 1322 2913 eos
1366 2860 1605 2913 exterior
1652 2861 1879 2913 scientia
1926 2860 2277 2926 designatur?
2310 2859 2463 2915 Sicut
2493 2873 2673 2917 autem

1079 2948 1189 3004 Illae
1219 2958 1453 3019 quatuor
1481 2954 1709 3005 virtutes
1734 2952 1879 3005 velut
1903 2969 1967 3005 ex
1998 2954 2250 3023 originali
2303 2955 2494 3008 matris
2540 2972 2671 3021 sum,

1081 3039 1314 3093 rationis
1365 3040 1575 3093 scilicet
1621 3040 1765 3093 fonte
1811 3042 2150 3115 procedunt;
2186 3044 2265 3098 sic
2308 3044 2422 3098 istm
2463 3046 2514 3099 in
2566 3056 2675 3100 ter-

1078 3144 1229 3185 rente
1272 3131 1550 3200 sapientiae
1579 3131 1818 3187 vanitate
1844 3172 1859 3195 ,
1894 3132 2035 3186 velut
2068 3134 2122 3186 iu
2155 3135 2403 3188 convalle
2444 3137 2674 3207 salsugi-

1077 3220 1166 3275 εἰς
1202 3221 1585 3287 immorantur,
1620 3222 1801 3292 ibique
1853 3239 1881 3276 a
1936 3224 2047 3278 suis
2094 3226 2341 3280 hostibus
2375 3237 2504 3282 sunt
2551 3243 2672 3296 pro—

2796 673 3078 742 spiritibus
3121 689 3214 729 eos
3244 674 3451 731 foedare
3504 678 3872 744 tentantibus,
3927 679 4155 749 provide
4215 694 4399 737 custo-

2794 762 2989 817 dimus.

3373 860 3602 918 CAPUT
3643 864 3785 918 XXII

2795 970 2875 1023 Ad
2920 971 3293 1045 Alexandrum
3341 992 3578 1042 papam;
3633 973 3720 1028 ubi
3774 978 4113 1045 conqueritur
4137 982 4199 1031 de
4246 994 4393 1032 mro-

3167 1043 3329 1095 lentia
3358 1061 3516 1112 pravo
3527 1063 3641 1097 rum
3667 1043 3961 1100 hominum.

2760 1176 2773 1207 κ
2870 1154 2888 1186 ι
2912 1134 3044 1189 Cum
3067 1135 3145 1190 sol
3169 1137 3539 1197 occumberet,
3556 1154 3718 1209 SOpOl‘
3734 1141 3893 1194 irruit
3916 1156 4079 1210 super
4091 1142 4390 1207 Abraham,

2792 1235 2847 1278 et
2885 1224 3081 1279 horror
3112 1242 3344 1293 magnus
3370 1237 3425 1282 et
3464 1230 3785 1284 tenebrosus
3837 1230 4035 1286 invasit
4072 1248 4195 1287 eum
4231 1231 4391 1303 (Gen.

2793 1314 2903 1381 xv).
2941 1334 2959 1367 ι
2994 1316 3134 1370 Solis
3163 1319 3448 1372 occubitus
3490 1321 3672 1373 mundi
3703 1321 3954 1391 designat
3980 1338 4168 1377 casum
4205 1342 4217 1377 :
4253 1326 4384 1378 lior-

2793 1421 2885 1459 ror
2942 1423 3071 1462 vero
3127 1424 3357 1479 magnus
3412 1420 3466 1465 et
3517 1413 3838 1468 tenebrosus
3890 1416 4143 1470 vitiorum
4196 1418 4397 1487 figurat

2793 1497 3195 1569 criminumque
3241 1500 3527 1569 caliginem
3570 1521 3581 1555 :
3619 1520 3739 1573 quae
3785 1507 4027 1575 quotidie
4076 1510 4397 1577 pcstileuter

2791 1584 3175 1643 inhorrescunt
3220 1605 3319 1659 per
3353 1601 3676 1647 aestuantem
3710 1598 4066 1666 reproboruni
4112 1599 4396 1656 hominum

2789 1680 3135 1748 pravitatem.
3164 1681 3315 1737 Unde
3338 1693 3395 1737 et
3427 1685 3536 1739 illic
3566 1688 3726 1754 paulo
3753 1701 3874 1758 post
3898 1692 4117 1745 additur
4146 1710 4160 1746 :
4199 1712 4218 1744 ‹
4255 1694 4394 1750 Cum

2790 1783 2920 1839 ergo
2949 1772 3294 1827 occubuisset
3332 1774 3412 1827 sol
3437 1816 3449 1837 ,
3482 1774 3625 1830 laeta
3670 1787 3754 1832 est
3789 1780 3963 1849 caligo
3990 1784 4302 1848 tenebrosa,
4335 1794 4392 1839 et

2790 1862 3038 1928 apparuit
3083 1861 3329 1917 clibanus
3364 1862 3600 1920 fumans.
3637 1886 3655 1917 ι
3711 1868 3865 1924 Sicut
3895 1871 4039 1924 enim
4094 1871 4275 1929 fumus
4321 1889 4391 1930 ex

2712 1950 2909 2019 Bigne
2958 1953 3156 2008 clibani
3232 1959 3550 2025 vaporantis
3618 1962 3936 2030 egreditur,
3991 1965 4065 2018 ita
4130 1967 4389 2023 vitiorum

2786 2043 3030 2096 omnium
3061 2044 3505 2116 ﬂagitiorumque
3545 2049 3815 2118 caligowle
3861 2055 4077 2109 camino
4106 2060 4391 2114 aestuantis

2787 2132 3029 2185 avaritia:
3076 2145 3386 2203 generatur.
3436 2137 3591 2191 Sicut
3633 2140 3766 2193 dixit
3820 2144 4146 2211 Apostolus:
4188 2167 4204 2198 ‹
4246 2149 4386 2215 Quia

2785 2223 2939 2275 radix
2970 2224 3214 2279 omnium
3266 2228 3531 2283 malorum
3583 2234 3810 2287 avaritia
3841 2247 3923 2290 est.
3964 2238 4011 2307 (Ι
4051 2239 4186 2293 Tim.
4236 2242 4331 2311 vi).
4364 2263 4383 2295 ι

2783 2310 2849 2363 Et
2881 2312 2983 2366 hoc
3034 2315 3178 2368 circa
3227 2315 3388 2370 (litem
3419 2320 3523 2373 diei
3555 2361 3568 2383 ,
3619 2321 3724 2375 hoc
3767 2335 3869 2391 est,
3902 2326 4045 2383 circa
4089 2310 4384 2387 terminum

2784 2403 2992 2455 mundi.
3026 2403 3265 2461 Fumaus
3287 2422 3416 2477 ergo
3438 2410 3685 2465 clibanus
3718 2418 4061 2472 tenebrosam
4092 2422 4382 2493 caliginem

2783 2501 3044 2559 generat,
3077 2494 3203 2561 quia
3231 2498 3478 2551 caminus
3526 2502 3767 2555 avaritiie
3797 2544 3809 2566 ,
3850 2508 3938 2573 qui
3989 2508 4039 2561 in
4089 2525 4381 2578 pratorum

2781 2580 3061 2636 hominum
3116 2589 3429 2653 pectoribus
3476 2602 3710 2658 aestuat,
3748 2597 3929 2651 multis
3966 2605 4386 2669 perversitatum

2782 2673 3024 2725 tenebris
3102 2678 3359 2732 mundum
3424 2683 3743 2747 pestilenter
3800 2686 4077 2745 obseurat.
4134 2694 4217 2748 An
4275 2711 4384 2750 non

2780 2772 2989 2818 mentes
3014 2766 3306 2822 infelicium
3337 2772 3685 2845 c:ecat[deest
3710 2776 3945 2846 luxuria,
3985 2786 4254 2852 cupiditas
4284 2801 4381 2844 aut

2780 2857 2908 2924 quid
2932 2858 3126 2924 simile,
3155 2872 3247 2915 aut
3278 2866 3553 2937 avaritia],
3574 2885 3697 2937 qua:
3726 2872 3932 2927 scilicet
3953 2887 4006 2929 et
4039 2879 4194 2934 ﬁdem
4225 2884 4383 2950 tollit,

2779 2956 2830 2999 et
2854 2950 3097 3003 Ollllllllm
3117 2952 3378 3008 virtutum
3406 2955 3457 3010 in
3484 2972 3670 3013 eorum
3695 2965 4149 3024 cordibuslumen
4172 2977 4379 3029 exstin-

2778 3040 2929 3108 guit?
2960 3040 3127 3108 Unde,
3156 3060 3278 3098 cum
3310 3046 3439 3101 illud
3464 3053 3818 3118 praemisisset
3844 3057 4155 3125 Apostolus,
4184 3077 4383 3134 priesto

2778 3131 3120 3187 subiutulit:
3184 3153 3203 3185 ί
3263 3137 3435 3203 Quam
3495 3142 3747 3198 videlicet
3814 3151 4102 3206 avaritiam
4156 3131 4379 3225 quidam

2779 3233 3093 3289 appetentes
3128 3241 3453 3285 erraverunt
3476 3232 3589 3302 89
3615 3250 3643 3287 a
3676 3236 3800 3301 Iide,
3833 3248 3887 3292 et
3919 3241 4269 3301 inseruerunt
4317 3264 4379 3303 se

1078 3309 1263 3372 strati,
1296 3310 1419 3379 quia
1461 3311 1681 3381 dignum
1713 3321 1796 3366 est
1827 3312 1965 3367 utin
2000 3316 2180 3367 anima
2235 3316 2472 3370 hominis
2513 3295 2648 3385 sp'ri
2702 3295 3057 3372 Citloittt‘ibus
3087 3316 3269 3371 multis
3301 3319 3352 3388 (Ι
3400 3295 3663 3393 Τηίννι).
3708 3346 3725 3376 ι
3762 3295 3928 3383 illulto
3957 3335 4154 3403 quippe
4184 3353 4243 3393 se
4281 3340 4380 3396 dc-

1078 3399 1244 3453 tualis
1314 3398 1575 3469 sapientia
1649 3403 1828 3457 vincat
1910 3410 1965 3457 et
2059 3404 2296 3459 carnalis
2368 3410 2669 3475 prudentia:

1075 3490 1346 3547 calliditas
1369 3503 1576 3563 pereat.
1605 3495 1743 3549 Ilinc
1782 3497 1927 3551 etde
1950 3496 2117 3551 David
2149 3498 2347 3568 legitur
2375 3500 2501 3568 quia
2544 3500 2673 3555 fecit

1075 3582 1180 3638 sibi
1217 3597 1411 3638 nomen
1447 3586 1562 3656 88
1597 3602 1719 3641 cum
1754 3597 2144 3651 reverteretur,
2180 3600 2336 3659 capta
2384 3589 2565 3662 Syria,
2616 3592 2667 3645 in

1074 3671 1219 3729 valle
1248 3672 1557 3730 Salinarum
1584 3678 1739 3732 caesis
1764 3679 2047 3733 duodecim
2075 3680 2311 3735 millibus
2335 3680 2420 3753 (II
2446 3680 2575 3753 Reg.
2604 3686 2665 3753 i).

1681 3768 1910 3824 CAPUT
1947 3770 2065 3825 XX.

1339 3858 1407 3911 In
1437 3859 1655 3929 epistola
1686 3860 1756 3913 ad
1788 3860 2147 3914 Alexandrum
2175 3878 2368 3932 papam

1148 3964 1169 4001 ο
1211 3948 1325 4027 Qui
1370 3948 1586 4015 tollens,
1609 3970 1627 4002 ›
1659 3952 1833 4022 inquit
1860 3951 2138 4021 Scriptura
2164 3994 2178 4016 ,
2212 3972 2229 4005 ι
2250 3955 2499 4011 universa
2528 3958 2663 4023 haec,

1069 4039 1258 4098 divisit
1294 4057 1357 4097 ea
1382 4057 1479 4113 per
1502 4045 1759 4110 medium,
1790 4054 1843 4099 et
1872 4047 2154 4116 utriusque
2186 4056 2367 4116 partes
2392 4060 2577 4106 contra
2604 4069 2663 4108 se

1072 4129 1398 4191 altrinsecus
1445 4137 1654 4206 posuit;
1710 4153 1838 4192 aves
1883 4149 2064 4195 autem
2120 4156 2235 4195 non.
2272 4141 2459 4197 divisit
2503 4141 2658 4214 (Cen.

1072 4222 1185 4293 xv).
1224 4243 1245 4278 r
1284 4223 1522 4281 Terrena
1547 4227 1764 4296 quidem
1798 4229 2052 4283 animalia
2090 4237 2279 4284 contra
2306 4246 2363 4286 se
2393 4242 2449 4288 et
2472 4234 2660 4290 altrin-

1070 4324 1228 4367 secus
1293 4325 1685 4383 opponuntur;
1744 4319 1870 4385 quia
1932 4321 2131 4374 terreni
2201 4324 2403 4392 quique
2470 4334 2659 4380 contra

1068 4403 1347 4469 proximos
1371 4404 1569 4475 jurgiis
1586 4416 1641 4460 et
1666 4408 2104 4465 contentionibus
2129 4414 2375 4475 saeviunt,
2402 4415 2485 4469 vel
2507 4426 2659 4471 certe

1068 4492 1299 4549 occultis
1363 4495 1623 4549 adversus
1667 4511 1760 4551 eos
1809 4498 2055 4553 odiorum
2115 4500 2392 4557 fomitibus
2444 4504 2657 4560 inarde-

1069 4591 1247 4638 scunt.
1282 4584 1353 4639 At
1378 4594 1592 4649 contra,
1624 4588 1715 4655 qui
1769 4603 1890 4644 sese
1927 4590 1978 4644 in
2024 4590 2192 4645 altum
2223 4594 2463 4651 caelestis
2508 4597 2654 4651 (iesi-

1069 4667 1202 4724 derii
1232 4671 1414 4742 pluma
1446 4674 1770 4742 sustollunt,
1803 4677 1929 4731 dum
1959 4680 2285 4735 sacriﬁcium
2312 4684 2422 4738 Deo
2451 4696 2653 4741 semet-

1068 4755 1213 4827 ipsos
1266 4760 1540 4831 otl'erunt,
1596 4781 1627 4820 a
1676 4776 1875 4823 mutua:
1929 4770 2233 4828 dilectionis
2288 4773 2497 4844 glutino
2547 4793 2653 4833 non

1069 4852 1348 4908 recedunt.

1656 4948 1883 5005 CAPUT
1922 4950 2062 5007 XXI.

1139 5027 1202 5085 In
1233 5033 1451 5103 cpistola
1489 5036 1559 5089 ad
1589 5036 1919 5093 Desiderium
1945 5042 2181 5097 abbatem
2212 5042 2573 5102 Casincnsem.

1137 5119 1351 5195 Maligni
1382 5127 1643 5198 spiritus,
1676 5130 1761 5184 vel
1785 5133 2062 5187 orationes
2088 5146 2303 5194 nostras
2332 5139 2516 5208 pravis
2561 5154 2645 5194 co-

1067 5208 1414 5300 gitationibus
1434 5218 1672 5287 polluere
1700 5260 1714 5282 ,
1744 5222 1829 5276 vel
1854 5238 2017 5291 opera
2047 5225 2183 5279 bona
2226 5229 2434 5295 peccati
2464 5230 2647 5300 cujus-

1066 5294 1191 5355 libet
1266 5307 1677 5364 attaminatione
1744 5326 2091 5383 corrumpere
2163 5294 2430 5372 nituntur.
2497 5320 2649 5377 Unde

1066 5391 1320 5462 scriptum
1357 5404 1440 5450 est
1465 5400 1619 5467 quia.
1653 5418 1671 5452 ‹
1707 5416 1832 5456 eum
1865 5404 2137 5460 Abraham
2172 5406 2282 5463 Deo
2316 5411 2645 5467 sacrificium

1066 5490 1131 5533 de
1155 5487 1439 5552 pecoribus
1478 5500 1533 5544 et
1564 5491 1873 5549 volucribus
1895 5497 2120 5556 devotus
2162 5500 2353 5557 ofl’eret
2373 5545 2387 5569 ,
2420 5506 2647 5561 descen-

1066 5579 1253 5628 derunt
1303 5578 1551 5634 volucres
1594 5595 1757 5648 super
1805 5586 2069 5641 cadavera
2096 5628 2110 5654 ,
2163 5600 2215 5643 et
2262 5592 2511 5663 abigebat
2552 5612 2645 5651 eas

1063 5656 1330 5719 Abraham
1360 5666 1650 5738 (θεων).
1700 5695 1716 5723 ι
1751 5674 1889 5739 Quid
1937 5678 2081 5732 enim
2136 5683 2446 5751 exprimunt
2496 5687 2645 5741 volu-

1064 5759 1199 5837 cres,
1234 5756 1333 5811 nisi
1362 5761 1620 5829 reprobos
1652 5763 1874 5833 spiritus
1903 5782 2000 5837 per
2021 5784 2145 5825 acra
2183 5774 2505 5831 volitantes?
2533 5777 2642 5833 Vo-

1062 5833 1237 5902 lucres
1281 5863 1412 5919 ergo
1444 5867 1472 5905 a
1500 5853 1766 5911 sacriﬁcio
1797 5867 1982 5917 nostro
2012 5864 2343 5936 repellimus,
2370 5885 2491 5925 cum
2517 5886 2638 5927 ora.

1337 5945 1606 6009 Parant.
1656 5951 1885 6020 CXLV.

2781 3402 2983 3457 loribus
3038 3407 3285 3462 inzerunt
3316 3451 3329 3473 ,
3382 3410 3510 3465 dum
3579 3427 3803 3486 propter
3852 3402 4168 3492 temporalia
4227 3429 4381 3488 lucra

2777 3491 3137 3549 infmderabili
3178 3514 3205 3550 a
3248 3512 3307 3553 se
3357 3500 3591 3559 invicem
3652 3508 3929 3565 simultate
3964 3491 4289 3586 dissiliunt;
4323 3532 4381 3578 ct

2774 3580 3115 3654 plerumque,
3160 3587 3285 3641 dum
3326 3606 3428 3660 pro
3467 3598 3841 3663 corporalibus
3873 3602 3925 3655 in
3964 3620 4113 3660 arma
4144 3624 4379 3668 concur-

2774 3684 2934 3736 runt,
2992 3680 3313 3747 corporibus
3371 3684 3581 3740 animas
3631 3702 3857 3745 exuunt.
3908 3693 4012 3761 Qui
4066 3715 4195 3755 vero
4240 3704 4373 3761 solis

2772 3765 3086 3823 coelestibus
3130 3770 3503 3842 inardescunt,
3539 3794 3637 3847 pro
3665 3780 3963 3851 doioribus,
3993 3788 4376 3851 oblectationi-

2770 3855 2869 3909 bus
2894 3860 3198 3928 potiuutur,
3222 3865 3354 3932 quia
3387 3866 3440 3921 in
3476 3867 3732 3927 fraternae
3763 3876 4051 3935 charitatis
4093 3884 4377 3945 dulcedine

2768 3950 3100 4005 unanimiter
3145 3954 3350 4009 vivunt.
3409 3956 3546 4014 IIiuc
3576 3974 3652 4017 est
3685 3968 3910 4033 quodin
3959 3969 4049 4024 illo
4099 3978 4374 4035 sacriﬁcio

2767 4044 3114 4111 vespertino,
3190 4050 3332 4116 quod
3385 4060 3512 4108 tunc
3569 4054 3844 4113 Abraham
3888 4062 4130 4132 obtulit,
4171 4084 4371 4139 pecora

2765 4133 2982 4200 quidem
3030 4144 3244 4192 terrena
3280 4140 3349 4195 ab
3383 4142 3615 4199 invicem
3642 4162 3985 4218 sequestrata
4014 4133 4231 4226 posuit,
4274 4165 4373 4219 sed

2767 4221 3002 4317 volatilia
3046 4242 3154 4281 non
3206 4229 3470 4297 adjuuxit.
3509 4233 3662 4291 Unde
3693 4238 3975 4310 Scriptura
4014 4221 4029 4298 ξ
4066 4267 4083 4301 ι
4125 4221 4226 4317 Qui
4273 4254 4373 4309 lol-

2761 4308 2902 4375 leus,
2938 4313 3132 4383 inquit.
3165 4320 3413 4375 universa
3448 4323 3591 4387 haec,
3624 4308 3898 4385 divisitﬁea
3940 4349 4037 4402 per
4082 4308 4319 4397 incdium
4352 4386 4366 4409 ,

2760 4410 2818 4454 et
2856 4404 3139 4475 utriusque
3186 4419 3371 4476 partes
3415 4413 3742 4473 altrinsecus
3786 4435 3977 4478 contra
4029 4441 4087 4481 se
4149 4404 4366 4503 posuit;

2760 4506 2886 4547 aves
2910 4504 3093 4552 autem
3116 4512 3223 4554 non
3254 4502 3441 4558 divisit
3470 4503 3625 4575 (Gen.
3658 4510 3770 4581 xv).
3810 4532 3828 4563 ι

3330 4611 3560 4673 CAPUT
3602 4618 3785 4675 XXIII.

2761 4696 2828 4751 In
2854 4701 3071 4769 epistola
3112 4705 3181 4757 ad
3225 4702 3443 4762 Leonem
3476 4727 3690 4793 papam,
3724 4715 3811 4769 ubi
3839 4733 4145 4779 accusatum
4176 4744 4230 4782 se
4254 4747 4366 4787 esse

3376 4795 3682 4850 conquemu
3693 4802 3736 4838 r.

2832 4858 2888 4913 Si
2919 4860 3197 4919 Creatoris
3242 4870 3413 4923 nostri
3465 4870 3613 4927 facta
3654 4877 3943 4947 vigilanter
3978 4890 4361 4958 attendamus.

2760 4950 2827 5003 ad
2866 4954 3136 5009 credenda
3169 4958 3458 5027 cujuslibet
3504 4964 3649 5020 mala
3695 4967 3859 5024 ﬁdem
3902 4974 4162 5033 adhibere
4199 4950 4363 5043 facile

2758 5057 2863 5096 nou
2889 5045 3180 5112 debemus;
3210 5049 3322 5118 ipse
3343 5052 3514 5120 enim,
3543 5055 3697 5125 cujus
3719 5062 3891 5115 oculis
3922 5067 4065 5121 nuda
4095 5080 4149 5123 et
4172 5084 4360 5143 aperta

2756 5145 2883 5190 sunt
2910 5139 3115 5205 omnia,
3150 5156 3257 5196 non
3286 5143 3612 5215 dedignatus
3641 5160 3749 5217 e5l,
3782 5169 3905 5210 cum
3938 5139 4258 5229 loqueretur
4287 5170 4359 5223 ad

2754 5228 3032 5284 Abraham
3077 5246 3241 5302 super
3285 5234 3646 5298 Sodomorum
3678 5245 3952 5314 clamore,
3998 5228 4091 5321 qui
4132 5256 4200 5311 ad
4229 5272 4355 5315 eum

2755 5330 2981 5375 venerat
3009 5324 3191 5379 dicere
3224 5344 3235 5378 :
3277 5345 3295 5378 ‹
3334 5329 3696 5401 Descendam,
3737 5349 3795 5392 et
3816 5340 4010 5395 videbo
4036 5352 4215 5400 utrum
4246 5349 4357 5402 cla-

2755 5428 2988 5479 morem,
3020 5417 3112 5483 qui
3136 5419 3283 5472 venit
3314 5420 3381 5475 ad
3430 5439 3515 5477 me
3540 5466 3554 5489 ,
3589 5441 3754 5496 Opere
3782 5431 4203 5501 cnnipleverint;
4257 5456 4357 5493 au-

2757 5518 2862 5556 non
2892 5514 2974 5557 est
3003 5507 3102 5574 ita,
3125 5517 3184 5560 ut
3216 5510 3422 5565 sciam?
3459 5531 3477 5563 ι
3509 5513 3661 5585 (Gen.
3682 5512 3794 5589 an.)
3826 5519 3977 5586 Quod
4003 5524 4247 5590 profecto
4285 5518 4355 5585 ad

2755 5594 2829 5647 nil
2866 5594 3009 5647 aliud
3041 5597 3243 5651 dictum
3276 5602 3523 5671 videtur,
3556 5607 3659 5662 nisi
3695 5616 3753 5662 ut
3792 5610 4035 5667 humana
4068 5618 4350 5674 doceatur

2753 5684 3079 5753 ignorantia,
3128 5691 3245 5745 sine
3288 5696 3676 5764 experimentis
3705 5701 3911 5767 audita,
3952 5719 4059 5759 non
4100 5712 4350 5783 credere,

2751 5776 3025 5847 incognita
3056 5794 3161 5834 non
3210 5780 3402 5838 leviter
3424 5785 3691 5855 judicare,
3729 5807 3830 5847 nec
3858 5804 3984 5848 ante
4018 5776 4351 5860 sententiain

2748 5886 3001 5945 promere
3029 5887 3194 5942 quam
3220 5890 3334 5933 rem
3363 5880 3585 5938 dubiam
3618 5887 3944 5944 testimoniis
3976 5896 4300 5963 approbare.

3939 5990 4019 6054 32
