5962 6500
2399 456 2901 521 COULECTANEA
2940 461 3008 517 1N
3043 460 3274 518 VETUS
3315 456 3861 517 TESTAMENTUM.

3115 573 3162 630 Α
3194 566 3352 620 lsrael
3382 566 3529 621 facta
3553 575 3656 633 est,
3685 577 3744 620 ut
3767 565 4047 635 plenitudo
4080 566 4316 637 gentium
4342 563 4574 620 intraret
4603 573 4655 620 et
4679 564 4747 618 sic

2165 572 2299 628 PUT
2336 570 2527 625 XXIV.

2140 681 2189 717 ro
2222 660 2620 716 Gomorrliiano.

2124 754 2385 820 criptura,
2404 751 2696 803 «miserunt
2726 762 2939 801 manum
2961 746 3081 809 viri,

2129 858 2187 896 se
2213 841 2373 904 Loth,
2402 840 2820 907 clauseruntqne
2849 840 3080 903 ostium;

2088 941 2162 985 int
2184 972 2199 991 ,
2226 939 2612 1003 percusserunt
2642 929 2885 982 caecitate
2913 942 2942 980 a
2979 928 3081 980 mi-

2067 1024 2335 1087 nimum,
2373 1020 2447 1074 ita
2488 1028 2547 1073 ut
2591 1018 2789 1072 ostium
2840 1017 3083 1071 invenire

2069 1113 2206 1183 nx).
2248 1132 2266 1163 ι
2298 1110 2587 1166 Sodomita:
2618 1122 2849 1177 namque
2883 1107 2948 1159 ad
2980 1122 3081 1161 an-

2032 1206 2249 1259 ,oleuter
2290 1203 2589 1269 irrumpere
2616 1240 2629 1262 ,
2663 1214 2785 1251 cum
2819 1198 3080 1251 immundi

2024 1310 2148 1347 num
2192 1301 2400 1347 tentant
2432 1306 2525 1358 per
2553 1289 2693 1343 sacri
2721 1288 2927 1341 ordinis
2966 1287 3080 1341 olli-

1995 1427 2005 1440 .
2060 1384 2168 1438 Sed
2219 1383 2253 1436 ii
2300 1380 2543 1450 profecto
2589 1379 2833 1432 caecitate
2889 1392 3082 1445 percu-

1980 1487 2061 1529 sto
2082 1475 2174 1528 Dei
2200 1473 2405 1540 judicio
2435 1472 2487 1523 in
2517 1471 2765 1523 tenebras
2794 1467 3078 1520 interiores

1964 1581 2043 1619 iec
2076 1564 2273 1618 ostium
2303 1560 2549 1614 invenire
2573 1556 2917 1626 pra-.valeant,
2947 1556 3076 1621 quia

1951 1672 1982 1707 o
2028 1653 2215 1717 divisi,
2251 1653 2391 1704 unde
2426 1650 2490 1701 ad
2537 1664 2659 1701 eum
2708 1655 3071 1701 revertantur,

1926 1746 2062 1799 enim
2093 1760 2197 1796 non
2231 1758 2326 1810 per
2358 1736 2674 1793 humilitatis
2704 1738 2827 1798 iter,
2856 1734 2948 1788 sed
2980 1750 3077 1802 per

1938 1833 2163 1888 tumoris
2198 1831 2474 1884 anfractus
2504 1834 2567 1881 ad
2602 1827 2887 1879 Dominum
2922 1840 3077 1879 acce-

4607 455 4741 511 1006

3188 658 3366 710 omnis
3394 655 3561 709 Israel
3594 657 3776 711 salvus
3801 655 3955 709 fieret
3980 653 4151 726 (Rom.
4182 654 4281 723 ιι).
4308 672 4326 707 ι
4348 654 4481 719 Quid
4505 662 4591 707 est
4612 653 4743 707 enim

3184 751 3327 817 quod
3371 749 3610 803 dicitur:
3662 766 3681 798 ι
3728 748 3954 803 Caecitas
3992 762 4058 801 ex
4106 758 4256 817 parte
4302 746 4354 800 in
4401 745 4565 799 lsrael
4613 744 4742 799 facta

3184 840 3305 892 est?
3341 858 3359 891 ι
3387 839 3489 892 hoc
3515 847 3598 893 est
3629 838 3893 902 videlicet,
3923 856 3942 888 ι
3977 846 4283 906 exspectate
4310 835 4397 890 hic
4426 850 4546 890 cum
4568 834 4737 897 asiam.

3184 938 3237 982 ut
3264 928 3541 997 plenitudo
3571 930 3809 998 gentium
3856 928 4116 982 intraret:
4156 948 4173 980 ι
4206 928 4305 982 hoc
4338 938 4440 990 est,
4470 935 4737 996 postquam

3182 1020 3607 1083 adoraverimus,
3658 1020 3748 1073 ubi
3794 1019 4044 1073 videlicet
4090 1018 4410 1073 sacrificium
4460 1017 4737 1070 Dominica

3182 1110 3362 1164 crucis
3391 1110 3691 1179 impletum,
3726 1124 3823 1178 per
3849 1125 4037 1163 omnes
4068 1120 4256 1177 gentes
4291 1109 4450 1163 fuerit
4488 1109 4735 1178 praedica-

3185 1206 3316 1249 ttnn.
3345 1197 3498 1263 Quod
3548 1208 3727 1250 autem
3748 1237 3762 1261 ,
3796 1198 4039 1264 sequitur
4066 1215 4076 1248 :
4118 1214 4135 1247 ι
4172 1196 4235 1251 Et
4264 1197 4341 1251 sic
4371 1196 4542 1250 omnis
4583 1194 4735 1249 lsraoi

3181 1286 3362 1339 salvus
3394 1287 3578 1351 fieret;
3633 1306 3649 1337 ι
3701 1288 3802 1340 hoc
3846 1296 3958 1349 est,
4009 1297 4339 1341 revertemur
4365 1286 4429 1339 ad
4466 1300 4579 1338 vos.
4606 1284 4733 1350 Quid

3179 1386 3263 1430 est
3293 1387 3472 1429 autem
3512 1377 3653 1443 quod
3685 1378 3827 1430 aries
3864 1378 4004 1429 inter
4038 1391 4225 1445 vepres
4261 1378 4465 1429 lncrcns
4491 1374 4733 1427 cornibus

3179 1466 3482 1527 invenitur,
3512 1466 3601 1533 qui
3635 1482 3731 1533 pro
3777 1466 3923 1519 Isaac
3970 1466 4275 1519 immolatus
4318 1462 4566 1518 oﬂ'ertur?
4597 1463 4729 1517 Crux

3178 1571 3370 1608 nenme
3401 1571 3603 1608 cornua
3635 1557 3824 1619 habet;
3877 1561 3981 1610 duo
4024 1556 4286 1625 siquidem
4334 1554 4469 1622 ligna
4517 1552 4728 1607 invicem

3178 1648 3628 1715 compinguntur,
3655 1657 3706 1700 et
3743 1648 3819 1701 sic
3850 1649 4031 1700 crucis
4058 1649 4286 1715 speciem
4321 1645 4541 1698 reddunt
4569 1662 4582 1694 ι
4615 1644 4729 1696 hinc

3177 1746 3259 1789 est
3297 1738 3441 1790 Cllllll
3481 1738 3621 1805 quod
3668 1737 3733 1791 de
3758 1738 3975 1791 Christo
4011 1739 4268 1807 scriptum
4315 1747 4432 1790 est:
4473 1754 4490 1786 ι
4528 1733 4727 1788 Cornua

3178 1834 3302 1877 Sttnl
3352 1825 3403 1877 in
3452 1826 3704 1877 manibus
3746 1826 3863 1894 ejus
3907 1825 4137 1892 (IIubac.
4169 1827 4270 1893 ill).
4301 1843 4317 1876 ι
4372 1822 4579 1877 llrerens
4614 1836 4729 1891 ergo

1890 1968 1900 1990 ,
1933 1934 2081 1993 patet
2117 1922 2374 1991 profecto,
2404 1920 2526 1987 quia
2556 1917 2695 1970 unde
2722 1916 3075 1984 ingression's
3107 1900 3150 1957 Β
3181 1916 3437 1967 cornibus
3467 1916 3628 1977 aries,
3656 1914 3905 1967 Christus
3938 1924 4021 1968 est
4047 1915 4336 1968 crucifixus
4364 1914 4499 1966 inter
4527 1911 4727 1965 aculea-

1872 2058 1894 2079 ,,
1934 2030 2037 2068 non
2067 2021 2381 2081 agnoscunt.
2410 2009 2510 2085 Sel
2537 2009 2661 2077 quia
2694 2010 2887 2059 ostium
2920 2006 3073 2059 Chri-

1852 2115 1929 2160 :ut
1960 2107 2070 2173 ipse
2099 2104 2228 2157 dicit
2262 2120 2273 2152 :
2336 2120 2350 2149 ι
2386 2102 2495 2168 Ego
2519 2115 2635 2152 sum
2665 2099 2864 2151 ostium
2888 2096 3069 2166 (Joan.

1834 2198 2089 2251 Jhristum
2127 2192 2469 2262 exigentibus
2510 2190 2745 2258 peccatis
2784 2189 3060 2248 amittunt,

1817 2303 1870 2341 re
1900 2285 2203 2339 caelestium
2227 2284 2423 2336 civium
2454 2280 2817 2333 habitacolum
2840 2280 3070 2347 possint,

1802 2394 1833 2430 ιι
1886 2377 2195 2429 inveniunt.
2231 2374 2285 2426 ln
2330 2371 2613 2439 reprobuxn
2673 2384 2801 2439 ergo
2849 2385 3068 2423 sensum

1781 2478 1838 2529 ll,
1884 2466 2025 2525 mia.
2060 2464 2187 2516 dum
2213 2470 2397 2516 reatus
2420 2461 2499 2514 sui
2527 2460 2733 2528 pondus
2759 2464 2809 2511 in
2839 2458 3071 2527 propria:

1769 2566 1916 2609 atera
1950 2553 2133 2607 subtili
2165 2551 2600 2605 consideratione
2630 2565 2736 2602 non
2770 2550 3034 2601 trutinaut
3055 2590 3067 2612 ,

1744 2664 1861 2700 nam
1884 2645 2080 2716 plumbi
2110 2660 2339 2697 massam
2363 2657 2660 2710 pennarum
2683 2641 2919 2693 inanium
2949 2640 3072 2694 levi-

1726 2746 1893 2791 ιιιειιιι.
1931 2736 2084 2802 Quod
2121 2750 2248 2803 ergo
2283 2733 2389 2786 illic
2421 2732 2621 2784 dicitur
2655 2748 2666 2783 :
2720 2750 2736 2779 ι
2778 2730 3070 2783 Percussi:-

1708 2844 1749 2890 ς,
1781 2827 1869 2894 qui
1899 2824 2029 2878 foris
2054 2834 2232 2888 erant,
2277 2822 2520 2875 czecitate
2547 2838 2561 2883 ;
2606 2840 2622 2871 ι
2662 2822 2761 2874 hoc
2788 2820 2898 2889 90
2927 2823 3067 2889 Apo—

1690 2918 1969 2969 mauii‘este
1992 2914 2252 2976 declarat,
2279 2928 2403 2966 cum
2436 2912 2567 2964 dicit
2594 2930 2605 2962 :
2644 2930 2661 2961 ι
2701 2910 2945 2963 Tradidit
2973 2926 3067 2964 eos

1674 3022 1725 3058 ιιι
1764 3004 2051 3071 reprohum
2096 3017 2334 3055 sensum.
2367 3019 2385 3051 ι
2433 2999 2500 3052 Ει
2541 2999 2683 3066 quod
2716 2999 2822 3051 illic
2848 3000 3068 3066 subjun-

1656 3111 1666 3145 :
1711 3113 1726 3143 ι
1769 3094 1836 3148 Ut
1863 3094 2059 3145 ostium
2090 3091 2330 3145 invenire
2362 3104 2465 3143 non
2496 3099 2746 3155 possent;
2785 3107 2803 3139 ι
2840 3088 2941 3140 hoc
2966 3090 3067 3141 iSLo

1633 3193 1731 3237 iter
1775 3182 2024 3250 exponit,
2074 3196 2193 3233 cmn
2226 3180 2345 3233 ait:
2383 3198 2402 3231 ι
2453 3177 2523 3231 Ut
2556 3177 2762 3231 faciant
2807 3192 2925 3245 quin
2957 3193 3063 3229 non

3180 2012 3258 2055 tas
3284 2011 3338 2054 et
3383 2002 3663 2055 rtdtiiﬁcas
3716 2002 4021 2056 Juila'orutti
4063 2002 4391 2070 iniquitates.
4436 1998 4581 2053 Sicut
4625 2000 4728 2067 ipso

3177 2104 3273 2157 per
3317 2089 3610 2142 Jeremiam
3660 2093 4041 2159 conqueritur,
4099 2090 4321 2143 dicens:
4356 2108 4372 2139 ι
4411 2088 4584 2157 Spiuis
4609 2103 4726 2156 pee-

3176 2189 3419 2233 catorum
3443 2197 3559 2235 suo:
3576 2197 3663 2233 um
3687 2183 4039 2237 circumledit
4062 2198 4145 2237 me.
4167 2181 4392 2252 populus
4412 2196 4557 2234 meus
4582 2180 4683 2233 hic.
4706 2198 4723 2230 ι

3175 2270 3401 2325 Peracto
3430 2272 3699 2324 sacriﬁcio
3730 2272 3929 2326 dicitur
3958 2273 4188 2325 Abraha:
4217 2290 4229 2324 :
4263 2292 4280 2322 ι
4319 2272 4371 2324 ιιι
4414 2271 4608 2325 semine
4638 2279 4726 2325 tuo

3172 2361 3563 2416 benedicentur
3604 2378 3793 2417 omnes
3824 2374 4012 2432 gentes
4063 2362 4212 2431 (Gen.
4247 2372 4397 2431 nn).
4439 2383 4456 2413 ι
4501 2362 4564 2417 Et
4594 2371 4729 2432 post-

3173 2467 3333 2520 quam
3388 2455 3650 2507 Dominus
3679 2454 3812 2508 dicit
3842 2471 3855 2509 :
3891 2472 3907 2503 ι
3943 2453 4214 2507 Fuderunt
4258 2467 4442 2506 manus
4493 2467 4635 2507 meas
4677 2463 4727 2506 et

3173 2542 3335 2610 pedes
3365 2558 3543 2607 meos;
3579 2563 3595 2594 ι
3628 2544 3784 2612 paulo
3816 2552 3931 2612 post
3959 2544 4010 2596 in
4040 2544 4225 2599 eodem
4248 2542 4449 2612 psalmo
4478 2541 4721 2611 subjecit:

3181 2649 3198 2681 ι
3240 2633 3677 2685 [luminiscentur
3705 2644 3758 2685 et
3788 2641 4173 2686 convertentur
4211 2633 4273 2685 ad
4314 2631 4581 2684 Dominum
4607 2630 4724 2683 uni-

3172 2726 3313 2774 versi
3342 2722 3481 2775 ﬁnes
3528 2733 3725 2786 terrae,
3772 2734 3827 2775 et
3872 2724 4171 2777 adorabunt
4220 2723 4271 2775 in
4313 2732 4589 2788 conspectu
4615 2722 4724 2791 ejus

3171 2826 3358 2865 onutes
3378 2813 3566 2880 patria:
3586 2813 3827 2882 gentium
3851 2814 4141 2879 :Quouiam
4170 2812 4463 2866 Dotniniest
4490 2826 4723 2877 regnum,

3169 2913 3222 2955 et
3260 2906 3373 2972 ipse
3410 2904 3779 2958 dominabitur
3808 2905 4047 2975 gentium
4089 2902 4269 2975 (l’sal.
4310 2908 4449 2969 ut).
4494 2922 4510 2954 ι
4542 2903 4723 2959 Oblata

3172 2996 3352 3062 itaque
3382 2995 3651 3049 Abraham
3686 2997 3828 3060 filio,
3858 3008 3911 3050 et
3938 2997 4044 3066 91
4089 3013 4183 3066 pro
4230 3011 4294 3052 eo
4343 2997 4506 3049 ariete
4537 2997 4714 3049 immo-

3170 3084 3297 3149 lato,
3333 3088 3621 3159 appellavit
3646 3104 3839 3143 nomen
3865 3088 3965 3144 loci
3994 3091 4133 3143 illius
4157 3108 4169 3143 :
4205 3107 4222 3140 ι
4254 3090 4501 3143 Dominus
4524 3088 4677 3141 videt.
4699 3106 4719 3140 ι

3170 3181 3301 3248 Quia
3348 3181 3679 3250 Redemptor
3721 3196 3931 3248 noster,
3988 3196 4266 3253 postquam
4318 3184 4369 3236 in
4417 3197 4507 3235 ara
4554 3182 4723 3236 emt-is

1623 3277 1811 3328 eniunt
1860 3271 2038 3342 (Rom.
2069 3271 2107 3340 ι)
2136 3288 2149 3334 ;
2203 3289 2221 3321 ›
2272 3286 2337 3325 ac
2377 3269 2423 3324 si
2470 3269 2709 3332 diceret,
2748 3274 2807 3320 ut
2857 3266 3064 3320 intrare
3092 3238 3136 3299 Ο
3170 3270 3404 3333 oblatus,
3434 3271 3624 3324 inertis
3657 3280 3855 3325 nostrae
3885 3272 4121 3326 debitutn
4152 3272 4330 3335 solvit,
4363 3270 4636 3323 videndum
4667 3282 4723 3321 se

1599 3373 1711 3429 ent,
1744 3364 1883 3417 unde
1908 3378 2015 3416 non
2046 3362 2264 3415 debent.

2054 3452 2281 3507 CAPUT
2321 3451 2486 3505 XXV.

1686 3546 1751 3600 In
1778 3561 2012 3599 sermone
2036 3546 2099 3598 de
2122 3547 2409 3597 intentione
2434 3553 2628 3598 sanctae
2663 3544 2854 3598 crucis.

1548 3637 1819 3692 Abraham
1849 3636 1975 3689 dum
2008 3634 2286 3688 immolare
2309 3633 2419 3686 Deo
2456 3632 2623 3686 lilium
2658 3633 2843 3696 voluit,
2867 3643 3061 3689 cuncta

1523 3741 1613 3782 ene
1643 3740 1738 3796 per
1778 3724 2023 3780 ordinem
2056 3724 2330 3793 passionis
2358 3721 2559 3777 Christi
2604 3733 2943 3777 sacramenta
2990 3725 3063 3778 εἰσ

1503 3819 1680 3881 ,navit.
1728 3817 1880 3871 Sicut
1903 3816 2047 3871 enim
2092 3815 2390 3879 Abraham,
2427 3815 2517 3883 qui
2545 3824 2693 3883 pater
2715 3815 2949 3869 excelsus
2980 3816 3059 3869 di-

1486 3908 1637 3971 :itur,
1670 3907 1889 3959 tmicum
1934 3915 1990 3959 et
2039 3905 2291 3959 dilectum
2339 3903 2506 3956 filium
2547 3901 2745 3958 oll'erre
2793 3902 2905 3957 Deo
2951 3920 3057 3959 non

1475 3994 1767 4060 dubitavit;
1800 3994 1871 4047 ita
1903 4003 1956 4047 et
1986 4008 2228 4047 summus
2267 3991 2430 4045 Pater
2472 3993 2811 4061 unigenitum
2861 3994 3055 4047 Filium

1475 4098 1576 4153 pro
1613 4084 1767 4137 nobis
1793 4083 2042 4137 omnibus
2074 4083 2313 4137 tradidit.
2358 4082 2423 4134 Et
2450 4082 2591 4136 sicut
2630 4082 2779 4136 lsaac
2808 4083 2923 4152 ipse
2954 4083 3057 4137 sibi

1474 4174 1619 4245 ligna
1645 4176 1913 4243 portavit,
1952 4175 2144 4243 quibus
2184 4182 2303 4228 erat
2329 4173 2683 4243 imponendos
2710 4172 2859 4239 (Cen.
2889 4177 3055 4240 xxn);

1477 4266 1552 4320 ita
1578 4280 1790 4334 quoque
1816 4265 2062 4319 Christus
2089 4265 2267 4319 crucis
2298 4279 2408 4317 suae
2452 4265 2685 4333 gestavit
2717 4266 2769 4318 in
2817 4266 3059 4320 humeris

1475 4357 1704 4428 lignum,
1742 4356 1794 4409 in
1818 4371 1925 4424 quo
1948 4364 2065 4409 erat
2094 4371 2191 4425 pro
2222 4364 2405 4408 nostra
2436 4354 2608 4409 salute
2632 4369 2910 4423 passurus.
2945 4358 3059 4411 Duo

1479 4454 1657 4499 autem
1691 4444 1830 4498 servi
1878 4442 1949 4495 illi
1982 4443 2167 4511 procul
2198 4442 2407 4497 dimissi
2448 4441 2663 4496 Judreos
2712 4443 3051 4514 signiﬁcant;

1477 4536 1570 4602 qui
1602 4548 1723 4590 eum
1750 4534 2016 4589 serviliter
2046 4536 2289 4588 viverent
2330 4544 2385 4588 et
2431 4535 2725 4588 carnaliter
2768 4546 3053 4603 saperent,

1478 4641 1585 4680 non
1630 4623 2010 4678 intellexerunt
2055 4624 2373 4675 altissimam
2421 4622 2782 4675 humilitatem
2814 4623 3054 4687 Christi,

1478 4725 1641 4783 atque
1667 4715 1786 4767 ideo
1815 4714 2175 4768 ascenderunt
2203 4712 2253 4764 in
2298 4722 2556 4775 montem,
2605 4710 2779 4765 locum
2806 4713 3059 4766 videlicet

1476 4806 1752 4861 sacrificii.
1788 4802 1895 4858 Cur
1926 4811 2105 4855 autem
2148 4802 2253 4855 duo
2278 4802 2440 4865 servi,
2476 4802 2577 4854 nisi
2607 4802 2755 4869 quia,
2790 4810 3054 4871 peccante

1478 4894 1769 4949 Salomone
1796 4934 1809 4955 ,
1842 4908 1908 4945 ex
1950 4909 2053 4945 una
2086 4891 2379 4945 Israelitica
2421 4891 2574 4959 plebe
2623 4892 2730 4945 duo
2758 4891 2885 4945 facti
2928 4904 3055 4947 sunt

1477 4986 1697 5054 populi?
1726 4983 1840 5054 (ιιι
1872 4982 1997 5054 Reg.
2048 4984 2148 5052 ιε.)
2176 4982 2379 5047 Quibus
2403 4981 2584 5049 utique
2617 4996 2755 5048 saepe
2783 4997 2881 5049 per
2922 4980 3051 5035 Pro-

1482 5074 1697 5142 phetam
1728 5072 1961 5127 dicitur:
2002 5090 2017 5120 ι
2058 5069 2404 5123 Adversatrix
2452 5068 2615 5123 lsracl
2656 5079 2710 5122 ct
2740 5072 3058 5136 przevarica-

1481 5164 1586 5216 trix
1616 5160 1752 5213 Juda
1795 5161 1925 5227 (λεν.
1963 5162 2063 5227 ιιι).
2102 5178 2119 5209 ι
2173 5159 2373 5213 Asinus
2409 5170 2587 5211 autem
2619 5158 2707 5211 ille
2731 5200 2745 5221 ,
2797 5174 2903 5227 quo
2932 5169 3058 5215 tunc

1478 5256 1735 5308 utebatur
1776 5251 2071 5315 Abraham,
2122 5253 2396 5306 insensata
2436 5258 2551 5303 erat
2580 5249 2809 5303 stultitia
2852 5249 3060 5305 Juda‘o-

1479 5361 1635 5409 rum;
1691 5343 1781 5397 illa
1826 5342 1984 5412 plane
2030 5342 2182 5394 bruta
2219 5342 2445 5395 stultitia
2492 5342 2673 5395 omnia
2720 5354 3061 5396 sacramenta

1480 5437 1761 5502 portabat;
1809 5449 1927 5501 quae
1959 5441 2136 5485 tamen
2185 5433 2310 5499 quid
2356 5432 2535 5495 ferret,
2568 5433 2715 5487 velut
2749 5432 3062 5487 irratiomle

1482 5528 1681 5580 animal
1714 5525 2015 5594 ignorabat.
2059 5523 2175 5577 1am
2217 5540 2344 5578 vero
2388 5524 2513 5593 quid
2561 5534 2642 5579 est
2672 5527 2813 5595 quod
2856 5525 3058 5579 dictum

1482 5618 1559 5673 eis
1589 5627 1671 5671 est
1701 5634 1714 5669 :
1747 5636 1765 5666 ι
1800 5617 2118 5684 Exspectate
2164 5616 2251 5669 hic
2278 5631 2398 5669 cum
2429 5616 2611 5681 asino;
2641 5627 2929 5685 postquam
2960 5632 3057 5669 au-

1484 5716 1589 5760 tem
1613 5705 2035 5767 adoraverimus,
2056 5715 2389 5758 revertemur
2417 5705 2483 5757 ad
2510 5706 2647 5759 vos?
2672 5704 2823 5773 (Cen.
2852 5708 3010 5775 xxii.)
3032 5725 3050 5757 ›

1483 5798 1615 5855 Δεξύί
1652 5797 2013 5867 Apostolum:
2060 5816 2076 5847 ι
2124 5796 2382 5860 Caecitas.
2434 5797 2639 5867 inquit,
2687 5814 2750 5853 ex
2800 5808 2953 5869 parte
3000 5800 3048 5853 in

3168 3361 3422 3431 deinceps
3453 3360 3686 3414 lblclinm
3718 3376 3937 3414 suorum
3965 3361 4238 3415 obtutibus
4282 3360 4517 3429 pnebuit,
4563 3368 4618 3409 ut
4645 3358 4723 3409 ni-

3166 3452 3366 3507 mirum
3387 3452 3647 3523 redempti
3673 3467 3863 3506 omnes
3894 3452 4037 3505 illum
4060 3453 4168 3522 jam
4194 3467 4288 3521 per
4314 3451 4464 3505 fidem
4494 3449 4720 3512 videant,

3168 3542 3260 3613 qui
3291 3550 3518 3598 eatenus
3546 3542 3670 3596 lidei
3699 3541 3885 3595 oculos
3916 3558 4019 3595 non
4052 3542 4337 3596 habebant.

3726 3629 3954 3685 CAPUT
3994 3629 4177 3684 XXVI.

3166 3722 3241 3777 De
3264 3722 3361 3783 Lia
3378 3733 3424 3777 et
3442 3722 3657 3787 Rachel,
3680 3726 3733 3777 in
3756 3724 3887 3777 libro
3917 3724 3990 3778 De
4011 3726 4318 3793 perfectione
4338 3723 4715 3777 monachorum.

3234 3810 3401 3865 Porro
3432 3826 3537 3865 non
3568 3821 3651 3865 est
3693 3813 3981 3867 obscurum
4012 3814 4154 3882 quod
4201 3813 4380 3866 Labau
4417 3813 4545 3865 duas
4586 3810 4717 3865 tilias

3160 3904 3371 3966 habuit,
3394 3918 3621 3973 quarum
3645 3901 3913 3969 Juniorent
3937 3904 4103 3959 Jacob
4134 3906 4184 3958 in
4206 3906 4498 3972 coniugium
4524 3918 4718 3958 concu-

3159 3998 3322 4065 pivit;
3352 3997 3417 4049 ad
3446 3994 3598 4061 cujus
3649 4004 3825 4049 tamen
3856 3997 4131 4065 amplexus
4176 3998 4447 4064 pervenire
4487 4012 4587 4048 non
4624 4009 4717 4063 po—

3162 4086 3295 4150 tuit,
3348 4086 3518 4139 donec
3569 4084 3831 4149 ntajorcm
3883 4085 4102 4156 ignarus
4144 4094 4304 4155 atque
4347 4085 4477 4138 adeo
4524 4085 4716 4137 invitus

3160 4176 3369 4245 accepit
3391 4174 3543 4247 (Cen.
3577 4184 3747 4244 xxix).
3778 4174 3881 4229 Sed
3907 4176 4030 4243 quia
4062 4191 4171 4231 rem
4201 4174 4435 4230 scientib:
4460 4190 4484 4229 s
4510 4174 4711 4242 lcquor,

3160 4281 3268 4319 non
3322 4266 3451 4319 mihi
3506 4265 3686 4319 multis
3734 4265 4119 4320 elaborandum
4166 4274 4248 4319 est
4291 4266 4480 4319 verbis.
4534 4262 4711 4317 Laban

3159 4358 3356 4425 quippe
3383 4354 3642 4409 dealbatio
3676 4356 4093 4425 interpretatur;
4136 4358 4257 4426 quis
4286 4365 4459 4410 autem
4501 4355 4562 4407 ad
4609 4355 4709 4409 Do-

3160 4448 3362 4500 minum
3411 4447 3786 4521 convertitur,
3832 4447 3935 4503 nisi
3998 4456 4057 4500 nt
4102 4449 4333 4517 deposita
4382 4454 4706 4514 peccatorum

3160 4538 3438 4606 nigredine
3480 4552 3576 4604 per
3602 4537 3933 4591 remissionis
3962 4537 4187 4603 gratiam
4228 4534 4527 4590 dealbetnr?
4568 4532 4709 4588 Sicut

3166 4627 3277 4696 ipse
3306 4628 3604 4695 pollicetur,
3634 4627 3847 4679 dicens:
3885 4644 3904 4676 ι
3960 4626 4015 4679 Si
4063 4624 4258 4679 fuerint
4286 4634 4493 4694 peccata
4536 4630 4707 4676 vestra

3164 4718 3317 4786 quasi
3344 4717 3690 4781 vermiculus,
3742 4728 3993 4785 tanquam
4039 4717 4126 4770 nix
4163 4717 4535 4770 dealbahuntur
4579 4712 4702 4783 (ira.

3166 4808 3225 4875 ι).
3262 4826 3277 4857 ι
3314 4805 3467 4874 Quod
3500 4805 3628 4860 felix
3662 4806 3748 4861 ille
3778 4816 4027 4875 peccator
4071 4805 4396 4874 postulabat.
4428 4819 4541 4857 cum
4571 4803 4705 4856 dice—

3163 4906 3247 4951 ret
3278 4916 3289 4949 :
3327 4916 3343 4947 ι
3394 4896 3708 4962 Mundabor,
3738 4898 3942 4952 lavabis
3982 4913 4086 4962 me,
4117 4906 4171 4952 et
4192 4912 4347 4967 super
4373 4897 4539 4950 nivem
4570 4892 4707 4947 deal-

3161 4988 3330 5042 babor
3360 4986 3528 5057 (Psal.
3564 4987 3636 5055 ι).
3675 5008 3692 5039 ι
3734 4988 3828 5044 Lia
3866 4989 4246 5057 interpretatur
4288 4987 4521 5039 laborans
4545 5001 4563 5037 :
4614 4985 4706 5037 Ra-

3161 5076 3298 5139 chel,
3332 5078 3561 5141 verbum,
3606 5079 3721 5131 sive
3766 5080 3928 5131 risum
3972 5080 4295 5149 principium.
4343 5076 4444 5131 Sed
4490 5078 4531 5131 si
4568 5073 4704 5130 Scri-

3160 5181 3373 5237 pturam
3428 5171 3709 5239 diligenter
3763 5171 4127 5233 attendimus,
4187 5186 4282 5224 nec
4347 5185 4447 5222 uno
4500 5168 4700 5237 quidem

3164 5260 3248 5313 die
3278 5261 3511 5313 servisse
3547 5258 3713 5313 Iacob
3754 5271 3975 5330 propter
4020 5260 4128 5313 Lize
4160 5260 4473 5314 desiderium
4516 5255 4699 5323 reperi-

3164 5366 3321 5413 inus;
3372 5350 3463 5402 sed
3498 5365 3591 5417 per
3622 5358 3759 5404 totas
3790 5350 3905 5404 illas
3940 5365 4197 5404 annorum
4242 5349 4590 5403 hebdomadas
4615 5358 4699 5413 pro

3166 5441 3276 5493 sola
3325 5440 3525 5494 [lachel
3572 5442 3814 5495 servituti
3855 5441 4161 5510 suhjacuit;
4197 5442 4407 5509 insuper
4447 5447 4500 5491 et
4540 5438 4695 5505 ipsam

3165 5530 3313 5584 Liam
3344 5533 3407 5584 ad
3436 5532 3575 5585 illius
3607 5532 3854 5585 intuitum
3882 5532 4144 5585 toleravit.
4182 5532 4310 5597 Quis
4348 5527 4576 5582 enim-ad
4609 5528 4697 5584 Dit-

3160 5623 3363 5674 ntinum
3396 5622 3597 5675 idcirco
3631 5624 3976 5679 convertitur.
4008 5633 4063 5675 ut
4090 5622 4315 5682 labores,
4349 5630 4403 5674 ct
4429 5631 4691 5679 :crumnas,

3158 5727 3222 5767 ac
3255 5713 3607 5767 tentationum
3631 5713 3920 5767 certamina
3953 5711 4215 5782 patiatur?
4242 5710 4425 5765 O-Illtls
4452 5710 4585 5761 enim
4608 5704 4696 5757 Do-

3159 5804 3359 5857 mimun
3383 5804 3671 5872 quaerentis
3694 5802 3919 5857 intentio
3939 5803 4037 5857 hoc
4059 5814 4255 5872 sperat,
4282 5802 4346 5855 ad
4367 5802 4464 5854 hoc
4486 5803 4694 5869 spectat.
