5962 6436
1232 452 1368 511 I003

2511 437 2580 492 IN
2616 431 2880 492 LIBRUM
2921 431 3235 490 GENESIS.

4381 429 4524 488 1006

1228 579 1290 628 ut
1314 570 1383 625 ad
1411 567 1652 639 requiem
1693 563 2020 635 quandoque
2069 556 2383 628 perveniat;
2413 564 2469 609 et
2513 555 2566 609 in
2599 568 2824 609 summa:
2854 555 2902 611 Α
2931 557 3094 618 atque
3125 557 3186 603 ut
3206 545 3389 602 omnia
3415 541 3791 617 spiritualibus
3815 542 4188 639 intelligantur
4222 544 4532 639 redundare

1227 654 1703 728 contemplationis
1751 651 1984 719 gaudio.
2035 648 2183 702 velut
2230 646 2283 699 in
2325 643 2566 714 pulchrte
2615 642 2823 696 Rachel

1227 752 1561 825 amplexibus
1591 748 1917 818 requiescat,
1946 741 2198 798 videlicet
2227 749 2286 793 ut
2307 754 2403 809 per
2425 738 2648 792 verbum
2677 735 2820 804 quod

1225 847 1393 906 audit,
1427 842 1686 898 ascendat
1717 839 1785 893 ad
1813 835 2106 891 videndum
2137 831 2463 902 principium
2506 829 2648 897 quod
2681 842 2821 894 qua:-

1226 936 1370 990 sivit.
1409 932 1516 987 Sed
1553 943 1781 984 necesse
1799 935 1884 982 est
1912 933 1972 978 ut
2001 924 2144 976 hunc
2189 921 2531 974 diversorum
2563 916 2820 976 certantis

1227 1043 1352 1080 num
1404 1024 1555 1076 labor
1584 1029 1870 1078 exerceat,
1917 1024 2208 1081 antequam
2255 1013 2320 1064 ad
2365 1007 2563 1080 quietis
2612 1007 2817 1060 intima:

1225 1114 1568 1172 suavitatem,
1601 1124 1760 1177 quam
1790 1102 2148 1170 concupiscit,
2179 1102 2426 1169 attingat.
2452 1096 2610 1150 Prius
2641 1095 2818 1150 servi-~

1223 1216 1339 1260 tute
1385 1203 1748 1270 deprimitur,
1792 1204 1851 1250 ut
1885 1194 2012 1261 jure
2059 1193 2400 1263 postmodum
2447 1190 2514 1244 ad
2563 1188 2817 1256 perlecta:

1221 1292 1488 1346 libertatis
1515 1290 1704 1344 titulos
1734 1285 2082 1355 provehatur.
2124 1282 2346 1350 Septem
2377 1293 2505 1332 vero
2531 1277 2691 1332 anuis
2715 1278 2816 1331 sub

1221 1382 1580 1438 dealbationis
1608 1379 1778 1448 gratia
1827 1375 2026 1438 servit,
2058 1389 2182 1429 eum
2213 1383 2418 1440 septem
2447 1384 2543 1434 ea,
2584 1383 2705 1438 quae
2747 1367 2816 1422 ad

1219 1473 1453 1544 proximi
1510 1468 1858 1523 dilectionem
1913 1465 2210 1534 pertinent,
2253 1460 2502 1529 Decalogi
2559 1457 2813 1511 mandata

1219 1562 1492 1625 custodit;
1547 1558 1802 1612 videlicet
1856 1564 1914 1609 ut
1966 1556 2141 1625 primo
2195 1553 2390 1606 timore
2442 1550 2811 1609 constrictus,

1220 1663 1386 1720 atque
1417 1651 1537 1704 ideo
1575 1647 1860 1701 servitutis
1891 1647 2020 1714 jugo
2050 1644 2356 1713 depressus,
2383 1641 2571 1695 saltem
2601 1656 2631 1693 a
2661 1647 2812 1692 vetu-

1217 1752 1320 1798 sta:
1360 1742 1492 1812 legis
1538 1741 1759 1807 incipiat
1806 1736 2099 1799 institutis;
2144 1744 2201 1787 ut
2251 1734 2506 1787 nimirum
2558 1738 2814 1799 parentes

1215 1833 1469 1896 honoret,
1496 1840 1554 1884 ut
1582 1847 1688 1884 non
1721 1829 2060 1890 mtechetur,
2100 1841 2202 1878 non
2239 1825 2484 1884 occidat,
2512 1836 2616 1873 non
2669 1819 2817 1873 fure-

2928 639 3226 711 mysteriis,
3257 639 3497 709 ipsarum
3539 651 3757 707 quoque
3801 637 4128 692 ancillarum
4179 639 4398 693 nomina
4425 637 4529 694 sub

2927 731 3176 802 mysticis
3206 739 3334 785 sunt
3376 728 3724 800 pronuntiata
3775 727 3980 799 ﬁguris.
4012 727 4148 782 Nam
4188 729 4317 783 Bala
4360 729 4528 785 inter-

2925 819 3538 887 pretaturjnveterata.
3587 816 3734 872 Sane
3791 817 3920 888 quia
3974 817 4312 874 intellectum
4355 818 4524 887 spiri-

2926 909 3087 964 tualis
3118 909 3439 964 substantia:
3469 907 3628 962 nudis
3649 908 3830 962 verbis
3853 908 4091 962 humana
4122 907 4302 978 lingua
4336 908 4529 976 nequit

2923 999 3250 1069 exprimere,
3281 997 3608 1068 quandoque
3633 997 3881 1052 doctrina
3911 998 4197 1066 sapientia:
4224 1011 4320 1066 per
4359 1011 4529 1066 quas-

2923 1091 3045 1144 dam
3075 1103 3369 1159 corporeas
3411 1087 3803 1143 similitudines
3845 1087 4158 1142 audientem
4204 1089 4396 1142 nititur
4445 1088 4530 1142 in-

2921 1176 3180 1232 formare.
3220 1177 3297 1232 De
3332 1178 3502 1231 veteri
3543 1186 3730 1231 autem
3768 1178 3881 1230 vita
3913 1185 3968 1232 et
3994 1176 4324 1233 carnalibus
4342 1178 4526 1234 sensi-

2919 1268 3070 1323 sibus
3097 1269 3299 1333 dedita,
3329 1283 3607 1337 corporeze
3630 1269 3942 1339 cogitantur
3969 1268 4258 1337 imagines;
4289 1283 4522 1338 quarum

2919 1359 3174 1413 videlicet
3204 1361 3270 1414 ad
3302 1360 3605 1414 docendum
3635 1376 3767 1414 usus
3799 1361 4129 1423 assumitur,
4162 1375 4284 1415 cum
4317 1362 4524 1430 aliquid

2905 1465 2985 1503 ex
3016 1449 3546 1518 iucomprehensibili
3576 1458 3628 1503 et
3658 1450 4090 1503 iucommutabili
4122 1454 4357 1506 essentia
4382 1451 4523 1506 divi-

2919 1540 3112 1594 nitatis
3143 1539 3383 1592 auditur.
3410 1538 3619 1593 Rachel
3650 1540 3834 1609 itaque
3861 1540 4053 1594 maluit
4080 1549 4354 1610 utcunque
4380 1541 4523 1598 ﬁlios

2918 1645 2982 1682 ex
3016 1629 3213 1681 ancilla
3259 1628 3560 1696 suscipere,
3608 1644 3770 1698 quam
3813 1629 4036 1684 oumiuo
4067 1631 4272 1686 sterilis
4303 1646 4522 1702 perma~

2919 1735 3068 1773 nere.
3111 1719 3248 1784 Quia
3289 1720 3536 1773 doctrina
3582 1721 3865 1789 sapientia:
3910 1722 4025 1776 sive
4063 1723 4239 1792 gratia
4270 1734 4522 1779 content-

2915 1811 3172 1879 plationis
3220 1827 3316 1881 per
3361 1813 3695 1866 exteriorum
3746 1813 4032 1868 scientiam
4083 1813 4165 1867 vel
4219 1816 4514 1871 visibilium

1215 1932 1330 1986 tur,
1361 1894 1465 1976 non‘
1494 1921 1684 1974 “sum
1719 1917 2091 1971 [testimonium
2125 1915 2396 1984 morum.
2447 1927 2550 1964 μοι,
2584 1922 2809 1965 "mrem
2842 1894 2885 1950 Β
2916 1917 3098 1954 rerum
3143 1902 3349 1956 formas
3377 1903 3717 1956 auditoribus
3759 1904 3974 1957 intimat
3999 1905 4263 1974 quidquid
4292 1907 4358 1959 de
4389 1906 4519 1960 visi-

1210 2014 1463 2077 alterius,
1492 2028 1598 2066 non
1628 2025 1740 2064 rem
1774 2009 2006 2079 proximi
2033 2005 2382 2074 concupiscat
2413 2001 2607 2070 (Brod.
2639 2003 2752 2071 xit).

1288 2103 1493 2170 Quibus
1525 2101 1629 2155 rite
1661 2099 1928 2160 servatis,
1961 2112 2064 2149 non
2110 2109 2230 2147 mox
2258 2134 2271 2154 ,
2304 2103 2362 2145 ut
2404 2094 2692 2160 Sperabat,
2742 2093 2810 2146 ad

1208 2191 1690 2262 contemplationis
1736 2189 2135 2242 oblectamenta
2171 2183 2523 2252 perducitur,
2572 2191 2631 2235 ut
2663 2183 2811 2237 velut

1207 2292 1528 2352 exspectata
1555 2283 1643 2334 diu
1681 2278 1880 2332 Rachel
1913 2275 2316 2346 pulchritudine
2347 2265 2679 2342 perfruatur.
2714 2275 2809 2329 sed

1207 2369 1310 2426 Lia
1339 2369 1437 2422 sibi
1464 2383 1558 2437 per
1588 2376 1801 2420 noctem
1835 2365 2112 2433 inopinate
2135 2364 2487 2431 supponitur;
2514 2365 2639 2430 quia
2671 2365 2811 2418 inter

1206 2459 1462 2514 humana:
1507 2456 1667 2524 hujus
1707 2455 2028 2526 ignorantia:
2075 2456 2325 2510 tenebras
2374 2454 2660 2508 tolerantia
2705 2455 2807 2510 sifi

1206 2549 1414 2603 laboris
1460 2547 1784 2616 injungitur,
1819 2564 1883 2601 ex
1927 2562 2033 2617 qua
2079 2557 2258 2602 tamen
2301 2545 2415 2614 jam
2463 2562 2807 2602 numerosam

1202 2637 1454 2694 sobolem
1487 2637 1754 2705 suscipit;
1805 2638 1928 2703 quia
1973 2639 2169 2692 uberes
2209 2637 2510 2706 spiritualis
2548 2637 2680 2691 lutvi
2713 2653 2810 2706 per

1206 2729 1354 2782 hunc
1401 2727 1639 2780 laborem
1693 2726 1904 2780 fructus
1950 2727 2204 2794 acquirit.
2261 2726 2410 2782 llanc
2460 2727 2644 2796 itaque
2674 2727 2808 2781 tole-

1206 2816 1414 2876 rando,
1467 2817 1532 2868 ad
1584 2815 1728 2868 illam
1777 2816 2103 2884 quandoque
2146 2816 2256 2886 92
2297 2818 2608 2886 perveniet,
2641 2831 2807 2886 quam

1204 2915 1623 2975 perseveranter
1655 2913 1822 2956 amat.
1856 2904 2129 2958 Suadetur
2155 2921 2306 2974 ergo,
2352 2915 2410 2959 ut
2431 2906 2570 2962 alios
2599 2916 2804 2976 septem

1203 3008 1386 3047 annos
1415 2993 1619 3047 servire
1645 2994 1871 3048 desudet
1897 3010 1912 3059 ;
1948 2994 2072 3062 quia
2098 2996 2340 3064 profecto
2361 3011 2584 3050 necesse
2613 3006 2716 3059 ρει.
2749 3006 2806 3053 ut

1203 3083 1391 3138 adhuc
1421 3082 1523 3135 alia
1555 3093 1758 3151 septem
1786 3094 2055 3153 praecepta
2090 3095 2408 3151 conservet,
2441 3087 2536 3140 sed
2556 3084 2671 3154 jam
2705 3087 2805 3140 ali—

1201 3173 1427 3242 quando
1470 3172 1710 3233 liberior,
1747 3188 1853 3225 non
1897 3173 2085 3241 legalia
2131 3182 2390 3244 tanquam
2438 3190 2656 3242 servus,
2708 3177 2801 3232 sed

2913 1991 3117 2046 bilibus
3166 1993 3310 2046 intra
3359 2009 3557 2048 arcana
3607 1995 3804 2050 mentis
3852 1997 4125 2060 occultat;
4154 2009 4208 2050 et
4255 1998 4335 2053 sic
4370 2015 4511 2068 quo-

2916 2083 3206 2137 dammodo
3231 2099 3330 2154 per
3362 2085 3617 2139 ancillam
3649 2085 3788 2140 ﬁlios
3820 2087 4041 2156 accipit,
4091 2090 4216 2144 dum
4246 2107 4344 2161 per
4370 2107 4514 2156 eam,

2913 2188 3032 2240 qute
3062 2175 3161 2228 sub
3183 2190 3239 2228 se
3266 2185 3350 2229 est
3371 2176 3678 2240 scientiam,
3704 2177 4018 2246 spiritaales
4047 2179 4158 2235 Deo
4181 2181 4318 2235 ﬁlios
4347 2183 4515 2252 parit.

2915 2265 3114 2334 Zelpha
3165 2283 3294 2320 vero
3338 2267 3728 2336 interpretatur
3756 2286 3813 2323 os
3840 2271 4018 2326 hians.
4053 2270 4180 2327 Ilaec
4211 2273 4375 2343 igitur
4417 2291 4518 2328 an-

2912 2356 3034 2409 cilia
3074 2356 3192 2410 illos
3239 2351 3462 2424 ﬁgurat,
3496 2374 3726 2426 quorum
3768 2360 3819 2414 in
3850 2360 4238 2429 praedicatione
4269 2379 4513 2435 evange-

2914 2447 3030 2500 lica-3
3059 2450 3179 2502 lidei
3210 2465 3269 2503 os
3300 2451 3518 2517 quidem
3550 2454 3696 2515 hiat,
3739 2452 3832 2508 sed
3859 2471 3956 2509 eor
3983 2471 4089 2509 non
4122 2458 4264 2523 hiat;
4297 2460 4365 2513 de
4394 2460 4518 2530 qui-

2873 2591 2875 2594 ι
2911 2539 3011 2592 bus
3041 2539 3293 2595 videlicet
3316 2544 3580 2610 scriptum
3611 2551 3692 2596 est
3723 2561 3735 2596 :
3773 2564 3790 2593 ι
3836 2543 4074 2615 Populus
4102 2548 4190 2602 hic
4222 2548 4383 2603 labiis
4428 2565 4517 2606 me

2911 2627 3142 2682 honorat
3169 2669 3183 2690 ,
3216 2644 3312 2683 cor
3361 2641 3545 2685 autem
3574 2646 3763 2686 eorum
3798 2633 3955 2703 Iunge
3997 2647 4079 2692 est
4110 2653 4140 2690 a
4187 2653 4271 2692 me
4293 2639 4509 2710 (Matth.

2913 2720 3000 2786 xv)
3031 2734 3043 2782 ;
3077 2738 3096 2770 ι
3121 2719 3231 2790 93
3260 2730 3315 2775 et
3339 2719 3405 2776 de
3429 2724 3627 2793 quibus
3669 2725 3959 2795 Apostolus
3986 2745 3999 2782 τ
4039 2748 4055 2780 ι
4092 2731 4192 2797 Qui
4225 2733 4511 2800 praedicas,

2908 2808 3105 2878 inquit,
3139 2827 3244 2864 non
3277 2811 3588 2876 furandum,
3616 2814 4013 2887 furaris(Rom.
4047 2822 4131 2883 tt).
4166 2842 4184 2873 ι
4228 2823 4513 2878 Verumta-

2909 2916 3030 2955 men
3063 2919 3127 2954 ΡΧ
3158 2905 3259 2958 hac
3288 2907 3479 2960 ancilla
3514 2908 3757 2964 literedes
3803 2910 4016 2966 futuros
4065 2916 4200 2970 alios
4246 2915 4338 2971 Lia
4371 2915 4513 2974 ﬁlios

2908 2990 3148 3057 accepit;
3203 2993 3327 3060 quia
3377 3008 3521 3063 saepe
3576 2999 3740 3050 etiam
3791 3015 3886 3068 per
3938 3002 4073 3072 tales
4124 3005 4513 3072 prtedicatores

2908 3081 3083 3134 activa
3118 3084 3222 3134 vita
3257 3085 3455 3168 multos
3487 3089 3638 3156 regni
3689 3090 3824 3144 ﬁlios
3856 3069 4164 3161 adorptavit‘;
4196 3097 4264 3151 de
4313 3100 4512 3168 quibus

2908 3170 3122 3226 Veritas
3155 3191 3167 3225 :
3204 3193 3220 3226 ι
3259 3161 3387 3241 Quai
3427 3178 3644 3244 dicunt,
3680 3181 3881 3251 inquit,
3935 3184 4097 3241 facite
4127 3205 4140 3241 :
4175 3206 4296 3258 quae
4327 3161 4510 3249 autem

1198 3240 1520 3330 evangelica
1552 3264 1694 3317 sicut
1724 3278 1911 3332 gener,
1952 3240 2204 3319 videlicet
2243 3240 2310 3318 ut
2342 3267 2414 3320 sit
2456 3240 2660 3335 pauper
2694 3269 2804 3337 spi-
2830 3240 3128 3320 Clarium.
3165 3262 3344 3320 facere
3373 3267 3541 3321 nolite
3572 3269 3788 3336 (Matth.
3822 3277 4004 3345 mu).
4043 3294 4061 3328 ι
4094 3240 4504 3349 Ειλροεῖοῐιιεε

1201 3352 1342 3417 ritu,
1387 3353 1458 3406 sit
1506 3352 1688 3417 mitis,
1732 3353 1934 3422 lugeat.
1965 3355 2191 3419 esuriat,
2225 3355 2485 3424 sitiatque
2507 3355 2798 3424 justitiam,

1202 3442 1283 3497 sit
1325 3443 1662 3506 misericors,
1711 3444 1970 3496 mundum
2004 3458 2101 3497 cor
2130 3443 2360 3509 habeat,
2405 3447 2478 3501 sit
2525 3458 2805 3515 postremo

1198 3532 1468 3605 paciﬁcus
1495 3532 1714 3603 (Matth.
1745 3534 1822 3599 v).
1855 3533 2170 3601 Enimvero,
2196 3537 2359 3591 vellet
2399 3538 2583 3604 homo,
2613 3541 2660 3594 si
2685 3540 2802 3595 ﬁeri

1197 3633 1411 3693 posset,
1443 3622 1616 3678 nullas
1644 3622 1844 3678 laboris
1868 3624 2146 3680 molestias
2169 3628 2400 3698 agendo,
2424 3629 2518 3682 vel
2549 3631 2803 3700 patiendo

1197 3711 1482 3784 perferre,
1531 3713 1628 3768 sed
1675 3714 1925 3784 protinus
1955 3715 2008 3769 in
2059 3716 2193 3786 ipsis
2235 3718 2319 3771 sui
2371 3718 2608 3773 tirocinii
2655 3721 2803 3775 rudi.

1198 3804 1410 3858 mentis
1456 3804 1522 3857 ad
1552 3803 1792 3874 pulchrae
1822 3807 2307 3876 contemplationis
2352 3795 2580 3865 delicias
2615 3825 2808 3880 pervec

1201 3891 1359 3955 nire;
1395 3905 1769 3946 verumtamen
1805 3894 1909 3949 hoc
1933 3911 2038 3950 uou
2066 3898 2120 3951 in
2153 3907 2294 3952 terra
2330 3900 2679 3956 morientium
2711 3903 2796 3969 ﬁt,

1196 3983 1298 4038 sed
1349 3981 1405 4035 in
1455 3991 1599 4038 terra
1649 3983 1970 4037 viventium.
2028 3986 2181 4052 Quod
2230 3988 2539 4056 signiﬁcare
2589 3991 2804 4047 videtur

1198 4073 1356 4138 illud,
1392 4073 1534 4142 quod
1563 4074 1631 4128 ad
1659 4072 1828 4130 Iacob
1858 4076 2062 4132 dicitur
2091 4093 2106 4131 :
2147 4096 2167 4130 ι
2202 4078 2316 4136 Νοιι
2345 4090 2447 4146 est,
2494 4083 2671 4152 inquit
2696 4082 2802 4138 La-

1196 4165 1334 4228 ban,
1381 4165 1434 4219 in
1476 4167 1595 4222 loco
1623 4175 1814 4222 nostro
1842 4170 2273 4236 consuetudinis,
2307 4181 2366 4228 ut
2411 4173 2650 4230 minores
2675 4185 2802 4230 ante

1199 4258 1488 4312 tradamus
1522 4259 1590 4313 ad
1636 4261 1854 4328 nuptias
1903 4260 2058 4331 (Gen.
2106 4265 2295 4335 xstx);
2345 4285 2363 4320 ι
2419 4283 2522 4323 nec
2566 4269 2802 4325 absurde

1197 4347 1384 4416 major
1413 4350 1740 4420 appellatur,
1773 4368 1897 4422 qua:
1926 4355 2080 4423 prior
2107 4367 2193 4410 est
2233 4367 2498 4429 tempore.
2530 4359 2690 4418 Prior
2716 4372 2800 4418 est

1196 4441 1352 4496 enim
1385 4439 1440 4494 in
1475 4442 1710 4496 hominis
1738 4442 2046 4499 eruditione
2089 4446 2242 4501 labor
2268 4448 2393 4503 boui
2427 4452 2609 4519 operis
2634 4465 2796 4521 quam

1196 4530 1421 4599 requies
1476 4531 1970 4600 contemplationis.
2031 4531 2272 4605 Expletis
2333 4538 2517 4608 itaque
2585 4540 2796 4598 duabus

1197 4621 1658 4688 bebiomadibus,
1685 4622 1859 4678 altera
1899 4625 2152 4680 videlicet
2177 4629 2310 4697 legis
2336 4633 2596 4700 antiquae,
2627 4633 2797 4687 altera

1193 4711 1531 4781 evangelica:
1574 4714 1778 4787 gratiae,
1815 4729 1938 4769 mox
1984 4718 2051 4771 ad
2080 4718 2169 4771 diu
2199 4721 2517 4775 desiderattc
2545 4722 2800 4778 Rachelis

1235 4805 1520 4859 crvenitur
1568 4806 1880 4875 amplexus;
1924 4810 2048 4876 quia
2098 4812 2345 4881 quisquis
2377 4816 2690 4883 pertingere
2731 4816 2798 4871 ad

1197 4896 1400 4952 divina:
1421 4898 1894 4966 contemplationis
1914 4901 2311 4957 oblectamenta
2334 4904 2624 4970 desiderat,
2649 4911 2800 4978 prius

1195 5002 1430 5044 necesse
1458 4998 1541 5043 est
1570 4991 1854 5059 utriusque
1882 4991 2213 5048 Testamenti
2246 5011 2507 5067 peragere
2531 5003 2787 5055 mandata

1195 5077 1513 5134 contendat.

1752 5172 1982 5228 CAPUT
2039 5175 2249 5230 XXVII.

1495 5260 1568 5316 De
1601 5262 1732 5315 Bala
1755 5273 1800 5316 et
1821 5261 2039 5334 Zelpha,
2069 5268 2124 5320 in
2150 5267 2328 5321 eodem
2355 5268 2509 5324 libro.

1271 5351 1384 5409 Sed
1417 5352 1539 5420 quia
1573 5353 1776 5408 electus
1816 5357 2049 5424 quisque
2091 5357 2444 5426 perfectionis
2482 5376 2593 5415 sure
2623 5361 2794 5419 limite

1196 5460 1310 5501 non
1357 5451 1664 5508 contentus,
1710 5445 1848 5499 ﬁlios
1899 5448 2062 5500 etiam
2108 5449 2217 5502 Deo
2264 5450 2485 5520 gignere
2527 5454 2795 5520 spirit-tali

1194 5535 1542 5592 fecunditate
1593 5535 1900 5601 desiderat,
1956 5548 2243 5608 postquam
2287 5540 2572 5610 conjugale
2618 5543 2796 5600 fmdus

1193 5626 1373 5682 Jacnb
1399 5642 1522 5680 cuin
1567 5627 1776 5682 duabus
1803 5631 2081 5684 sororibus
2106 5633 2248 5693 iniit,
2292 5633 2357 5686 ad
2388 5637 2793 5705 propagantlum

1195 5718 1477 5775 tiberim-is
1505 5735 1724 5788 germen
1759 5721 1960 5777 sobolis
2004 5725 2230 5778 ancillas
2271 5742 2485 5796 quoque
2535 5729 2599 5780 ad
2635 5744 2797 5798 gene-

1196 5813 1360 5870 randi
1416 5827 1573 5867 usum
1626 5815 1903 5885 suscipere
1965 5833 2073 5874 non
2126 5818 2322 5890 refugit
2373 5819 2555 5893 (Gen.
2597 5821 2793 5892 xxx);

2913 3368 2932 3400 ι
2966 3350 3112 3417 Sive,
3145 3353 3342 3425 inquit,
3375 3359 3689 3424 occasione,
3721 3361 3835 3415 sive
3863 3364 4115 3420 Christus
4141 3371 4372 3425 veritate
4407 3387 4510 3428 an-

2908 3443 3230 3510 nuntictur,
3285 3455 3342 3502 et
3395 3449 3450 3502 in
3512 3449 3617 3504 hoc
3675 3452 3928 3520 gaudeo,
3988 3457 4084 3510 sed
4143 3467 4196 3512 ct
4262 3463 4510 3530 gaudebo

2908 3531 3127 3602 (Philip.
3162 3535 3222 3604 ι).
3270 3555 3288 3587 ι
3322 3535 3436 3592 Hoc
3471 3547 3651 3594 autem
3700 3541 3754 3594 in
3783 3543 3867 3596 his
3893 3547 4350 3604 considerandum
4387 3567 4510 3608 esse

2905 3625 3329 3692 perpendimus:
3379 3629 3517 3696 Quia
3551 3632 3691 3686 sicut
3717 3631 3886 3690 Iacob
3927 3638 4100 3693 solius
4135 3639 4387 3698 Rachelis
4421 3645 4508 3700 in-

2908 3715 3043 3768 tuitu
3073 3733 3264 3772 otnnes
3293 3719 3416 3776 illas
3445 3722 3701 3778 mulieres
3747 3727 3960 3796 accepit
3985 3767 4000 3791 ,
4038 3745 4106 3784 ex
4137 3732 4335 3800 quibus
4366 3734 4509 3790 ﬁlios

2903 3807 3120 3874 genuit;
3152 3809 3230 3862 sic
3261 3811 3511 3881 quisquis
3545 3814 3645 3868 sub
3690 3815 4050 3874 dealbatioais
4081 3823 4258 3891 gratia
4302 3825 4510 3879 consti-

2906 3905 3071 3962 tutus,
3107 3901 3438 3958 fructiﬁcare
3471 3905 3581 3959 Deo
3611 3908 3878 3977 spirituali
3925 3911 4261 3970 fecunditate
4295 3918 4510 3974 deside-

2904 3997 3010 4051 rat,
3047 4003 3268 4046 uecesse
3301 4003 3385 4047 est
3431 4004 3490 4048 ut
3511 4010 3610 4064 per
3637 4000 3820 4052 omnia
3852 4016 3974 4068 qua:
4005 4003 4118 4073 agit
4161 4005 4227 4058 ad
4262 4016 4510 4063 contem-

2901 4079 3158 4149 platiouis
3189 4101 3406 4155 semper
3433 4089 3669 4158 gratiatn
3695 4092 3902 4149 tendat.

3443 4197 3675 4255 CAPUT
3725 4199 3963 4258 XXVIII.

2899 4281 2968 4337 In
2985 4285 3216 4360 epistola
3248 4287 3318 4360 (ιιι
3349 4286 3967 4360 Βεεὲάειιίιιιιιίαὺὺαιριιι,
3999 4295 4088 4348 ubi
4118 4297 4316 4353 dicitur
4350 4313 4369 4352 :
4395 4300 4508 4356 Cur

2971 4352 3180 4411 Paulus
3221 4358 3291 4410 ad
3333 4359 3607 4414 dexteram
3630 4401 3646 4428 ,
3679 4359 3877 4417 Petrus
3921 4352 3994 4419 ad
4038 4352 4308 4424 sinistram
4340 4352 4508 4428 ίηίἑιζ

2967 4436 3118 4478 ctura
3146 4439 3394 4496 ponatur.

2980 4554 2999 4586 ι
3041 4536 3366 4606 Egrediente
3395 4538 3579 4595 anima
3606 4539 3814 4599 Rachel
3855 4559 3966 4614 pra:
3992 4546 4201 4616 dolore,
4238 4559 4295 4606 et
4319 4553 4504 4608 immi-

2902 4633 3067 4679 neute
3101 4627 3214 4696 jam
3245 4638 3442 4694 :uorte,
3487 4631 3698 4685 vocavit
3723 4647 3921 4688 nomen
3953 4635 4049 4690 ﬁlii
4080 4639 4162 4692 sui
4190 4639 4415 4706 Benoui,
4449 4642 4503 4698 id

2885 4727 2983 4772 ~est
3031 4717 3172 4773 ﬁlius
3219 4718 3423 4774 doloris
3467 4722 3607 4788 mei;
3657 4731 3811 4789 pater
3841 4739 3973 4779 vero
4022 4728 4316 4797 appellavit
4373 4747 4501 4787 eum

2907 4809 3184 4879 Beniamin
3209 4850 3224 4875 ,
3276 4811 3330 4868 id
3372 4822 3456 4866 est
3490 4811 3633 4867 t'ilius
3660 4815 3898 4871 dextera:
3927 4816 4086 4888 (Cen.
4121 4821 4308 4891 xxxv).
4343 4841 4361 4874 ι
4397 4822 4504 4880 Per

2908 4901 3105 4956 Rachel
3145 4917 3378 4970 namque
3403 4943 3418 4966 ,
3456 4915 3577 4971 qua:
3604 4905 3712 4959 ovis
3753 4907 3836 4960 vel
3880 4909 4049 4963 visum
4077 4912 4392 4980 principium
4420 4915 4503 4967 di-

2903 4993 3068 5055 citur,
3113 4992 3354 5047 Ecclesia
3403 5007 3508 5048 non
3548 4995 3822 5051 immerito
3863 4998 4200 5070 designatur.
4254 5001 4387 5068 Qus:
4418 5004 4505 5058 ni-

2906 5083 3105 5139 mirum
3133 5091 3188 5137 et
3215 5085 3281 5139 ad
3321 5086 3492 5139 instar
3537 5089 3654 5140 ovis
3700 5089 4025 5144 innocenter
4075 5093 4247 5156 vivit,
4305 5105 4360 5150 et
4405 5112 4503 5166 per

2904 5175 3140 5227 studium
3186 5176 3659 5244 contemplationis
3690 5179 3758 5232 ad
3801 5179 4090 5236 videndam
4123 5184 4503 5254 Redemptoris

2904 5267 2986 5322 sui
3005 5267 3241 5345 speciem
3261 5268 3569 5324 medullitus
3591 5271 3904 5327 inardescit.
3926 5273 4027 5340 Qui
4053 5277 4117 5330 de
4133 5293 4189 5331 se
4213 5280 4499 5347 requiren-

2903 5360 3050 5415 tibus
3086 5358 3286 5414 Jodzeis
3325 5361 3401 5415 ait
3437 5380 3449 5414 ε
3487 5381 3504 5414 ι
3541 5363 3651 5432 Εςο
3681 5354 4008 5437 principium
4034 5408 4049 5432 ,
4081 5370 4172 5439 qui
4217 5379 4271 5424 et
4305 5370 4500 5440 loquor

2903 5451 3054 5505 vobis
3073 5451 3252 5516 (Joan.
3275 5455 3413 5521 vm).
3438 5472 3455 5505 ι
3482 5451 3587 5507 Per
3601 5454 3877 5526 Benjamin
3906 5474 4054 5524 vero,
4087 5479 4192 5529 quo
4217 5475 4498 5531 nascente,

2899 5541 3107 5598 Rachel
3130 5552 3301 5598 mater
3325 5545 3616 5612 emoritur,
3643 5549 3959 5619 designatur
3979 5551 4201 5618 Paulus,
4234 5570 4394 5625 quem
4432 5558 4502 5613 de

2898 5631 3484 5702 ejusstirpeexsﬁtisse
3507 5651 3667 5689 nemo
3691 5637 3922 5692 dubitat.
3962 5639 4177 5696 Etbeue
4209 5643 4496 5712 Beniamin

2903 5736 3184 5788 nua-eote,
3210 5735 3384 5779 mater
3416 5727 3588 5781 emori
3611 5728 3836 5796 dicitur,
3872 5733 4000 5799 quia
4027 5736 4502 5807 appropinquante

2902 5820 2971 5876 ad
3013 5821 3186 5878 lucem
3239 5838 3393 5882 nova:
3434 5829 3866 5896 regenerationis
3912 5827 4080 5887 Saulo
4105 5872 4120 5899 ,
4164 5833 4503 5902 persecutio-
