5962 6456
1560 480 1691 540 £007

2473 471 2966 533 COLLECTANEA
3008 468 3071 522 IN
3108 465 3334 522 VETUS
3367 458 3907 521 TESTAMENTUM.

4668 442 4791 503 1008

1554 602 1709 657 nibus
1740 599 1976 654 Ecclesia
2024 609 2117 665 per
2144 608 2264 648 eum
2305 592 2539 662 graviter
2578 590 2947 656 impugnatnr;
2991 582 3128 635 sicut
3157 584 3203 642 Α
3235 578 3317 629 illa
3349 574 3821 630 dumltumanitati
3850 571 4047 626 Christi
4080 567 4323 637 dependit
4351 563 4705 632 obsequium.
4735 562 4792 614 ad

1556 694 1725 746 Lucas
1753 690 1804 743 in
1834 689 2056 743 Actibus
2080 683 2435 752 apostolorum
2464 680 2538 733 ait
2564 693 2578 731 :
2616 696 2633 728 ι
2670 675 2882 739 Saulus,
2917 674 3119 740 inquit,

1553 782 1861 837 devastabat
1895 777 2206 837 Ecclesiam,
2232 789 2326 841 per
2346 772 2531 825 domos
2555 771 2785 829 intrans,
2819 775 2871 820 et
2905 766 3122 818 trahens

1555 878 1714 933 viros,
1742 879 1793 923 et
1822 866 2072 918 mulieres
2097 863 2339 915 tradebat
2362 862 2412 912 in
2447 859 2747 912 custodiam
2777 858 2912 924 (Act.
2946 854 3115 919 vm).i

1548 962 1791 1031 Congrue
1825 958 2001 1022 itaque
2030 952 2228 1006 Rachel
2256 952 2476 1009 Benoni,
2517 950 2568 1000 id
2599 958 2681 1001 est
2726 946 2891 998 filium
2922 943 3124 996 doloris

1549 1051 1688 1113 mei,
1736 1054 1929 1108 vocat,
1978 1057 2134 1112 quem
2169 1040 2334 1093 Jacob
2369 1038 2681 1104 Benjamin,
2753 1036 2805 1088 id
2847 1040 2929 1088 est
2979 1032 3120 1084 filius

1546 1144 1777 1195 dextera:
1809 1144 2101 1205 nuneupat.
2136 1132 2269 1199 Quia
2295 1131 2508 1184 Paulus.
2536 1128 2625 1196 qui
2660 1124 2845 1179 Matris
2868 1121 3120 1176 Ecclesia:

1545 1233 1694 1286 dolor
1732 1230 2035 1290 exstiterat,
2080 1222 2169 1293 qui
2202 1236 2319 1274 eam
2353 1216 2743 1287 quodammodo
2771 1214 2896 1265 dum
2926 1225 3116 1264 nascc—

1545 1329 1712 1382 retur,
1768 1312 2128 1386 impugnanda
2180 1307 2435 1379 peremit,
2496 1320 2524 1357 a
2584 1305 2692 1356 Deo
2759 1302 2918 1354 Patre
2977 1300 3118 1351 ﬁlius

1546 1409 1776 1462 dextera:
1822 1414 1903 1459 est
1934 1410 2183 1464 vocatus;
2228 1397 2349 1452 dum
2381 1408 2476 1463 per
2506 1407 2625 1445 eum
2674 1389 2850 1443 divina
2880 1387 3116 1457 potentia

1510 1564 1513 1571 λ
1546 1498 1803 1550 adversus
1852 1502 2035 1561 gentes
2060 1531 2073 1555 ,
2105 1490 2256 1560 quasi
2286 1504 2380 1558 per
2412 1486 2601 1541 fortem
2632 1496 2783 1536 suam
2814 1482 3110 1541 dexteram,

1544 1587 1819 1642 dimicavit
1846 1626 1859 1649 ,
1885 1585 2168 1639 verborum
2194 1583 2370 1653 jacnla
2403 1582 2646 1635 valenter
2686 1576 2901 1634 intorsit
2931 1616 2943 1635 ,
2974 1573 3116 1629 salu-

1545 1675 1669 1730 bres
1698 1674 1939 1729 cordium
1981 1674 2161 1742 plagas
2202 1670 2418 1734 intulit,
2474 1679 2524 1722 et
2568 1685 2664 1736 per
2720 1683 2839 1721 cum
2890 1661 3112 1717 devictis

1541 1772 1701 1831 atque
1753 1761 2037 1831 Prostratis
2068 1761 2328 1825 hostibus,
2379 1773 2497 1811 cum
2539 1757 2702 1825 gloria
2744 1753 3107 1824 triumphavit.

1538 1852 1670 1907 Hinc
1697 1862 1780 1907 est
1827 1853 1967 1920 quod
2016 1853 2152 1905 idem
2199 1851 2394 1904 Paulus
2436 1851 2499 1903 ad
2526 1849 2740 1904 Galatas
2769 1849 2843 1900 ait
2876 1867 2888 1899 :
2924 1866 2941 1898 ι
2975 1848 3107 1901 (lum

1538 1952 1716 1997 autem
1763 1940 2081 2010 complacuit
2112 1943 2159 1993 ei
2194 1981 2206 2003 ,
2239 1942 2326 2008 qui
2376 1955 2461 1993 me
2510 1938 2812 2008 segregavit
2848 1954 2915 1993 ex
2955 1948 3109 1992 utero

1536 2034 1724 2088 matris
1753 2047 1903 2094 mete,
1949 2041 2002 2085 et
2046 2030 2254 2083 vocavit
2283 2043 2376 2097 per
2405 2029 2636 2098 gratiam
2670 2043 2843 2090 suam,
2873 2037 2931 2081 ut
2959 2041 3108 2081 reve-

1535 2128 1672 2181 laret
1703 2126 1893 2179 Filium
1923 2138 2075 2178 suum
2109 2123 2158 2175 iu
2189 2136 2271 2174 me
2301 2162 2313 2186 ,
2345 2134 2398 2174 et
2437 2120 2863 2189 evangelizarem
2896 2120 3026 2173 eum'
3052 2120 3105 2173 in

1536 2218 1812 2288 gentibus,
1849 2214 2104 2268 continuo
2156 2228 2256 2265 non
2310 2212 2552 2280 acquievi
2594 2210 2741 2263 carni
2782 2218 2836 2262 et
2863 2208 3105 2276 sanguini

1536 2307 1676 2376 (Gal.
1720 2306 1779 2376 l).
1812 2324 1829 2356 ι
1862 2304 1975 2359 Non
2005 2318 2131 2373 ergo
2179 2303 2447 2357 immerito
2482 2302 2619 2355 ﬁlius
2648 2301 2882 2354 dextera:
2912 2298 3107 2353 Paulus

1533 2406 1775 2460 vocatur,
1806 2411 1899 2465 per
1946 2410 2103 2464 quem
2146 2393 2319 2446 omnis
2356 2392 2592 2461 gentium
2641 2391 2923 2445 multitudo
2947 2430 2960 2451 ,
2986 2405 3105 2458 quae

1533 2490 1598 2543 ad
1622 2489 1895 2543 dexteram
1928 2486 2018 2541 Dei
2068 2486 2308 2555 ponenda
2342 2492 2425 2538 est
2447 2526 2459 2547 ,
2500 2484 2565 2539 ad
2598 2484 2718 2537 (idei
2768 2490 3104 2537 sacramenta

1538 2577 1825 2648 colligitur.

2020 2666 2129 2738 94
2166 2664 2388 2745 carus
2427 2663 2616 2718 xxrx.

1528 2771 1610 2823 Ad
1635 2772 1957 2827 Desiderium
1982 2772 2238 2835 abbatem,
2264 2783 2317 2826 ut
2344 2782 2483 2825 vacet
2507 2772 2677 2823 studio
2700 2768 3103 2837 contemplandi.

1605 2862 1759 2916 «Iste
1799 2870 1880 2916 est
1928 2864 2085 2926 Ana,
2145 2862 2233 2931 qui
2292 2862 2495 2914 invenit
2556 2875 2725 2929 aquas
2788 2858 2987 2913 calidas
3050 2859 3104 2911 in

1527 2950 1855 3016 solitudine,
1912 2951 2035 3005 dum
2110 2960 2356 3022 pasceret
2426 2952 2605 3004 asinos
2676 2948 2883 3003 Sebeon
2937 2949 3107 3018 patris

1526 3040 1605 3094 sui
1638 3037 1787 3110 (Gen.
1818 3043 2024 3108 xxxvi).
2060 3061 2076 3091 ι
2112 3040 2220 3095 Hoc
2250 3040 2423 3109 plane,
2458 3049 2717 3108 quantum
2748 3040 2814 3093 ad
2848 3039 3101 3100 litteram,

1525 3147 1723 3185 vanum
1767 3132 1981 3185 videtur
2010 3141 2064 3185 et
2093 3132 2363 3185 frivolum.
2418 3131 2478 3197 Q'
2530 3134 2556 3183 J
2595 3133 2737 3185 enim
2790 3132 2856 3185 ad
2894 3147 3101 3185 sacram

1526 3220 1861 3289 Scripturam
1892 3222 2164 3289 pertinet,
2211 3231 2267 3275 ut
2299 3220 2515 3283 referat,
2550 3222 2673 3290 quia
2703 3230 2885 3274 custos
2919 3223 3101 3274 asino-

1523 3330 1641 3368 rum
1676 3328 1844 3380 aquas
1875 3313 2073 3381 reperit
2117 3313 2167 3364 in
2214 3312 2477 3367 deserto?
2509 3311 2612 3365 Sed
2661 3312 2747 3364 ubi
2802 3312 2851 3364 in
2904 3312 3098 3365 litteris

1524 3406 1667 3459 nulla
1690 3406 1909 3459 videtur
1956 3404 2157 3458 utilitas
2185 3445 2199 3468 ,
2230 3405 2293 3457 ad
2324 3404 2656 3473 spiritualetn
2691 3403 3096 3473 intelligentiam

1521 3510 1744 3550 necesse
1784 3504 1865 3549 est
1901 3510 2049 3548 mens
2079 3504 2340 3547 recurrat.
2375 3493 2510 3560 Quid
2542 3505 2626 3548 est
2664 3496 2806 3548 enim
2844 3511 2937 3563 per
2968 3495 3099 3565 figu-

1521 3601 1671 3649 ram,
1701 3592 1812 3639 Ana
1859 3585 1913 3637 in
1962 3584 2247 3637 solitudine
2292 3584 2462 3652 patris
2494 3585 2572 3637 sui
2623 3585 2802 3638 asinos
2829 3600 3055 3653 pascere
3078 3625 3093 3649 ,

1522 3672 1623 3727 nisi
1671 3671 2001 3740 spiritualcm
2029 3671 2337 3740 quempiam
2369 3672 2575 3738 virum,
2624 3674 2708 3726 cui
2758 3673 2895 3727 Dens
2944 3683 3098 3743 pater

1518 3772 1621 3823 est,
1656 3760 1929 3829 simplices
1969 3759 2165 3814 fratres
2198 3762 2298 3815 sub
2329 3762 2623 3831 disciplina:
2656 3764 2964 3817 remotioris
2987 3772 3095 3817 stu-

1520 3852 1609 3907 dio
1634 3851 1953 3905 custodire?
1982 3859 2034 3904 et
2078 3852 2204 3920 quid
2234 3861 2312 3905 est
2337 3892 2351 3915 ,
2385 3867 2550 3921 aquas
2594 3854 2794 3907 calidas
2820 3854 3056 3907 invenire
3077 3894 3092 3919 ,

1520 3943 1621 3998 nisi
1678 3943 1730 3996 in
1785 3942 2214 4010 compunctionis
2263 3943 2569 4013 lacrymas,
2627 3950 2751 4011 qua?
2793 3946 2856 3999 de
2886 3944 3095 4001 fervore

1521 4036 1688 4090 sancti
1722 4034 1959 4103 Spiritus
2003 4032 2313 4096 eliciuntur,
2356 4036 2688 4103 erumpere?
2732 4034 2862 4089 Nam
2895 4046 2947 4089 et
2980 4037 3093 4105 ipsa

1523 4125 1889 4193 interpretatio
1943 4125 2221 4179 nominum
2281 4124 2438 4192 hujus
2498 4126 2677 4195 figura:
2732 4142 2837 4179 nou
2898 4125 3095 4195 refugit

1521 4215 1871 4269 intellectum.
1891 4214 2039 4269 Onan
2063 4215 2326 4282 siquidem
2348 4215 2519 4278 dolor,
2551 4216 2631 4269 vel
2654 4218 2867 4270 tristitia
2891 4232 3094 4283 eorum,

1514 4305 1633 4359 sive
1655 4307 1811 4358 etiam
1841 4298 2158 4368 niussitatio,
2192 4305 2270 4357 vel
2305 4307 2649 4359 murmuratio
2687 4308 3093 4375 interpretatur.

1519 4398 1775 4466 Quisquis
1809 4397 1953 4451 enim
1985 4410 2108 4449 vere
2138 4397 2567 4465 compunctiouis
2614 4398 2797 4451 dolore
2826 4400 3092 4462 tristatur,

1516 4487 1670 4557 quasi
1719 4486 1816 4539 sub
1843 4486 2074 4554 quadam
2123 4486 2347 4554 querula
2398 4488 2771 4542 mussitatione
2811 4490 3091 4543 adversum

1520 4577 1840 4643 pravitatem
1869 4574 1986 4627 vitze
2007 4589 2116 4628 suae
2140 4589 2475 4628 murmurare
2496 4577 2851 4646 compellitur.
2880 4578 3088 4634 Sebeon
3121 4613 3167 4672 υ

1518 4674 1695 4719 autem
1757 4665 2141 4733 interpretatur
2207 4677 2349 4718 stans
2389 4667 2441 4718 in
2477 4670 2751 4733 (equitate;
2794 4671 2934 4738 quod
2980 4670 3089 4725 Deo

1517 4770 1813 4824 congruere
1860 4771 2018 4810 nemo
2072 4771 2295 4824 prorsus
2345 4758 2568 4825 ignorat.
2624 4759 2739 4827 Ipse
2788 4762 2983 4829 quippe
3034 4763 3088 4815 in

1513 4846 1767 4917 mquitate
1806 4846 2177 4916 princlpaliter
2224 4856 2366 4909 stat,
2408 4847 2497 4915 qui
2548 4859 2578 4899 a
2614 4846 2840 4911 iustitia:
2872 4852 3090 4904 rectitu-

1513 4936 1637 4990 dine
1667 4936 1806 4990 nulla
1848 4936 2171 4990 necessitate
2202 4945 2421 4991 coactus
2450 4938 2738 4991 exorbitat.
2777 4936 2927 4993 Onan
2960 4957 3087 5011 ergo

1514 5023 1640 5083 dum
1669 5027 1835 5093 patris
1869 5025 1953 5079 Sui
1989 5025 2197 5095 Sebeon
2248 5027 2429 5081 asinos
2474 5028 2525 5079 in
2566 5027 2852 5081 solitudine
2884 5032 3083 5096 pascit,

1517 5128 1685 5183 aquas
1730 5115 1933 5169 calidas
1981 5116 2210 5185 reperit;
2268 5118 2392 5185 quia
2445 5118 2692 5187 quisquis
2741 5132 2799 5172 se
2842 5134 2937 5187 per
2967 5121 3087 5174 vitae

1515 5204 1886 5259 rectitudinem
1911 5206 2018 5261 Deo
2046 5206 2210 5260 tilium
2241 5209 2457 5261 exhibet
2484 5249 2494 5269 ,
2530 5224 2591 5264 ac
2622 5210 2689 5265 de
2711 5212 2946 5279 peccatis
2974 5212 3086 5266 suis

1515 5295 1821 5349 medullitus
1864 5296 2035 5361 dolet,
2055 5299 2178 5349 dum
2214 5314 2269 5351 se
2303 5298 2473 5353 reddit
2505 5301 2554 5352 in
2582 5301 2822 5370 pervigili
2857 5300 3083 5353 fratrum

1512 5402 1643 5441 cura
1674 5387 1961 5441 sollicitum
1988 5428 2001 5449 ,
2032 5388 2210 5441 divino
2242 5404 2463 5443 munere
2493 5392 2719 5460 percipit
2746 5390 2976 5459 gratiam
3009 5389 3084 5442 la-

1511 5491 1841 5547 crymarum.
1878 5476 2006 5529 Nam
2041 5487 2094 5530 et
2136 5478 2289 5530 beata
2319 5478 2405 5530 illa
2432 5482 2699 5546 peccatrix
2744 5481 2892 5550 prius
2922 5480 3086 5551 pedes

1513 5567 1727 5623 Domini
1758 5581 2028 5639 unguento
2051 5572 2324 5639 perunxit,
2358 5574 2690 5639 postmodum
2713 5575 2874 5627 etiam
2902 5574 3085 5627 alaba-

1511 5667 1683 5712 strum
1729 5662 1982 5728 unguenti
2035 5663 2253 5731 pretiosi
2308 5678 2469 5730 super
2517 5674 2673 5731 caput
2722 5664 3082 5719 recumbentis

1514 5748 1701 5804 eﬂ'udit
1745 5749 1959 5815 (Matth.
1993 5762 2146 5816 xxvi;
2198 5751 2363 5807 Marc.
2400 5768 2519 5817 xiv;
2551 5752 2709 5807 Joan.
2750 5755 2868 5821 xu).
2908 5754 3082 5823 Caput

1513 5838 1711 5896 Christi
1748 5841 1887 5896 Deus
1916 5859 1929 5895 :
1958 5842 2118 5913 pedes
2161 5842 2399 5908 Christi,
2432 5845 2569 5901 servi
2610 5844 2719 5904 Dei,
2758 5844 2903 5903 Sicut
2934 5845 3077 5901 enim

3224 661 3521 717 divinitatis
3543 662 3805 729 attingere
3824 658 4017 713 meruit
4041 656 4383 709 intellectura.
4403 651 4493 706 Sic
4520 650 4788 711 nimirum,

3223 754 3301 806 sic
3328 753 3520 806 doctor
3545 750 3826 809 Ecclesiae.
3859 748 3983 802 dum
4024 744 4220 798 Christi
4249 741 4486 797 membra
4529 739 4785 804 custodit,

3224 841 3646 912 contemplandas
3675 839 3969 895 divinitatis
3998 840 4222 905 gratiam
4252 835 4491 905 percipit.

3787 949 4009 1006 CAPUT
4061 948 4229 1003 XXX.

3469 1066 3535 1117 In
3583 1078 3816 1118 sermone
3863 1062 3925 1113 de
3970 1058 4025 1112 S.
4055 1058 4257 1111 Joanne
4285 1054 4538 1123 Baptista.

3298 1173 3317 1206 ι
3350 1155 3634 1208 Descendit
3667 1151 3829 1205 Judas
3855 1151 3905 1202 in
3940 1148 4209 1201 Thaumas
4236 1144 4297 1198 ad
4338 1143 4630 1196 tondendas
4658 1155 4778 1195 Oves

3220 1260 3339 1299 eum
3400 1244 3521 1296 llira
3574 1243 3805 1310 opilionc
3870 1238 4047 1308 gregis
4106 1235 4185 1288 sui
4261 1233 4570 1287 Odollamite
4628 1229 4773 1298 (Ceu.

3220 1334 3470 1400 xxxviii).
3507 1351 3525 1384 ι
3562 1331 3831 1383 Thamuas
3864 1336 4040 1379 autem
4080 1324 4319 1391 deﬁciens
4362 1324 4770 1388 interpretatur:

3218 1439 3315 1494 per
3341 1438 3501 1493 quam
3532 1421 3777 1473 videlicet
3807 1418 4087 1487 Synagoga
4109 1454 4122 1478 ,
4154 1415 4204 1467 in
4244 1428 4347 1481 qua
4383 1426 4532 1479 reges
4567 1418 4619 1462 et
4649 1423 4770 1478 pro-

3218 1514 3391 1583 pheta:
3433 1512 3778 1573 defecerant;
3830 1508 3987 1561 simul
4028 1516 4081 1559 et
4129 1504 4332 1565 unctio,
4357 1503 4519 1556 donec
4549 1501 4769 1560 veniret,

3218 1605 3302 1657 cui
3332 1603 3623 1673 repositum
3659 1609 3796 1662 erat,
3833 1598 4226 1652 ostenderetur.
4266 1593 4414 1647 Unde
4439 1603 4490 1646 et
4516 1606 4607 1659 per
4648 1605 4767 1658 pro-

3216 1697 3430 1766 phetam
3458 1694 3653 1747 dicitur
3683 1707 3696 1743 ε
3735 1712 3751 1741 ι
3788 1689 3919 1745 Cum
3953 1686 4159 1742 venerit
4190 1684 4415 1739 Sanctus
4445 1692 4764 1741 sanctorum,

3214 1785 3447 1843 cessabit
3476 1783 3655 1837 unctio
3684 1780 3841 1849 (Dan.
3878 1779 3974 1837 ix).
4008 1796 4025 1827 υ
4056 1773 4193 1841 Quid
4226 1774 4402 1840 itaque
4432 1786 4524 1839 per
4556 1769 4764 1829 Judazn,

3214 1879 3305 1948 qui
3338 1878 3405 1931 ad
3454 1871 3749 1930 tondeudas
3790 1884 3918 1922 oves
3954 1869 4003 1919 in
4034 1865 4301 1919 Thamnas
4330 1864 4503 1923 venit,
4540 1861 4636 1914 nisi
4670 1859 4765 1912 Re-

3212 1970 3457 2037 demptor
3490 1974 3675 2019 noster
3712 1957 4050 2024 intelligitur,
4100 1955 4187 2023 qni
4236 1963 4293 2006 ut
4338 1966 4464 2006 oves
4491 1966 4605 2019 quae
4650 1965 4764 2019 per-

3208 2062 3382 2115 ierant
3410 2059 3600 2111 domus
3629 2053 3787 2110 Israel
3817 2056 4138 2107 exoneraret
4164 2043 4418 2113 peccatis,
4442 2041 4502 2094 ad
4532 2038 4764 2109 Synago-

3206 2167 3327 2221 gam
3381 2152 3591 2205 venisse
3658 2141 4043 2219 cognoscitur?
4098 2138 4249 2194 Unde
4296 2146 4347 2191 et
4417 2148 4638 2204 sponsus
4699 2128 4759 2184 ad

3207 2256 3459 2308 sponsam
3502 2241 3553 2293 in
3602 2239 3837 2293 Canticis
3870 2252 3883 2289 :
3916 2254 3933 2285 ‹
3968 2234 4165 2290 Dentes
4206 2229 4278 2285 tui
4320 2229 4453 2281 sicut
4496 2240 4618 2295 grex
4652 2233 4759 2277 ton-

3207 2344 3388 2382 sarum
3418 2368 3430 2389 ,
3470 2342 3587 2395 quze
3635 2326 3995 2379 ascenderunt
4042 2324 4106 2377 de
4156 2320 4367 2374 lavacro
4417 2311 4583 2387 (Cant.
4613 2312 4753 2371 tvl.l

3205 2418 3312 2489 95
3344 2418 3498 2472 Venit
3528 2418 3706 2485 itaque
3736 2414 3902 2470 Judas
3933 2415 3999 2469 ad
4033 2412 4327 2468 tondeudas
4348 2423 4490 2470 oves,
4521 2422 4621 2462 non
4646 2406 4757 2477 qni-

3206 2513 3325 2565 dem
3360 2510 3505 2564 solus
3535 2550 3549 2573 ,
3597 2508 3691 2562 sed
3730 2524 3852 2563 cum
3884 2516 4099 2577 pastore
4149 2520 4245 2559 suo
4286 2502 4629 2563 Odollamite,
4673 2499 4754 2555 cui

3208 2615 3401 2653 nomen
3434 2608 3549 2651 erat
3590 2598 3764 2653 Hiras.
3799 2596 3967 2663 Quem
3999 2609 4095 2665 per
4127 2592 4486 2649 Odollamitem
4517 2589 4754 2660 intelligi-

3207 2706 3326 2744 mus
3360 2690 3459 2743 nisi
3487 2687 3746 2743 Joannem
3767 2689 3790 2741 ?
3811 2688 4200 2756 Interpretatur
4222 2691 4395 2737 autem
4420 2679 4755 2737 Odollamite:

3206 2782 3553 2834 testimonium
3586 2781 3637 2833 in
3666 2796 3833 2850 aqua;
3876 2794 3993 2833 cum
4040 2778 4139 2831 hoc
4160 2776 4315 2847 plane
4341 2773 4635 2829 testimonio
4663 2784 4753 2825 vce

3208 2872 3286 2923 nit
3316 2870 3573 2924 Dominus
3616 2872 3681 2923 ad
3715 2883 3907 2939 aquam
3934 2866 4290 2937 baptismatis,
4320 2864 4515 2918 habens
4544 2862 4753 2931 quidem

3208 2958 3574 3013 testimonium
3627 2958 3797 3028 majus
3841 2956 4083 3019 Joanne,
4141 2955 4231 3008 sed
4272 2962 4483 3022 prepter
4522 2950 4752 3003 inﬁrmas

3206 3064 3333 3104 oves
3375 3050 3477 3104 hoc
3525 3048 3827 3103 testimonio
3862 3047 3938 3100 uti
3970 3044 4216 3115 dignatus
4246 3051 4327 3097 est
4358 3043 4409 3095 iu
4431 3054 4583 3109 aqua.
4609 3037 4753 3093 Unde

3208 3152 3328 3190 cum
3354 3138 3558 3191 videret
3585 3152 3703 3190 eum
3727 3136 3789 3189 ad
3814 3134 4063 3190 Jordanis
4084 3133 4276 3186 fluenta
4300 3131 4746 3201 propinquantem.

3207 3226 3453 3295 protinus
3483 3226 3826 3287 exclamans,
3877 3223 3952 3277 ait
3998 3241 4010 3275 :
4056 3240 4073 3273 ι
4111 3221 4246 3275 Ecce
4285 3220 4463 3289 Agnus
4493 3217 4602 3281 Dei,
4629 3229 4750 3270 ecce

3206 3316 3295 3383 qui
3334 3314 3473 3369 tollit
3521 3324 3741 3384 peccata
3774 3313 3954 3367 mundi
3990 3311 4165 3382 (Joan.
4192 3312 4250 3379 t).
4292 3328 4310 3361 ι
4350 3308 4412 3362 Et
4439 3306 4751 3376 evangelista

3203 3408 3333 3461 dicit
3378 3425 3389 3459 :
3453 3425 3470 3456 ι
3509 3406 3897 3459 Testimonium
3944 3402 4212 3471 perhibuit
4254 3398 4479 3453 Joannes
4528 3396 4745 3450 dicens:

3202 3496 3334 3563 Quia
3371 3497 3475 3550 vidi
3523 3495 3781 3567 Spiritum
3826 3491 4238 3549 descendentem
4278 3499 4520 3555 tanquam
4549 3486 4748 3540 colum-

3200 3588 3320 3640 bam
3353 3588 3415 3641 de
3443 3586 3603 3649 cmlo,
3633 3595 3687 3639 et
3727 3596 4026 3638 manentem
4063 3596 4226 3650 super
4254 3594 4369 3637 eum
4394 3595 4408 3643 ;
4437 3588 4489 3632 et
4531 3591 4627 3646 ego
4654 3589 4746 3629 ne—

3199 3679 3433 3733 seiebam
3480 3693 3634 3741 eum;
3666 3677 3759 3730 sed
3790 3676 3880 3745 qui
3911 3676 4059 3729 misit
4100 3688 4183 3727 me
4229 3672 4493 3740 baptizare
4518 3668 4567 3721 iu
4594 3682 4743 3735 aqua.

3199 3768 3285 3822 ille
3321 3769 3449 3822 mihi
3480 3768 3619 3822 dixit
3658 3785 3669 3821 :
3707 3766 3881 3836 Super
3924 3780 4081 3835 quem
4127 3763 4323 3817 videris
4361 3760 4607 3830 Spiritum
4651 3758 4744 3812 tle-

3198 3862 3542 3916 scendentem
3584 3870 3638 3914 et
3682 3868 3985 3912 manentem
4034 3870 4195 3925 super
4235 3868 4352 3909 eum
4378 3892 4392 3915 ,
4434 3851 4515 3905 hic
4551 3847 4743 3915 estqui

3196 3952 3431 4022 baptizat
3464 3955 3515 4006 in
3547 3952 3749 4021 Spiritu
3779 3957 3965 4004 sancto
4011 3946 4219 4015 (Ibid).
4253 3963 4270 3994 ι
4312 3942 4405 3998 Cui
4434 3940 4626 3995 scilicet
4668 3939 4742 3992 vi-

3197 4043 3335 4097 sioni
3360 4043 3523 4095 etiam
3552 4056 3745 4095 nomen
3776 4039 4003 4110 pastoris
4029 4036 4165 4091 illius
4186 4034 4452 4105 aptissime
4474 4028 4738 4100 congruit;

3196 4132 3591 4200 interpretatur
3638 4130 3782 4185 enim
3838 4127 3993 4181 lliras
4042 4125 4220 4194 fratris
4279 4123 4375 4176 mei
4422 4121 4562 4174 visio.
4618 4119 4741 4172 Erat

3195 4222 3390 4291 quippe
3419 4221 3677 4275 Dominus
3702 4218 3867 4272 frater
3892 4217 4136 4279 Joannis,
4165 4228 4267 4267 non
4290 4214 4441 4266 modo
4461 4208 4737 4265 secundum

3196 4323 3379 4363 semen
3408 4308 3656 4371 Abrahae,
3690 4308 3781 4362 sed
3811 4306 3971 4359 etiam
3991 4304 4141 4372 juxta
4170 4302 4529 4372 cognationem
4568 4296 4738 4350 Maria

3194 4407 3247 4452 et
3272 4399 3567 4453 Elisabeth.
3605 4396 3744 4451 Vidit
3774 4398 3951 4465 itaque
3979 4394 4213 4449 Joannes
4239 4391 4453 4445 fratrem
4478 4402 4624 4442 suum
4649 4384 4737 4439 ad-

3195 4491 3299 4544 huc
3325 4489 3538 4545 clausus
3567 4489 3621 4543 in
3645 4498 3825 4551 utero;
3862 4487 3990 4541 vidit
4019 4487 4072 4539 in
4104 4484 4397 4553 baptismo;
4431 4480 4556 4533 vidit
4575 4476 4735 4531 oculis

3195 4581 3372 4635 carnis
3404 4580 3670 4633 hominem
3702 4596 3716 4631 :
3749 4578 3879 4633 vidit
3904 4578 3957 4631 iu
3987 4574 4173 4644 spiritu
4216 4571 4552 4638 maiestatem.
4592 4565 4735 4621 Unde

3197 4679 3251 4725 et
3278 4671 3557 4739 utriusque
3586 4670 3745 4739 hujus
3778 4667 4010 4722 nominis
4041 4662 4521 4731 interpretationem
4540 4696 4554 4721 ,
4585 4654 4733 4709 llira:

3196 4760 3481 4822 videlicet,
3515 4760 3655 4829 quod
3686 4766 3766 4812 est
3789 4756 3974 4810 fratris
4000 4755 4102 4808 mei
4132 4753 4294 4816 visio;
4319 4758 4369 4804 et
4394 4747 4728 4807 Odollamitis.

3195 4850 3338 4919 quod
3379 4859 3535 4902 sonat
3563 4847 3910 4900 testimonium
3938 4845 3990 4895 in
4033 4857 4199 4910 aqua,
4232 4841 4368 4893 idem
4390 4835 4611 4891 Joannes
4639 4832 4731 4887 sub

3196 4942 3354 4996 unius
3402 4940 3693 4995 sententiae
3734 4935 3994 4991 versiculo
4044 4930 4470 5001 comprehendit,
4511 4929 4724 4983 dicens:

3200 5050 3218 5081 ι
3258 5031 3325 5084 Et
3350 5045 3450 5100 ego
3477 5028 3605 5092 vidi,
3631 5037 3686 5081 et
3712 5024 4070 5081 testimonium
4108 5020 4371 5092 perhibui,
4399 5017 4516 5087 quia
4547 5016 4626 5070 hic
4652 5020 4727 5068 cst

3194 5120 3363 5175 Filius
3390 5120 3480 5175 Dei
3509 5119 3720 5187 (lbid.).
3748 5136 3766 5168 ι

3265 5212 3523 5265 Veniente
3552 5211 3710 5279 igitur
3731 5206 3863 5262 Juda
3899 5206 3967 5260 ad
3993 5220 4122 5259 oves
4158 5201 4448 5256 tondendas
4467 5240 4480 5263 ,
4512 5197 4726 5253 Thamar

3193 5309 3367 5355 mutat
3414 5300 3651 5354 habitum
3677 5338 3691 5359 ,
3741 5298 3863 5365 quia
3912 5304 4081 5347 mutat
4111 5290 4383 5362 spirituale
4410 5287 4720 5342 vocabulum.

3194 5391 3427 5444 Thamar
3468 5389 3665 5457 quippe
3715 5394 4035 5439 commutatis
4088 5385 4495 5449 interpretatur,
4528 5392 4639 5430 nam
4665 5378 4723 5428 de

3193 5480 3475 5549 Synagnga
3516 5477 3569 5530 fit
3601 5476 3855 5530 Ecclesia.
3886 5473 3990 5526 Sed
4011 5471 4164 5539 juxta
4198 5472 4447 5529 litteram,
4479 5467 4607 5520 idem
4636 5479 4721 5517 nn-

3190 5584 3312 5623 men
3344 5567 3717 5622 amaritudinis
3749 5574 3948 5627 manet,
3982 5578 4085 5615 non
4117 5562 4254 5615 illius
4306 5560 4357 5612 in
4384 5573 4485 5626 qua
4518 5556 4720 5610 Domino

3192 5661 3257 5714 fel
3309 5660 3373 5713 ad
3424 5659 3710 5714 bibendum
3766 5656 3919 5711 miles
3951 5654 4143 5709 obtulit
4190 5650 4398 5723 (Matth.
4428 5664 4608 5713 xxvn),
4635 5645 4718 5701 sed

3190 5749 3303 5817 ejus
3326 5750 3503 5820 potius
3542 5750 3594 5802 in
3627 5762 3730 5816 qua
3767 5745 3959 5800 Petrus
3988 5753 4107 5814 post
4136 5744 4339 5812 lapsum
4363 5755 4539 5793 amare
4565 5735 4712 5791 flevit.

3188 5840 3393 5914 (ibid).
3424 5839 3589 5896 Judas
3619 5849 3798 5895 autem
3828 5835 4082 5906 confessio
4112 5837 4319 5890 dicitur.
4352 5830 4577 5886 Thamar
4600 5839 4715 5897 ergo
