5962 6468
1101 476 1239 534 1009

2358 459 2424 515 ιΝ
2456 457 2716 516 LIBRUM
2758 453 3067 513 GENESIS.

4245 440 4387 496 iOlO

1092 600 1227 651 eum
1274 589 1411 645 Juda
1461 584 1739 643 dormiens
1766 623 1783 649 ,
1818 582 2066 653 protinus
2110 578 2365 646 concipit,
2411 576 2536 643 quia
2573 588 2695 627 cum
2727 578 2770 634 Α
2803 586 2924 625 mox
2972 568 3221 634 retraxit,
3257 567 3443 637 sicque
3468 572 3593 619 ante
3624 577 3683 618 se
3711 562 3969 619 nascendi
4002 559 4158 653 alteri
4190 558 4396 653 aditum

1104 668 1434 740 confessioni
1464 677 1770 735 amaritudo
1808 676 2069 731 miscetur
2096 670 2162 723 ad
2203 668 2553 739 proferendos
2585 679 2688 734 pte.

1104 775 1344 833 nitentia:
1393 773 1600 826 fructus
1628 811 1643 833 ,
1674 775 1863 823 sancta
1894 780 2018 819 mox
2043 761 2297 816 Ecclesia
2346 758 2692 813 fecundatur.

1105 864 1258 921 Unde
1302 870 1357 916 et
1399 858 1635 915 Joannes
1676 876 1688 911 :
1728 875 1747 908 ‹
1782 853 2000 913 Facile,
2048 851 2240 920 inquit,
2276 848 2482 903 fructus
2506 846 2697 913 dignos

1104 952 1436 1026 paenitentia:
1484 949 1666 1017 (Joan.
1705 946 1813 1015 ιιι).
1850 964 1868 996 ι
1905 942 2007 1009 Qui
2052 941 2311 995 nimirum
2359 936 2697 1007 pcenitentite

1103 1044 1317 1099 fructus
1360 1042 1411 1094 in
1445 1037 1784 1094 Hierusalem
1829 1033 2039 1103 primus
2076 1030 2289 1097 erupit,
2324 1028 2511 1095 sicque
2550 1033 2698 1094 post-

1105 1134 1326 1190 modum
1377 1146 1474 1199 per
1522 1143 1736 1185 omnem
1770 1126 1957 1181 mundi
2004 1121 2340 1177 latitudinem
2395 1116 2695 1188 pullulavit.

1104 1222 1245 1277 llinc
1296 1218 1513 1274 Veritas
1549 1216 1717 1271 dicit:
1758 1233 1775 1264 ι
1810 1212 2104 1283 Oportebat
2158 1209 2433 1264 Christum
2485 1206 2599 1275 pati
2646 1212 2701 1259 et

1106 1323 1394 1377 resurgere
1439 1322 1468 1358 a
1502 1302 1733 1358 mortuis
1760 1302 1848 1356 die
1883 1300 2040 1355 tertia
2067 1339 2081 1363 ,
2112 1307 2169 1352 et
2198 1296 2480 1365 praedicari
2513 1297 2566 1349 in
2596 1310 2700 1348 no-

1103 1395 1252 1451 mine
1272 1395 1389 1465 ejus
1408 1390 1786 1460 ptenitentiam
1808 1398 1864 1441 et
1882 1386 2252 1441 remissionem
2275 1392 2620 1454 peccatorum
2643 1383 2698 1437 in

1104 1498 1299 1540 omines
1321 1490 1531 1553 gentes,
1550 1478 1860 1547 incipiendo
1874 1475 1941 1529 ab
1957 1472 2294 1529 llierusalem
2315 1472 2465 1540 (Luc.
2486 1472 2659 1542 xxiv).
2677 1490 2695 1523 ι

1104 1576 1242 1631 Nam
1283 1581 1338 1629 et
1385 1573 1498 1641 ipse
1545 1567 1899 1624 meretriculis
1933 1566 2152 1620 habitus
2196 1562 2595 1619 confessionem
2627 1562 2701 1616 si-

1106 1662 1330 1735 gniﬁcat
1371 1669 1719 1731 peccatorum
1743 1698 1759 1723 ,
1810 1659 1928 1713 sive
1972 1658 2097 1726 quia
2136 1657 2373 1711 Thamar
2398 1669 2464 1707 ex
2494 1651 2701 1707 duobus

1105 1751 1379 1820 corruptis
1414 1749 1760 1819 componitur
1787 1746 1970 1802 verbis
1996 1788 2011 1811 ,
2042 1746 2263 1800 thamna
2294 1742 2521 1806 scilicet,
2555 1740 2700 1811 quod

1105 1839 1356 1909 deﬁciens
1381 1840 1600 1903 dicitur,
1630 1847 1686 1892 et
1711 1852 1881 1900 mara,
1912 1835 2055 1903 quod
2081 1844 2166 1890 est
2195 1832 2518 1887 amaritudo.
2554 1830 2700 1886 Bene

2797 660 3071 730 patefecit.
3107 658 3242 725 Quia
3296 658 3553 710 nimirum
3590 654 3846 709 Judaicus
3891 651 4121 723 populus
4146 694 4159 714 ,
4195 650 4285 719 qui
4325 648 4396 703 ad

2796 756 2971 809 lucem
3019 751 3255 820 Spiritus
3280 750 3429 804 nasci
3458 749 3709 818 primitus
3742 746 3928 815 coepit,
3957 741 4195 798 ostendit
4230 754 4392 809 opera

2798 863 2891 901 sua
2936 845 3327 915 prophetarum
3377 839 3801 908 prmeedentium
3829 877 3843 899 ,
3896 845 3951 891 et
3984 834 4153 903 ipsius
4183 831 4397 887 Domini

2798 950 2994 992 cruore
3041 932 3267 1003 polluta.
3301 929 3456 984 Unde
3501 938 3556 983 et
3585 929 3721 982 Zara
3769 928 3941 980 oriens
3976 926 4394 990 interpretatur;

2800 1030 2923 1099 quia
2959 1026 3258 1080 Hebraicus
3304 1023 3393 1076 ille
3430 1022 3655 1093 populus
3690 1021 3839 1090 prior
3868 1031 4023 1073 ortus
4054 1024 4138 1072 est
4162 1015 4229 1069 ad
4256 1014 4400 1068 litte-

2801 1136 2916 1176 ram
2949 1119 3103 1189 legis.
3136 1118 3228 1172 sed
3257 1116 3530 1185 posterior
3556 1114 3735 1168 factus
3772 1120 3855 1167 est
3901 1111 3967 1165 ad
3994 1106 4399 1177 suscipiendam

2802 1209 3030 1281 gratiam
3069 1206 3368 1277 Evangelii.
3424 1205 3537 1259 Hoc
3590 1206 3777 1273 itaque
3825 1201 3986 1255 modo
4032 1199 4259 1253 retraxit
4290 1211 4404 1250 ma-

2801 1316 2955 1365 num,
2988 1300 3079 1369 qui
3113 1299 3260 1352 nasci
3296 1295 3408 1364 jam
3442 1311 3539 1366 per
3568 1295 3830 1364 Spiritum
3881 1299 4127 1361 coeperat
4168 1288 4402 1360 populus

2802 1389 3139 1453 Judaaorum;
3173 1397 3229 1441 et
3259 1401 3380 1441 mox
3415 1385 3661 1455 prorupit
3710 1399 3773 1438 ac
3817 1382 3992 1436 factus
4025 1388 4105 1435 est
4138 1379 4406 1449 primoge‘

2803 1480 2950 1533 nitus
2980 1478 3211 1547 papulus
3238 1476 3498 1546 gentium,
3529 1473 3735 1528 scilicet
3764 1480 3821 1525 ut
3846 1513 3860 1538 ,
3886 1469 4040 1539 juxta
4072 1466 4403 1539 sententiam

2805 1570 3063 1625 Veritatis
3087 1609 3102 1634 ,
3134 1566 3302 1621 futuri
3332 1573 3514 1621 essent
3547 1563 3829 1619 novissimi
3880 1562 3971 1633 qui
4017 1568 4173 1615 erant
4198 1558 4359 1629 primi
4388 1602 4405 1627 ,

2802 1670 2857 1717 et
2884 1660 3046 1732 primi
3104 1660 3297 1713 fierent
3343 1658 3433 1728 qui
3483 1666 3640 1713 erant
3690 1655 3996 1711 novissimi.
4046 1652 4195 1708 Bene
4243 1650 4409 1719 igitur

2801 1752 3010 1807 Phares
3045 1752 3320 1806 divisionis
3349 1765 3544 1805 nomen
3574 1748 3803 1818 accepit.
3847 1746 4002 1803 Unde
4042 1755 4097 1799 et
4140 1742 4407 1798 obstetrix

2804 1859 2870 1899 eo
2897 1851 3154 1898 nascente
3180 1842 3438 1897 clamavit
3469 1860 3480 1893 :
3517 1860 3534 1891 ι
3567 1840 3751 1906 Quare
3787 1840 3959 1894 divisa
3991 1845 4074 1893 est
4104 1843 4329 1907 propter
4356 1845 4408 1888 te

1105 1932 1165 1986 in
1194 1945 1256 1985 ea
1286 1930 1590 1984 amaritudo
1615 1928 1817 1983 defecit
1840 1968 1855 1994 ,
1902 1943 2026 1981 cum
2059 1925 2289 1983 fecunda
2316 1926 2456 1981 facta
2490 1924 2556 1979 de
2586 1935 2699 1979 ste-
2735 1928 2777 1986 Β
2806 1930 3285 2003 ωεοοτὶαῖθιωεη,
3308 1946 3459 1984 xxxv]

2059 1925 2289 1983 fecunda
2316 1926 2456 1981 racia
2490 1924 2556 1979 de
2586 1935 2699 1979 Ste—
2735 1928 2777 1986 B
2806 1930 3285 2003 maceria?»(Gen.
3308 1929 3559 1996 xxxviii.)
3588 1928 3761 1985 Omne
3788 1929 3987 1998 quippe
4016 1940 4186 1996 genus
4214 1925 4409 1979 huma-

1104 2023 1218 2087 rili,
1249 2023 1457 2079 dulcem
1486 2023 1610 2078 novi
1636 2022 1897 2093 germinis
1927 2020 2165 2077 subolem
2199 2020 2527 2089 procreavit.
2559 2018 2705 2073 Tha-

1105 2131 1229 2171 mar
1278 2116 1442 2187 igitur
1471 2132 1501 2169 a
1532 2130 1639 2170 non
1692 2122 2052 2185 cognoscente
2084 2115 2283 2167 fetatur
2305 2153 2321 2179 ,
2358 2113 2482 2183 quia
2512 2121 2701 2165 saneta

1106 2209 1352 2266 Ecclesia
1374 2218 1637 2280 quantum
1669 2210 1736 2263 ad
1759 2207 2114 2279 gentilitatem
2148 2206 2201 2261 in
2232 2206 2550 2275 primordio,
2576 2204 2703 2259 dum

1105 2316 1265 2355 nova:
1295 2300 1419 2355 fidei
1447 2314 1630 2354 semen
1673 2298 1872 2369 accipit
1896 2338 1912 2363 ,
1942 2312 2053 2353 non
2103 2297 2434 2367 agnoscitur.
2468 2297 2622 2355 Unde
2651 2307 2706 2353 et

1108 2393 1330 2450 canitur
1354 2410 1367 2445 :
1400 2411 1416 2443 ι
1442 2391 1697 2461 Populus,
1721 2405 1883 2460 quem
1908 2404 2015 2445 non
2045 2390 2296 2460 cognovi,
2327 2391 2549 2445 servivit
2571 2391 2702 2447 mihi

1109 2482 1288 2554 (Paul.
1323 2497 1483 2552 xvn.)
1520 2502 1535 2532 ι
1572 2482 1640 2537 Et
1674 2481 1841 2536 Isaias
1876 2498 1890 2534 :
1931 2498 1949 2530 ι
1991 2480 2153 2541 Ecce,
2178 2481 2276 2545 ait,
2299 2489 2512 2551 gentem
2544 2472 2706 2550 quam

1110 2574 1398 2629 nesciebas
1430 2573 1671 2635 vocabis,
1704 2581 1758 2626 et
1790 2580 1979 2643 gentes
2009 2586 2128 2640 quze
2152 2571 2264 2641 96
2294 2580 2346 2625 te
2372 2587 2476 2626 non
2506 2587 2707 2639 cogno-

1110 2671 1351 2724 verunt,
1405 2662 1472 2715 ad
1524 2672 1577 2715 te
1628 2658 2022 2729 currentilsa.
2056 2660 2165 2729 ιν).
2201 2679 2217 2711 ι
2264 2660 2437 2713 Porro
2485 2670 2663 2715 autem
2692 2703 2707 2727 ,

1110 2751 1258 2821 quod
1290 2751 1363 2804 illi
1399 2751 1585 2805 hicdus
1630 2763 1727 2820 per
1758 2751 2007 2805 eumdem
2051 2750 2429 2805 Otlollamitem
2456 2752 2706 2817 mittitur,

1113 2840 1247 2911 quid
1277 2839 1377 2893 nisi
1401 2854 1499 2908 per
1525 2838 1787 2893 Joannem
1820 2838 1959 2892 facta
1981 2849 2332 2907 peccatorum
2359 2840 2711 2906 exprobratio

1113 2930 1476 3000 designatur?
1520 2930 1684 2996 Quasi
1732 2930 1877 2983 enim
1912 2931 2121 2984 hmdum
2162 2932 2434 2985 meretrici
2480 2933 2713 3001 portitor

1114 3020 1418 3085 afferebat,
1466 3035 1589 3075 cum
1641 3021 1950 3089 properanti
1996 3020 2064 3075 ad
2119 3021 2376 3091 baptismi
2431 3022 2710 3077 lavacrum

1112 3116 1291 3170 turbae
1318 3129 1414 3183 per
1446 3104 1875 3182 increpatiouem
1907 3112 2119 3167 dicebat
2149 3129 2161 3163 :
2199 3133 2215 3163 ‹
2244 3113 2530 3167 Genimiua
2560 3115 2712 3181 vipe-

1114 3218 1327 3267 rarum,
1350 3203 1471 3270 quis
1508 3202 1744 3255 ostendit
1776 3201 1932 3255 vobis
1972 3199 2156 3270 fugere
2190 3202 2255 3253 ab
2285 3202 2359 3253 ira
2387 3203 2655 3254 ventura?
2687 3220 2706 3253 ι

1114 3292 1335 3363 (Matth.
1369 3294 1474 3363 ιιι.)
1523 3292 1858 3360 Requirebat
1897 3299 2074 3345 autem
2102 3290 2259 3345 lliras
2301 3290 2345 3345 Ο
2368 3290 2651 3346 'oll::mites
2681 3306 2711 3345 a

1114 3382 1361 3438 Thamar
1384 3382 1641 3436 annulum
1669 3422 1684 3447 ,
1721 3379 1986 3435 armillam
2016 3391 2071 3433 et
2096 3380 2368 3434 baculum.
2402 3380 2505 3433 Per
2534 3396 2712 3447 annu-

1112 3471 1233 3527 lum
1256 3513 1270 3533 .
1302 3472 1637 3542 signaculum
1668 3470 1823 3537 fidei;
1856 3486 1953 3539 per
1975 3470 2268 3537 armillam,
2303 3470 2456 3525 labor
2499 3472 2709 3541 operis;

1112 3574 1217 3631 per
1261 3561 1513 3615 baculum
1566 3576 1695 3615 vero
1743 3561 2057 3631 designatur
2106 3562 2322 3629 requies
2376 3562 2508 3632 spei.
2544 3561 2713 3628 Quasi

1113 3650 1265 3706 ettim
1302 3652 1427 3706 fidei
1455 3653 1713 3706 annulum
1746 3652 2080 3721 requirebat,
2115 3666 2237 3705 cum
2267 3652 2473 3707 diceret
2502 3670 2516 3706 :
2556 3673 2573 3704 ι
2610 3652 2713 3719 Qui

1116 3743 1295 3797 credit
1344 3744 1397 3797 in
1441 3743 1637 3797 Filium
1693 3742 2025 3805 Dei,'babet
2078 3742 2245 3795 vitam
2294 3751 2590 3805 aeternam;
2619 3741 2713 3811 qui

1116 3841 1301 3886 autem
1332 3832 1645 3887 incredulus
1688 3840 1773 3886 est
1822 3831 2039 3886 Christo
2068 3829 2227 3895 Filio,
2262 3848 2366 3885 nou
2404 3831 2610 3886 videbit
2639 3831 2715 3885 vi-

1119 3930 1255 3995 tam,
1300 3921 1394 3975 sed
1442 3921 1519 3974 ira
1564 3921 1662 3975 Dei
1692 3928 1877 3974 manet
1920 3934 2083 3989 super
2120 3920 2295 3989 ipsum
2329 3919 2511 3990 (Joan.
2544 3920 2650 3992 ιιι).
2688 3938 2708 3973 ο

1116 4011 1202 4065 An
1230 4026 1334 4065 non
1364 4011 1528 4066 etiam
1551 4010 1618 4065 ad
1647 4010 1904 4065 annulum
1938 4010 2264 4080 pertinebat,
2297 4025 2420 4063 cum
2465 4011 2711 4081 diceret:

1125 4118 1146 4153 ι
1180 4098 1282 4166 Qui
1323 4100 1488 4154 habet
1540 4114 1795 4169 sponsam
1824 4140 1839 4163 ,
1877 4114 2109 4167 sponsus
2153 4099 2282 4153 est?
2330 4098 2521 4170 (lbid.)
2555 4120 2573 4153 ι
2613 4102 2716 4157 Ar-

1119 4187 1325 4243 millam
1375 4202 1504 4242 vero
1548 4188 1750 4243 laboris
1777 4188 2065 4257 exigebat,
2101 4205 2224 4244 cum
2258 4190 2502 4246 diceret:
2545 4210 2564 4245 ι
2601 4193 2717 4248 Pte-

1119 4280 1407 4336 nitentiam
1452 4282 1593 4352 agite
1624 4280 1843 4353 (Matth.
1906 4286 2009 4352 ιιι).
2064 4302 2083 4336 ι
2136 4283 2318 4340 Baeuli
2369 4303 2584 4358 quoque
2625 4306 2714 4345 re-

1120 4367 1325 4438 quiem,
1353 4385 1474 4423 cnm
1514 4372 1714 4438 prmsto
1753 4371 2145 4442 subjungeret:
2185 4393 2204 4426 ι
2248 4376 2717 4448 Appropinquavit

1119 4460 1269 4515 enim
1322 4475 1544 4530 regnum
1596 4462 1857 4517 caalorum
1894 4462 2105 4535 (Ibid.).
2143 4487 2162 4516 ι
2198 4468 2277 4521 Ac
2331 4468 2375 4522 si
2433 4473 2717 4539 perspicue

1122 4549 1438 4619 loqueretur
1472 4568 1485 4605 :
1540 4551 1714 4606 Nolite
1748 4555 1849 4609 sub
1896 4554 2149 4623 iniuncta:
2180 4558 2333 4613 vobis
2382 4562 2716 4628 poenitentia:

2805 2040 2934 2079 num
2966 2065 2979 2088 ,
3018 2024 3173 2094 quasi
3226 2023 3453 2078 distorta
3508 2022 3767 2076 silvarum
3822 2018 4099 2089 virgulta,
4150 2016 4411 2072 adversus

2805 2118 3109 2173 venientem
3144 2116 3198 2169 in
3224 2130 3389 2170 carne
3418 2112 3708 2167 Dominum
3754 2110 4046 2166 maceriam
4092 2108 4318 2171 fecerat,
4354 2114 4411 2159 et

2805 2224 2875 2264 ne
2904 2209 2972 2263 ad
2998 2208 3367 2280 peragendum
3396 2202 3714 2279 nivaterium
3746 2202 4135 2272 redemptionis
4165 2198 4413 2271 ingrede-

2808 2300 3327 2366 retur,unanimiter
3348 2298 3670 2354 obsistebat.
3698 2294 3854 2353 Unde
3876 2306 3931 2349 et
3956 2292 4153 2348 Paulus
4181 2313 4193 2345 :
4226 2311 4243 2343 ‹
4280 2291 4409 2352 Nos.

2809 2390 2986 2459 'mquit
3013 2431 3028 2455 ,
3076 2390 3445 2460 praedicamus
3480 2387 3760 2445 Christum
3813 2386 4135 2442 crucifixum
4160 2425 4174 2450 ,
4213 2382 4415 2439 Jud:eis

2809 2481 3029 2551 quidem
3096 2481 3413 2535 scandalum
3455 2521 3469 2545 ,
3540 2479 3791 2549 gentibus
3864 2485 4044 2531 autem
4123 2474 4413 2528 stultitiam

2811 2573 2863 2643 (1
2891 2572 3012 2627 Cor.
3052 2575 3112 2639 ι).
3142 2592 3165 2637 ⁴ι
3201 2571 3306 2626 Sed
3349 2570 3566 2641 gentilis
3598 2568 3827 2640 populus
3858 2569 3999 2621 hanc
4028 2566 4214 2620 divisit
4256 2563 4415 2634 quasi

2812 2663 3085 2719 nascendo
3130 2664 3424 2719 maceriam
3452 2704 3465 2725 ,
3499 2678 3621 2717 cum
3672 2676 3768 2729 per
3797 2658 4109 2715 Cornelium
4140 2656 4415 2711 centurio-

2811 2768 2933 2807 nem
2983 2753 3227 2820 aliosque
3278 2753 3416 2821 (Act.
3466 2756 3561 2821 ιι),
3621 2750 3892 2819 primitias
3944 2749 4107 2812 fidei,
4158 2747 4418 2817 baptismi

2812 2836 3115 2905 suscipiens
3141 2838 3443 2900 lavacrum,
3476 2838 3574 2889 sub
3600 2835 3804 2889 Christi
3836 2834 4051 2887 titulum
4079 2833 4413 2887 convolavit.

2813 2930 2967 2984 lianc
2992 2930 3359 2984 alternitatem
3388 2929 3642 2982 nascendi
3675 2927 3783 2997 97
3815 2925 4201 2982 considerabat
4225 2923 4418 2979 beatus

2813 3019 3068 3084 Joannes,
3091 3036 3213 3075 cum
3233 3019 3540 3075 Judaeorum
3567 3020 3741 3073 turbis
3760 3018 3999 3086 undique
4015 3015 4420 3071 conﬂuentibus

2816 3112 3060 3166 diceret:
3105 3134 3121 3165 ι
3166 3113 3241 3166 Ne
3282 3114 3557 3182 emperitis
3596 3113 3780 3166 dicere
3826 3126 3839 3164 :
3889 3111 4105 3165 Patrem
4154 3110 4422 3163 habemus

2817 3204 3126 3268 Abraham;
3152 3206 3274 3259 dico
3301 3204 3447 3257 enim
3478 3203 3661 3266 vobis,
3694 3205 3821 3271 quia
3851 3213 4044 3271 potens
4072 3213 4155 3257 est
4182 3202 4326 3255 Deus
4353 3202 4422 3254 de

2738 3271 2784 3332 Ο
2818 3296 3219 3367 lapidibnsistis
3245 3296 3510 3349 suscitare
3536 3294 3675 3347 filios
3696 3294 3929 3347 Abrahae
3948 3291 4141 3362 (Marc.
4169 3291 4272 3359 ιιι).
4297 3310 4315 3342 ι
4341 3289 4421 3345 Ac

2818 3389 2861 3444 si
2889 3396 3141 3457 patenter
3167 3387 3311 3441 dicat
3341 3405 3352 3439 :
3386 3385 3629 3441 Gentiles
3658 3384 3872 3455 populi,
3896 3384 3988 3453 qui
4019 3382 4228 3453 lapides
4255 3392 4384 3438 sunt

2817 3479 2941 3549 quia
2966 3479 3172 3549 lapides
3197 3478 3404 3542 colunt,
3436 3478 3779 3547 primogeniti
3805 3476 3964 3532 vobis
4006 3481 4137 3531 flent
4164 3476 4230 3530 ad
4264 3490 4419 3545 rege-

2816 3570 3117 3624 nerationis
3146 3581 3201 3624 et
3220 3566 3372 3624 no'va:
3394 3570 3583 3637 gratiae
3605 3577 4036 3634 sacramentum;
4066 3584 4297 3639 quorum
4324 3583 4423 3623 vos

2816 3659 3490 3731 perlegaleseaeremonias
3503 3660 3833 3715 videbamini
3850 3660 4087 3715 tenuisse
4099 3658 4416 3729 primatum.

3394 3751 3623 3811 CAPUT
3664 3750 3859 3809 XXXI.

3072 3844 3139 3903 In
3166 3863 3403 3903 rerumne
3436 3848 3500 3901 de
3540 3846 3601 3903 S.
3638 3845 3779 3903 Luca
3810 3849 4148 3920 evangelista.

2903 3956 2921 3989 ι
2955 3936 3125 3992 Jnssit
3176 3937 3373 4005 Joseph
3432 3937 3737 4000 ministris,
3788 3946 3849 3993 ut
3893 3937 4183 4009 implerent
4236 3949 4426 3992 saccos

2821 4025 3026 4089 tritico,
3058 4035 3113 4081 et
3139 4034 3465 4097 reponerent
3509 4027 3766 4096 pecunias
3796 4026 4135 4098 singulorum
4162 4027 4215 4081 in
4248 4026 4427 4081 saccis

2821 4116 2937 4169 suis
2971 4111 3126 4185 (Gen.
3169 4114 3337 4185 κων).
3374 4135 3392 4166 ι
3426 4114 3557 4182 Qua:
3599 4131 3832 4186 namque
3881 4125 4007 4171 sunt
4056 4114 4239 4186 fruges
4290 4131 4429 4184 quas

2818 4206 3017 4277 Joseph
3051 4208 3314 4262 fratribus
3345 4208 3593 4274 contulit,
3627 4208 3729 4261 nisi
3762 4208 4073 4277 evangeliea
4107 4207 4430 4277 aposloliea-

2818 4310 2927 4369 que
2966 4296 3233 4361 doctrina,
3262 4298 3405 4353 unde
3435 4298 3686 4353 videlicet
3723 4300 3973 4355 esuriens
4000 4300 4228 4369 populus
4259 4299 4428 4363 vivat,

2819 4387 2963 4441 unde
2989 4402 3121 4458 grex
3153 4386 3353 4442 Christi
3380 4388 3613 4443 viventia
3639 4388 3829 4444 salutis
3852 4389 4111 4445 alimenta
4138 4389 4431 4459 decerpat?

2822 4476 2948 4530 Haec
2979 4476 3067 4530 illa
3100 4476 3257 4546 plane
3290 4486 3373 4531 est
3405 4478 3651 4545 pecunia,
3684 4494 3847 4547 quam
3888 4480 3941 4532 in
3970 4494 4064 4533 ore
4110 4478 4255 4533 sacci
4291 4494 4429 4549 pra:-

2821 4565 2967 4633 cepit
2996 4565 3198 4634 imponi
3226 4581 3241 4629 ;
3274 4566 3389 4620 lucc
3414 4567 3643 4635 pecunia
3676 4582 3821 4621 nunc
3852 4566 3903 4621 in
3954 4567 4210 4622 Ecclesia:
4242 4582 4428 4623 mensa

1120 4642 1310 4696 labore
1343 4643 1656 4709 lassessere,
1688 4648 1782 4700 sed
1814 4648 1991 4715 potius
2017 4650 2169 4702 firma
2204 4665 2297 4719 spe
2321 4651 2386 4705 de
2422 4652 2575 4723 regni
2602 4666 2714 4706 ca:-
2746 4627 2792 4685 ί)
2819 4654 3156 4723 proponitur,
3192 4665 3247 4708 ut
3271 4670 3434 4709 usura
3462 4657 3805 4723 postmodum
3839 4673 3867 4709 a
3895 4656 4320 4727 negotiatoribus
4346 4674 4430 4713 re-

1122 4731 1276 4787 !estis
1303 4736 1825 4805 appropinquatioue
1858 4740 2097 4792 animum
2130 4741 2402 4795 roborate.

1195 4819 1457 4888 Quaesivit
1489 4833 1673 4878 autem
1700 4841 1820 4879 eam
1857 4825 2023 4882 Judas
2053 4828 2105 4881 in
2148 4829 2313 4893 bivio,
2346 4831 2438 4884 sed
2473 4830 2718 4888 invenire

1122 4927 1233 4967 non
1261 4915 1467 4982 putuit;
1492 4915 1617 4982 quia
1665 4931 1785 4982 qua:
1817 4915 1869 4968 iu
1914 4917 2148 4985 publico,
2178 4917 2332 4985 juxta
2364 4918 2714 4989 Propheta"),

1119 5010 1182 5058 et
1200 5003 1299 5056 sub
1324 5004 1471 5058 omni
1494 5004 1639 5074 ligno
1656 5004 1913 5059 frondoso
1936 5006 2113 5061 fuerat
2136 5024 2262 5076 pros
2292 5009 2425 5061 ituta
2448 5008 2580 5079 (Jer.
2606 5010 2715 5073 ιιι),

1116 5092 1235 5163 jam
1265 5107 1323 5147 se
1355 5093 1407 5146 in
1436 5094 1595 5147 domo
1622 5104 1846 5164 paterna
1876 5137 1889 5162 ,
1927 5096 2026 5152 sub
2055 5096 2256 5152 Christi
2300 5099 2551 5153 videlicet
2593 5115 2720 5154 eon-

1123 5185 1427 5239 strinxerat
1449 5186 1763 5255 disciplina;
1796 5204 1896 5241 nec
1917 5203 2036 5242 eam
2062 5190 2267 5257 peccati
2301 5192 2504 5259 reperit
2531 5208 2719 5260 expro-

1123 5272 1342 5337 bratio,
1394 5288 1555 5342 quam
1618 5273 1975 5330 confessionis
2026 5288 2330 5331 mutaverat
2391 5280 2713 5334 amaritudo.

1124 5362 1418 5416 \‘iduitatis
1461 5379 1519 5418 se
1549 5366 1792 5419 vestibus
1825 5368 2030 5430 induit,
2058 5369 2184 5436 quia
2216 5379 2412 5436 praeter
2440 5370 2716 5426 cmlestem

1126 5452 1424 5519 Sponsum,
1457 5454 1548 5524 qui
1579 5470 1676 5524 pro
1714 5471 1773 5508 ea
1804 5466 2051 5511 mortuus
2081 5466 2185 5522 est,
2224 5460 2455 5513 alterum
2492 5475 2597 5514 non
2628 5463 2719 5515 at!-

1126 5544 1316 5598 mittit.
1345 5542 1498 5611 Quod
1547 5555 1725 5598 autem
1766 5546 1967 5614 gemini
2004 5560 2373 5617 apparuerunt
2425 5550 2477 5603 in
2530 5561 2715 5615 utero,

1124 5633 1235 5686 duo
1269 5642 1396 5687 sunt
1434 5634 1615 5703 populi
1648 5636 1699 5689 in
1748 5635 2001 5691 Ecclesiae
2031 5638 2235 5707 gremio
2266 5656 2361 5708 per
2390 5642 2559 5695 sancti
2592 5641 2717 5712 Spi-

1127 5725 1265 5778 ritus
1296 5726 1527 5795 gratiam
1561 5727 1826 5797 generati.
1878 5727 1931 5781 ln
1981 5730 2094 5796 ipsa
2148 5744 2278 5783 vero
2323 5728 2585 5787 effusione
2626 5750 2723 5786 na-

1125 5817 1393 5879 scentium
1421 5857 1435 5885 ,
1471 5832 1610 5871 unus
1644 5835 1863 5875 manum
1897 5821 2139 5891 protulit,
2172 5829 2227 5873 et
2253 5821 2419 5893 ligato
2452 5826 2675 5882 coccino
2704 5871 2717 5893 ,

2821 4744 3093 4812 quiratur.
3144 4741 3253 4798 Sed
3288 4755 3344 4799 et
3392 4744 3672 4813 Benjamin
3722 4748 3826 4800 hoc
3876 4748 4039 4801 etiam
4070 4762 4185 4816 pra:
4216 4750 4431 4802 etetcris

2827 4836 3054 4898 additur,
3091 4846 3152 4890 ut
3196 4852 3356 4891 sacco
3396 4838 3515 4904 ejus
3554 4838 3718 4892 etiam
3761 4840 3998 4910 scyphus
4036 4856 4157 4896 cum
4197 4842 4429 4909 pecunia

2820 4933 3116 4995 reponatur
3147 4924 3366 4995 (Ibid.).
3389 4927 3561 4994 Quem
3592 4930 3735 4980 enim
3760 4926 3959 4997 .losepb
3990 4944 4086 4999 per
4113 4916 4428 4997 mysterium

2825 5016 3044 5080 iudicat,
3074 5015 3177 5070 nisi
3231 5016 3648 5087 Redempturem
3697 5027 3961 5083 nostrum,
3992 5035 4153 5087 quem
4192 5035 4290 5073 suo
4315 5018 4429 5089 jam

2822 5115 2950 5159 tunc
2972 5105 3059 5158 ille
3082 5107 3341 5176 mysterio
3368 5107 3784 5176 praefigurabal?
3818 5109 3909 5162 Ait
3933 5108 4077 5162 enim
4111 5108 4390 5177 Scriptura
4414 5128 4427 5163 :

2830 5212 2847 5243 ι
2886 5192 3022 5260 Quia
3074 5195 3241 5248 vertit
3271 5208 3468 5249 nomen
3526 5195 3668 5249 illius
3715 5196 3948 5261 Pharao,
3976 5206 4032 5251 et
4059 5199 4272 5251 vocavit
4304 5212 4429 5251 eum

2823 5285 3000 5355 lingua
3028 5286 3371 5356 Egyptiaca,
3423 5285 3759 5341 Salvatorem
3813 5287 3997 5340 mundi
4030 5284 4161 5355 (Cen
4214 5285 4349 5355 ut).
4408 5308 4426 5338 ι

2824 5372 2961 5440 Quid
2994 5390 3090 5443 per
3122 5376 3341 5439 fratres,
3388 5375 3489 5429 nisi
3540 5376 3715 5428 sancti
3765 5375 4119 5445 designantur
4164 5376 4429 5445 apostoli?

2823 5463 2962 5528 Quid
2992 5478 3090 5532 per
3114 5461 3418 5531 Beniamin,
3448 5465 3553 5519 nisi
3583 5464 3804 5529 Paulus,
3832 5465 3921 5533 qui
3951 5466 4019 5520 de
4052 5467 4194 5519 tribu
4236 5465 4431 5536 Benja—

2825 5554 2933 5605 tniu
2962 5554 3223 5622 originem
3254 5555 3443 5609 duxit?
3474 5554 3675 5610 Omnes
3706 5571 3834 5626 ergo
3858 5556 4055 5610 fratres
4086 5556 4265 5626 fruges
4291 5573 4431 5627 prte-

2824 5642 3110 5697 dieationis
3148 5645 3442 5711 accipiunt,
3491 5662 3626 5715 quas
3672 5662 3853 5700 serere
3894 5663 3989 5711 per
4028 5650 4284 5701 mundum
4332 5651 4429 5703 de~

2827 5736 3006 5797 beant,
3034 5745 3085 5790 et
3116 5739 3421 5807 pecuniam,
3465 5755 3627 5808 quam
3667 5742 3730 5791 ad
3760 5756 3935 5794 usurtc
3978 5740 4046 5791 lttt
4068 5756 4183 5794 rum
4220 5740 4269 5793 in
4303 5740 4428 5797 fidei

2828 5843 3011 5884 mensa
3049 5840 3372 5901 proponant.
3431 5832 3543 5885 Soli
3600 5846 3725 5886 vero
3776 5830 4059 5902 Brnjatuin
4108 5834 4271 5889 etiam
4304 5848 4425 5906 scy-
