5962 6454
1383 397 1520 454 1015

2303 402 2800 460 COLLECTANEA
2840 402 2906 458 IN
2947 402 3172 461 VETUS
3209 404 3747 466 TESTAMENTUM.

4497 403 4590 459 lilii

1379 511 1445 565 de
1471 513 1721 580 passroné
1744 529 1837 569 sua
1861 519 2119 583 loquitur,
2166 514 2384 568 dicens:
2417 534 2436 565 ι
2497 513 2652 570 Sicut
2699 515 2961 570 exaltavit
2989 521 3032 576 Α
3063 516 3299 569 occurrit
3323 518 3370 572 ei
3397 518 3653 573 Dominus
3673 528 3726 572 et
3754 517 3968 572 volebat
3994 517 4258 573 occidere
4277 531 4403 572 eum
4433 514 4589 582 (Exod.

1377 595 1590 670 Moyses
1634 613 1939 672 serpentem
1989 604 2041 656 in
2091 617 2294 662 eremo.
2340 603 2418 656 ita
2463 604 2689 658 exaltari
2747 613 2960 672 oportet

1378 692 1545 746 filium
1577 694 1806 747 hominis
1835 694 2029 762 (Joan.
2060 709 2117 748 ιιι
2138 697 2176 762 ).
2216 714 2234 746 ι
2268 694 2480 764 Moyses
2509 711 2638 764 ergo
2661 697 2960 763 virgamte-

1374 784 1514 844 nuit,
1545 783 1666 850 quia
1697 780 1954 836 Iudaicus
1997 785 2221 852 populus
2259 794 2385 837 ante
2442 785 2819 851 Dedemp‘oris
2865 785 2958 837 ad-

1379 883 1595 924 ventum
1625 873 1676 924 in
1701 873 1879 925 divina
1910 884 2171 940 poteslale
2196 876 2433 929 conﬁsus
2461 886 2540 930 est
2566 893 2578 937 ;
2612 877 2703 928 sed
2751 875 2955 942 virgam

1375 961 1428 1014 in
1460 971 1659 1014 terram
1692 959 1939 1029 proiecit,
1967 965 2091 1029 quia
2124 963 2262 1016 idem
2318 964 2544 1030 populus
2594 977 2690 1029 per
2718 963 2952 1030 patriar-

1372 1049 1504 1103 chas
1534 1064 1594 1103 ac
1624 1051 1913 1118 prophetas
1944 1050 2224 1104 Dominum
2250 1050 2637 1104 incarnandnm
2671 1066 2788 1104 esse
2814 1066 2950 1104 nun-

1375 1139 1548 1191 tiavit.
1583 1139 1743 1207 Virga
1772 1155 1902 1207 ergo
1926 1141 1974 1193 in
1999 1140 2276 1194 colubrmn
2301 1141 2550 1201 vertitur,
2584 1142 2705 1209 quia
2724 1141 2953 1193 Redem-

1366 1239 1492 1297 ptor
1514 1239 1698 1284 uoster
1723 1229 1866 1282 Deus
1922 1232 1973 1282 in
2031 1245 2089 1283 se
2137 1245 2462 1298 permanens
2512 1231 2755 1284 mortalis
2814 1232 2954 1283 inter

1371 1320 1616 1372 homines
1643 1319 1817 1373 factus
1840 1329 1920 1373 cst
1938 1337 1949 1372 :
1968 1321 2061 1374 sed
2083 1320 2290 1390 Moyses
2309 1320 2584 1375 colubrum
2616 1319 2953 1388 conspiciens

1368 1409 1646 1479 pertimuit
1671 1419 1725 1463 et
1759 1409 1912 1479 fugit,
1945 1412 2068 1480 quia
2099 1413 2354 1465 Iudaicus
2395 1413 2644 1479 populus,
2691 1412 2816 1464 dum
2850 1411 2951 1464 Re-

1366 1500 1699 1569 demptorem
1731 1502 1949 1555 humani
1977 1505 2191 1570 generis
2243 1503 2402 1556 talem
2447 1504 2578 1556 vidit
2629 1503 2948 1563 Dominum;

1366 1595 1588 1647 Credere
1619 1595 1771 1662 quasi
1813 1593 2190 1647 formidolosus
2213 1595 2449 1663 expavit.
2492 1593 2590 1647 Cui
2635 1593 2851 1658 iubetur
2893 1601 2953 1645 ut

1365 1683 1643 1738 colubrum
1669 1685 1837 1738 cauda
1865 1695 2060 1750 teneat,
2105 1686 2230 1754 quia
2279 1685 2516 1755 perfidus
2563 1684 2648 1736 ille
2697 1683 2947 1752 populus,

1365 1776 1456 1844 qui
1491 1777 1648 1829 modo
1699 1778 1920 1831 credere
1971 1786 2205 1840 recusat,
2236 1779 2287 1829 in
2318 1787 2558 1830 extrema
2591 1786 2740 1844 parte
2771 1776 2949 1830 Domi-

3061 607 3168 672 tv).
3205 626 3222 657 ι
3259 607 3448 661 Mirum
3482 610 3654 672 valde,
3687 625 3783 663 cur
3816 625 3938 663 eum
3965 617 4185 678 repente
4217 608 4471 662 Dominus
4491 609 4591 661 occi-

3059 697 3187 750 dere
3217 697 3449 752 voluisse
3473 701 3814 757 describitur.
3847 715 4005 768 quem
4033 708 4369 754 assecretem
4398 699 4488 751 sibi
4513 700 4589 765 jam

3058 799 3106 841 et
3134 803 3487 857 syiranyStem
3519 790 3853 844 familiariter
3879 791 4101 854 fecerat,
4124 793 4214 846 cui
4241 791 4449 846 consilii
4472 791 4591 845 snite

3056 879 3354 933 voluntatis
3390 895 3587 935 arcana
3633 883 3920 950 panderat,
3944 892 3998 936 et
4026 898 4166 936 nunc
4216 884 4272 937 in
4301 883 4591 937 exsecutione

3057 982 3165 1020 sine
3188 971 3508 1025 obedientire
3559 971 3842 1041 dirigebat.
3883 971 3988 1026 Sed
4034 973 4226 1039 procul
4281 972 4440 1026 dubio
4476 971 4590 1024 datur

3055 1060 3279 1130 intelligi
3304 1063 3430 1131 quia
3450 1063 3842 1131 quantumlibet
3865 1064 4094 1133 contagii
4126 1063 4403 1116 maculam
4423 1077 4481 1115 ex
4506 1061 4589 1114 diu-

3057 1158 3210 1203 turna
3230 1151 3639 1206 Madianitarum
3661 1153 4062 1209 cohabitatione
4084 1163 4457 1221 contraxerat,
4473 1161 4590 1221 atque

3055 1239 3258 1293 idcirco
3285 1249 3492 1294 terrore
3521 1255 3583 1295 ac
3611 1242 3950 1310 negligentia:
3966 1245 4312 1297 correctione
4334 1241 4590 1311 purgandus

3052 1341 3187 1394 erat,
3222 1333 3312 1400 qui
3368 1333 3701 1402 corrigendis
3733 1335 3853 1389 aliis
3909 1334 4208 1388 caelestium
4264 1333 4588 1388 mandatorum

3051 1419 3261 1487 bajulus
3289 1421 3596 1477 accedebat.
3647 1422 3799 1489 Quod
3828 1423 4030 1477 scilicet
4075 1439 4218 1477 uxor
4252 1424 4373 1492 ejus
4398 1421 4589 1489 Sephora

3052 1512 3348 1577 prudenter
3374 1512 3639 1568 intellexit
3679 1513 3744 1567 de
3787 1529 3891 1582 qua
3933 1512 4213 1581 Scriptura
4249 1513 4487 1582 protinus
4521 1509 4586 1561 ad-

3053 1602 3214 1654 didit:
3254 1620 3270 1653 ι
3302 1601 3444 1655 Tulit
3481 1603 3624 1658 illico
3655 1601 3896 1673 Sepliora
3926 1605 4297 1657 acutissimatn
4325 1613 4527 1671 petram.
4551 1607 4589 1650 et

3051 1694 3392 1747 circumcidit
3422 1696 3740 1763 prmputium
3773 1695 3864 1747 lilii
3888 1695 3967 1748 sui
4000 1694 4168 1762 (Ibid.
4196 1695 4236 1761 ).
4274 1714 4292 1746 ι
4329 1692 4585 1747 Absurdum

3050 1783 3247 1851 quippe
3284 1784 3484 1847 fuerat,
3516 1785 3559 1837 si
3595 1783 3866 1837 videretur
3895 1782 4110 1850 gentilis
4136 1785 4186 1834 in
4213 1782 4327 1834 tilio
4351 1779 4585 1847 quilsrae-

1364 1869 1470 1920 nici
1503 1870 1771 1936 corporis,
1806 1871 1855 1924 id
1879 1881 1985 1932 est,
2010 1870 2294 1938 posteriori
2326 1880 2568 1938 tempore
2601 1878 2805 1922 sancta:
2837 1869 2941 1920 Ιέες-
2977 1857 3020 1918 Β
3049 1872 3141 1924 lita
3181 1883 3295 1926 erat
3322 1876 3371 1926 in
3402 1875 3711 1942 semetipso.
3747 1874 3846 1939 Qui
3873 1889 3995 1943 erga
4027 1873 4161 1926 alios
4191 1873 4262 1925 ad
4298 1866 4587 1925 rectitudinis

1362 1958 1560 2017 clesiae,
1591 1960 1836 2012 videlicet
1863 1960 1914 2012 in
1948 1959 2050 2012 fine
2083 1961 2291 2024 mundi,
2319 1975 2435 2014 sese
2459 1959 2524 2012 ad
2573 1959 2731 2013 fidem
2774 1956 2942 2012 recol-

1363 2049 1498 2118 ligit.
1527 2049 1590 2103 Et
1615 2050 1896 2102 colubrum
1921 2051 2091 2104 cauda
2119 2060 2282 2115 tenet,
2313 2053 2437 2120 quia
2457 2067 2600 2115 eum,
2626 2065 2784 2120 quem
2801 2066 2938 2102 mor-

1363 2137 1522 2189 talem
1545 2147 1669 2191 ante
1691 2139 2027 2207 despexeral,
2058 2140 2471 2208 lledemptorem
2496 2154 2648 2193 suum
2676 2140 2726 2191 in
2753 2139 2938 2191 ultima

1352 2226 1464 2292 jam
1498 2237 1648 2295 parte
1671 2228 1925 2282 Ecclesiae
1972 2231 2276 2284 conlitetur.
2308 2232 2411 2283 Sed
2464 2245 2584 2283 mox
2621 2242 2845 2296 serpens
2887 2229 2939 2279 in

1361 2320 1566 2387 virgam
1596 2319 1756 2380 redit,
1790 2319 1914 2386 quia
1943 2321 2123 2373 statim
2157 2320 2471 2374 utiudaicus
2496 2318 2721 2388 populus
2752 2319 2801 2370 in
2839 2317 2940 2369 Re-

1359 2409 1690 2475 demptorem
1721 2417 1961 2460 nostrum
1991 2411 2300 2469 crediderit,
2333 2410 2470 2464 idem
2499 2410 2828 2476 Redemptor
2875 2410 2938 2461 ad

1351 2497 1618 2563 judicium
1657 2499 1705 2550 in
1731 2507 1995 2566 potestate
2022 2516 2129 2552 Siue.
2153 2501 2450 2555 divinitatis
2476 2513 2776 2569 apparebit,
2803 2511 2860 2551 ut
2894 2501 2938 2552 ci

1351 2589 1461 2656 jam
1486 2604 1707 2656 serpens
1743 2589 1884 2656 virga
1915 2589 2004 2653 sit,
2032 2592 2155 2658 quia
2185 2592 2227 2643 is
2263 2595 2350 2660 qui
2388 2594 2435 2644 in
2472 2603 2611 2644 terra
2657 2593 2816 2644 homo
2844 2592 2936 2642 dc-

1355 2694 1567 2753 spectus
1587 2693 1689 2747 est,
1716 2685 1780 2737 de
1803 2685 1937 2741 coelo
1960 2685 2179 2737 veniens
2211 2701 2371 2750 super
2410 2684 2626 2750 angelos
2674 2684 2941 2736 videbitur

1353 2774 1513 2826 Deus.
1549 2774 1849 2844 Sicutcrgo
1874 2775 2128 2828 Dominus
2159 2785 2209 2827 et
2241 2777 2345 2826 sine
2395 2775 2538 2841 lepra
2586 2775 2849 2841 lepr05us,
2885 2784 2938 2828 et

1353 2865 1471 2916 sine
1499 2878 1702 2918 veneno
1727 2879 1948 2931 serpens
1975 2880 2067 2931 per
2091 2863 2403 2932 my<tcrinm
2429 2865 2643 2923 dicitur,
2677 2865 2746 2915 ita
2781 2865 2937 2915 nihil-

1351 2953 1567 3005 ominus
1590 2962 1646 3004 et
1667 2956 1781 3006 sine
1810 2953 2058 3005 l'aluitate
2097 2953 2315 3013 stultus,
2347 2962 2401 3004 et.
2431 2953 2546 3004 sine
2567 2952 2938 3006 imbecillitate

1352 3041 1671 3109 perhibetur
1715 3044 1982 3108 inﬁrmus,
2024 3043 2148 3110 quia
2207 3043 2458 3095 nimirum
2517 3043 2594 3096 sic
2626 3059 2682 3096 se
2739 3054 2936 3097 nustra:

1356 3134 1658 3187 infirmitati
1693 3136 1966 3201 componit
1995 3146 2153 3202 atque
2182 3143 2572 3202 contemperat,
2622 3143 2681 3186 ut
2709 3145 2762 3187 et
2811 3152 2930 3187 rum

3045 1964 3184 2016 viam
3212 1965 3368 2017 debet
3399 1965 3692 2028 instruere,
3751 1965 3906 2020 valde
3931 1965 4231 2018 cavendum
4264 1971 4349 2018 est
4383 1978 4446 2016 ne
4487 1961 4582 2029 ipse.

3043 2057 3184 2124 quod
3231 2057 3391 2120 absit,
3452 2058 3502 2109 in
3554 2057 3734 2125 aliquo
3788 2059 4035 2111 videatur
4066 2087 4072 2092 -
4103 2071 4315 2110 errare.
4369 2054 4490 2107 Hinc
4528 2057 4584 2104 est

3043 2149 3188 2199 enim
3220 2149 3360 2214 quod
3398 2147 3723 2201 lsraeliticus
3756 2148 3980 2217 populus
4005 2147 4068 2200 ad
4102 2146 4463 2200 ulciscendum
4502 2155 4582 2194 sce-

3045 2241 3124 2292 lus
3153 2239 3426 2308 Benjamin
3449 2241 3563 2294 zelo
3589 2241 3922 2294 rectitudinis
3946 2239 4327 2298 inﬂammatur.
4371 2247 4422 2288 et
4449 2242 4580 2286 tainen

3045 2333 3183 2384 idem
3236 2333 3464 2401 p0pulus
3517 2330 3798 2398 Bcnjamin
3852 2329 4040 2401 gladiis
4080 2338 4202 2382 ante
4265 2323 4581 2397 prosternitur

3046 2423 3204 2488 (Jutl.
3233 2423 3353 2495 xx).

3647 2514 3872 2570 CAPle
3917 2515 4001 2568 Vl.

3045 2607 3110 2659 In
3136 2608 3445 2675 epistola-ad
3495 2606 3850 2674 Boni/arium,
3896 2607 3980 2658 ubi
4036 2605 4323 2675 diciturnt
4376 2591 4574 2651 exteriori

3208 2679 3497 2744 prudentia:
3523 2678 3669 2745 spirit
3680 2677 3811 2728 nalis
3839 2676 4089 2743 sapientia
4111 2674 4437 2741 pra'feratur.

3118 2787 3135 2818 ‹
3182 2766 3770 2834 Projcceruntmalelici
3797 2766 4170 2820 Pbaraonisin
4213 2774 4411 2817 terram
4437 2757 4572 2823 virgas

3042 2873 3188 2921 snas,
3221 2874 3338 2926 quze
3382 2874 3549 2913 versae
3589 2867 3714 2912 sunt
3770 2859 3822 2910 in
3861 2859 4150 2909 dracones:
4208 2852 4304 2906 sed
4343 2841 4570 2902 devoravit

3041 2948 3187 3014 virga
3204 2949 3383 2999 Aaron
3409 2948 3584 3016 virgas
3597 2963 3781 3000 eorum
3808 2946 3824 3014 (
3849 2943 4019 2997 Exod.
4045 2943 4169 3009 vn).
4203 2962 4222 2993 ι
4249 2939 4402 3008 Virga
4419 2934 4571 3003 quippe

3040 3038 3115 3088 Ar.
3129 3052 3220 3088 ron
3251 3037 3613 3091 maleficornm
3643 3036 3923 3090 absorbuit
3953 3035 4151 3102 virgas,
4183 3031 4313 3100 quia
4345 3019 4565 3094 sapienlia

3039 3123 3267 3186 Christi,
3323 3140 3484 3192 quam
3544 3125 3630 3178 illa
3683 3123 3952 3193 signabat,
4003 3135 4186 3176 omnes
4216 3119 4372 3187 hujus
4429 3106 4567 3164 mundi

1351 3225 1730 3278 dimicantibus
1753 3234 1924 3280 certet
1948 3236 2143 3280 etcum
2177 3226 2504 3294 patientibus
2530 3225 2780 3279 similiter
2808 3242 2931 3295 sup-
2959 3207 3003 3268 C
3036 3216 3949 3284 vapleltliasanttullavilmundique
3973 3215 4240 3282 sapientes
4255 3210 4333 3263 sui
4352 3196 4566 3271 corporis

1349 3315 1509 3385 plicia
1545 3315 1752 3370 toleret.

1954 3407 2181 3463 CAPUT
2222 3407 2307 3462 ιγ.

1844 3497 1908 3551 1η
1931 3499 2107 3551 eodem
2135 3515 2394 3552 sermone.

1433 3608 1448 3638 ι
1483 3588 1651 3653 Mitte,
1687 3589 1859 3658 inquit
1892 3590 2170 3648 Dominus.
2204 3606 2422 3643 manum
2450 3590 2501 3643 in
2555 3590 2730 3644 sinum
2761 3598 2930 3643 tuum.

1351 3679 1475 3746 Qui,
1506 3695 1626 3733 cum
1652 3680 1888 3734 misisset
1910 3681 1961 3733 in
1990 3680 2189 3744 sinum,
2220 3679 2440 3750 protulit
2470 3679 2738 3749 leprosum
2765 3680 2935 3732 instar

1345 3770 1507 3824 nivis.
1539 3770 1794 3835 lletralie,
1830 3770 1925 3833 ait,
1959 3786 2177 3824 manum
2211 3771 2262 3822 in
2291 3771 2666 3832 sinumtuum;
2705 3769 2934 3822 retraxit

1343 3868 1397 3914 οι
1424 3857 1644 3927 protulit
1670 3858 1884 3918 iterum,
1905 3868 1956 3912 et
1973 3869 2088 3913 erat
2104 3859 2292 3914 similis
2314 3861 2462 3914 carni
2480 3860 2697 3928 reliquae
2721 3855 2929 3928 (Exod.

1345 3951 1455 4017 tv).
1491 3969 1509 4000 ›
1547 3949 1683 4016 Quid
1714 3952 1815 4005 hoc
1843 3951 1960 4004 loco
1982 3967 2076 4019 per
2119 3967 2333 4005 manum
2373 3951 2542 4021 Moysi
2587 3952 2927 4022 designatur,

1342 4041 1447 4094 nisi
1467 4039 1637 4093 Filius
1679 4040 1811 4092 Dei?
1847 4039 1999 4094 Unde
2029 4041 2226 4095 dicitur
2256 4041 2308 4095 in
2337 4040 2572 4110 psalmo:
2616 4060 2633 4092 ‹
2669 4041 2792 4095 Fiat
2818 4057 2925 4095 ma-

1344 4143 1447 4180 nns
1480 4135 1592 4191 tua,
1628 4135 1687 4181 ut
1707 4127 1879 4182 salvet
1905 4142 1987 4182 me
2011 4128 2026 4195 (
2048 4127 2191 4182 Psal.
2217 4131 2446 4196 exuti);
2489 4148 2506 4180 ›
2538 4144 2601 4183 ac
2629 4130 2672 4182 si
2702 4130 2926 4184 diceret:

1343 4216 1465 4269 Fiat
1489 4216 1596 4280 ille,
1619 4231 1718 4285 per
1748 4218 1904 4288 103
1933 4232 2091 4285 quem
2116 4218 2257 4272 facta
2283 4228 2410 4272 sunt
2432 4220 2636 4281 omnia,
2669 4229 2746 4282 ut,
2799 4220 2924 4272 dum

1345 4305 1436 4360 ille
1457 4315 1696 4372 creatur,
1723 4315 1972 4360 creatura
2000 4325 2027 4360 a
2053 4317 2233 4362 reatus
2257 4309 2338 4362 sui
2361 4309 2613 4374 contagio
2644 4308 2922 4363 liberetur.

3039 3306 3178 3373 quod
3236 3317 3316 3358 est
3362 3306 3621 3369 Ecclesia,
3672 3303 3969 3358 visceribus
4013 3299 4270 3354 counivit.
4320 3295 4564 3348 Terrena!“

3042 3399 3223 3466 itaque
3250 3397 3573 3466 sapientiam
3604 3406 3843 3450 nostram
3890 3393 4151 3463 sapientia
4183 3381 4467 3458 spiritualis
4488 3375 4562 3430 ab-

3036 3488 3254 3543 sorbeat
3282 3503 3510 3557 eamque
3540 3486 3685 3541 velut
3734 3486 3788 3539 in
3821 3483 3905 3537 sui
3954 3480 4192 3550 corporis
4232 3488 4419 3532 arcana
4462 3478 4560 3520 con.

3038 3587 3231 3632 vertat.
3257 3577 3562 3632 Absurdum
3594 3587 3826 3642 namque
3851 3581 3934 3625 est
3976 3581 4031 3626 et
4078 3569 4213 3624 satis
4269 3562 4559 3642 inhonesluln

3035 3676 3096 3721 ut
3143 3666 3330 3721 eadem
3375 3664 3657 3735 prudentia
3699 3640 3997 3728 eademque
4026 3657 4294 3712 subtilitas
4322 3649 4464 3708 rebus
4487 3640 4557 3694 ad-

3035 3758 3286 3812 hibeatur
3333 3756 3583 3810 humanis
3609 3769 3728 3824 qua:
3779 3750 4148 3822 spiritualibus
4185 3741 4488 3816 impenditur
4517 3739 4556 3784 el

3033 3850 3249 3905 divinis.

3529 3937 3686 4009 ιοε
3719 3933 3944 3992 CAPUT
3986 3929 4093 3985 vn.

3032 4051 3110 4106 De
3136 4055 3310 4107 decem
3334 4050 3504 4122 plagis
3536 4047 3773 4122 AZ'gypti,
3823 4046 3875 4099 in
3903 4040 4120 4112 epistola
4173 4038 4240 4091 ad
4284 4024 4548 4100 discipulum

3667 4118 3945 4171 Joannem.

3102 4214 3277 4283 Plagze
3341 4221 3520 4266 autem
3577 4209 3731 4262 facta:
3784 4207 3834 4259 in
3876 4203 4127 4274 Egypto,
4169 4200 4288 4270 quia
4344 4195 4547 4283 humana:

3028 4279 3224 4358 animze
3265 4305 3315 4356 in
3359 4303 3555 4356 mundo
3611 4298 3923 4367 inlliguntur
3971 4293 4209 4346 Vulnera.
4264 4285 4405 4351 Unde
4445 4279 4545 4367 (Ιιιίξί

1350 4395 1476 4449 Haec
1499 4411 1688 4448 manus
1713 4397 1765 4448 in
1793 4397 1912 4449 sinu
1945 4396 2120 4451 Patris
2148 4408 2251 4461 est,
2286 4399 2424 4450 sicut
2451 4397 2689 4482 Joannes
2739 4398 2924 4468 Dapti-
3027 4397 3194 4464 plang
3230 4393 3443 4446 fuerit!"
3486 4400 3563 4444 ιοῑ
3593 4396 3859 4457 [διποθβῑθ
3897 4393 4020 4437 ειιυι
4068 4380 4316 4479 άίνίηίίιξε
4355 4360 4544 4482 P'f’f'ﬂ:

1341 4496 1428 4541 sta
1468 4487 1624 4542 dicit:
1668 4506 1686 4536 ‹
1725 4489 1909 4552 Filius,
1937 4491 2022 4555 qui
2051 4502 2129 4542 est
2158 4493 2209 4543 in
2247 4490 2364 4543 sinu
2398 4490 2593 4553 Patris,
2625 4492 2737 4560 ipse
2764 4507 2922 4544 enar-

3025 4457 3149 4557 gata
3179 4494 3257 4547 ut,
3285 4493 3409 4552 quot
3445 4493 3572 4536 sunt
3634 4479 3852 4531 vulnera
3903 4474 4084 4529 cordis
4113 4470 4313 4540 aegroti,
4371 4457 4544 4514 totidem

1347 4576 1491 4629 ravit
1522 4573 1715 4646 (Joan.
1748 4576 1822 4644 t).
1859 4595 1876 4628 ι
1911 4575 2016 4632 Sed
2049 4593 2237 4631 manus
2263 4579 2377 4632 lucc
2403 4594 2524 4632 cum
2551 4581 2615 4633 de
2644 4558 2762 4633 sinu
2795 4596 2919 4648 pro-
2954 4558 2999 4614 Ῐ)
3026 4580 3135 4630 sint
3166 4575 3556 4628 medicamenta
3583 4585 3699 4638 qua:
3725 4567 3796 4621 illi
3829 4566 4038 4619 valeant
4065 4559 4324 4616 adhiberi.

1341 4667 1451 4720 lata
1487 4676 1591 4732 est,
1622 4667 1723 4720 hoc
1744 4675 1845 4730 est,
1877 4681 1998 4721 cum
2030 4683 2126 4736 per
2181 4669 2497 4737 mysterium
2530 4669 2922 4724 incarnationis

1340 4757 1612 4827 apparuit,
1637 4766 1974 4826 peccatorem
2003 4773 2125 4812 eum
2153 4767 2208 4812 et
2233 4768 2488 4829 tanquam
2533 4759 2754 4814 sceleris
2779 4761 2922 4830 lepra

1341 4848 1617 4913 perfusum
1661 4847 1728 4910 is,
1761 4848 1901 4901 unde
1935 4858 2293 4917 processerat,
2337 4850 2568 4918 papulus
2614 4851 2921 4904 aestimavit.

1345 4935 1497 4991 Unde
1545 4937 1676 4990 dicit
1723 4938 1920 4992 Isaias:
1953 4956 1970 4988 α
2024 4939 2090 4992 Et
2129 4954 2227 4993 nos
2278 4941 2587 5008 putavimus
2618 4955 2740 4994 cum
2773 4941 2924 5007 quasi

1339 5025 1634 5095 leprosum,
1665 5036 1718 5082 et
1747 5043 2055 5097 percussmn
2081 5045 2109 5083 a
2143 5030 2274 5094 Deo,
2301 5041 2356 5084 et
2382 5030 2742 5084 lmmilitalum
2777 5030 2916 5099 (lsa.

1337 5133 1431 5172 uti
1451 5119 1490 5187 ).
1531 5138 1551 5170 ι
1581 5117 1684 5172 Sed
1718 5135 1907 5174 manus
1932 5121 2044 5176 huic
2077 5138 2198 5176 cum
2225 5123 2276 5176 in
2302 5123 2480 5176 sinum
2501 5123 2678 5185 rediit,
2716 5123 2920 5190 lepram

1338 5224 1564 5278 prorsus
1594 5211 1804 5273 amisit,
1858 5211 1986 5280 quia
2022 5212 2350 5283 Redemptor
2398 5225 2602 5280 noster,
2633 5225 2919 5284 postquam

1337 5299 1402 5350 ad
1421 5297 1658 5365 Patrem,
1685 5301 1894 5355 calcato
1918 5304 2109 5356 mortis
2135 5305 2376 5373 imperio,
2391 5306 2572 5370 rediit,
2597 5306 2708 5373 jam
2734 5307 2788 5359 in
2816 5307 2921 5358 line

1337 5389 1519 5443 σπουιί
1543 5406 1646 5444 ηοη
1688 5404 1937 5461 peccator
1959 5395 2142 5460 homo,
2173 5395 2267 5450 sed
2315 5411 2441 5451 vere
2469 5398 2608 5453 Deus
2647 5407 2703 5453 et
2757 5399 2920 5454 homo

1340 5475 1535 5534 Judmis
1560 5483 1807 5538 omnibus
1839 5488 2137 5555 apparebit.

1983 5575 2210 5634 CAPUT
2252 5580 2317 5650 v.

1613 5661 1680 5717 In
1705 5665 1918 5733 epistola
1943 5667 2011 5718 ad
2043 5670 2317 5723 canonicos
2351 5666 2636 5723 Fortenses.

1419 5770 1437 5807 ε
1472 5766 1712 5825 cumque
1755 5764 1902 5811 esset
1938 5757 1989 5810 in
2042 5757 2232 5813 itinere
2279 5759 2329 5813 in
2361 5760 2660 5815 diversorio
2695 5758 2919 5831 Moyses.

3097 4670 3209 4736 Age
3237 4666 3428 4734 igitur;
3461 4661 3634 4730 prima
3665 4659 3819 4728 plaga
3858 4665 3941 4710 est
3977 4669 4098 4707 cum
4130 4665 4277 4720 aqua:
4313 4641 4542 4736 verm-nlui

3029 4759 3081 4812 in
3109 4729 3424 4823 sanguinem
3464 4729 3492 4824 ί(
3511 4752 3682 4806 Exod.
3708 4766 3780 4804 vn
3798 4749 3838 4819 ).
3863 4747 4032 4802 Porro
4078 4753 4252 4798 autem
4281 4741 4383 4794 ista!
4409 4729 4538 4824 plus

3030 4863 3134 4900 non
3161 4821 3294 4898 [lunt
3328 4843 3427 4898 nisi
3455 4821 3506 4896 in
3534 4841 3789 4912 IEgypto,
3823 4839 3874 4893 id
3893 4846 3992 4900 est,
4029 4838 4080 4889 in
4107 4833 4265 4888 corde
4310 4821 4538 4881 tenebroso

3031 4947 3084 4991 et
3107 4937 3337 5007 caligine
3358 4935 3618 4991 caecitatis
3643 4945 3918 5002 oppresso.
3957 4927 4051 4982 Cui
4083 4927 4281 4982 scilicet
4303 4921 4538 4987 aquteCOﬂ'

3034 5040 3316 5084 vertuntur
3345 5030 3397 5082 in
3431 5026 3768 5097 sanguinem,
3803 5038 3926 5077 cum
3959 5035 4099 5077 cmca
4132 5031 4298 5078 mens,
4330 5009 4535 5080 quantum

3031 5122 3095 5174 ad
3127 5136 3204 5184 se,
3252 5120 3533 5174 confundit
3585 5133 3648 5171 ac
3677 5115 3841 5169 violat
3891 5121 4050 5165 recta:
4097 5109 4214 5162 fidei
4264 5097 4530 5174 puritatem;

3029 5212 3168 5266 sicut
3194 5211 3333 5264 enim
3362 5224 3456 5278 per
3487 5222 3682 5275 aquam
3708 5218 3895 5257 omnes
3915 5201 3982 5255 de
4009 5197 4297 5253 visceribus
4317 5198 4448 5248 terra!

3029 5311 3179 5370 getes
3201 5275 3486 5368 prodeunt,
3541 5297 3621 5351 sic
3666 5311 3734 5349 ex
3765 5294 3870 5348 fide
3909 5289 4207 5360 spiritualia
4249 5275 4534 5373 proferttﬂllii

3031 5366 3283 5445 alimenta
3317 5391 3596 5444 virtutum.
3627 5386 3778 5440 Tunc
3837 5384 3997 5453 igitur
4033 5395 4166 5449 aqua
4198 5380 4247 5430 in
4279 5366 4529 5437 summa“

3035 5484 3282 5544 vertitur,
3307 5495 3428 5534 cum
3459 5480 3703 5532 cmcitate
3729 5474 3962 5546 perﬁdia:
3992 5487 4088 5526 cor
4115 5469 4358 5536 insipiens
4387 5455 4530 5546 obfc'l'

3036 5584 3206 5628 ratur.
3239 5542 3390 5628 Sicut
3418 5573 3484 5624 de
3537 5542 3858 5640 quibusdam
3911 5565 4036 5619 dicit
4067 5561 4364 5632 ΛΡ⁰³¹⁰¹¹¹⁵²
4397 5542 4529 5648 boni:

3035 5681 3155 5720 cum
3208 5665 3584 5736 cognovissent
3635 5663 3938 5723 Dominum.
3987 5673 4089 5711 "0“
4136 5655 4271 5709 5m“
4311 5640 4529 5736 "(immuni

3039 5757 3493 5829 gloriﬁcaverunt,
3521 5765 3610 5810 aut
3637 5753 3839 5823 gratias
3865 5758 4105 5820 egerunt,
4144 5746 4233 5801 scd
4265 5723 4528 5799 cvanucl'um
