5962 6432
1088 409 1248 470 ιοιτ

2386 398 2454 455 IN
2494 396 2754 453 LIBRUM
2786 397 3007 454 EXODl.

4266 397 4404 451 i018

1091 522 1158 580 in
1194 519 1625 593 cogitationibus
1656 517 1800 584 suis;
1832 525 1887 573 et
1943 520 2289 573 obscuratum
2320 527 2405 572 est
2434 518 2693 587 insipiens
2722 519 2772 577 A
2798 519 2925 588 quia
2957 518 3000 572 si
3040 516 3277 587 Spiritus
3304 524 3524 572 sanctus
3556 517 3850 585 requiescit
3883 515 4261 571 tantummodo
4308 533 4404 572 su-

1093 630 1205 669 cor
1249 627 1437 666 eorum
1470 610 1657 681 (Rom.
1698 614 1772 677 l).
1809 629 1827 661 ι
1876 609 1971 663 Cui
1998 610 2185 679 primae
2209 610 2396 678 plagte,
2448 610 2551 663 hoc
2598 618 2697 670 est,

1094 700 1569 771 pestilentissimo
1603 698 1837 762 vulneri,
1861 715 1985 753 mox
2012 700 2299 752 adhibetur
2346 700 2504 767 primi
2539 696 2705 749 medi-

1098 794 1240 847 cina
1264 792 1544 861 prmcep'ti:
1579 808 1597 841 ι
1632 790 1794 854 Audi,
1843 790 2025 854 Israel,
2082 790 2343 844 Dominus
2387 790 2531 842 Deus
2582 798 2703 841 tuus

1098 883 1261 937 Deus
1289 898 1425 935 llltUS
1453 890 1537 935 est
1565 880 1754 951 (Deut.
1782 881 1891 951 vt).
1914 901 1931 931 ι
1965 881 2076 935 Hoc
2097 892 2181 935 est
2207 884 2351 935 enim
2383 881 2704 935 medicinale

1096 973 1416 1034 vinculum,
1450 988 1557 1039 quo
1602 972 1839 1041 perfidiae
1881 971 2075 1025 vulnus
2112 972 2307 1025 debeat
2369 972 2597 1040 alligari,
2646 980 2705 1024 ut

1099 1061 1217 1115 hoc
1245 1061 1472 1113 audiens
1504 1075 1668 1113 unum
1716 1061 2058 1114 solummodo
2112 1061 2280 1114 Deum
2340 1060 2486 1114 colas
2549 1069 2602 1113 et
2650 1060 2703 1113 in

1097 1153 1300 1223 plures
1336 1153 1474 1208 Deos
1517 1155 1902 1209 marcescentis
1932 1156 2171 1222 perfidiae
2214 1156 2555 1225 putredinem
2595 1170 2703 1209 non

1100 1241 1385 1297 eﬂ‘undas.
1420 1243 1484 1296 Et
1507 1244 1652 1312 justo
1678 1242 2020 1310 Deijudicio,
2048 1244 2202 1311 juxta
2236 1246 2471 1301 litteram
2498 1245 2704 1300 factum

1040 1326 1049 1339 ’
1101 1344 1198 1390 est
1232 1345 1286 1389 ιιι
1319 1336 1464 1389 illius
1518 1334 1662 1388 ﬂuvii
1693 1338 1955 1406 sanguine
1986 1346 2303 1406 putarentur
2352 1336 2611 1409 Egyptii,
2649 1338 2703 1390 in

1102 1440 1226 1494 quo
1254 1425 1507 1493 primitus
1528 1423 1679 1491 pueri
1707 1427 2047 1480 necabantur
2068 1426 2301 1481 Hebraei.

1188 1512 1442 1567 Secunda
1494 1529 1623 1567 vero
1686 1514 1863 1583 plaga,
1929 1529 2184 1568 ranarum
2254 1524 2346 1583 est.
2376 1516 2704 1571 abundantia

1107 1599 1332 1669 (Exod.
1370 1603 1523 1669 Vill).
1556 1600 1707 1654 Rana
1738 1600 2036 1655 clamosum
2060 1610 2145 1656 est
2178 1604 2400 1667 animal,
2431 1613 2479 1656 et
2527 1604 2581 1657 in
2640 1604 2705 1658 li-

1103 1689 1289 1744 mosis
1320 1687 1649 1743 vociferatur
1674 1704 1739 1743 ex
1762 1704 1913 1745 more
1937 1691 2248 1760 paludibus;
2278 1694 2366 1748 cui
2395 1692 2601 1747 similes
2619 1693 2707 1762 ju-

1106 1779 1375 1833 dicantur
1418 1780 1655 1833 haeretici
1707 1796 1771 1835 ac
1825 1782 2155 1850 philosophi,
2213 1784 2303 1852 qui
2349 1785 2495 1838 velut
2545 1800 2708 1855 super

2806 628 2902 681 per
2948 612 3074 679 qnie
3103 627 3231 675 um,
3283 625 3414 679 ergo
3458 609 3659 664 deserit
3710 609 4032 677 inquietum.
4088 609 4404 672 Enimvero,

2807 702 2946 755 sicut
2967 702 3262 755 secundum
3286 710 3614 768 praeceptum
3641 702 3874 753 refertur
3886 702 3951 753 ad
3969 700 4009 753 F
4015 700 4189 760 ilium,
4215 700 4285 752 ita
4302 700 4407 754 hoc

2807 794 3025 847 tertium
3050 792 3283 860 pertinet
3310 792 3375 844 ad
3410 790 3671 859 Spiritum
3699 800 3972 852 sanctum,
4001 790 4091 858 qui
4122 784 4403 843 nihilomi-

2808 897 2910 935 nus
2940 884 3095 934 tertia
3144 890 3229 934 est
3257 881 3309 933 in
3341 890 3526 933 sancta
3562 879 3827 934 Trinitate
3876 894 4129 949 persona.
4174 878 4309 931 Nam
4354 885 4409 931 ει

2808 969 2953 1023 illam
3006 970 3218 1023 tertiam
3268 971 3481 1039 plagam
3532 967 3753 1038 Spiritui
3802 980 3990 1025 saneto
4039 970 4408 1023 incantato‘res

2808 1061 3108 1121 ascribunt.
3133 1076 3257 1115 cum
3285 1070 3338 1115 ct
3362 1062 3462 1129 ipsi
3489 1061 3734 1129 ciniphes
3756 1061 3997 1113 excitare
4022 1076 4129 1113 non
4157 1067 4405 1129 possunt,

2808 1151 3048 1205 dicentes
3076 1151 3140 1204 ad
3166 1150 3502 1204 Pharaonem
3529 1166 3543 1203 :
3581 1168 3599 1201 ι
3629 1150 3836 1219 Digitus
3859 1150 3952 1204 Dei
3981 1159 4066 1205 est
4095 1151 4184 1205 hic
4204 1150 4408 1217 (Exod.

2807 1241 2968 1309 vni).
3030 1260 3049 1292 ι
3099 1242 3180 1295 Ad
3230 1242 3517 1297 colendum
3570 1244 3675 1298 hoc
3734 1242 4021 1296 sabbatum
4076 1242 4407 1312 discipulum

2809 1346 2964 1385 suum
2992 1333 3322 1401 provocabat
3349 1334 3657 1403 Apostolus,
3683 1349 3807 1389 cum
3834 1334 4049 1388 dicebat
4074 1352 4086 1386 :
4121 1352 4139 1383 ι
4172 1332 4409 1388 Attende

2808 1419 3027 1476 lectioni
3060 1431 3113 1476 et
3142 1423 3402 1478 doctrina:
3439 1424 3489 1487 (1
3524 1424 3658 1477 Tim.
3692 1424 3753 1494 ι).
3795 1443 3814 1476 ι
3862 1424 3930 1478 Ει
3981 1422 4147 1477 alibi:
4188 1442 4207 1475 ι
4241 1424 4409 1478 Orate

2811 1510 2927 1565 sine
2967 1511 3371 1566 intermissione
3401 1513 3455 1582 (1
3498 1512 3677 1567 Thess.
3712 1514 3788 1584 v).
3828 1534 3847 1566 ι
3896 1514 3979 1568 Ad
4007 1514 4166 1583 hujus
4200 1513 4411 1569 sabbati

2810 1600 3012 1653 cultum
3069 1600 3331 1656 Dominus
3388 1613 3487 1657 nos
3553 1613 3814 1673 provocat
3875 1618 3973 1674 per
4035 1604 4354 1673 prophetam
4394 1645 4410 1669 ,

2812 1703 2933 1741 cum
2963 1688 3135 1743 dicit:
3172 1707 3190 1739 ι
3239 1687 3443 1745 Vaeate
3490 1700 3547 1745 et
3592 1692 3793 1757 videte,
3836 1692 4093 1759 quoniam
4142 1707 4244 1762 ego
4291 1707 4413 1747 sum

2813 1778 3071 1833 Dominus
3099 1778 3270 1851 (Ρσαι.
3301 1781 3449 1851 ην).
3485 1800 3503 1833 ι
3552 1783 3630 1837 Ac
3657 1784 3700 1835 si
3752 1783 3935 1837 dicat:
3961 1782 4257 1853 Spirituale
4285 1783 4415 1838 sab-

1100 1870 1342 1940 paludes
1374 1871 1613 1934 limosas,
1644 1871 1747 1925 hoc
1770 1881 1853 1926 est
1901 1872 2045 1927 inter
2075 1872 2260 1928 turbas
2310 1873 2566 1943 squalore
2592 1889 2710 1942 ρει·-
2742 1860 2784 1917 Β
2814 1870 3001 1925 balum
3054 1873 3235 1939 colite,
3294 1874 3597 1943 vagationis
3646 1876 4077 1943 inquietudinem
4103 1875 4363 1930 'deritate
4392 1892 4407 1937 ;

1102 1958 1257 2013 fidire
1280 1960 1550 2024 sordidas,
1588 1960 1742 2014 vanis
1771 1962 2032 2016 adversus
2044 1961 2321 2017 Christum
2343 1964 2712 2020 vociferantur

1100 2046 1404 2117 obloqniis,
1437 2057 1511 2111 et,
1553 2048 1679 2101 dum
1707 2063 1801 2116 per
1824 2061 2140 2120 argumenta
2188 2050 2414 2105 fallacia:
2440 2066 2545 2105 non
2579 2053 2715 2107 desi-

1100 2148 1252 2191 nunt
1281 2138 1603 2206 importunis
1628 2141 1837 2208 garrire
1884 2140 2233 2203 clamoribus,
2283 2142 2441 2195 inane
2492 2142 2712 2211 quidem

1102 2228 1165 2281 in
1201 2228 1426 2283 auribus
1477 2229 1715 2291 tredinm,
1757 2230 1850 2285 sed
1894 2232 2101 2285 nullum
2158 2234 2429 2286 mentibus
2486 2226 2708 2287 vivendi

1106 2316 1353 2371 afferunt
1398 2317 1596 2371 cibum.
1623 2318 1721 2373 Cui
1753 2319 1961 2381 morbo,
1991 2322 2079 2389 qui
2135 2320 2383 2376 videlicet
2446 2323 2497 2375 in
2530 2324 2710 2377 anima

1106 2404 1391 2460 lethaliter
1416 2407 1592 2471 srevit,
1618 2409 1913 2463 secundum
1957 2419 2287 2479 praeceptum
2313 2420 2571 2479 tanquam
2617 2428 2712 2481 po-

1108 2497 1296 2549 culum
1327 2496 1513 2551 salutis
1538 2500 1795 2553 occurrit.
1830 2500 2141 2555 Secundum
2174 2514 2352 2556 autem
2379 2511 2708 2572 praeceptum

1108 2598 1225 2643 est:
1267 2608 1285 2639 ι
1320 2590 1432 2641 Non
1483 2606 1724 2645 assumes
1781 2608 1981 2645 nomen
2039 2592 2253 2648 Domini
2292 2594 2384 2646 Dei
2423 2595 2497 2647 tui
2533 2595 2583 2647 in
2619 2610 2711 2648 va-

1051 2728 1055 2733 .
1111 2694 1246 2733 num
1277 2680 1482 2747 (Exod.
1518 2685 1641 2749 xx).
1697 2701 1715 2733 ι
1772 2683 1826 2736 In
1865 2700 2060 2737 vanum
2120 2700 2353 2753 namque
2380 2685 2580 2740 Christi
2617 2704 2711 2740 uo-

1111 2784 1241 2824 men
1274 2772 1501 2824 assumit
1544 2772 1634 2840 qui
1663 2788 1782 2825 eum
1806 2789 1909 2827 non
1946 2775 2260 2829 Creatorem
2288 2817 2299 2837 ,
2340 2778 2434 2831 sed
2467 2786 2705 2829 tantum-

1114 2861 1281 2913 modo
1308 2872 1614 2914 creaturam
1646 2862 1850 2916 credit:
1882 2881 1901 2912 ι
1960 2864 2201 2919 Vanitati
2260 2866 2404 2919 enim
2456 2877 2706 2921 creatura

1114 2950 1361 3017 subiecta
1388 2961 1469 3005 est
1497 2951 1688 3021 (Rom.
1726 2953 1877 3022 vni).
1921 2970 1942 3006 ι
1979 2953 2047 3007 Ει
2096 2954 2216 3008 ideo
2272 2954 2409 3009 tales
2462 2955 2710 3011 homines

1115 3049 1246 3094 sunt
1274 3041 1458 3108 procul
1485 3040 1647 3096 dubio
1669 3043 1809 3104 vani,
1835 3045 1962 3112 quia
2000 3044 2282 3099 veritatem
2326 3045 2423 3099 Dei
2463 3060 2709 3099 commu-

1117 3142 1298 3187 tantes
1322 3133 1374 3186 in
1400 3134 1759 3199 mendacium,
1798 3134 1955 3189 [idem
1986 3136 2244 3191 adhibent
2279 3138 2525 3190 vanitati.

2818 1971 2875 2015 ut
2903 1977 3000 2030 per
3027 1961 3265 2030 Spiritus
3310 1964 3481 2017 sancti
3525 1964 3755 2033 gratiam
3805 1965 3960 2026 fixos,
3994 1980 4099 2017 non
4131 1981 4225 2019 vos
4276 1965 4418 2019 cini-

2816 2052 2950 2120 pbes
2980 2053 3299 2121 inquietent,
3330 2056 3423 2107 sed
3460 2052 3727 2121 spirituali
3760 2054 3971 2107 sabbati
4023 2054 4233 2107 cultura
4279 2070 4412 2108 san-

2815 2140 3033 2196 ctificet.
3067 2140 3370 2196 Notandum
3412 2152 3672 2210 praeterea
3703 2145 3961 2212 quoniam
3998 2146 4097 2197 tria
4146 2145 4415 2197 duntaxat

2817 2232 2917 2285 ista
2942 2233 3285 2302 prmceptain
3310 2249 3416 2286 una
3444 2234 3711 2303 descripta
3742 2244 3869 2288 sunt
3900 2234 4080 2289 tabula
4109 2252 4122 2298 ;
4155 2235 4256 2288 alia
4287 2250 4419 2288 vero

2816 2332 3021 2391 septem
3073 2323 3495 2377 continebantur
3542 2324 3823 2378 in-altera.
3876 2326 3984 2379 lsta
4033 2326 4298 2394 siquidem
4346 2326 4417 2380 ad

2816 2412 3139 2466 charitatem
3208 2413 3345 2477 Dei,
3403 2413 3489 2465 illa
3540 2428 3672 2467 vero
3720 2414 3787 2467 ad
3845 2428 4084 2468 amorem
4144 2416 4417 2483 pertinent

2813 2503 3068 2570 proximi.
3095 2502 3162 2556 Et
3185 2504 3387 2557 ideirco
3414 2519 3519 2558 non
3552 2503 3781 2571 amplius
3810 2520 3971 2573 quam
4020 2506 4139 2559 duae
4169 2515 4293 2560 sunt
4331 2516 4416 2558 ta-

2814 2593 2969 2656 bulm,
3008 2593 3132 2661 quia
3170 2594 3401 2663 gentium
3444 2604 3570 2649 sunt
3590 2596 3878 2649 charitatis
3920 2596 4279 2665 impressione
4330 2598 4412 2652 di-

2814 2684 3044 2738 stinctas.
3081 2685 3207 2737 Tria
3234 2686 3395 2754 plane
3426 2696 3695 2756 praecepta
3724 2688 3777 2740 in
3808 2703 3913 2741 una
3948 2688 4152 2752 tabula,
4199 2698 4412 2758 septem

2813 2788 2943 2826 vero
2973 2774 3246 2843 descripta
3283 2774 3451 2830 fuisse
3482 2777 3534 2829 in
3567 2776 3692 2841 alia,
3740 2794 3805 2831 ex
3850 2778 3951 2832 hoc
4000 2779 4234 2831 maxime
4261 2778 4415 2833 colli-

2814 2865 2959 2932 gitur
2987 2867 3132 2935 quod
3177 2866 3237 2919 Β.
3270 2865 3564 2936 Apostolus
3610 2870 3677 2922 ad
3726 2867 3994 2938 Ephesios
4026 2871 4101 2922 ait
4147 2888 4159 2922 :
4196 2888 4213 2919 ι
4268 2868 4415 2934 Filii,

2812 2954 3028 3009 obedite
3051 2956 3363 3025 parentibus
3390 2957 3584 3011 vestris
3612 2957 3665 3011 in
3696 2957 3950 3023 Domino,
4001 2958 4102 3013 hoc
4144 2960 4285 3013 enim
4325 2961 4415 3028 ju-

2810 3057 2953 3099 Stum
3007 3055 3109 3101 est.
3158 3046 3373 3101 llonora
3434 3059 3641 3117 patrem
3689 3058 3745 3102 et
3791 3056 4072 3114 matrem;
4126 3050 4269 3118 quod
4332 3060 4417 3104 cst

2814 3137 3127 3191 mandatum
3158 3138 3391 3207 primum
3425 3140 3476 3192 in
3511 3139 3893 3207 promissione,
3940 3148 3997 3193 ut
4038 3140 4174 3195 bene
4202 3141 4274 3194 sit
4319 3142 4417 3196 tibi

1193 3225 1378 3279 Tertia
1399 3241 1530 3279 vero
1551 3228 1704 3296 plaga
1734 3228 1980 3295 ciniphes
2008 3237 2135 3281 sunt
2162 3228 2371 3298 (Exod.
2415 3231 2567 3298 vm).
2592 3229 2708 3285 Hoc
2736 3209 2779 3272 (ἶ
2813 3235 2869 3279 ει
2898 3226 2973 3278 sis
3004 3225 3276 3296 longrevus
3302 3241 3466 3295 super
3498 3237 3697 3281 terram
3732 3228 3947 3295 (Ephes.
3974 3231 4074 3297 vi).
4121 3248 4138 3279 ι
4187 3230 4297 3283 Cur
4328 3246 4419 3285 au.

1117 3328 1300 3376 autem
1325 3322 1522 3376 animal
1551 3334 1654 3375 tam
1712 3324 1977 3377 minutum
2008 3334 2091 3379 est
2144 3340 2206 3378 ac
2239 3324 2592 3393 perexiguum
2656 3334 2716 3378 ut

1117 3414 1250 3467 dum
1276 3426 1334 3466 se
1359 3427 1455 3481 per
1476 3427 1658 3467 aerem
1696 3412 1858 3467 librat
1880 3422 1936 3467 ει
1960 3414 2067 3468 huc
2108 3413 2345 3483 illucque
2382 3415 2715 3484 vagabundis

1117 3502 1453 3557 anfractibus
1477 3502 1803 3558 instabiliter
1852 3503 2013 3570 volat,
2062 3506 2236 3559 visum
2268 3520 2496 3559 cernere
2532 3504 2718 3559 volen—

1117 3603 1205 3648 tes
1230 3592 1476 3662 eﬂ'ugiat;
1506 3592 1557 3646 in
1581 3607 1806 3662 corpore
1858 3603 2038 3647 tamen
2087 3603 2277 3648 nostro
2332 3595 2459 3649 dum
2490 3595 2717 3655 sederit,

1116 3685 1329 3755 pttngit,
1356 3684 1487 3737 adeo
1510 3694 1587 3747 ut,
1615 3699 1736 3736 cum
1766 3698 1860 3737 eas
1883 3700 2124 3753 nequeas
2150 3686 2338 3740 videre
2363 3688 2487 3738 dum
2513 3686 2718 3747 volant,

1118 3773 1460 3843 compellaris
1482 3773 1685 3828 sentire
1698 3774 1823 3827 dum
1839 3774 2139 3838 stimulant;
2168 3785 2222 3829 et
2244 3775 2371 3828 dum
2412 3777 2717 3830 circumvo-

1118 3865 1291 3917 lantes
1302 3863 1895 3932 sesequeimportunius
1910 3864 2399 3932 iugerentcsvnltus
2415 3866 2723 3920 nostrosin-

1116 3952 1317 4007 restare
1333 3967 1435 4006 non
1452 3951 2367 4026 desinunt,volentesguiescerenon
2384 3955 2720 4022 permittunt.

1124 4038 1279 4110 105
1309 4039 1666 4105 Quamobrem
1692 4040 1803 4094 haec
1828 4040 1979 4109 plaga
2006 4042 2305 4111 vagationis
2355 4052 2409 4095 et
2452 4043 2722 4111 inquietu-

1122 4128 1261 4183 dinis
1291 4129 1478 4181 vitium
1504 4128 1790 4182 manileste
1812 4129 2076 4199 designat.
2104 4122 2221 4194 Quo
2250 4131 2498 4184 videlicet
2525 4132 2720 4186 morbo

1122 4219 1338 4289 quidam
1364 4218 1670 4271 laborantes
1707 4219 1966 4273 inutiliter
1992 4220 2097 4273 huc
2124 4220 2357 4290 illucque
2385 4214 2722 4286 discurrunt,

1122 4316 1178 4362 et
1207 4307 1345 4360 velut
1374 4306 1527 4360 mahs
1575 4308 1872 4361 vertumnis
1919 4309 2139 4362 obnoxii
2187 4324 2285 4378 per
2330 4310 2721 4379 impatientiam

1124 4411 1231 4451 non
1258 4394 1559 4463 quiescunt.
1607 4393 1712 4465 Sed
1761 4396 2016 4463 quoniam
2063 4388 2307 4465 ciniphes
2353 4398 2468 4452 ista:
2515 4400 2725 4467 perexi-

1126 4500 1243 4556 gua:
1289 4495 1492 4539 suntet
1541 4486 1737 4549 noxi-.12,
1786 4496 1843 4537 ut
1874 4502 1980 4539 nun
2025 4498 2131 4541 tam
2181 4490 2392 4557 pondus
2434 4490 2720 4542 videantur

1126 4575 1323 4629 habere
1346 4590 1505 4643 quam
1538 4591 1769 4640 morsus,
1795 4577 1884 4643 qui
1910 4575 2043 4629 vitio
2064 4578 2365 4646 vagationis
2396 4578 2714 4642 inserviunt,

1130 4666 1267 4735 quod
1281 4680 1377 4734 per
1399 4666 1643 4736 ciniphes
1666 4668 1997 4736 designatur,
2015 4668 2129 4721 leve
2150 4669 2363 4737 quidem
2388 4671 2724 4725 arbitrantur

1130 4772 1247 4812 esse
1279 4763 1581 4825 peccatum,
1612 4758 1705 4811 sed
1738 4773 1842 4811 non
1880 4758 2173 4812 levireatns
2208 4760 2483 4814 fodiuntur
2515 4761 2722 4815 aculeo.

1131 4844 1243 4899 Non
1274 4855 1528 4913 aggravat
1578 4845 1818 4912 pondus,
1867 4849 1960 4900 sed
2002 4858 2248 4916 penetrat
2283 4864 2527 4911 morsus.
2576 4852 2721 4924 quia,

1131 4945 1327 5005 quanto
1360 4935 1545 4988 vitium
1570 4935 1675 4990 huc
1697 4936 1867 4990 levius
1886 4938 2168 5006 deputant,
2221 4948 2370 4993 tanto
2404 4941 2607 5008 majore
2634 4958 2727 4996 ne-

1131 5040 1276 5083 cesse
1299 5035 1383 5079 est
1411 5034 1469 5078 ut
1493 5026 1699 5094 peccati
1738 5026 1989 5081 stimulus
2023 5028 2216 5082 animae
2240 5028 2543 5098 languentis
2579 5032 2718 5086 inte-

1133 5117 1271 5169 riora
1306 5115 1606 5182 transligat.
1633 5115 1767 5169 Huic
1800 5117 1980 5184 itaque
2010 5116 2250 5187 languori
2288 5121 2429 5173 tertii
2463 5121 2718 5190 ιιι-ωειδνιί

1132 5207 1304 5261 obviat
1322 5208 1745 5269 medicina,cum
1760 5207 1987 5260 dicitur:
2008 5226 2026 5258 (
2049 5208 2316 5263 Memento
2337 5219 2393 5263 ut
2415 5211 2555 5265 diem
2581 5212 2718 5267 Sab-

1132 5297 1236 5349 hati
1284 5296 1589 5350 sanctiﬁces
1632 5296 1650 5366 (
1678 5297 1851 5349 Exod.
1885 5314 1954 5351 xx
1990 5310 2039 5353 et
2070 5316 2196 5354 xxx:
2228 5342 2242 5365 ,
2291 5301 2503 5355 Denter.
2535 5305 2593 5371 ι)
2627 5320 2641 5367 ;
2688 5324 2705 5354 ι

1137 5385 1453 5450 sabbatum,
1508 5388 1559 5440 id
1618 5395 1701 5441 est
1773 5390 1993 5458 requies.
2070 5389 2169 5445 Ubi
2213 5401 2297 5444 est
2350 5393 2711 5447 sanctiﬁcatio

1136 5478 1354 5540 sabbati,
1404 5477 1473 5532 ibi
1522 5482 1706 5547 procul
1751 5482 1913 5537 dubio
1966 5484 2201 5553 Spiritus
2232 5485 2347 5540 Dei.
2387 5487 2536 5542 Unde
2580 5489 2715 5541 scri-

1134 5579 1271 5635 ptum
1302 5580 1381 5624 est
1408 5590 1421 5624 :
1455 5592 1472 5622 ι
1534 5572 1708 5644 Super
1734 5592 1893 5645 quem
1930 5580 2231 5648 requiescet
2262 5581 2497 5651 Spiritus
2535 5600 2705 5650 meus.

1136 5660 1229 5713 nisi
1275 5677 1437 5728 super
1483 5666 1739 5721 humilem
1787 5678 1839 5722 et
1876 5671 2118 5736 quietum
2148 5680 2201 5727 et
2241 5684 2561 5730 trementem
2597 5692 2709 5730 scr-

1136 5765 1310 5806 tnoncs
1352 5756 1545 5809 meos?
1586 5775 1597 5806 l
1664 5756 1991 5833 (Isnivat)
2043 5761 2317 5819 Pensauda
2359 5778 2482 5822 sunt
2524 5769 2683 5823 verba

2821 3324 2927 3369 tem
2959 3317 3193 3383 primum
3222 3317 3324 3369 hoc
3375 3317 3687 3369 mandatum
3746 3316 3962 3380 dicitur,
4015 3319 4117 3371 nisi
4166 3320 4309 3388 quod
4364 3321 4418 3376 in

2819 3406 3084 3475 principio
3112 3407 3360 3461 secundae
3413 3408 3606 3460 tabulae
3654 3408 3886 3475 positum
3918 3410 4042 3461 est?
4067 3410 4218 3475 Quod
4250 3409 4419 3465 etiam

2820 3499 2873 3553 in
2903 3500 3262 3568 promissione
3284 3499 3501 3562 dicitur,
3536 3499 3661 3566 quia
3693 3500 3835 3567 quod
3869 3500 3921 3552 in
3966 3500 4085 3555 aliis
4129 3502 4417 3570 prmceptis

2820 3604 2925 3643 non
2952 3590 3246 3653 invenitur,
3272 3590 3373 3644 hoc
3392 3600 3716 3658 praeceptum
3747 3589 4104 3659 longzcvitatis
4129 3592 4419 3660 promissio

2820 3682 3087 3749 sequitur,
3120 3680 3399 3747 przemisso
3436 3680 3689 3734 nimirum
3737 3682 3837 3735 hoc
3864 3684 4004 3749 quod
4038 3682 4274 3735 dicitur:
4308 3680 4419 3737 llo—

2822 3787 2956 3825 tzora
2982 3781 3191 3840 patrem
3219 3779 3274 3826 et
3318 3781 3573 3835 matrem,
3615 3780 3674 3825 ut
3718 3771 3857 3826 bene
3884 3772 3955 3826 sit
3984 3772 4078 3826 tibi
4105 3780 4157 3826 et
4186 3772 4262 3826 sis
4291 3771 4412 3826 lon-

2822 3876 3003 3929 gaevus
3051 3875 3213 3930 super
3247 3869 3465 3913 terram.
3518 3860 3632 3914 Hoc
3679 3875 3810 3930 ergo
3860 3872 4227 3931 praeceptum,
4274 3860 4419 3930 quod

2823 3959 3075 4020 quartum
3106 3959 3189 4003 est
3214 3950 3266 4002 in
3311 3950 3548 4017 generali
3582 3966 3811 4006 numero
3847 3953 4185 4016 mandatum,
4232 3952 4285 4006 in
4332 3967 4419 4007 se-

2824 4044 2997 4097 cunda
3030 4040 3207 4095 tahula
3232 4042 3450 4110 ponitur
3484 4042 3739 4109 primum.

2894 4130 2992 4185 Cui
3023 4132 3291 4185 contraria
3326 4140 3409 4185 est
3437 4142 3630 4199 quarta
3659 4132 3840 4201 plaga,
3862 4132 3965 4187 hoc
3997 4142 4100 4197 est,
4130 4134 4419 4204 cynomyfa

2822 4239 2944 4293 qua:
2981 4224 3181 4276 dicitur
3223 4240 3402 4275 musca
3442 4224 3631 4276 canina
3671 4222 3871 4291 (Exod.
3906 4232 4047 4296 vin).
4083 4226 4225 4279 Nihil
4273 4228 4418 4283 enim

2826 4324 2935 4369 tam
2973 4315 3229 4369 caninum
3262 4324 3344 4368 est
3369 4330 3529 4382 quam
3563 4315 3815 4382 ignorare
3838 4326 4095 4384 parentes
4117 4326 4165 4371 et
4200 4318 4302 4371 illis
4325 4319 4421 4386 qui

2825 4422 2925 4459 nos
2954 4412 3271 4473 gentici-unt,
3304 4406 3662 4457 reverentiam
3714 4422 3819 4458 non
3864 4406 4095 4461 deferre.
4130 4409 4289 4481 106
4313 4408 4422 4464 Eos

2824 4497 2989 4550 etiam
3039 4507 3296 4562 tauquam
3332 4510 3527 4548 musca:
3557 4497 4055 4553 circumvolitantcs
4087 4501 4265 4552 canini
4305 4516 4425 4554 mo-

2823 4605 2911 4644 res
2935 4590 3233 4655 exagitant,
3261 4588 3375 4655 qui,
3408 4589 3532 4639 dum
3560 4586 3773 4641 deferre
3802 4591 4116 4657 parentibus
4147 4591 4418 4658 nesciunt,

2821 4694 2919 4748 per
2947 4679 3181 4732 levitatis
3214 4678 3631 4732 inconstantiam
3682 4695 3710 4732 a
3760 4682 3989 4734 naturali
4027 4683 4291 4750 gravitate
4334 4698 4419 4739 re-

2823 4769 3037 4829 cedunt,
3069 4784 3270 4838 eosque
3307 4779 3564 4838 tanquam
3592 4772 3801 4825 caninae
3848 4780 4048 4825 tunscxe
4090 4772 4413 4839 dilacerant,

2824 4856 2949 4910 dum
2979 4872 3039 4912 se
3069 4870 3254 4912 contra
3304 4859 3576 4929 genitorcs
3622 4874 3784 4924 suos,
3838 4864 3991 4930 quasi
4043 4865 4315 4933 riugentes
4362 4873 4419 4919 et

2824 4950 3160 5004 oblatrantes
3185 4992 3198 5014 ,
3235 4967 3331 5020 per
3362 4952 3754 5021 impatientiam
3801 4964 4018 5008 vexant.
4061 4955 4132 5010 Ut
4173 4956 4289 5011 haec
4329 4972 4420 5010 er-

2829 5055 2897 5109 go
2924 5041 3078 5109 plaga
3107 5051 3350 5107 curetur,
3377 5042 3540 5111 digna
3578 5046 3894 5112 parentibus
3928 5046 4233 5101 reverentia
4272 5047 4419 5102 defe-

2827 5140 2997 5183 ratur.

2896 5222 3093 5287 Quinta
3148 5222 3302 5294 plaga
3361 5240 3507 5278 mors
3551 5234 3899 5295 peccatorum
3950 5235 4034 5281 est
4086 5225 4414 5298 (Examina).

2820 5315 3021 5370 Omnes
3044 5317 3186 5370 cnim
3221 5318 3309 5386 qui
3340 5326 3521 5385 spreto
3564 5317 3831 5388 conjngali
3864 5328 3982 5374 toro
4010 5320 4309 5375 alienarum
4355 5337 4417 5378 se

2820 5405 3103 5459 mulierum
3121 5405 3709 5474 fwditatibuspolluuut
3734 5409 4159 5478 etperobseena:
4177 5410 4417 5467 libidinis

2821 5497 3025 5565 passim
3049 5496 3191 5549 fluxa
3220 5496 3513 5560 resolvunt,
3544 5498 3669 5565 quid
3691 5498 3832 5551 aliud
3848 5514 4010 5567 quam
4027 5501 4416 5557 brutadicendi

2816 5596 2939 5642 sunt
2967 5604 3159 5657 pecora
3188 5598 3349 5657 atque
3387 5604 3414 5641 a
3461 5592 3668 5642 ratione
3708 5591 4003 5659 SpiritUalis
4043 5594 4414 5664 intelligentia:

2813 5680 3029 5747 penitus
3065 5678 3283 5731 aliena?
3319 5699 3335 5729 ι
3373 5678 3521 5732 Facti
3566 5689 3690 5734 sunt
3739 5682 3883 5735 enim
3924 5684 4060 5738 sicut
4102 5702 4274 5753 equus
4298 5728 4311 5749 ,
4358 5695 4417 5743 et

2819 5773 3017 5839 mulus,
3052 5773 3249 5844 quibus
3279 5790 3387 5828 non
3417 5782 3499 5828 est
3532 5774 3836 5831 intellectus
3861 5773 4036 5845 (Psnl.
4072 5780 4242 5849 xxxi).
4283 5798 4297 5828 ι
4348 5780 4419 5839 Et
