5962 6492
1808 382 1943 437 i019

2689 379 3182 437 COLLECTANEA
3220 378 3288 433 IN
3328 377 3552 434 VETUS
3611 378 4154 440 TESTAMENTUM.

4902 388 5034 444 1020

1807 510 1899 563 per
1944 494 2229 549 Jcremiam
2272 494 2469 548 dicitur
2503 511 2517 548 :
2555 511 2573 545 t
2622 493 2867 548 Saturavi
2908 509 3002 548 eos
3040 504 3088 548 et
3135 494 3385 547 moechati
3417 499 3461 553 Α
3494 492 3704 546 Rodunt
3732 494 3932 563 itaque,
3977 497 4101 566 quia
4156 514 4257 551 non
4310 498 4465 553 modo
4504 513 4684 553 eorum
4716 501 4875 556 verba
4912 502 5041 556 bona

1809 596 1972 648 quit,
2018 588 2163 645 etin
2206 584 2364 639 domo
2412 586 2708 639 meretricis
2754 585 3208 647 luxuriabantur;
3254 583 3377 651 equi

1809 685 2072 729 amatores
2094 675 2147 727 in
2169 674 2393 727 feminas
2408 675 2671 727 cmissarii
2693 674 2817 727 facti
2845 684 2986 739 sunt,
3014 674 3380 741 unusquisque

1809 765 1873 817 ad
1898 779 2114 816 uxorem
2140 764 2365 832 proximi
2388 763 2466 817 sui
2494 765 2770 816 hinniebat
2794 763 2923 831 (Jer.
2945 766 3018 830 v).
3061 782 3078 813 ι
3109 763 3231 817 Haec
3253 779 3379 831 ergo

1809 869 1999 922 pecora
2040 870 2259 907 necesse
2295 862 2377 907 est
2414 866 2465 906 ut
2508 854 2743 907 funditus
2774 854 3035 908 exstincta
3066 854 3377 919 depereant,

1812 943 1906 995 nisi
1931 945 2122 995 divina:
2148 945 2281 1011 legis
2306 945 2632 996 medirameu
2662 952 2927 996 occurrat.
2976 942 3177 995 Dicitur
3209 956 3374 1008 ergo:

1815 1051 1831 1081 ι
1863 1032 1975 1085 Non
2001 1035 2357 1088 mtechaberis
2380 1035 2570 1103 (Exod.
2600 1035 2710 1103 xx).
2745 1054 2762 1085 ι
2795 1035 2903 1087 lloc
2928 1036 3110 1101 utique
3132 1034 3377 1101 quintum

1809 1132 2135 1190 prtecrptum
2167 1124 2365 1191 quintae
2390 1123 2555 1191 plagre
2580 1132 2831 1190 tanquam
2853 1122 3182 1177 medicinalis
3211 1137 3381 1175 nexus

1806 1214 2124 1280 opponitur,
2166 1222 2221 1265 ut
2262 1213 2385 1265 dum
2433 1214 2646 1282 proprio
2688 1224 2803 1267 tum
2838 1215 3065 1283 quisque
3098 1221 3381 1269 contentus

1803 1318 1921 1357 esse
1964 1303 2335 1371 compellitur,
2387 1318 2721 1371 nequaquam
2774 1304 2825 1355 in
2877 1314 3151 1357 extranea:
3200 1304 3379 1357 carnis

1803 1393 2079 1460 amplexus
2116 1394 2527 1461 intemperantia
2574 1390 2866 1447 diﬂ'reuata:
2909 1392 3144 1447 libidinis
3191 1402 3377 1446 exten-

1802 1481 1984 1534 datur.

1871 1570 2033 1624 Sexta
2096 1572 2245 1641 plaga
2310 1580 2435 1624 sunt
2484 1574 2705 1625 vulnera
2764 1580 2818 1625 ct
2869 1571 3056 1624 vesiae
3108 1578 3379 1638 turgentes

1801 1667 1961 1725 atque
1993 1661 2257 1713 ferventes
2310 1660 2503 1728 (Exod.
2560 1662 2656 1727 ιχ).
2706 1661 2759 1713 In
2810 1659 3115 1713 vulneribus
3166 1659 3377 1714 scilicet

1804 1746 2043 1815 arguitur
2078 1748 2254 1799 duiosa
2287 1748 2576 1800 odieutium
2622 1762 2683 1801 ac
2715 1747 2995 1811 purulenta
3046 1748 3247 1801 malitia
3276 1764 3289 1811 ;
3326 1749 3376 1801 in

1800 1835 1997 1889 vesicis
2058 1846 2267 1889 tumens
2323 1846 2377 1890 ct
2430 1836 2611 1891 inﬂata
2663 1840 2967 1907 superbia;

1802 1931 2036 1975 aestuans
2079 1934 2132 1975 et
2180 1922 2489 1978 inflammati
2539 1926 2735 1981 furoris
2770 1928 3000 1982 insania.
3046 1928 3183 1982 Sunt
3230 1930 3371 1982 enim

1806 2012 1997 2065 anima:
2046 2014 2284 2080 qua'dam
2331 2014 2700 2079 homicidales,
2751 2018 2803 2070 in
2852 2017 3048 2086 quibus
3083 2020 3163 2071 ha:
3197 2030 3375 2087 pestes

1801 2099 2048 2152 oriuntur
2068 2111 2121 2153 ct
2149 2102 2408 2155 acerrime
2435 2104 2679 2167 saeviunt,
2708 2120 2925 2171 easque,
2951 2106 3051 2158 nisi
3084 2106 3375 2159 humanum

1802 2191 2116 2259 sanguinem
2149 2190 2391 2256 fundant,
2422 2194 2699 2263 quiescere
2725 2211 2827 2247 non
2857 2195 3193 2262 permittunt.
3240 2196 3376 2251 iluic

1801 2278 1984 2346 itaque
2015 2279 2209 2333 furenti
2242 2282 2427 2335 morbo
2457 2292 2510 2336 et
2540 2285 2847 2347 immaniter
2872 2286 3133 2347 sasvienti,
3166 2297 3375 2340 sextum

1798 2378 2123 2438 prteceptum
2188 2381 2441 2438 tauquam
2497 2375 2757 2427 medicina
2807 2376 3043 2440 cmlestis
3091 2379 3373 2443 occurrit,

1796 2470 1903 2524 quo
1934 2458 2166 2512 dicitur:
2212 2478 2230 2510 ‹
2280 2460 2394 2515 Non
2421 2464 2635 2516 occides
2680 2464 2875 2533 (Exod.
2928 2466 3065 2534 xx);
3118 2486 3137 2518 ι
3186 2477 3242 2519 ιιι
3276 2470 3377 2521 hoc

1800 2546 2024 2614 quilibet
2054 2551 2275 2603 audiens
2305 2561 2545 2605 exortam
2583 2554 2733 2608 mala:
2766 2554 3051 2609 voluntatis
3100 2558 3149 2609 in
3182 2566 3376 2611 semet-

1799 2636 1917 2703 ipso
1966 2641 2255 2703 perniciem
2290 2640 2563 2710 reprimat,
2595 2658 2693 2698 nec
2724 2646 3061 2700 extrinsecus
3102 2649 3167 2699 ad
3200 2648 3372 2702 effun-

1798 2728 1955 2782 dendi
2008 2731 2507 2787 cruoris'efl‘ectum
2558 2748 2874 2806 conceptum
2931 2739 3207 2795 malitiosa:
3236 2757 3371 2796 con-

1802 2816 2041 2872 scientia:
2070 2821 2218 2873 virus
2248 2832 2510 2891 erumpat.

1870 2902 1997 2957 Post
2046 2906 2159 2958 haec
2204 2906 2358 2977 plaga
2423 2910 2694 2976 grandinis
2743 2913 2976 2981 ponitur,
3030 2916 3119 2969 ubi
3168 2916 3377 2972 scilicet

1800 2991 2006 3059 grando
2031 3002 2085 3046 et
2111 2993 2251 3061 ignis
2270 2996 2472 3063 pariter
2496 2996 2805 3053 ferebantur
2829 3002 3024 3071 (Exod.
3061 3006 3157 3073 ιι).
3206 3006 3374 3061 Porro

1800 3090 1978 3133 autem
2010 3082 2112 3134 duo
2144 3084 2254 3137 haec
2281 3087 2550 3141 contraria
2581 3102 2737 3149 sunt,
2794 3090 2965 3161 frigus
3008 3096 3057 3144 in
3091 3097 3367 3163 grandine,

3488 598 3583 650 per
3634 582 3977 639 invidentiam
4029 598 4338 656 contegunt,
4389 590 4480 642 sed
4528 590 4605 643 eis
4652 591 4809 644 etiam
4857 593 5040 659 stigma

3485 670 3623 724 ﬁcta:
3668 677 3952 739 pravitatis
3997 678 4231 730 inurunt.
4275 680 4353 730 An
4406 679 4491 732 isti
4540 689 4784 748 tanquam
4833 679 5040 733 locusta

3485 774 3591 813 non
3646 762 3874 825 rodunt,
3934 764 4130 831 quibus
4180 779 4273 831 per
4318 765 4623 833 Apostolum
4680 766 4906 819 dicitur:
4939 786 4955 815 ι
4986 766 5039 819 Si

3484 848 3739 902 tnordetis
3768 860 3821 903 et
3847 853 4126 905 comeditis
4162 853 4409 916 invicem,
4438 854 4611 908 videte
4639 868 4704 907 ne
4726 855 4792 907 ab
4818 855 5035 909 invicem

3481 940 3919 993 consumamini?
3955 960 3973 992 ι
4011 941 4152 1006 (Cal.
4181 944 4253 1011 ν.)
4281 942 4411 996 lluic
4459 944 4634 1011 itaque
4681 946 4843 1014 plagte
4890 960 5037 998 man.

3478 1027 3659 1081 datum
3693 1028 3818 1082 illuc
3846 1039 4207 1098 competenter
4229 1034 4529 1100 opponitur,
4562 1050 4667 1101 quo
4691 1035 4884 1088 dictum
4918 1046 5030 1090 est:

3485 1138 3503 1169 ι
3546 1119 3657 1173 Non
3691 1119 3881 1174 falsum
3930 1122 4293 1176 testimonium
4345 1125 4487 1177 dices
4530 1124 4720 1192 (Exod.
4770 1126 4875 1194 xx).
4915 1146 4933 1177 ι
4971 1126 5033 1181 Ut

3479 1207 3724 1262 videlicet
3758 1208 3925 1262 falsus
3953 1210 4179 1278 quisque
4208 1211 4358 1265 testis
4380 1250 4394 1275 ,
4422 1212 4511 1279 qui
4543 1226 4646 1265 non
4672 1212 4771 1265 erit
4801 1215 5025 1283 impuni—

3481 1304 3585 1361 tus,
3625 1297 3691 1351 ab
3735 1298 3921 1351 ahena:
3951 1298 4071 1351 vita:
4116 1313 4295 1350 morsu
4339 1313 4396 1351 se
4441 1301 4709 1367 reprimat,
4756 1300 5029 1355 locustinos

3479 1382 3665 1437 dentes
3715 1383 3933 1451 abjiciat
3973 1393 4027 1438 et
4075 1385 4302 1439 virentia
4352 1387 4545 1456 segetis
4592 1386 4772 1441 aliena:
4801 1390 5031 1458 germina

3479 1486 3584 1525 non
3619 1472 3864 1528 abrodat.

3550 1563 3666 1617 Jam
3719 1580 3859 1619 nona
3898 1565 4051 1635 plaga
4082 1575 4162 1620 est
4190 1566 4427 1620 densitas
4473 1568 4804 1622 tenebrarum
4842 1567 5029 1639 (Exod.

3482 1654 3557 1723 ι).
3592 1654 3758 1708 Nemo
3789 1658 3959 1726 magis
3996 1658 4047 1711 in
4084 1658 4368 1712 interiores
4399 1661 4644 1713 tenebras
4672 1660 4860 1713 labitur
4879 1676 5029 1729 quam

3482 1743 3527 1796 is
3562 1744 3651 1810 qui
3680 1744 3976 1814 coniugalis
4006 1746 4223 1800 thalami
4248 1746 4410 1799 violat
4436 1749 4589 1801 ﬁdem
4618 1758 4670 1802 et
4697 1749 4914 1801 alienam
4958 1750 5031 1804 iu-

3024 1840 3076 1893 ίη
3132 1840 3341 1894 fervore
3365 1880 3380 1902 ν
3416 1838 3454 1894 Β
3485 1832 3678 1886 vadere
3701 1834 3894 1900 qtuerit
3918 1849 4155 1888 uxorem.
4184 1835 4290 1889 Sed
4315 1835 4411 1889 has
4436 1835 4678 1890 tenebras
4702 1850 4834 1904 quas
4856 1837 5028 1905 utique

3476 1934 3571 1972 cor
3616 1920 3841 1975 luxuriae
3872 1921 4109 1976 deditum
4150 1924 4361 1987 tolerat,
4396 1923 4590 1979 divinae
4628 1925 4754 1995 legis
4795 1924 5029 1993 splendor

3480 2009 3728 2074 illustrat,
3774 2027 3894 2064 cum
3929 2012 4162 2066 dicitur:
4195 2030 4213 2063 ι
4268 2011 4382 2066 Non
4431 2014 4770 2083 concupisces
4819 2027 5027 2067 uxorem

3477 2098 3705 2164 proximi
3743 2099 3815 2150 tui
3842 2096 4036 2166 (Exod.
4076 2099 4188 2169 xx).
4239 2118 4258 2152 ι
4293 2100 4391 2156 Ubi
4440 2102 4723 2155 notandqu
4763 2101 4882 2171 quia
4928 2116 5027 2156 non

3478 2186 3693 2249 dicitur,
3724 2202 3827 2241 non
3862 2187 4060 2253 tolles;
4097 2190 4229 2253 sive,
4263 2205 4367 2244 non
4402 2192 4625 2260 pollues,
4648 2192 4735 2246 sed
4762 2191 4903 2261 quod
4920 2190 5029 2261 plus

3477 2285 3578 2339 est,
3612 2296 3627 2325 ι
3661 2292 3767 2332 non
3797 2280 4148 2349 concupisces
4176 2296 4395 2335 uxorem
4420 2282 4646 2350 proximi
4679 2282 4770 2335 tui.
4811 2299 4831 2333 ι
4865 2282 5027 2352 Supe-

3478 2369 3589 2421 rius
3615 2369 3816 2423 dictum
3840 2379 3920 2425 est
3946 2387 3960 2425 :
3989 2390 4008 2423 ι
4044 2370 4161 2425 Non
4192 2372 4544 2426 mtechaberis
4569 2391 4581 2425 :
4614 2392 4633 2424 ι
4685 2373 4769 2427 hic
4796 2372 4987 2427 dicitur
5012 2389 5022 2425 :

3482 2474 3500 2507 ι
3537 2456 3654 2512 Non
3680 2462 4027 2529 concupisces
4071 2475 4287 2515 uxorem
4338 2460 4563 2530 proximi
4593 2460 4702 2525 tui;
4758 2480 4775 2512 ι
4807 2474 4932 2529 ergo
4960 2458 5019 2514 de

3479 2564 3537 2602 re
3567 2565 3668 2603 una
3700 2551 3803 2604 duo
3845 2551 4091 2605 videntur
4115 2565 4234 2605 esse
4276 2552 4525 2605 mandata
4550 2568 4563 2602 :
4597 2550 4700 2604 illic
4727 2551 4864 2603 enim
4891 2563 5017 2602 mce-

3478 2639 3614 2694 chiaa
3660 2641 3889 2695 alienum
3940 2650 4113 2695 torum
4152 2641 4403 2697 violantis
4445 2640 4660 2695 etfectus
4694 2656 4707 2704 ;
4752 2639 4835 2693 hic
4876 2641 5023 2693 etiam

3478 2729 3678 2785 violare
3716 2731 3941 2786 volentis
3988 2732 4299 2801 prohibetur
4325 2729 4564 2786 affectus.
4598 2730 4705 2784 Illic
4730 2742 4945 2799 spurcus
4973 2739 5021 2784 et

3480 2820 3693 2875 illicitus
3746 2823 4134 2875 condemnatur
4180 2822 4421 2876 adulterii
4481 2821 4691 2883 coitus;
4745 2819 4828 2874 hic
4870 2820 5025 2872 etiam

3478 2909 3795 2963 adulterina:
3852 2912 4296 2979 concupiscentia
4341 2910 4691 2977 compescitur
4743 2909 5015 2977 appetitus.

3480 2997 3549 3050 Et
3580 3014 3765 3052 revera
3796 2999 3909 3068 ipsa
3946 3000 4375 3069 concupiscentia
4401 2999 4630 3053 violandi
4667 2997 4817 3051 alieni
4856 2996 5027 3049 maui-

3479 3090 3640 3143 monii
3669 3089 3988 3143 adulterium
4016 3100 4130 3153 est,
4160 3091 4297 3145 sicut
4340 3090 4591 3145 Dominus
4635 3092 4740 3142 ait:
4774 3106 4790 3138 ι
4824 3084 4916 3153 Qui
4955 3087 5026 3138 vi-

1797 3168 1945 3221 calor
1989 3170 2041 3223 in
2076 3170 2213 3241 igne.
2244 3172 2329 3227 Sic
2360 3176 2447 3242 qui
2478 3177 2651 3231 aliena
2681 3179 2952 3245 furantur,
2982 3193 3033 3236 et
3064 3199 3094 3238 ει
3126 3184 3367 3241 fraterna
3398 3164 3443 3225 ε
3478 3178 3619 3231 dettl
3651 3194 3874 3233 υΧοΐοιη
3919 3178 4143 3234 alterius
4172 3180 4237 3234 ad
4265 3180 4739 3248 οοηοῑιρίεεεηίῖωη
4765 3193 4898 3240 eam:
4919 3177 5023 3246 iam

1798 3259 2060 3315 charitate
2093 3274 2214 3316 sunt
2238 3265 2439 3335 frigidi,
2491 3278 2543 3321 et
2573 3270 2764 3324 ardore
2792 3273 3104 3340 cupiditatis
3138 3279 3371 3335 accensi.

1798 3344 1900 3401 Ubi
1939 3349 2100 3401 etiam
2145 3349 2351 3421 fulgura
2377 3363 2537 3423 atque
2570 3358 2801 3411 tonitrua
2849 3361 3007 3413 mista
3038 3362 3202 3417 fuisse
3250 3382 3373 3419 cum

1802 3437 2061 3504 grandine
2093 3441 2460 3507 perhibentur.
2495 3444 2633 3511 Quid
2663 3457 2842 3502 autem
2896 3466 2994 3520 per
3040 3455 3274 3509 tonitrua
3323 3465 3378 3511 et

1800 3523 2031 3592 fulgura,
2081 3529 2184 3581 nisi
2227 3544 2391 3597 pavor
2422 3533 2773 3592 intolerabilis
2802 3539 3154 3611 designatur?
3184 3546 3249 3600 Et
3276 3547 3379 3604 hoc

1796 3616 2005 3673 furibus
2028 3620 2291 3678 familiare
2319 3635 2402 3680 est
2438 3635 2515 3692 ut,
2543 3629 2717 3697 primo
2753 3634 2895 3701 capi,
2943 3637 3132 3691 deinde
3175 3640 3374 3707 puniri,

1800 3978 1957 4032 simul
1986 3989 2146 4050 atque
2174 3985 2426 4051 tonitrua,
2456 4001 2639 4042 eorum
2684 3994 2847 4046 corda
2891 3995 2984 4061 qui
3020 3994 3157 4048 clam
3201 3997 3376 4050 aliena

1798 4067 2079 4136 diripiunt,
2109 4079 2360 4142 tanquam
2408 4077 2653 4145 quaedam
2702 4095 2830 4135 arva
2878 4084 3179 4147 devastant,
3227 4094 3282 4140 et
3330 4086 3376 4140 si

1802 4174 1904 4226 qua
1934 4170 2079 4223 sunt,
2123 4162 2300 4215 omnia
2329 4164 2479 4219 bonae
2529 4166 2815 4223 voluntatis
2842 4170 3024 4241 fruges
3051 4181 3105 4226 et
3135 4175 3376 4243 germina

1804 4246 2083 4315 dissipant.
2114 4248 2251 4305 lluic
2279 4252 2457 4321 itaque
2484 4256 2717 4323 pessimo
2748 4258 2952 4313 vulneri
3008 4262 3219 4330 septimi
3258 4277 3379 4317 suc-

1801 4336 1969 4389 Currit
1998 4338 2257 4392 medicina
2289 4343 2547 4408 mandati,
2582 4361 2703 4400 cum
2752 4347 2988 4404 dicitur:
3020 4370 3038 4402 ι
3072 4350 3186 4406 Νοιι
3223 4355 3375 4409 fura-

1800 4422 1946 4478 beris
1988 4424 2182 4493 (Exod.
2230 4430 2323 4497 xx)
2368 4448 2383 4494 ;
2435 4450 2455 4483 ι
2494 4443 2551 4486 ιιι
2600 4434 2701 4488 hoc
2749 4437 2977 4504 quisque
3020 4455 3373 4510 cognoscens,

1798 4518 1982 4571 cordis
2008 4519 2087 4571 sui
2118 4530 2327 4589 segetes
2356 4524 2456 4575 hac
2505 4524 2782 4593 multiplici
2825 4538 2977 4595 peste
3008 4546 3114 4585 non
3161 4534 3373 4601 perdat,

1799 4608 1891 4660 sed
1924 4608 2182 4662 bonorum
2211 4625 2431 4679 Operum
2462 4612 2700 4683 frugibus
2729 4617 2921 4672 anima:
2962 4633 3070 4673 sntc
3094 4623 3371 4678 cellarium

1803 4698 2023 4766 repleat,
2058 4698 2280 4767 itnplens
2309 4701 2433 4753 illud
2462 4705 2809 4771 apostolicum
2838 4726 2848 4760 :
2881 4726 2898 4757 ι
2938 4709 3037 4775 Qui
3070 4709 3371 4781 furabatur,

1798 4785 1905 4854 jam
1949 4807 2051 4843 non
2091 4792 2243 4861 107
2268 4792 2489 4858 furet'tr,
2521 4798 2615 4848 sed
2649 4798 2853 4853 laboret
2881 4803 3129 4857 manibus
3156 4807 3285 4871 suis,
3315 4817 3373 4862 ut

1807 4876 1999 4931 habeat
2028 4884 2165 4934 unde
2188 4882 2386 4935 trbuat
2409 4886 2777 4939 necessitatem
2808 4892 3134 4957 patientibus
3156 4894 3370 4962 (Epftes.

1804 4966 1902 5037 ιν).
1953 4987 1971 5019 ι

1873 5057 2072 5112 Octava
2114 5071 2291 5115 auten:
2340 5051 2485 5133 plaga
2554 5068 2774 5122 locustae
2833 5083 2957 5125 sunt
3009 5074 3225 5143 (Exod.
3276 5077 3378 5148 χ).

1802 5147 1906 5204 Per
1933 5150 2044 5202 haec
2067 5151 2339 5214 animalia,
2370 5169 2486 5221 qua:
2526 5168 2762 5225 segetum
2808 5163 3045 5230 germina
3097 5167 3379 5219 destruunt.

1801 5250 1856 5293 et
1892 5240 2145 5309 pestifero
2172 5242 2351 5310 fruges
2378 5260 2469 5296 ore
2491 5250 2801 5314 corroduut,
2854 5255 2940 5319 qui
2990 5267 3216 5323 pOSsunt
3267 5272 3377 5311 me-

1802 5329 1907 5382 lius
1938 5332 2202 5401 designari
2243 5350 2400 5401 quant
2447 5336 2499 5389 lti
2547 5338 2635 5405 qui
2682 5339 2934 5395 fratribus
2982 5346 3271 5399 detrahunt
3320 5358 3374 5402 et

1805 5417 1997 5471 falsum
2053 5420 2157 5472 illis
2205 5422 2405 5476 crimen
2456 5428 2773 5492 opponunt?
2812 5428 2942 5485 Nam
2984 5436 3138 5502 quasi
3183 5437 3372 5491 alienae

1801 5509 1999 5579 segetis
2023 5524 2238 5579 germen
2268 5513 2543 5580 devorant,
2583 5517 2708 5570 dum
2758 5519 2983 5575 fratrum
3014 5541 3233 5581 suorum
3264 5543 3369 5582 non

1803 5602 1963 5654 modo
1991 5601 2127 5655 bona
2168 5605 2505 5673 supprimunt
2548 5623 2665 5675 qua:
2710 5612 3004 5680 praedicare
3049 5618 3369 5685 debuerant,

1803 5692 1895 5748 sed
1931 5691 2117 5748 ultimo
2143 5694 2303 5748 etiam
2357 5706 2482 5753 nota
2512 5712 2603 5753 eos
2635 5701 2749 5757 falsi
2783 5713 2965 5759 reatus
3014 5708 3367 5767 inﬂammant.

3478 3270 3783 3323 mtechatus
3810 3279 3891 3325 est
3934 3271 3987 3325 in
4032 3272 4193 3326 corde
4229 3287 4326 3325 suo
4364 3270 4575 3339 (Matth.
4596 3274 4669 3341 ν).
4712 3291 4730 3322 ι
4762 3268 4869 3323 Non
4905 3284 5023 3339 ergo

3478 3358 3742 3426 quispiam
3769 3358 3997 3412 alienam
4036 3360 4382 3425 concupiscat
4420 3372 4658 3423 uxorem,
4701 3373 4767 3411 ne
4801 3356 5023 3425 palpabi-

3479 3443 3609 3498 lium
3644 3446 3985 3499 tenebrarum
4016 3448 4249 3515 patiatur
4277 3448 4328 3500 in
4359 3448 4519 3501 corde
4547 3446 4837 3517 caliginem,
4868 3460 5017 3512 quam

3476 3533 3575 3585 etsi
3619 3534 3755 3585 forte
3778 3530 3889 3599 jam
3922 3534 4143 3601 patitur,
4174 3544 4541 3588 coruscantem
4575 3535 4769 3587 radium
4799 3532 5021 3585 mandati

3478 3620 3660 3689 legalis
3698 3622 3947 3675 admittat
3992 3630 4047 3676 et
4087 3624 4162 3676 sic
4213 3624 4457 3678 tenebras
4503 3622 4832 3679 conscientia:
4866 3637 5017 3677 ciccu-

3479 3711 3659 3763 tientis
3691 3710 3929 3780 abjiciat.
4544 3730 4547 3731 '

3546 3822 3825 3878 Postremo
3882 3823 4085 3878 decima
4140 3824 4294 3895 plaga
4344 3833 4607 3880 eatmors
4663 3823 5021 3895 primogenita:

3477 3929 3593 3967 runt
3623 3914 3822 3982 (Exod.
3852 3917 3971 3985 xit).
4008 3914 4149 3969 Duos
4186 3916 4334 3981 ﬁlios
4365 3917 4526 3970 habet
4570 3916 4721 3970 homo
4742 3956 4757 3978 ,
4784 3915 5019 3969 nimirum

3476 4018 3599 4057 cum
3628 4002 3759 4057 facit
3790 4018 3923 4073 opus
3944 4006 4085 4073 quod
4114 4006 4179 4058 ad
4213 4005 4350 4060 hanc
4376 4005 4599 4075 pertinet
4622 4004 4797 4064 vitam.
4819 4013 5007 4057 etcum

3476 4090 3756 4157 spirituale
3786 4092 3912 4160 quid
3938 4100 4193 4159 cperatur
4221 4092 4360 4161 quod
4400 4092 4465 4146 ad
4496 4092 4654 4145 vitam
4686 4092 4846 4144 tendit
4877 4100 5019 4144 ater-

3476 4195 3624 4233 nam.
3654 4180 3756 4233 Sed
3788 4181 4083 4249 spiritualis
4114 4180 4338 4245 fructus,
4361 4182 4511 4250 quasi
4542 4179 4910 4249 primogenitae
4930 4194 5022 4233 no-

3478 4277 3611 4334 ster,
3646 4269 3695 4322 in
3730 4270 3928 4323 nostris
3958 4270 4211 4339 operibus
4254 4270 4410 4325 debet
4446 4271 4685 4327 obtinere
4730 4271 5018 4339 primatum.

3480 4354 3629 4410 Unde
3650 4365 3699 4409 et
3727 4358 4013 4412 Dominus:
4038 4377 4055 4407 ι
4086 4357 4346 4422 Primum,
4373 4358 4562 4427 inquit,
4582 4358 5019 4429 quariteregnum

3482 4445 3597 4508 Dei,
3640 4453 3693 4499 et
3737 4447 3853 4499 base
3883 4447 4062 4500 omnia
4092 4446 4410 4514 adjicientur
4435 4447 4582 4501 vobis
4625 4446 4829 4517 (Matth.
4875 4445 4961 4514 vt).
4998 4465 5017 4495 ι

3476 4538 3553 4593 Ac
3580 4538 3624 4590 si
3654 4538 3832 4591 dicat:
3860 4534 4073 4607 Cignite
4098 4536 4426 4615 spiritqalem
4454 4535 4701 4598 fructum,
4743 4535 4828 4603 qui
4856 4543 5020 4588 vester

3476 4630 3547 4683 sit
3594 4629 3777 4696 utique
3818 4629 4245 4697 primogenitae;
4293 4628 4385 4696 qui
4439 4642 4561 4681 vero
4603 4626 4667 4679 ad
4700 4626 4850 4694 hujus
4899 4624 5015 4676 vita:

3477 4720 3713 4788 pertinet
3742 4718 4063 4779 necessaria,
4087 4719 4158 4772 sit
4184 4719 4236 4771 in
4262 4718 4564 4771 hmreditate
4583 4716 4838 4770 secundus
4856 4753 4871 4777 ,
4901 4713 5017 4767 huic

3476 4808 3620 4860 enim
3679 4806 4037 4875 primogenita
4096 4820 4218 4860 cum
4275 4802 4440 4859 Jacoh
4480 4805 4698 4859 debetur
4738 4801 5021 4856 benediebo

3478 4896 3632 4967 (Gen.
3668 4896 3837 4965 xxv”)
3866 4913 3876 4957 τ
3912 4898 3975 4949 de
4009 4896 4147 4949 Esau
4196 4911 4325 4950 vero
4348 4895 4565 4963 ejusque
4594 4894 4847 4947 similibus
4883 4892 5019 4945 Scri-

3479 4995 3638 5055 ptura
3663 4986 3793 5038 dicit
3820 5003 3832 5037 ε
3862 5006 3879 5034 ε
3920 4985 4227 5044 llzereditas.
4252 4986 4316 5039 ad
4348 5000 4505 5055 quam
4534 4985 4582 5037 in
4605 4985 4854 5054 principio
4880 4982 5020 5037 festi-

3482 5082 3657 5135 natur,
3683 5074 3733 5126 in
3752 5075 4039 5128 novissimo
4060 5077 4428 5131 benedictione
4453 5076 4653 5130 carebit
4675 5073 4845 5142 (Prov.
4874 5073 4975 5139 xx).
5000 5092 5015 5120 ι

3480 5165 3554 5219 De
3586 5167 3667 5221 his
3699 5167 3908 5221 duobus
3935 5168 4118 5222 liberis
4163 5170 4237 5223 in.
4258 5170 4662 5223 Deutet'onomio
4694 5181 4786 5235 per
4810 5166 5018 5233 figut'Mu

3480 5256 3712 5311 dicitur:
3751 5257 3837 5309 «Si
3867 5258 4108 5312 habuerit
4140 5262 4295 5313 homo
4323 5274 4513 5313 uxores
4539 5264 4688 5320 uuas.
4718 5272 4868 5309 unam
4898 5253 5021 5307 dite.

3477 5357 3617 5399 ctam
3649 5348 3809 5417 108
3833 5358 3888 5400 et
3936 5348 4155 5402 alteram
4202 5351 4460 5411 odiosam,
4493 5348 4827 5418 genueritun
4853 5360 4912 5397 ex
4942 5343 5017 5397 eis

3477 5438 3693 5502 liberos,
3717 5451 3772 5495 et
3795 5442 3953 5496 fuerit
3974 5442 4112 5495 filius
4140 5443 4334 5497 odiosre
4355 5440 4747 5511 primogenitus,
4776 5437 5016 5489 voluerit-

3478 5544 3582 5599 que
3618 5532 3974 5586 substantiam
4024 5533 4164 5586 inter
4190 5533 4325 5587 lilios
4362 5547 4486 5587 suos
4511 5531 4759 5590 dividere,
4792 5542 4892 5580 non
4928 5540 5015 5593 po-

3481 5620 3605 5673 terit
3625 5620 3788 5673 filium
3815 5621 4022 5675 dilecte
4052 5620 4227 5675 facere
4256 5621 4680 5691 primogenitum,
4708 5626 4761 5671 et
4782 5615 5015 5685 prmferre

3481 5711 3588 5765 filio
3616 5714 3843 5778 odiose,
3873 5714 3964 5769 sed
3996 5712 4159 5767 fttium
4190 5714 4384 5768 odiosa:
4430 5720 4675 5783 agnoscet
4716 5705 5013 5779 primogeni-
