4260 6376
806 331 908 385 {£5
1684 315 1738 367 S.
1779 307 2051 365 PETRUS
2090 300 2440 359 DAMMNUS
2480 297 2537 352 5.
2584 297 2644 349 ll.
2681 296 2739 350 Ε.
2774 290 3202 351 CABDiNALl'S.

3937 285 4036 341 l96

772 444 813 496 ι.
852 440 903 505 l;
946 438 1021 493 Dc
1052 447 1243 491 natura
1274 432 1567 503 aliquorum
1596 422 1905 479 animalium
1925 460 1940 485 ,
1978 418 2016 472 l.
2051 418 2101 483 l;
2134 417 2207 471 De
2234 429 2355 469 san-
2383 427 2431 478 Α
2457 429 2522 469 ex
2555 410 2816 468 monacho
2841 410 3095 465 Ectlesiae
3122 409 3376 465 Romana:
3406 413 3693 469 cardinalis
3721 417 4037 491 episcopus.

773 543 863 587 cto
897 529 1152 585 Cassiano
1199 532 1460 591 martyre.
1496 518 1531 573 1.
1572 518 1624 583 l;
1675 515 1997 570 Sermonutn
2025 518 2079 563 et
2109 506 2357 563 humilia-

778 636 931 682 rmn.
984 618 1018 672 l.
1070 617 1121 679 l;
1171 613 1239 667 de
1291 610 1389 665 55.
1420 607 1573 663 Flora
1624 614 1679 659 et
1707 602 1941 665 Lucilla,
1970 613 2195 668 quarmn
2235 609 2357 649 cor-

777 730 907 783 pora
959 711 1011 766 in
1042 712 1226 762 nostro
1250 700 1596 773 monasterio
1634 698 1855 753 Aretino
1902 694 2201 764 quiescunt,
2232 687 2268 741 l.
2302 686 2352 741 l-

780 803 941 859 hlulta
988 800 1089 853 alia
1138 796 1387 866 scripsit,
1439 808 1557 864 qua:
1592 803 1877 846 munerare
1927 787 2138 854 longum
2179 790 2354 847 esset,

780 892 943 953 obiit,
976 889 1272 957 imperante
1312 884 1542 938 llcnrico
1581 879 1677 942 111,
1716 880 1859 933 circa
1883 889 1971 929 an.
2009 874 2070 927 D.
2103 870 2274 935 l080,
2305 878 2359 925 et

782 982 837 1037 in
881 992 1106 1035 numero
1154 984 1462 1031 sanctorum
1509 979 1590 1023 est
1636 966 1919 1034 ascriptus.

1479 1058 1666 1113 XXVI.

785 1157 1045 1215 Arnoldii;
1086 1153 1242 1208 Wion
1279 1151 1385 1221 (rm.
1426 1147 1618 1221 712915).
1661 1144 1853 1212 Belga,
1896 1139 2365 1221 monachus-9mi-

854 1206 1606 1291 uensiavcortgt'egi‘itionisditi.
1642 1230 1679 1268 ιι
1702 1206 1863 1291 ,ιᾷιξῇ
1899 1212 1968 1291 ρ,
2002 1209 2153 1291 gigni
2197 1206 2360 1291 ζέω,

1140 1275 1203 1344 de
1237 1275 1603 1357 fcurdiuufibtrs
1650 1275 1871 1357 tudinis
1894 1279 1953 1335 S.
1988 1275 2175 1357 Putria
2201 1275 2363 1331 Bene-

855 1365 1016 1425 dicti,
1064 1363 1175 1415 Iure
1220 1352 1395 1412 scribit
1448 1357 1511 1407 de
1557 1352 1619 1407 Β.
1657 1349 1815 1404 Petro
1849 1348 2091 1402 Damiani
2116 1363 2134 1401 :

857 1449 1087 1504 Sanctus
1122 1446 1313 1501 Petrus
1343 1445 1408 1495 de
1451 1439 1734 1499 llonestis.
1772 1443 2125 1503 cognomento
2150 1433 2369 1489 Damia-

786 1554 888 1603 nus
907 1578 921 1600 .
964 1546 1018 1590 et
1045 1543 1325 1604 peccator,
1358 1528 1551 1583 nobilis
1576 1525 1892 1586 Ravennas,
1934 1523 2227 1577 monachus
2255 1536 2365 1574 mo—

790 1614 1011 1680 nasterii
1063 1624 1120 1677 5.
1154 1621 1378 1675 Andreae
1423 1617 1587 1672 eremi
1624 1616 1689 1669 de
1717 1612 1997 1669 Arellana.
2028 1611 2147 1665 ord.
2180 1609 2239 1663 S.
2267 1608 2366 1663 Be.

789 1716 1013 1776 ucdicti.
1054 1710 1481 1781 congregationis
1525 1706 1827 1767 Columbae,
1881 1702 1939 1756 5.
1992 1700 2060 1755 Β.
2113 1701 2175 1754 Ε.
2214 1699 2361 1755 card.

2457 507 2511 561 in
2548 503 2743 559 divinis
2774 500 3068 571 Scripturis
3096 500 3284 555 doctor
3317 501 3746 568 eruditissimus,
3780 506 3865 561 his
3898 518 4039 564 tent-

2454 595 2671 666 poribus
2711 606 2804 648 cas
2850 593 2921 647 ob
2966 606 3053 645 res
3100 604 3295 661 magno
3340 590 3392 644 in
3443 593 3617 661 pretio
3661 594 3881 650 habitus
3932 607 4035 653 est.

2456 686 2722 743 lloiiorins
2772 685 2899 739 item
2954 683 3027 738 De
3065 682 3419 752 scriptoribus
3447 684 3863 752 ecclesiasticis;
3894 686 4040 743 Pan-

2456 779 2611 833 vinns
2664 777 2717 830 in
2759 773 3030 831 Chronico
3064 772 3377 842 pontiﬁcum
3423 772 3616 838 Bom.,
3665 786 3720 830 et
3766 775 3880 831 alii.
3934 777 4040 834 Bc-

2456 868 2593 940 gnlm
2634 881 2758 920 vero
2787 863 2893 917 divi
2917 861 3191 917 Benedicti
3239 862 3598 931 professorem
3630 864 3897 931 referunt,
3922 864 4043 922 Tri-

2460 957 2721 1019 tltemius,
2764 954 2797 1007 l.
2841 970 2913 1019 ιι,
2962 969 3011 1007 c.
3061 952 3160 1015 95,
3211 961 3265 1006 et
3316 952 3349 1004 l.
3398 968 3484 1016 tv,
3533 968 3583 1007 c.
3636 953 3738 1019 25,
3786 955 3864 1010 De
3913 956 4043 1011 viris

2458 1047 2656 1102 illustr.
2718 1045 2837 1100 0rd.
2884 1043 2939 1097 S.
2986 1043 3183 1096 Bened.
3236 1041 3399 1096 Libro
3446 1053 3624 1097 autem
3681 1044 3757 1099 De
3813 1050 4044 1116 scrpta-

2462 1138 2608 1192 rilms
2629 1135 2845 1196 eccles.,
2868 1142 2921 1186 et
2944 1133 2995 1186 in
3021 1132 3288 1187 Chronico
3322 1131 3652 1203 llirsaugiae;
3688 1133 3970 1190 Panviuus
3992 1133 4043 1189 in

2462 1228 2703 1296 Epitome
2734 1226 2786 1280 in
2819 1224 2982 1288 solio,
3011 1239 3132 1278 cum
3161 1224 3290 1277 dicit
3321 1241 3335 1277 :
3370 1222 3561 1279 Petrus
3584 1225 3828 1279 Damiani
3859 1241 4047 1280 mona-

2461 1317 2594 1371 chus
2619 1308 2928 1369 Casinensis
2946 1351 2961 1376 ,
2982 1313 3101 1365 0rd.
3129 1312 3186 1367 5.
3214 1311 3484 1366 Benedicti
3528 1312 3679 1367 eard.
3706 1313 3877 1383 episc.
3903 1314 4045 1379 Ost.,

2461 1406 2755 1461 monachus
2770 1414 2948 1460 autem
2967 1402 3275 1458 Casinensis
3303 1403 3522 1465 dicitur,
3544 1405 3684 1472 quod
3708 1404 3761 1458 in
3783 1406 4048 1461 coenobiis

2465 1496 2567 1551 illis
2594 1496 2755 1549 vitam
2782 1493 3391 1556 mouastieamalnxerit,
3420 1508 3539 1563 qncc
3557 1494 3836 1549 Casiucnsi
3865 1508 4050 1549 mona-

2462 1597 2624 1642 sterio
2650 1586 3089 1654 subjiciebantnr.
3123 1584 3326 1639 Addant
3362 1594 3420 1638 ut
3456 1593 3683 1640 cmteros
3716 1587 4052 1643 recentiores

2463 1678 2709 1732 omittam
2734 1716 2749 1741 ,
2777 1687 2832 1730 et
2860 1678 3028 1746 ipsius
3059 1676 3300 1731 Damiani
3329 1658 3691 1731 testimonium
3722 1678 3773 1731 in
3798 1692 4053 1734 sermone

789 1808 1069 1875 cpiscopus
1093 1762 1353 1858 Osiienjsis
1388 1807 1599 1853 creatus
1620 1809 1714 1849 an.
1754 1794 1816 1862 ο.
1850 1791 2007 1854 1058.
2027 1788 2367 1845 mense-Mar-
2400 1762 2440 1819 Β
2469 1796 2471 1813 ¹

2400 1762 2534 1822 Bde
2587 1766 2643 1823 S.
2696 1767 3017 1831 Benedicto,
3070 1767 3161 1821 ubi
3218 1768 3275 1822 S.
3334 1767 3681 1823 Benedictum
3731 1772 4052 1839 magistrum

789 1900 894 1960 tio,
929 1895 1162 1950 Sabhnto
1190 1900 1424 1962 quatuor
1455 1898 1753 1957 temporum
1786 1882 2237 1951 Quadtagesimae.
2266 1879 2368 1946 Qui

792 1986 1004 2039 tandem
1050 1980 1385 2037 cardiualitia
1430 1977 1687 2047 dignitate
1712 1974 2018 2047 abdicata,
2056 1985 2196 2024 anno
2233 1968 2369 2023 l0'7i

791 2077 859 2129 ad
909 2073 1291 2127 monasterium
1336 2084 1490 2123 suunt
1526 2068 1710 2131 rediit,
1741 2065 1980 2134 ohiitque
2019 2061 2285 2116 Fat'eulite
2317 2062 2368 2114 in

792 2163 1039 2218 cmaobio
1065 2161 1120 2215 S.
1161 2160 1367 2221 Marizc,
1394 2157 1531 2225 quod
1567 2157 1678 2224 ipse
1700 2170 1820 2208 cum
1848 2154 2085 2222 quinque
2104 2151 2223 2206 aliis
2246 2166 2374 2205 con-

791 2261 1097 2314 struxerat,
1129 2266 1268 2303 anno
1299 2248 1468 2311 1080,
1500 2247 1587 2301 die
1612 2245 1683 2299 2‘2
1707 2243 2006 2299 Februarii.

862 2342 1007 2395 lnter
1052 2339 1385 2409 professores
1435 2334 1629 2407 regula:
1682 2334 1789 2388 diri
1850 2332 2133 2403 Augustini
2186 2346 2375 2386 recen-

794 2440 945 2484 setur
990 2429 1078 2483 hic
1130 2439 1309 2483 noster
1359 2427 1655 2480 Damiauus
1680 2442 1708 2478 a
1743 2423 2127 2486 Volaterrana,
2159 2423 2251 2477 lih.
2282 2439 2375 2476 χιι

798 2519 1261 2589 Anthropologiat,
1308 2526 1363 2570 et
1402 2515 1669 2570 nonnullis
1719 2515 1860 2568 aliis.
1903 2514 2035 2568 Falli
2084 2522 2262 2568 autem
2308 2526 2375 2565 ex

799 2612 984 2666 multis
1031 2612 1478 2665 demonstrantus.
1526 2608 1589 2661 Et
1640 2607 1869 2676 primum
1923 2605 2031 2659 Leo
2079 2601 2374 2663 Ostiensis,

799 2702 895 2755 lih.
934 2717 970 2756 tt
1008 2716 1120 2769 cap.
1158 2699 1289 2761 102,
1326 2716 1389 2753 ex
1432 2710 1613 2751 eremo
1665 2697 1730 2750 ad
1784 2696 2043 2749 honorem
2079 2691 2371 2747 cardinali-

801 2790 935 2843 tium
990 2798 1318 2858 assumptum
1371 2786 1567 2849 refert,
1618 2785 1694 2839 sic
1745 2784 1989 2852 inquiens
2023 2799 2036 2834 :
2070 2782 2221 2849 Quod
2250 2794 2377 2835 cum

803 2878 995 2932 Petrus
1026 2878 1314 2930 Datnianus
1342 2876 1424 2927 vir
1452 2876 1604 2928 valde
1626 2874 1908 2940 religiosus
1926 2912 1938 2936 τ
1974 2886 2132 2941 quem
2158 2887 2222 2925 eo
2252 2879 2381 2923 tetu-

804 2980 933 3033 pore
985 2964 1294 3033 Sephanus
1336 2979 1469 3033 papa
1517 2964 1585 3017 ab
1634 2978 1814 3017 eremo
1855 2970 2184 3022 extractum,
2220 2961 2271 3013 in
2317 2958 2383 3014 O-

801 3055 986 3109 stiensi
1013 3054 1251 3109 ECclesitt
1278 3054 1583 3122 episcopum
1615 3051 1835 3115 fecerat,
1865 3050 2243 3120 comperisset,
2279 3066 2378 3102 una
2409 3092 2453 3151 ϐ

806 3164 925 3200 rum
958 3145 1319 3201 cardinalibus
1349 3145 1601 3198 resistere
1632 3158 1693 3197 ac
1723 3143 2017 3197 reclamare
2044 3142 2237 3209 erepit,
2271 3139 2375 3194 et'c.

806 3237 1099 3292 Continuat
1143 3234 1465 3289 Bertholdus
1509 3232 1936 3287 Conslantiensis
1985 3232 2035 3284 in
2089 3230 2383 3300 appendice

808 3330 872 3381 ad
898 3328 1255 3381 llcrtnannutu
1283 3325 1627 3379 Contractum
1654 3325 1719 3378 ad
1748 3339 1945 3379 annum
1977 3322 2112 3377 1066
2150 3324 2231 3375 his
2261 3336 2381 3375 rer-

809 3420 890 3471 bis
918 3437 932 3473 ;
968 3418 1061 3471 llis
1103 3415 1431 3484 temporibus
1454 3414 1771 3469 venerabilis
1792 3413 1984 3467 Petrus
2012 3412 2282 3469 Damiani,
2318 3426 2385 3463 cx

808 3506 1028 3560 ercmita
1051 3503 1342 3559 cardiualis
1366 3506 1678 3572 cpiscopus,
1709 3502 1873 3556 inuita
1894 3501 2250 3569 conscripsit,
2282 3511 2385 3551 etc.

812 3594 994 3649 Nullus
1049 3604 1227 3649 autem
1274 3595 1563 3658 eremitas,
1606 3607 1671 3647 eo
1704 3601 1943 3662 tempore
1989 3591 2252 3651 maxime.
2311 3607 2392 3643 re-

812 3684 991 3756 gulam
1050 3685 1156 3738 diri
1207 3684 1487 3752 Augustini
1526 3686 1874 3745 observasse,
1905 3697 1969 3737 ex
2013 3680 2253 3734 historiis
2282 3697 2395 3731 ma-

812 3776 1063 3830 nifestum
1106 3785 1218 3838 est;
1254 3776 1351 3829 sub
1382 3775 1485 3829 divi
1515 3788 1643 3827 vero
1673 3771 1943 3827 Benedicti
1980 3768 2159 3841 regula
2195 3769 2391 3822 multos

812 3865 968 3933 hujus
1012 3864 1363 3933 professionis
1406 3864 1684 3917 militasse.
1727 3862 1989 3916 Auctores
2035 3870 2159 3913 sunt
2200 3858 2392 3912 Petrus

812 3957 1111 4021 Diaconos,
1163 3956 1255 4009 lib.
1292 3956 1365 4010 De
1403 3955 1603 4009 sanctis
1646 3952 1843 4007 montis
1894 3951 2079 4005 Casin.
2106 3990 2120 4014 ,
2154 3965 2203 4003 c.
2245 3949 2297 4010 ι.
2342 3952 2393 4001 iu

814 4047 935 4101 V'ita
985 4046 1042 4101 S.
1090 4046 1300 4099 Martini
1340 4046 1582 4100 ercmita:
1626 4043 1824 4097 montis
1871 4037 2395 4101 Marcisi;"Joaunes

821 4134 1147 4195 Dubravius,
1180 4132 1273 4185 lib.
1313 4148 1384 4185 γι.
1413 4132 1664 4185 Historiae
1697 4127 2009 4197 Bujemicae,
2042 4128 2094 4179 in
2131 4128 2246 4181 Vita
2278 4142 2399 4179 san-

816 4233 1023 4278 etorum
1072 4222 1308 4292 quinque
1356 4220 1740 4274 monachorum
1774 4218 2121 4271 eremitarum
2154 4213 2400 4266 Brouno-

817 4316 1108 4378 viensium;
1160 4313 1417 4367 Martinus
1466 4311 1796 4372 Cromerus,
1853 4308 1906 4361 in
1959 4305 2193 4360 llistoria
2244 4303 2397 4357 Polo-

822 4411 939 4464 nica
962 4449 975 4470 ,
1007 4409 1072 4461 de
1116 4407 1358 4475 ejusdem
1400 4420 1565 4476 agens
1597 4413 1651 4459 et
1676 4403 1765 4458 alii
1805 4401 2040 4457 Polonici
2070 4400 2390 4470 Seriptores.
2427 4438 2476 4497 υ

823 4499 1071 4552 Eremittc
1121 4511 1249 4551 vero
1302 4511 1492 4549 nomen
1534 4494 1654 4548 ideo
1682 4492 1871 4548 habuit
1898 4489 2189 4544 Damianus
2223 4489 2393 4555 quod,

833 4593 893 4639 ut
939 4585 991 4638 in
1038 4583 1154 4651 ejus
1186 4581 1308 4636 Vita
1351 4583 1571 4653 legitur,
1609 4580 1875 4647 refertque
1922 4578 2253 4645 Augustinus
2281 4574 2403 4629 Flo-

824 4676 1069 4731 rentinus
1092 4682 1230 4744 part.
1278 4689 1313 4727 ιι
1342 4713 1358 4737 ,
1409 4672 1546 4727 Hist.
1590 4671 1856 4736 Camald.,
1888 4669 1980 4723 lib.
2013 4684 2081 4732 ν,
2112 4682 2159 4720 c.
2196 4668 2249 4730 7,
2289 4682 2401 4720 mo-

829 4767 981 4819 nachi
1011 4764 1317 4819 monasterii
1350 4762 1408 4817 S.
1438 4764 1665 4816 Andreae
1694 4761 1759 4815 de
1788 4759 2064 4823 Atellana,
2096 4759 2235 4827 quod
2266 4773 2406 4812 nunc

827 4852 887 4908 S.
933 4854 1119 4907 Crucis
1167 4854 1379 4906 titulum
1431 4853 1611 4922 gerit,
1665 4860 1795 4914 tunc
1842 4848 2098 4918 temporis
2126 4886 2141 4908 ,
2192 4861 2255 4899 ac
2295 4846 2403 4899 bini

827 4944 1014 4999 divisis
1063 4945 1116 4999 in
1166 4944 1371 4998 cellulis
1399 4943 1842 5005 commonebant,
1892 4940 2233 5010 psalmodire,
2287 4953 2407 4991 ora-

828 5034 960 5088 tioni
981 5074 995 5097 ,
1025 5032 1241 5087 lectioni
1260 5072 1275 5095 ,
1316 5032 1688 5094 abstinentiae,
1726 5030 2039 5084 ohedientia:
2065 5028 2289 5093 aliisque
2317 5028 2410 5077 lm-

823 5123 1053 5193 jnsmodi
1097 5123 1312 5193 pietatis
1357 5121 1611 5189 operibus
1659 5118 2027 5189 religiosisquc
2063 5114 2252 5170 omciis
2276 5129 2407 5182 ope-

830 5230 943 5267 ram
997 5214 1203 5266 dantes.
1253 5211 1573 5266 Monachum
1622 5219 1799 5264 autem
1850 5208 2017 5262 fuisse
2068 5204 2291 5273 probant
2353 5214 2407 5253 t‘t

832 5304 1076 5357 abbatem
1107 5319 1226 5356 cium
1278 5306 1392 5373 ejus
1437 5304 1553 5357 Vita
1598 5317 1692 5371 per
1723 5301 2101 5369 Hieronymum
2136 5296 2398 5355 Bubeum,

832 5394 866 5446 l.
897 5409 957 5455 ν,
1006 5391 1139 5447 llist.
1169 5391 1394 5457 Raren.,
1428 5408 1545 5462 quae
1586 5403 1669 5446 est
1696 5393 1835 5461 apud
1886 5389 2227 5446 Blosandrum
2260 5398 2404 5439 tome

836 5484 921 5540 Vll
969 5486 1146 5551 Surii,
1181 5496 1289 5538 tum
1336 5487 1493 5539 etiam
1530 5486 1667 5540 idem
1709 5484 2073 5555 Augustinus,
2118 5480 2209 5535 lib.
2243 5478 2409 5532 citato

838 5589 866 5625 a
893 5590 941 5627 c.
972 5574 1005 5627 6
1052 5575 1118 5627 ad
1152 5574 1239 5636 l5,
1269 5583 1321 5627 et
1355 5572 1580 5628 Jacobus
1610 5574 1883 5643 Philippus
1932 5573 1983 5626 in
2026 5568 2410 5638 Supplemeuto

840 5665 1248 5729 chronicorum,
1283 5663 1371 5717 lib.
1410 5680 1513 5725 ιιι,
1549 5666 1622 5717 sic
1651 5665 1869 5718 dicens:
1904 5662 2094 5715 Petrus
2125 5659 2413 5711 Damian'ss

2469 1866 2524 1912 et
2565 1867 2773 1927 patrem
2806 1871 2959 1912 suum
3003 1865 3191 1919 vocat,
3238 1870 3397 1925 quem
3447 1858 3685 1927 reperire
3728 1856 3854 1912 licet
3912 1860 4055 1927 apud

2472 1948 2812 2003 )losaudrum
2831 1986 2847 2010 ,
2878 1957 3022 2002 tomo
3044 1946 3128 2000 VII
3152 1945 3314 2009 Snrii,
3343 1946 3429 2000 die
3455 1946 3518 2000 21
3552 1946 3747 2011 Martii,
3779 1948 3923 2017 quod
3950 1949 4058 2003 tale

2472 2047 2553 2091 est
2574 2037 2687 2090 :cui
2710 2050 2837 2089 vero
2851 2036 2928 2088 sic
2944 2034 3247 2103 specialiter
3270 2044 3412 2089 lotus
3441 2037 3765 2107 evangelicm
3804 2038 4059 2093 lectionis

2473 2140 2732 2181 excursus
2776 2125 3037 2194 assignari
3080 2134 3287 2193 potest,
3321 2126 3771 2194 quemadmodum
3806 2126 3959 2182 Patri
4001 2140 4059 2183 et

2475 2216 2731 2287 magistro
2764 2225 2951 2270 nostro
2982 2215 3041 2267 Β.
3073 2216 3402 2270 Benedicto?
3450 2216 3579 2271 item
3621 2218 3674 2271 in
3722 2219 3951 2289 epistola
3991 2218 4059 2273 ad

2474 2305 2758 2374 quemdam
2801 2303 3018 2358 Petrum
3064 2304 3342 2367 abbatem,
3377 2321 3495 2373 qua:
3536 2316 3619 2360 est
3662 2307 3715 2361 in
3759 2309 4061 2377 appendice

2477 2393 2765 2461 Margariui
2806 2395 2872 2449 de
2911 2394 2957 2446 la
2985 2393 3179 2462 Bigne,
3215 2399 3280 2449 ad
3324 2386 3708 2451 Bibliothecam
3741 2409 4058 2457 sanctorum

2481 2484 2731 2548 Patrum,
2785 2484 2984 2539 clarius
3014 2484 3263 2552 Ionicus,
3298 2485 3375 2539 sic
3402 2485 3571 2554 inquit
3616 2487 3798 2540 statim
3831 2488 3883 2541 in
3912 2488 4061 2556 prin-

2478 2578 2620 2647 cipio
2653 2595 2665 2628 :
2704 2576 3044 2630 Succensetis
3093 2575 3234 2627 enim
3285 2590 3348 2629 ac
3392 2591 3490 2628 nos
3533 2586 3932 2645 conquerentes
3973 2590 4062 2629 ar-

2479 2669 2639 2738 guitis
2666 2667 2789 2734 quia
2835 2680 2938 2719 non
2975 2664 3257 2717 dclmimus
3294 2675 3498 2720 vestros
3543 2664 3838 2719 monachos
3872 2674 4058 2720 contra

2480 2756 2623 2811 beati
2672 2753 2851 2809 Patris
2898 2753 3066 2807 nostri
3113 2752 3382 2807 Benedicti
3438 2763 3701 2820 przecepta
3757 2753 4059 2821 suscipere.

2482 2848 2549 2901 Et
2594 2845 2766 2909 infra,
2794 2850 3075 2915 postquam
3103 2846 3267 2900 verba
3321 2845 3379 2898 P.
3414 2844 3475 2899 Ν.
3526 2845 3797 2900 Benedicti
3836 2846 4017 2900 attulit
4044 2886 4060 2905 .

2483 2934 2606 2990 llaec
2629 2976 2643 2999 ,
2688 2936 2895 3007 inquit.
2925 2938 3103 3005 itaque
3133 2946 3317 2990 nostra
3350 2954 3451 2991 non
3482 2947 3603 2990 sunt
3626 2976 3639 2998 .
3675 2938 3767 2991 sed
3820 2935 4062 3005 ejusdem

2485 3028 2661 3083 Patris
2706 3030 2874 3081 nostri
2911 3030 3104 3091 verba,
3151 3040 3254 3082 etc.
3310 3028 3364 3081 ln
3405 3029 3525 3083 aliis
3573 3030 3734 3083 etiam
3782 3030 4063 3099 epistolis.

2486 3134 2605 3188 (μιν
2647 3117 2841 3172 ibidem
2878 3118 3249 3186 reperiuntur,
3281 3132 3421 3185 smpe
3449 3118 3645 3187 smpins
3673 3118 3813 3171 idem
3846 3120 4065 3189 repetit,

2487 3208 2545 3263 S.
2593 3208 2936 3262 Benedictum
2988 3206 3201 3261 Patrem
3232 3218 3282 3263 et
3312 3208 3629 3277 magistrum
3659 3210 3957 3278 appellans.
3991 3210 4071 3263 Ad

2487 3314 2827 3364 extremum,
2879 3302 3248 3363 monasteria,
3302 3301 3353 3355 in
3407 3302 3601 3369 quibus
3651 3302 3915 3356 habitarit
3960 3302 4074 3368 ipse

2488 3392 2810 3455 Dantianus,
2844 3391 3134 3443 monachus
3174 3400 3229 3444 et
3258 3390 3490 3444 nondum
3524 3391 3720 3454 abbas,
3750 3398 3808 3441 ut
3851 3389 3910 3443 5.
3947 3388 4076 3443 Vin-

2490 3485 2688 3550 ccnrii,
2733 3483 2912 3537 Casini
2958 3492 3009 3537 et
3049 3483 3324 3550 Poniposre
3371 3482 3513 3536 clare
3556 3482 3931 3537 demonstrant
3964 3480 4075 3535 divi

2492 3572 2763 3626 Benedicti
2808 3572 3115 3633 alumnum,
3171 3571 3436 3639 illudque,
3484 3571 3626 3640 quod
3670 3572 3768 3639 ipsi
3820 3570 4077 3626 monachi

2495 3663 2560 3716 de
2612 3662 2862 3715 Arellana
2893 3662 2957 3714 ad
3000 3662 3111 3715 hate
3147 3674 3313 3728 usque
3342 3670 3521 3714 nostra
3571 3669 3847 3728 tempora,
3878 3660 4079 3728 quibus

2496 3752 2894 3823 cingi-optioni
2941 3750 3335 3806 Catualduleusi
3381 3751 3513 3802 uniti
3565 3758 3719 3813 sum,
3753 3765 3781 3801 a
3814 3750 4076 3817 primaria

2500 3842 2665 3910 ipsius
2703 3841 2931 3897 emnohii
2970 3842 3049 3893 sui
3108 3839 3441 3894 institutione
3492 3836 3726 3908 regulam
3778 3839 3838 3891 D.
3894 3838 3955 3892 P.
4011 3836 4076 3890 Ν.

2498 3930 2774 3984 Benedicti
2821 3930 3172 3989 observasse,
3216 3944 3274 3981 se
3324 3928 3552 3996 ingenue
3600 3927 3942 3996 proliteutur.
3978 3926 4081 3982 Co-

2499 4029 2843 4088 gnomentum
2876 4019 3116 4072 Damiani
3167 4018 3238 4070 illi
3296 4017 3426 4079 fuit,
3469 4032 3606 4079 non,
3657 4024 3714 4070 ut
3767 4017 3843 4069 ait
3879 4016 4079 4088 Ρωγί-

2502 4084 2634 4174 itus,
2681 4109 2822 4179 quod
2871 4106 3113 4161 Damiani
3156 4105 3295 4159 filius
3348 4105 3541 4169 fuerit,
3572 4104 3664 4159 sed
3702 4105 3844 4173 quod
3895 4084 4083 4160 conia

2506 4199 2671 4254 fratre
2717 4216 2849 4261 suo.
2898 4199 3162 4254 Damiano
3191 4197 3432 4257 nomine,
3484 4196 3793 4249 Faventiam
3822 4196 4083 4266 primtun.

2508 4292 2757 4343 Parmam
2787 4287 2980 4341 deinde
3026 4286 3226 4341 missus
3272 4286 3491 4349 luisset,
3525 4298 3585 4339 ut
3623 4285 3834 4339 litteras
3860 4301 4085 4357 operam

2508 4380 2694 4438 daret,
2744 4378 2796 4430 in
2839 4376 2918 4430 sui
2961 4377 3095 4446 grati
3125 4376 3285 4430 animi
3327 4375 3726 4439 testimonium,
3754 4391 3951 4430 nomen
3984 4378 4087 4432 Da-

2504 4470 2667 4522 miani
2716 4468 2783 4520 ab
2836 4466 2950 4534 ejus
3001 4466 3215 4520 nomine
3247 4466 3321 4519 sic
3355 4465 3632 4533 usurpavit
3680 4474 3738 4517 ut
3772 4480 3830 4519 sc
3860 4465 4085 4519 Petrum

2506 4556 2749 4611 Damiani
2783 4568 2995 4624 semper
3022 4555 3313 4617 scriberet,
3356 4562 3411 4607 ιιι
3440 4563 3585 4609 recte
3613 4553 3772 4608 docet
3803 4553 3945 4607 idem
3979 4555 4089 4607 Au-

2506 4648 2751 4717 gustinus
2784 4661 2900 4712 cap.
2930 4645 2996 4709 6,
3036 4646 3102 4699 de
3147 4645 3337 4698 ordine
3362 4643 3633 4698 Columba:
3679 4644 3758 4698 sic
3784 4644 3931 4698 dicto
3962 4659 4090 4714 pro-

2507 4748 2627 4809 pter
2663 4735 2925 4806 Ludulphi
2980 4735 3136 4806 primi
3172 4734 3442 4787 Avellanaa
3482 4734 3811 4788 institutoris
3848 4733 4087 4789 incredi-

2507 4828 2667 4882 bilem
2708 4824 2969 4880 eolmnbac
3012 4823 3443 4891 simplicitatem;
3489 4829 3655 4893 agunt
3690 4821 3808 4891 ipse
3833 4821 4093 4893 Augusti-

2512 4931 2613 4969 nus
2640 4930 2759 4984 cap.
2802 4913 2865 4974 5.
2912 4922 2963 4967 et
2994 4911 3331 4967 Beneventus
3359 4909 3671 4974 lmolensis,
3706 4910 3758 4964 in
3788 4900 4091 4965 comment.

2507 5009 2748 5063 Paradisi
2790 5008 3003 5070 Daulis,
3050 5021 3169 5074 cap.
3206 5004 3295 5060 21.
3326 5003 3547 5057 Putatur
3590 5003 3730 5058 hica
3761 5002 4091 5067 Trithemio,

2512 5099 2602 5153 lib.
2650 5114 2719 5157 ιι.
2762 5111 2881 5165 cap.
2928 5084 3357 5156 93,'monachus
3393 5092 3811 5157 Virariensis;a
3842 5090 4097 5146 Volatera

2511 5204 2642 5240 rauo
2670 5187 2727 5241 S.
2768 5185 2948 5239 Maria:
2992 5184 3351 5245 Ravennatis,
3396 5192 3450 5237 et
3477 5199 3506 5235 a
3543 5181 3785 5250 Bugiano
3815 5181 3873 5235 5.
3914 5181 4098 5235 Maria:

2510 5278 2795 5331 Faventim.
2844 5275 2943 5342 Qui
2976 5284 3083 5329 tres
3131 5275 3210 5328 sic
3256 5272 3524 5327 consiliari
3559 5282 3809 5342 possunt;
3857 5282 3920 5325 nt
3950 5273 4100 5327 dica-

2511 5386 2631 5424 mus
2660 5384 2779 5424 cum
2826 5367 3124 5421 Trithemio
3162 5376 3284 5434 post
3310 5363 3706 5433 professionem
3749 5351 4014 5416 emissam
4045 5364 4099 5417 in

2514 5458 2841 5513 monasterio
2886 5454 2942 5508 5.
2977 5456 3202 5508 Andrea:
3240 5454 3306 5508 de
3349 5452 3604 5507 Avellana
3646 5449 3829 5518 aliquo
3858 5460 4103 5520 tempore

2519 5551 2571 5605 in
2600 5548 2847 5603 coenobio
2892 5546 3189 5601 Viraricnsi
3226 5544 3538 5605 habitasse;
3578 5542 3891 5598 exercuisse
3923 5554 4103 5596 autem

2523 5666 2639 5703 sese
2663 5660 2783 5702 ante
2801 5647 3186 5718 professionem
3209 5660 3303 5714 per
3324 5645 3390 5696 40
3408 5644 3520 5697 dics
3536 5642 3885 5697 aderemitici
3913 5644 4107 5714 rigoris
