5962 6454
1164 442 1295 498 1091

2465 432 2531 487 ΙΝ
2572 430 2831 486 LIBRUM
2873 430 3105 487 EXODI.

4298 427 4441 482 {0‘22

1164 562 1273 604 tum
1305 551 1559 618 dabitque
1584 550 1629 603 ei
1662 549 1725 602 de
1751 547 1834 602 bis
1858 564 1972 616 quin
1994 548 2242 601 habuerit
2268 555 2458 599 cuncta
2485 544 2745 612 duplicia;
2778 548 2823 605 Α
2856 558 2965 598 sua:
3009 541 3389 598 teneritudinis
3426 542 3666 594 novitate
3709 539 3907 595 turbati
3955 551 4117 609 atque
4158 544 4440 595 conterriti

1160 644 1264 694 istc
1285 646 1367 692 est
1396 638 1537 691 enim
1569 638 1891 704 principium
1921 639 2209 692 liberorum
2238 635 2373 705 ejus,
2409 645 2463 688 et
2494 636 2619 688 huic
2650 635 2745 687 de-

1160 729 1356 784 bentur
1386 730 1735 797 primogcnita
1772 730 1947 799 (Deut.
1992 730 2127 795 χλι).
2170 748 2183 779 ι
2232 728 2305 780 De
2334 729 2527 795 quibus
2565 726 2741 778 omni-

1160 822 1260 876 bus
1293 823 1511 873 verbum
1536 820 1663 873 illud
1692 822 1775 873 hic
1798 823 2057 875 duntaxat
2079 821 2325 874 ducimus
2344 818 2741 888 exponendum,

1160 913 1300 979 quod
1328 924 1463 964 uxor
1486 910 1679 964 dilecta
1707 912 1777 964 sit
1799 911 1904 963 vita
1933 908 2129 972 mollis,
2161 909 2427 969 deliciosa,
2469 906 2739 970 carnalis;

1160 999 1344 1051 odiosa
1380 1006 1557 1052 autem
1586 1014 1722 1052 uxor
1746 1000 1955 1053 estvita
1978 1000 2293 1065 spirit-talis,
2320 1007 2517 1066 utpote
2537 998 2704 1065 rigida
2725 1036 2739 1061 ,

1159 1088 1404 1141 districta
1432 1098 1486 1142 et
1507 1090 1747 1142 omnium
1776 1089 2072 1141 carnalium
2106 1089 2524 1142 delectationum
2559 1087 2740 1143 illece-

1157 1177 1272 1233 bris
1310 1178 1546 1233 inimica.
1582 1178 1745 1248 llnjus
1776 1194 1903 1249 ergo
1940 1178 2048 1231 lilio
2072 1179 2426 1246 primogenita
2459 1178 2741 1241 debentur,

1158 1269 1286 1338 quia
1328 1270 1623 1338 spiritualis
1652 1270 1774 1323 vita:
1804 1269 2011 1325 fructus
2060 1270 2204 1323 illum
2254 1267 2456 1323 habere
2505 1276 2744 1321 meretur

1163 1358 1214 1410 in
1248 1358 1525 1427 praemium
1550 1358 1639 1425 qui
1671 1367 1771 1419 est,
1797 1357 1949 1425 juxta
1979 1357 2259 1420 Joannem,
2295 1376 2312 1406 ι
2353 1358 2741 1426 pritnogonitus

1159 1457 1517 1509 mortuorum,
1556 1458 1607 1501 et
1653 1448 1903 1516 princeps
1962 1464 2145 1517 regum
2195 1456 2371 1509 terrae,
2419 1447 2509 1514 qui
2560 1445 2745 1499 dilexit

1159 1550 1263 1587 nos
1300 1544 1353 1587 et
1378 1534 1506 1588 lavit
1532 1551 1627 1587 nos
1655 1551 1683 1589 a
1723 1536 1956 1604 peccatis
1985 1536 2185 1587 nostris
2239 1536 2290 1587 in
2334 1536 2595 1603 sanguine
2645 1548 2744 1587 suo

1158 1624 1345 1691 (Apoc.
1377 1626 1434 1695 t).
1470 1644 1488 1676 ι
1523 1625 1627 1680 Sed
1660 1627 1746 1680 hic
1773 1626 2180 1695 primogenitus,
2212 1627 2263 1680 id
2300 1633 2403 1688 est,
2448 1624 2743 1692 spiritualis

1155 1711 1367 1767 fructus
1407 1714 1477 1767 illi
1506 1715 1688 1783 procul
1721 1716 1883 1769 dubio
1912 1717 2159 1779 moritur,
2196 1716 2286 1784 qui
2322 1717 2431 1769 suis
2474 1731 2577 1767 nor
2620 1730 2744 1767 eon—

1157 1810 1360 1867 tentus,
1384 1804 1575 1857 alienis
1604 1803 1763 1857 rebus
1788 1806 2053 1869 intendit;
2082 1806 2223 1873 quod
2249 1804 2473 1858 fraterni
2496 1804 2635 1870 juris
2660 1812 2743 1857 est

1156 1893 1385 1961 appetit,
1423 1902 1476 1947 et
1506 1895 1643 1947 bona
1687 1896 1919 1963 proximi
1951 1911 2242 1949 succensus
2272 1896 2512 1948 avaritia:
2539 1894 2745 1947 facibus
2780 1887 2822 1943 Β

1156 1982 1509 2050 concupiscit.
1554 1982 1661 2036 Sed
1713 1985 1980 2037 decimum
2027 1984 2185 2053 Legis
2233 1993 2560 2051 pI‘iBCCpllIIII
2615 1994 2740 2037 est:

1161 2088 1182 2121 ι
1216 2069 1331 2124 Non
1370 2073 1719 2140 concupisces
1769 2089 1880 2126 rem
1927 2073 2155 2143 proximi
2207 2074 2283 2126 tui
2334 2073 2529 2142 (Exod.
2567 2074 2681 2141 xx).
2723 2092 2741 2124 ι

1157 2162 1272 2218 Iloc
1297 2164 1461 2231 igitur
1490 2164 1576 2217 ille
1609 2166 1919 2218 mandatum
1956 2164 2241 2231 diligenter
2288 2165 2489 2228 audiat,
2525 2180 2592 2217 ne
2638 2164 2748 2231 pri-

1157 2254 1491 2321 mogenitum
1523 2256 1733 2322 perdat,
1769 2262 1829 2308 ut
1862 2254 1928 2309 de
1960 2255 2318 2323 primogenito
2346 2270 2444 2308 suo
2495 2255 2743 2323 gaudeat,

1157 2357 1496 2414 nequaquam
1530 2338 1670 2413 quod
1701 2345 1930 2398 alienum
1958 2354 2039 2397 est
2070 2346 2435 2414 concupiscat.

1757 2433 1983 2487 CAPUT
2023 2433 2151 2487 VIII.

1534 2524 1598 2577 lu
1636 2542 1875 2577 sermone
1916 2526 1974 2579 S.
2034 2526 2365 2578 Eleuc/mdii.

1236 2633 1254 2665 s
1287 2615 1523 2668 Postulet
1557 2616 1635 2668 vir
1659 2617 1724 2668 ab
1752 2617 1927 2669 amico
1954 2632 2070 2678 suo,
2103 2617 2180 2668 ait
2220 2615 2499 2676 Dominus.
2529 2626 2581 2669 et
2626 2631 2746 2669 mu—

1157 2706 1260 2760 lier
1286 2722 1313 2757 a
1345 2707 1514 2759 vicina
1549 2722 1666 2769 sua,
1700 2723 1825 2759 vasa
1858 2718 2135 2774 argentea,
2166 2718 2217 2761 et
2242 2724 2422 2769 aurea,
2450 2718 2506 2761 et
2528 2718 2742 2775 vestes;

1160 2799 1307 2852 dabit
1356 2808 1533 2852 autem
1586 2798 1843 2852 Dominus
1889 2800 2114 2869 gratiam
2176 2801 2370 2868 populo
2420 2816 2517 2854 suo
2563 2815 2744 2854 coram

1156 2887 1426 2959 Egypliis
1457 2890 1653 2955 (Exod.
1696 2894 1814 2951 xu}.
1854 2910 1874 2942 ι
1908 2890 1966 2943 In
1997 2906 2103 2959 quo
2132 2891 2408 2952 videlicet,
2454 2905 2520 2943 ne
2546 2890 2747 2945 diutius

1157 2979 1435 3043 immorer,
1469 2981 1693 3049 mystice
1720 2996 1909 3034 aurum
1947 2991 2000 3034 et
2044 2991 2323 3051 argentum
2352 2997 2471 3035 cum
2504 2983 2746 3037 vestibus

1156 3072 1431 3139 petimus,
1477 3071 1629 3125 unde
1667 3071 1894 3125 Domino
1944 3071 2348 3125 tabernaculum
2395 3071 2742 3140 fabricetnus,

1156 3176 1280 3215 cum
1312 3163 1611 3215 mundanos
1646 3171 1834 3230 poetas
1857 3177 1920 3215 ac
1956 3162 2303 3231 philosophos
2333 3164 2580 3233 legimus,
2606 3174 2664 3218 ut
2690 3166 2742 3218 in

1157 3250 1356 3303 divinis
1385 3250 1612 3319 eloquiis
1638 3251 1961 3305 luculentius
1991 3252 2253 3321 proficere
2285 3253 2527 3307 valcauiu
2584 3271 2596 3283 ·
2627 3255 2743 3309 sive
2773 3223 2817 3283 Ε

1153 3339 1342 3401 etiam,
1378 3341 1521 3407 quod
1567 3343 1936 3409 perspicacius
1968 3351 2069 3405 est,
2112 3358 2301 3396 aurum
2331 3352 2385 3397 et
2437 3354 2742 3413 argentum,

1155 3430 1348 3483 animae
1372 3440 1496 3483 sunt
1516 3432 1785 3498 pretiosae,
1810 3448 1930 3502 quae.
1947 3449 2066 3487 eum
2095 3435 2333 3489 vestibus
2356 3436 2536 3496 simul,
2567 3437 2618 3490 id
2640 3446 2739 3499 est,

1154 3520 1272 3574 suis
1294 3521 1611 3588 corporibus
1647 3523 1840 3591 populo
1879 3523 1971 3576 Dei
2005 3539 2061 3577 se
2088 3524 2361 3593 ceptilant,
2394 3534 2451 3577 ut
2492 3525 2747 3580 tenebro-

1152 3622 1276 3661 sum
1303 3609 1405 3661 hoc
1428 3608 1705 3673 saeculum,
1737 3612 1881 3664 velut
1912 3611 2228 3681 Egyptnm,
2262 3616 2511 3668 deserant
2547 3622 2603 3669 et
2635 3624 2743 3670 ter-

1152 3711 1273 3750 ram
1323 3698 1646 3765 promissam
1690 3711 1963 3767 perpetua:
1992 3701 2265 3756 felicitatis
2298 3705 2603 3773 acquirunt.

1766 3788 1993 3845 CAPUT
2029 3791 2121 3844 IX.

1365 3876 1433 3930 In
1461 3893 1697 3931 sermone
1721 3880 1785 3931 de
1806 3883 2097 3934 inventione
2120 3892 2319 3935 sancta
2345 3886 2541 3937 crucis.

1232 3986 1252 4020 ι
1272 3957 1507 4023 ’δυηιθιιι
1528 3970 1594 4023 de
1616 3972 1878 4037 sanguine
1901 3960 2024 4042 agni
2050 3981 2102 4025 et
2125 3984 2329 4043 ponent
2350 3992 2512 4044 super
2538 3986 2746 4031 utrum-

1153 4072 1261 4129 que
1287 4069 1492 4127 postem
1516 4059 1715 4130 (Exod.
1750 4062 1872 4131 ιιι.)
1908 4082 1925 4114 ι
1959 4064 2095 4128 Quid
2143 4073 2243 4127 est,
2278 4067 2417 4133 quod
2452 4066 2745 4122 Israelitica

1153 4148 1307 4217 plebs
1332 4147 1575 4215 postibus
1618 4150 1901 4203 domorum
1938 4151 2005 4205 de
2048 4153 2314 4222 sanguine
2358 4156 2481 4225 agni
2524 4154 2746 4223 iubetur

1154 4238 1455 4305 imponere,
1486 4237 1587 4291 nisi
1636 4246 1696 4291 ut
1741 4255 1840 4293 nos
1879 4240 2189 4311 praeﬁgeret
2235 4259 2455 4298 crucem
2505 4244 2742 4313 Christi,

1152 4330 1247 4399 qui
1277 4345 1437 4385 verus
1459 4339 1543 4385 est
1570 4347 1759 4402 agnus,
1786 4333 1842 4387 in
1870 4332 2046 4390 fronte
2072 4343 2291 4404 portare
2312 4336 2335 4389 ?
2355 4334 2438 4391 Ad
2462 4351 2743 4407 vesperam

1150 4422 1417 4492 siquidem
1452 4424 1832 4483 immolabatur
1860 4443 2067 4499 agnus;
2102 4438 2156 4485 et
2196 4431 2249 4484 in
2300 4446 2525 4501 vespera
2558 4434 2741 4488 mundi

2850 636 2911 687 ad
2950 647 3156 701 eaquae
3182 640 3621 699 contempserant
3673 638 4038 683 revertantur.
4097 630 4256 683 Prius
4310 646 4443 700 ergo

2848 726 3154 780 securitatis
3179 724 3446 778 suavitate
3470 724 3778 777 mulcentur
3810 762 3824 785 ,
3878 722 4027 790 prius
4079 721 4229 789 pacis
4260 723 4443 787 quiete

2846 819 3179 872 nutriuntttr.
3230 816 3362 870 Post
3408 816 3678 885 cognitam
3739 826 3869 867 vero
3911 814 4249 867 dulcedinem
4293 823 4443 865 tanto

2840 908 2951 977 jam
3007 908 3340 963 tolerabilius
3398 908 3759 961 teutationum
3817 906 4115 958 certamina
4170 905 4445 956 sustinent

2846 1013 3049 1071 quanto
3081 1001 3132 1055 in
3164 1002 3273 1056 Deo
3310 1002 3471 1055 altius
3502 1013 3773 1069 agnovere
3802 998 3945 1066 quod
3974 1006 4174 1049 ament.

3462 1109 3690 1165 CAPUT
3736 1109 3824 1163 XI.

3052 1204 3117 1256 In
3149 1220 3383 1257 sermone
3410 1203 3469 1255 .le
3498 1203 3790 1255 iurentione
3819 1212 4013 1253 sancire
4041 1202 4231 1253 crucis.

2924 1314 2941 1346 ι
2981 1294 3225 1363 Sumpsit
3266 1303 3444 1347 autem
3476 1293 3642 1345 Maria
3690 1293 3999 1361 prophetes,
4031 1306 4188 1343 soror
4230 1292 4439 1348 Aaron,

2846 1389 3161 1451 tympanum
3198 1380 3250 1433 in
3274 1394 3437 1432 manu
3470 1379 3665 1447 (Exod.
3701 1388 3807 1447 xv}.
3852 1397 3870 1427 ι
3900 1376 4006 1429 Nos
4034 1392 4250 1445 quoque
4283 1375 4446 1428 rubro

2841 1472 2950 1542 jam
2971 1473 3105 1526 mari
3124 1472 3448 1524 transmisso
3462 1480 3513 1523 et
3531 1470 3685 1521 boste
3708 1468 3958 1522 demerso
3980 1478 4297 1536 tympanum
4318 1482 4441 1519 eum

2846 1565 3013 1619 Maria
3033 1563 3176 1617 ferre
3201 1561 3479 1615 debemus.
3514 1559 3653 1625 Quid
3678 1566 3763 1613 est
3792 1567 3971 1611 autem
3992 1566 4304 1628 tympanum
4326 1570 4448 1623 por-

2848 1655 2998 1710 tare?
3016 1654 3149 1707 Audi
3168 1653 3456 1709 Dominum
3472 1651 3774 1705 dicentem:
3806 1670 3822 1701 ‹
3853 1648 3955 1715 Qui
3981 1648 4112 1711 vult,
4140 1648 4333 1714 inquit,
4356 1663 4446 1701 ve-

2846 1744 2965 1797 nire
2994 1751 3119 1810 post
3149 1756 3259 1801 me.
3288 1743 3517 1810 abneget
3550 1740 3923 1810 semetipsum,
3951 1749 4005 1794 et
4035 1739 4186 1792 tollat
4226 1752 4444 1791 crucem

2849 1848 3003 1887 suam
3032 1843 3087 1886 et
3109 1844 3369 1901 sequatur
3390 1848 3475 1885 me
3507 1836 3656 1901 (Luc.
3691 1832 3829 1901 vni).
3857 1851 3875 1882 ι
3911 1830 4014 1897 Qui
4045 1830 4189 1883 enim
4223 1843 4445 1881 carnem

2852 1940 3005 1978 suam
3022 1940 3142 1977 cum
3166 1922 3311 1975 vitiis
3330 1930 3379 1976 et
3398 1922 3852 1992 concupiscentiis
3867 1920 4153 1988 crucifigit,
4171 1919 4261 1987 qui
4279 1934 4451 1970 mem-

2851 2015 2944 2067 bra
2969 2028 3085 2073 sua,
3112 2028 3231 2081 qua:
3246 2022 3372 2065 sunt
3391 2026 3553 2081 super
3583 2010 4147 2073 terram,abstinendo
4162 2007 4453 2061 mortiﬁcat

2852 2102 3156 2174 (Culat.v),
3193 2103 3281 2155 ille
3312 2117 3435 2155 vere
3483 2116 3604 2154 cum
3650 2101 3817 2155 Maria
3872 2110 4183 2170 tympanum
4243 2104 4448 2165 portat,

2850 2193 2973 2261 quia
3006 2192 3358 2261 semetipsum
3391 2208 3419 2243 a
3454 2190 3628 2243 noxiis
3662 2198 3892 2244 terrenae
3918 2186 4209 2257 voluptatis
4260 2186 4443 2239 humo-

2852 2282 3003 2335 ribus
3027 2281 3239 2335 aridum
3271 2288 3474 2335 servat.

3456 2367 3686 2423 CAPUT
3725 2368 3841 2423 XII.

3372 2458 3437 2511 In
3458 2460 3637 2512 eodem
3677 2475 3932 2512 sermone.

2917 2554 3186 2608 Praeterea
3209 2549 3405 2604 etillnd
3421 2560 3525 2602 non
3554 2549 4002 2602 iuconvenicnter
4026 2543 4448 2612 occurrit.Quod

2852 2644 3103 2698 videlicet
3131 2642 3463 2695 Israeliticus
3502 2638 3729 2709 populus
3751 2639 3803 2692 in
3836 2638 3982 2693 Μαι-ιι
4012 2640 4273 2693 adversus
4303 2638 4453 2707 Moy-

2846 2748 2942 2787 sen
2975 2739 3299 2793 murmurat,
3329 2728 3635 2782 vociferans
3666 2728 3873 2781 scilicet
3906 2743 4010 2781 non
4062 2743 4120 2781 se
4171 2742 4326 2795 posse
4360 2742 4449 2779 re-

2849 2821 3028 2891 perire
3054 2820 3196 2889 quod
3227 2819 3375 2871 bibat
3407 2818 3607 2887 (Exod.
3644 2816 3756 2886 xv).
3809 2816 3962 2870 Tunc
4002 2817 4237 2870 ostendit
4282 2814 4451 2886 Moysi

2850 2913 3111 2967 Dominus
3142 2910 3367 2980 lignum,
3396 2910 3538 2978 quod
3580 2924 3702 2963 cum
3734 2909 3821 2961 ille
3854 2910 4092 2961 misisset
4126 2909 4177 2961 in
4224 2908 4453 2962 amaris-

2850 3005 3019 3059 simas
3047 3018 3237 3072 aquas,
3272 3004 3324 3055 in
3353 3000 3693 3055 dulcedinem
3724 3000 3971 3070 protinus
3995 3008 4123 3053 sunt
4144 3013 4444 3053 conversa.

2852 3095 2990 3161 Quid
3017 3094 3159 3149 enim
3194 3086 3394 3146 amara:
3428 3092 3531 3145 illa:
3554 3106 3732 3159 aquae,
3761 3090 3863 3143 nisi
3895 3090 4199 3143 occidentis
4230 3088 4448 3150 litterte,

2850 3194 2904 3239 et
2934 3184 3084 3239 durae
3112 3193 3273 3252 atque
3304 3183 3549 3252 insipith
3579 3180 3714 3249 legis
3758 3181 3994 3248 speciem
4038 3180 4257 3233 tenent?
4298 3178 4450 3233 Seri-

2848 3286 3000 3348 ptum
3039 3286 3125 3331 est
3158 3276 3299 3329 enim
3342 3292 3356 3329 :
3403 3294 3435 3325 ι’
3461 3273 3758 3329 Constituit
3805 3272 4002 3341 populo
4054 3287 4152 3324 suo
4189 3271 4454 3325 Dominus

2848 3364 3020 3437 legem
3053 3373 3107 3419 et
3126 3364 3347 3433 judicia,
3376 3372 3430 3417 et
3461 3362 3687 3415 tentavit
3709 3376 3831 3415 eum
3868 3358 4082 3428 (1ὺὶι1.).
4124 3377 4140 3409 ι
4184 3360 4249 3412 Ει
4279 3359 4405 3411 alibi
4437 3376 4449 3409 :

2855 3474 2874 3508 ι
2916 3455 3031 3525 Ego
3061 3455 3184 3509 dedi
3236 3454 3317 3509 eis
3366 3463 3633 3521 prmeepta
3685 3466 3791 3503 non
3837 3451 3978 3504 bona
4031 3457 4085 3501 et
4118 3448 4348 3515 judicia,
4399 3447 4451 3501 in

2849 3546 3045 3616 quibus
3102 3560 3209 3598 non
3256 3545 3442 3597 vivent
3488 3541 3704 3605 (Ezech.
3745 3540 3860 3610 xx).
3912 3558 3929 3591 ι
3970 3537 4067 3592 Cui
4126 3548 4303 3590 tamen
4348 3536 4451 3606 legi

2848 3636 2892 3691 si
2922 3634 3195 3689 confessio
3221 3634 3399 3688 crucis
3425 3641 3482 3686 et
3508 3632 3805 3687 Dominiere
3834 3630 4104 3699 passionis
4134 3628 4451 3699 mysterium

2848 3726 3155 3795 copulatur,
3208 3725 3455 3794 protinus
3510 3723 3654 3792 quod
3686 3737 3936 3775 amarum
3978 3720 4156 3775 fuerat
4206 3720 4259 3773 in
4293 3716 4455 3788 spiri-

2849 3814 2975 3870 talis
3004 3814 3375 3883 intelligentite
3396 3812 3736 3867 dulcedinem
3764 3812 4018 3865 vertitur.

3444 3902 3677 3957 CAPUT
3718 3902 3854 3956 XIII.

3346 3991 3416 4045 1η
3454 3992 3637 4045 eodem
3692 4007 3950 4045 sermone.

2918 4081 3224 4137 Notandum
3257 4092 3458 4145 autem,
3481 4082 3636 4150 juxta
3670 4082 3955 4136 veritatem
3978 4081 4239 4147 historize,
4274 4086 4444 4151 quod.

2848 4188 2988 4240 aqua
3018 4173 3072 4225 in
3105 4172 3443 4227 dulcedinem
3475 4187 3655 4236 versa,
3696 4172 3927 4227 subinde
3958 4171 4188 4241 populus
4220 4172 4366 4226 venit
4395 4173 4450 4229 in

2848 4262 3047 4327 Helim,
3074 4262 3164 4315 ubi
3193 4270 3352 4315 erant
3378 4261 3664 4313 duodecim
3705 4260 3882 4314 fontes
3926 4275 4190 4329 aquarum
4221 4269 4276 4315 et
4329 4276 4452 4331 sep-

2846 4354 3092 4425 tuaginta
3120 4352 3332 4422 palmae.
3366 4350 3505 4418 Quid
3536 4333 3696 4421 Ῑιο
3737 4352 3884 4406 enim
3924 4350 4207 4406 duodecim
4246 4350 4448 4416 fontes,

2847 4446 2951 4499 nisi
2978 4443 3262 4497 duodecim
3290 4450 3417 4496 sunt
3436 4442 3663 4510 apostoli
3695 4442 4008 4511 (Matth.x),
4028 4459 4164 4511 quos
4189 4442 4455 4499 Dominus

1150 4528 1345 4589 passus
1373 4523 1455 4566 est
1480 4512 1745 4569 Christus.
1778 4516 2066 4572 Liniuntur
2094 4520 2279 4589 utique
2313 4532 2513 4589 postes,
2548 4537 2614 4576 ne
2656 4538 2743 4575 va-
2773 4553 2819 4612 υ
2849 4535 2914 4589 ad
2940 4536 3043 4589 ιιοο
3068 4532 3355 4589 constituit
3384 4541 3438 4586 ut
3468 4548 3496 4584 a

2094 4520 2279 4612 υιίίξυβ
2313 4532 2513 4589 Ροδῑεδι
2548 4537 2614 4576 ne
2656 4538 2743 4575 νδ·
2773 4553 2819 4612 ι)
2849 4535 2914 4589 ad
2940 4536 3043 4589 hoc
3068 4532 3355 4589 constituit
3384 4541 3438 4586 ιιι
3468 4533 3620 4586 arida
3653 4540 3708 4587 et
3747 4533 4049 4602 squalentia
4096 4534 4313 4587 humani
4349 4548 4445 4602 ge-

1150 4612 1327 4657 stator
1353 4604 1577 4673 augelus
1600 4606 1794 4659 audeat
1827 4606 2027 4662 inferre
2056 4610 2351 4676 perniciem
2376 4628 2391 4674 ;
2419 4621 2472 4664 et
2504 4627 2601 4665 nos
2620 4626 2743 4665 cru-

1152 4691 1235 4751 cis
1262 4692 1513 4745 vexillum
1547 4693 1597 4745 in
1626 4694 1790 4748 corde
1814 4706 2087 4765 gestamus
2113 4707 2165 4751 et
2204 4697 2398 4760 fronte,
2434 4716 2503 4754 ne
2550 4717 2743 4770 repen-

1150 4781 1301 4834 tinus
1330 4783 1500 4837 bostis
1535 4785 1756 4839 veniens
1792 4786 1965 4841 valeat
1992 4788 2207 4844 auferre
2234 4791 2481 4857 salutem,
2518 4795 2658 4848 unde
2687 4803 2742 4848 et

1150 4872 1327 4933 securi
1363 4874 1645 4929 canimus:
1681 4894 1699 4925 ι
1758 4874 2037 4946 Signatnm
2086 4891 2169 4935 est
2207 4898 2369 4953 super
2416 4900 2513 4939 nos
2558 4884 2739 4943 lumen

1149 4962 1333 5019 vultus
1365 4966 1468 5030 tui,
1512 4968 1736 5021 Domine
1766 4967 1935 5036 (I’snl.
1963 4970 2056 5037 tv).
2100 4993 2118 5024 ι

1690 5060 1850 5130 109
1877 5061 2101 5117 CAPUT
2133 5063 2202 5117 Χ.

1413 5144 1481 5201 In
1504 5146 1737 5216 Epiuold
1764 5152 1832 5204 ad
1856 5152 2107 5211 Blancam
2132 5158 2472 5211 comitissam.

1230 5254 1247 5284 ι
1285 5235 1418 5289 Cum
1446 5240 1713 5295 emisisset
1737 5240 1949 5298 Pharao
1970 5246 2249 5313 populum,
2269 5264 2374 5302 non
2402 5264 2496 5304 eos
2518 5250 2743 5306 deduxit

1147 5325 1415 5381 Dominus
1444 5341 1538 5395 per
1560 5330 1701 5383 viam
1735 5340 1890 5387 terrae
1912 5332 2223 5401 Philistiitn,
2256 5352 2378 5407 qua
2405 5338 2583 5393 vicina
2612 5350 2736 5407 est-,

1145 5425 1491 5486 reputansne
1516 5418 1654 5473 forte
1670 5423 1959 5488 pteniteret
1979 5440 2124 5489 eum,
2143 5426 2187 5480 si
2210 5428 2431 5482 vidisset
2451 5430 2739 5485 adversum

1145 5518 1209 5559 se
1261 5502 1396 5558 bella
1446 5521 1814 5578 consurgere,
1864 5522 1920 5566 et
1968 5516 2409 5569 revertereturin
2442 5515 2737 5587 Egyptum

1146 5591 1351 5663 (Exod.
1370 5597 1512 5666 xui).
1543 5619 1563 5651 ι
1590 5598 1665 5653 Ex
1691 5600 1926 5673 Egypto
1944 5604 2124 5675 itaque
2152 5607 2738 5672 recendeutibus,evi-

1144 5686 1272 5741 cino
1299 5702 1475 5759 pugna
1504 5691 1843 5747 subtrahitur
1867 5734 1882 5759 ,
1930 5697 2055 5766 quia
2108 5697 2611 5769 derelinquentibus
2636 5715 2735 5756 ste-

1143 5772 1325 5832 culum
1357 5777 1608 5847 quaedam
1647 5783 1797 5852 pacis
1822 5788 2184 5857 tranquillitas
2206 5790 2399 5855 datur;
2435 5804 2503 5845 ne
2526 5790 2579 5846 in
2615 5792 2731 5862 ipsa

2851 4626 2998 4680 neris
3021 4636 3238 4693 pectora
3264 4640 3376 4678 suae
3410 4622 3812 4692 prmdicationis
3843 4623 4288 4677 inundationibus
4316 4624 4455 4678 irri-L

2851 4716 3081 4786 garent?
3117 4713 3252 4779 Quid
3281 4728 3414 4768 vero
3463 4713 3804 4782 septuaginta
3854 4714 4153 4781 palmarum
4196 4716 4453 4779 arbores,

2851 4806 2955 4859 nisi
2989 4806 3212 4858 totidem
3240 4811 3367 4857 sunt
3409 4802 3679 4873 discipuli,
3716 4818 3857 4871 quos
3888 4814 4013 4857 ante
4068 4802 4259 4857 faciem
4292 4819 4445 4858 suam

2852 4898 3053 4952 idcirco
3082 4897 3229 4951 misit
3261 4895 3414 4965 (Luc.
3454 4894 3533 4964 x),
3568 4904 3627 4948 ιιι
3657 4909 3752 4963 per
3779 4908 3875 4949 eos
3918 4895 4156 4949 victoria:
4186 4910 4295 4947 sine
4324 4895 4449 4963 pal-

2848 5005 2967 5043 mas
3017 4987 3251 5041 mundus
3301 4983 3661 5055 agnosceret?
3710 4986 3775 5039 Et
3832 4994 3984 5040 certe
4027 4986 4161 5039 satis
4206 5001 4455 5056 congrue

2844 5078 3063 5132 videtur
3115 5075 3562 5145 consequentium
3626 5089 3808 5129 rerum
3854 5076 3989 5129 ordo
4042 5076 4336 5143 dispositus
4388 5088 4446 5130 ιιι

2846 5169 3023 5235 primQ
3069 5165 3297 5236 populus
3327 5166 3617 5219 duceretur
3661 5164 3727 5217 ad
3760 5164 3999 5218 litteram
4045 5164 4199 5234 legis,
4257 5180 4287 5217 a
4336 5180 4443 5234 qua

2848 5255 3127 5318 nimirum,
3180 5254 3305 5309 dum
3337 5268 3521 5305 amara
3569 5251 3693 5319 fuit,
3742 5254 3977 5309 transire
4007 5269 4113 5307 non
4148 5253 4342 5321 potuit.
4377 5255 4446 5308 At

2848 5352 3133 5414 postquam
3164 5351 3247 5397 est
3270 5357 3368 5411 per
3390 5341 3594 5411 lignum
3622 5342 3745 5397 vita:
3774 5343 3946 5397 dulcis
3976 5342 4166 5398 ell'ecta
4198 5353 4249 5398 et
4286 5344 4447 5398 intel-

2846 5434 2940 5503 ligi
2968 5432 3325 5501 spiritualiter
3353 5433 3541 5501 erepit,
3580 5432 3723 5487 illico
3750 5432 3845 5486 Dei
3890 5434 4118 5503 populus
4167 5434 4232 5487 de
4262 5431 4444 5487 Veteri

2844 5522 3195 5578 Testamento
3239 5524 3303 5577 ad
3332 5522 3672 5593 Apostolieos
3701 5522 3878 5578 fontes
3918 5532 3973 5578 et
4017 5523 4319 5591 palmarum
4351 5536 4446 5575 ar-

2841 5616 3026 5681 bores,
3067 5617 3119 5671 id
3155 5626 3259 5682 cst,
3292 5618 3359 5673 ad
3392 5618 3669 5689 Evangelii
3698 5618 3930 5688 gratiam
3962 5620 4193 5672 transiit.
4223 5619 4287 5672 Et
4304 5618 4448 5675 bene

2840 5716 2963 5778 post
3001 5717 3282 5779 acceptum
3326 5707 3653 5781 Decalogum
3699 5708 3980 5780 septuplus
4022 5710 4445 5781 pra-dicaturum

2838 5814 3099 5856 numerus
3124 5800 3493 5867 constituitur,
3522 5801 3649 5871 quia
3688 5815 3787 5870 per
3836 5798 4211 5891 septiformcm
4259 5804 4441 5857 sancti
