5962 6442
1341 380 1481 437 I023

2227 378 2728 435 COLLEC'I'ANEA
2775 379 2839 434 IN
2886 379 3113 436 VETUS
3153 379 3702 440 τεετΑΜεΝτυιι.

4452 386 4589 445 sou

1322 491 1564 564 Spiritus
1613 490 1840 559 gratiam
1871 503 2030 544 omne
2058 489 2370 544 mandatum
2417 490 2611 544 divinae
2638 488 2773 560 legis
2806 481 2904 544 im-
2942 496 2981 549 Α
3018 506 3035 538 ι
3085 487 3224 558 Ignis
3253 504 3442 544 eorum
3472 506 3577 545 non
3603 490 3974 560 esstinguetur
3999 498 4051 548 et
4078 492 4282 548 vermis
4317 507 4427 548 non
4471 511 4588 550 mo-

1325 587 1522 657 pletur.
1552 583 1659 638 Nec
1684 582 1953 636 immerito
1979 581 2138 650 plane
2165 581 2548 650 praedicatores
2576 582 2756 635 crucis
2795 581 2907 650 pal-

1326 691 1540 732 marum
1579 675 1826 729 videntur
1855 675 2070 728 nomine
2096 674 2386 744 designari,
2410 674 2537 728 dum
2562 682 2617 728 et
2636 673 2751 740 ipsa
2775 688 2907 726 crux

1323 766 1444 835 jure
1474 764 1698 818 dicenda
1727 764 1797 817 sit
1823 762 2027 832 palma;
2071 766 2196 832 quia
2228 764 2280 816 iu
2308 777 2372 817 ea
2408 762 2613 816 scilicet
2643 762 2785 815 facta
2829 769 2910 814 est

1328 855 1394 908 de
1421 863 1693 922 prostrato
1736 854 1920 907 mundi
1952 854 2106 908 hoste
2152 853 2414 916 victoria;
2471 853 2611 905 sicut
2661 851 2728 906 de
2792 851 2905 919 ipsa

1327 957 1489 996 cruce
1526 957 1754 1010 sponsus
1795 943 1860 995 ad
1907 957 2200 1010 sponsam:
2239 960 2257 992 ‹
2296 941 2453 1002 Dixi,
2499 939 2696 1008 inquit,
2725 954 2911 993 ascen-

1328 1031 1449 1083 dam
1490 1033 1542 1085 in
1575 1031 1830 1100 palmam,
1861 1042 1915 1086 et
1950 1031 2343 1101 apprehendam
2376 1028 2581 1086 fructus
2631 1029 2767 1100 ejus,
2799 1037 2905 1085 etc.

1330 1120 1506 1191 (Cant.
1540 1133 1633 1194 vn)
1678 1143 1696 1176 s

1926 1211 2154 1267 CAPUT
2191 1212 2322 1267 XIV.

1672 1300 1736 1354 In
1766 1317 2002 1354 sermone
2028 1304 2091 1353 de
2121 1301 2179 1356 S.
2219 1301 2563 1355 Eleae/mdia.

1406 1409 1422 1439 ι
1460 1389 1554 1443 Die
1580 1400 1732 1444 sexta
1761 1399 1969 1456 parent,
1993 1391 2069 1443 ait
2093 1391 2370 1452 Dominus,
2394 1393 2536 1459 quod
2568 1393 2820 1456 interant,
2850 1400 2904 1446 et

1329 1485 1394 1536 sit
1421 1482 1637 1550 duplum
1662 1475 1822 1550 quam
1861 1482 2112 1552 colligere
2141 1483 2384 1536 solebant
2405 1499 2499 1551 per
2526 1485 2766 1553 singulos
2794 1485 2909 1539 dies

1328 1572 1525 1640 (Exod.
1544 1575 1674 1639 xw).
1691 1592 1708 1624 ι
1728 1572 1893 1628 Sexto
1907 1574 1990 1627 die
2002 1574 2196 1641 duplex
2223 1589 2470 1627 mensura
2494 1576 2910 1645 colligijubeba-

1327 1669 1438 1723 tur,
1465 1670 1520 1714 ut
1540 1678 1604 1716 ex
1629 1678 1694 1716 eo
1718 1663 1768 1716 in
1787 1662 2081 1717 Sabbatum
2104 1664 2362 1718 medietas
2387 1676 2713 1722 servaretur.
2739 1667 2909 1721 Porro

1326 1759 1503 1804 autem
1536 1764 1684 1806 sexta
1718 1753 1833 1806 dies
1871 1763 2018 1808 sexta
2059 1755 2242 1807 mundi
2281 1766 2413 1810 mtas
2459 1757 2798 1826 intelligitur,
2851 1758 2903 1811 in

1325 1857 1433 1912 qua
1464 1859 1604 1898 nunc
1627 1859 1828 1898 sumus.
1864 1845 1918 1898 In
1960 1847 2063 1899 hac
2098 1860 2228 1916 ergo
2269 1847 2354 1901 die
2384 1848 2600 1916 duplum
2646 1867 2743 1918 pro
2778 1867 2907 1905 ven-
2939 1833 2982 1891 Β

1326 1941 1448 1984 turo
1478 1931 1713 1986 Sahbato
1742 1935 1962 2003 colligit,
2016 1937 2105 2004 qui
2158 1953 2254 2006 pro
2306 1939 2488 2007 gloria:
2536 1941 2771 1996 caelestis
2819 1944 2903 1996 in-

1323 2023 1482 2087 tuitu,
1508 2024 1593 2077 ubi
1622 2041 1814 2094 perpes
1845 2027 2139 2082 Sabbatum
2167 2041 2220 2083 et
2246 2046 2372 2084 vera
2398 2042 2479 2086 cst
2503 2036 2733 2103 requies,
2781 2051 2903 2088 ver-

1323 2113 1450 2167 bum
1483 2115 1575 2168 Dei
1601 2126 1658 2170 et
1683 2119 1830 2170 audit
1861 2129 1911 2172 et
1959 2119 2105 2173 facit.
2146 2121 2201 2174 In
2256 2123 2355 2175 hac
2386 2124 2602 2191 duplum
2663 2129 2905 2182 recondit

1322 2205 1413 2272 qui
1436 2215 1489 2258 et
1518 2206 1655 2262 bene
1675 2209 1824 2272 vivit,
1857 2219 1910 2262 et
1938 2211 2058 2263 aliis
2087 2214 2390 2280 exemplum
2415 2216 2603 2268 salutis
2629 2221 2898 2285 ostendit;

1323 2293 1458 2356 sive,
1475 2295 1615 2361 quod
1639 2297 1939 2363 expeditius
1961 2301 2340 2367 est,duplieem
2367 2318 2672 2358 mensuram
2701 2308 2903 2375 colligit

1323 2383 1413 2450 qui
1449 2393 1649 2437 tantum
1685 2388 1736 2438 in
1767 2389 1900 2440 bona
1926 2391 2241 2456 Operatione
2270 2393 2512 2452 desudat,
2549 2397 2688 2449 unde
2728 2406 2779 2448 et
2817 2400 2903 2452 hic

1325 2475 1596 2528 Conditori
1639 2491 1737 2530 suo
1766 2477 1880 2543 ejus
1912 2483 2087 2533 anima
2132 2484 2361 2550 placeat,
2414 2495 2468 2537 et
2499 2503 2619 2540 cum
2663 2504 2726 2541 eo
2756 2500 2903 2556 post-

1325 2566 1538 2617 modum
1565 2571 1941 2634 perpetualiter
1969 2573 2126 2624 vivat.
2163 2573 2311 2636 Quod
2341 2575 2501 2642 igitur
2542 2582 2903 2642 reponebatur

1322 2669 1418 2722 pro
1448 2654 1686 2708 Sabbato
1712 2660 1979 2726 corrumpi
2011 2677 2113 2712 non
2131 2672 2370 2728 poterat;
2404 2666 2527 2730 quia
2547 2665 2683 2718 bona
2713 2682 2895 2732 opera,

1323 2759 1440 2810 quae
1481 2761 1576 2811 pro
1618 2747 1883 2801 desiderio
1915 2765 2160 2819 superme
2194 2752 2390 2820 quietis
2440 2753 2595 2815 tiunt,
2640 2766 2900 2824 perpetuo

1324 2836 1634 2889 manebunt.

1924 2930 2149 2986 CAPUT
2187 2933 2300 2985 XV.

1593 3014 1659 3068 In
1688 3019 1903 3083 epistola
1928 3023 1995 3070 ad
2015 3021 2210 3086 fratres
2241 3023 2626 3078 Cluniacenses.

1398 3125 1415 3156 ι
1462 3107 1590 3160 Cum
1631 3109 1888 3163 vidissent
1919 3109 2009 3163 lilii
2056 3111 2215 3176 Israel
2259 3129 2449 3168 manna
2491 3116 2696 3177 datum,
2747 3120 2896 3171 dixe-

1321 3207 1446 3248 runt
1475 3197 1540 3248 ad
1577 3196 1806 3250 imicem
1839 3217 1850 3250 :
1889 3199 2081 3252 Mauhu
2109 3202 2126 3253 ἔ
2152 3204 2293 3269 quod
2326 3204 2617 3273 signiﬁcat,
2657 3208 2784 3274 quid
2815 3217 2896 3261 est
2925 3179 2970 3240 Ο

1321 3285 1464 3339 hoc?
1495 3286 1700 3352 Quihus
1727 3289 1801 3342 ait
1833 3289 2040 3360 Moyses
2073 3309 2085 3346 :
2128 3292 2231 3345 Iste
2253 3303 2334 3346 est
2364 3297 2535 3362 panis,
2568 3311 2726 3364 quem
2750 3298 2899 3351 dedit

1322 3375 1472 3426 vobis
1496 3375 1753 3430 Dominus
1783 3379 1848 3429 ad
1873 3382 2194 3433 vescendum
2221 3381 2419 3448 (Exod.
2448 3385 2582 3452 xvi).
2616 3403 2633 3435 ι
2663 3385 2739 3438 Illi
2769 3402 2898 3454 ergo

1322 3478 1542 3528 manna,
1593 3465 1643 3517 id
1681 3474 1781 3532 est,
1821 3469 1948 3536 quid
2003 3479 2086 3524 est
2136 3472 2258 3533 hoc,
2294 3475 2563 3529 veraciter
2608 3479 2899 3532 comedunt

1322 3553 1435 3619 qui,
1463 3553 1588 3606 dum
1627 3553 1828 3624 legunt,
1879 3557 1962 3610 vel
2005 3559 2247 3623 audiunt,
2298 3562 2462 3615 divini
2511 3563 2655 3617 verbi
2702 3577 2898 3634 mystc-

1321 3642 1459 3695 rium
1515 3643 1744 3700 solerter
1796 3647 2092 3716 inquirunt.
2143 3650 2241 3715 Qui
2282 3652 2536 3706 nimirum
2577 3654 2719 3708 intra
2758 3657 2898 3710 littec

1322 3731 1454 3783 ralis
1493 3733 1660 3800 palea:
1690 3735 1921 3799 thecam,
1951 3737 2160 3792 dulcem
2205 3740 2569 3812 intelligentia:
2599 3745 2896 3812 spiritualis

1321 3821 1866 3880 ambinntenucleare
1891 3827 2200 3881 medullam.
2233 3827 2331 3884 llic
2360 3841 2509 3885 certe
2531 3834 2658 3899 quid
2687 3844 2767 3887 est
2796 3834 2898 3888 hoc

1319 3909 1585 3965 veraciter
1611 3916 1862 3976 vescitur,
1899 3917 1989 3983 qui
2025 3917 2076 3968 in
2121 3919 2338 3973 assidua
2390 3919 2682 3988 Scripturze
2728 3938 2897 3975 sai-rte

1319 3997 1549 4052 solerter
1577 3999 1923 4068 inquisitione
1950 4016 2220 4059 versatur.
2249 4007 2414 4073 Quasi
2455 4010 2596 4064 enim
2642 4013 2895 4079 quaestio-

1317 4102 1441 4140 nem
1472 4089 1623 4159 ιιι
1660 4093 1965 4159 quamdam,
1994 4104 2048 4149 et
2081 4097 2208 4163 quid
2258 4108 2341 4151 est
2374 4099 2476 4153 hoc
2527 4101 2684 4154 avido
2716 4104 2895 4156 cordis

1318 4190 1413 4229 ore
1443 4181 1795 4244 comedin‘ius,
1825 4198 1946 4235 cum
1979 4183 2044 4235 ad
2074 4187 2402 4252 penetranda
2452 4190 2704 4257 mysteria
2745 4191 2891 4244 Scri-

1316 4278 1596 4335 pturarmn
1628 4271 1914 4341 vigilanter
1947 4275 2267 4343 insistimus,
2292 4294 2413 4333 cum
2439 4281 2624 4349 epulas
2657 4285 2892 4338 cce'eStis

1316 4357 1512 4426 eloquii
1535 4360 1803 4415 subtiliter
1830 4365 2182 4420 rumiuamns.

1900 4453 2125 4508 CAPUT
2165 4455 2301 4509 XVI.

1669 4543 1734 4596 In
1768 4561 2003 4599 sermone
2019 4549 2081 4598 de
2108 4547 2163 4600 S.
2193 4548 2530 4603 Eleae/tudio.

1947 4635 2146 4704 (Serm.
2178 4636 2254 4706 6.)

1387 4722 1638 4778 Prmsenti
1676 4727 1984 4780 necessitati
2037 4728 2292 4782 hodierna
2339 4746 2466 4783 cura
2501 4730 2750 4795 suﬂiciat,
2778 4736 2892 4788 'nec

1315 4811 1452 4864 diem
1477 4816 1767 4868 crastinum
1785 4816 2163 4872 sollicitudinis
2187 4835 2380 4874 rancor
2400 4823 2892 4890 anticipet.lsraeli-

1316 4906 1453 4958 tiens
1497 4919 1624 4957 sane
1672 4908 1915 4973 populus,
1973 4909 2111 4961 sicut
2159 4925 2313 4962 sacra
2357 4920 2585 4965 testatur
2639 4915 2887 4978 historia,

1313 5010 1434 5048 cum
1486 5010 1678 5047 manna
1709 4996 2000 5064 colligeret,
2041 5000 2369 5055 scaturiebat
2410 5003 2684 5057 vermibus
2728 5015 2889 5072 atque

1312 5087 1801 5152 c0mputrescebat,
1847 5086 1890 5138 si
1932 5089 2050 5154 quis
2079 5090 2364 5145 inﬁdeliter
2407 5108 2594 5162 agens,
2627 5110 2692 5148 ex
2723 5112 2788 5148 eo
2836 5095 2888 5148 in

1312 5175 1606 5227 crastinum
1633 5175 2149 5246 reservaret(Ea:od.
2174 5181 2306 5248 xvi).
2337 5179 2426 5234 Sic
2457 5184 2710 5237 nimirum
2743 5187 2890 5254 quis-

1313 5265 1434 5332 quis
1459 5265 1650 5319 ardore
1679 5260 1987 5335 cupiditatis
2020 5283 2311 5332 accensus,
2355 5282 2414 5324 ut
2468 5282 2720 5342 tanquam
2771 5291 2889 5330 cor-

1312 5355 1427 5420 puri
1451 5369 1548 5407 suo
1573 5355 1818 5408 alimenta
1850 5358 2145 5424 provideat,
2180 5368 2448 5415 terrenam
2493 5364 2591 5416 sibi
2633 5367 2885 5420 substan-

1315 5445 1439 5496 tiam
1480 5446 1824 5509 thesaurizat,
1859 5446 1984 5500 huic
2014 5447 2101 5502 ille
2148 5451 2344 5504 vermis
2379 5452 2584 5518 ebullit,
2635 5457 2724 5525 qui
2757 5472 2886 5510 cou-

1314 5533 1590 5587 scieutiam
1625 5534 1791 5588 fodiat
1831 5544 1885 5590 et
1920 5552 2116 5590 arcana
2145 5541 2377 5606 pectoris
2407 5544 2577 5595 rodat.
2601 5543 2884 5599 Enimvero

1315 5624 1349 5676 ii
1377 5622 1791 5678 sollicitudinum
1825 5641 2206 5696 vermes,quos
2237 5630 2459 5684 avaritia
2493 5642 2737 5699 generat,
2767 5633 2883 5686 illus

1315 5716 1485 5768 den-to
1541 5731 1748 5770 vermes
1801 5729 2015 5788 parant,
2071 5721 2135 5772 de
2192 5723 2385 5791 quibus
2439 5724 2696 5794 scriptum
2753 5737 2877 5780 cst:

2917 4512 2969 4571 D

3014 578 3181 632 rietur
3207 577 3343 647 (Isa.
3394 581 3530 649 xvi),
3560 599 3578 632 ι
3611 590 3669 633 ut
3708 579 3885 650 ignem
3916 582 4037 651 igne
4063 581 4377 650 cupiditatis
4399 596 4588 637 secen-

3012 667 3120 727 dat,
3146 674 3198 719 et
3237 667 3436 721 vermis
3458 683 3522 722 ex
3563 684 3746 723 verme
3781 671 4051 739 procedat.
4077 669 4399 739 Quanquam
4431 680 4484 724 et
4511 672 4587 726 sic

3013 757 3781 814 valeatnoninconvenienter
3828 760 4073 830 intelligi,
4126 762 4252 830 quia
4295 763 4437 816 sicut
4469 762 4584 831 ipse

3011 847 3280 910 Christus.
3310 849 3399 918 qui
3438 850 3567 903 dicit
3594 868 3605 902 :
3638 868 3656 901 ‹
3691 851 3800 920 Ego
3827 833 4184 916 sum'vermis,
4212 860 4264 906 et
4289 867 4399 906 non
4427 854 4584 908 homo

3013 935 3355 1006 (Psal.ut),
3408 959 3426 991 ι
3485 942 3734 1007 provenit
3777 941 3898 994 aliis
3957 942 4012 995 in
4066 943 4299 1005 ruinam,
4351 942 4474 996 aliis
4532 943 4585 997 is.

3012 1029 3498 1092 resurrectionem;
3559 1030 3633 1084 ita
3691 1031 4038 1086 nihilominus
4085 1031 4304 1086 verbum
4353 1032 4470 1101 ejus
4525 1031 4584 1085 tit

3011 1135 3209 1175 manna
3234 1122 3514 1189 mellisque
3536 1121 3761 1178 dulcedo
3789 1123 4029 1178 ﬁdelibus
4050 1140 4065 1188 ;
4089 1122 4392 1178 inﬁdelibus
4405 1133 4580 1178 autem

3011 1218 3064 1266 et
3123 1225 3286 1280 prave
3339 1212 3641 1267 viventibus
3692 1213 3890 1267 vermis
3935 1213 4011 1275 ﬁt,
4063 1227 4166 1266 non
4207 1212 4456 1267 videlicet
4489 1213 4581 1280 qui

3011 1302 3246 1356 animam
3287 1301 3536 1358 reficiens
3556 1304 3683 1370 alat,
3709 1319 3813 1359 non
3835 1305 3925 1374 qui
3956 1303 4335 1361 conscientiam
4355 1303 4580 1359 terendo

3010 1406 3073 1447 ae
3112 1391 3412 1447 minitando
3443 1395 3772 1450 remordeat.

3581 1507 3808 1564 CAPUT
3862 1510 4023 1564 XVII.

3186 1599 3252 1652 1η
3282 1615 3517 1653 sermone
3555 1601 3619 1653 de
3647 1599 3961 1654 exultatione
3984 1609 4176 1654 sancta
4209 1603 4398 1656 crucis.

3081 1688 3295 1743 Habeas
3320 1689 3530 1759 Moyses
3554 1691 3757 1760 virgam
3780 1691 3832 1744 in
3857 1707 4038 1754 manu,
4055 1692 4265 1747 brachia
4281 1692 4335 1747 in
4359 1693 4578 1750 modum

3013 1782 3188 1834 crucis
3233 1781 3407 1835 erexit
3457 1779 3654 1850 (Exod.
3689 1783 3866 1852 xvii):
3911 1783 4094 1853 sicque
4132 1783 4327 1839 factum
4369 1794 4472 1847 est.
4521 1794 4580 1840 ut

3010 1878 3349 1925 catervarum
3390 1873 3791 1928 adversantium
3837 1873 3982 1928 acies
4013 1873 4154 1943 ligno
4177 1884 4229 1928 et
4256 1875 4429 1943 signo,
4478 1877 4578 1932 hoc

3009 1971 3112 2024 est,
3175 1961 3331 2029 pleno
3381 1961 3560 2016 crucis
3607 1962 3867 2030 mysterio
3915 1971 4211 2031 superaret.
4269 1962 4379 2032 Hoc
4432 1966 4572 2020 enim

3008 2067 3159 2105 sacra
3200 2059 3428 2104 testatur
3476 2051 3701 2106 historia
3745 2065 3873 2106 cum
3915 2052 4085 2107 dicit:
4131 2072 4148 2103 ι
4199 2052 4328 2107 Dum
4373 2053 4574 2108 levaret

3008 2155 3199 2194 manus
3249 2140 3498 2210 Moyses,
3539 2140 3789 2195 vincebat
3827 2141 3995 2195 Israel
4037 2159 4050 2194 :
4102 2142 4181 2195 siu
4231 2152 4400 2196 autem
4447 2157 4572 2210 pau-

3007 2229 3173 2284 lulum
3231 2232 3574 2297 remisisset,
3637 2233 3925 2300 superabat
3972 2232 4220 2287 Amalech
4282 2232 4508 2303 (Ibid).
4543 2253 4563 2285 s

3008 2317 3118 2373 lloc
3159 2319 3320 2388 plane
3351 2319 3548 2374 factum
3580 2335 3683 2374 non
3733 2321 3904 2375 solum
3951 2322 4239 2391 spiritualis
4271 2323 4566 2392 intelligen-

3007 2409 3094 2462 tia:
3123 2419 3540 2466 sacramentum.
3562 2411 3655 2464 sed
3676 2419 3727 2463 et
3754 2411 3966 2465 virtutis
3990 2413 4140 2466 nobis
4163 2412 4568 2468 saluberrimum

3004 2510 3290 2553 convectat
3327 2500 3651 2569 exemplum.
3677 2499 3808 2554 Nam
3838 2503 3961 2555 dum
3997 2518 4206 2558 crucem
4249 2513 4362 2572 post
4391 2503 4561 2556 Domi-

3005 2601 3132 2639 num
3161 2589 3422 2650 tollimus;
3462 2589 3587 2641 dum
3637 2589 3797 2643 corda
3829 2599 4010 2644 nostra
4048 2606 4166 2644 cum
4214 2591 4453 2646 manibus
4499 2592 4560 2645 ad

3006 2676 3287 2729 Dominum
3343 2677 3602 2740 levamus,
3658 2689 3892 2732 rectores
3945 2681 4276 2733 tenebrarum
4327 2680 4562 2748 protinus

3003 2775 3330 2820 corruuntet
3348 2768 3398 2820 in
3423 2767 3526 2820 ima
3552 2769 3802 2834 prostrati
3834 2769 4016 2824 fractis
4046 2770 4245 2825 viribus
4271 2771 4554 2825 eliduntur.

3005 2853 3061 2907 Si
3093 2870 3220 2910 vero
3248 2871 3437 2910 manus
3487 2860 3808 2912 remittimus
3856 2869 3911 2913 et
3955 2860 4105 2914 obliti
4135 2860 4422 2915 celestium
4455 2871 4555 2915 ter-

3006 2961 3134 2999 rena
3175 2956 3467 3010 sectamur,
3498 2950 3744 3017 protinus
3777 2949 3945 3004 hostis
3971 2951 4142 3005 victor
4183 2951 4474 3020 insequitur
4504 2961 4555 3007 et

3003 3051 3099 3088 nos
3141 3037 3338 3089 amissa
3365 3038 3587 3090 victoria
3635 3039 4071 3106 persequentium
4115 3040 4302 3105 gladiis
4340 3041 4559 3098 obtrun-

3001 3138 3207 3180 camur.
3235 3124 3288 3178 In
3329 3127 3475 3179 omni
3507 3141 3635 3180 sane
3662 3127 3928 3195 spirituali
3955 3130 4244 3183 certamine
4275 3131 4443 3185 crucis
4465 3131 4556 3186 de-

3002 3214 3190 3269 bemus
3228 3215 3492 3284 prael'erre
3527 3217 3800 3283 vexillum,
3838 3219 3978 3286 quod
4020 3219 4266 3273 nimirum
4311 3221 4354 3274 si
4387 3221 4558 3274 visibia-

3001 3302 3361 3371 literagentes
3377 3305 3694 3369 attollimus,
3726 3307 3910 3375 procul
3945 3308 4105 3361 dubio
4136 3309 4357 3362 victores
4383 3309 4558 3363 existi-

3001 3410 3150 3457 mus;
3197 3394 3434 3463 alioquin
3478 3397 3521 3450 si
3573 3397 3810 3464 segniter
3846 3398 4071 3452 vivendo
4113 3397 4443 3468 deponimus,
4491 3399 4553 3454 ad

3001 3483 3205 3553 primos
3240 3488 3676 3554 persequentium
3709 3489 3937 3558 impetus
3957 3504 4174 3544 necesse
4193 3500 4273 3542 est
4298 3490 4554 3546 enm-vites

3001 3573 3371 3627 concidamus.
3405 3574 3558 3632 Unde
3582 3585 3636 3631 et
3676 3578 3900 3647 insignis
3931 3579 4016 3632 ille
4044 3578 4241 3633 militiae
4269 3579 4553 3648 spiritualis

3002 3662 3301 3719 instructor
3349 3665 3545 3720 Paulus
3574 3669 3649 3720 ait
3681 3682 3694 3720 :
3730 3688 3747 3718 ‹
3794 3667 4066 3724 Remissas
4100 3684 4284 3724 manus
4309 3679 4360 3722 et
4387 3669 4551 3724 disse-

2995 3751 3106 3804 luta
3137 3768 3308 3821 genua
3348 3755 3564 3823 erigite,
3595 3766 3650 3809 et
3678 3772 3891 3826 gressus
3939 3767 4113 3812 rectos
4140 3757 4299 3812 facite
4339 3759 4552 3828 pedibus

2997 3843 3212 3905 vestris,
3253 3859 3320 3897 ne
3345 3844 3654 3898 claudicans
3681 3848 3802 3914 quis
3832 3860 3978 3901 erret
4004 3847 4186 3917 (Hebr.
4218 3850 4331 3916 sit).
4377 3869 4395 3901 ι

3467 3934 3622 4003 112
3667 3935 3894 3991 CAPUT
3931 3935 4109 3990 xvnt.

3379 4021 3444 4076 In
3466 4039 3702 4077 sermone
3727 4024 3967 4094 synodali
3993 4025 4180 4094 primo.

3070 4111 3223 4167 Sicut
3246 4113 3300 4166 in
3330 4122 3511 4166 monte
3537 4112 3684 4166 Sinai
3708 4113 3965 4168 Dominus
3986 4113 4282 4170 Israelitica:
4300 4116 4432 4185 plebi
4461 4134 4548 4188 per

2998 4201 3210 4273 Moysen
3245 4203 3374 4272 legis
3403 4204 3576 4257 edicta
3608 4206 3911 4272 proposuit;
3945 4205 4015 4258 ita
4047 4206 4098 4258 in
4112 4215 4294 4260 saneta
4324 4207 4544 4263 Ecclesia

2995 4302 3091 4355 per
3118 4287 3477 4340 ministerium
3507 4290 3844 4342 sacerdotum
3873 4291 4008 4343 idem
4035 4290 4304 4361 legislator
4322 4301 4373 4345 et
4391 4292 4546 4361 judex

2995 4377 3304 4432 Christiano
3329 4380 3523 4448 pepulo
3550 4381 3758 4434 vivendi
3796 4383 4044 4436 mandata
4085 4383 4377 4452 depromit;
4406 4384 4544 4441 Sinai

2995 4471 3189 4537 quippe
3233 4471 3619 4538 interpretatur
3668 4479 3823 4526 rubus
3868 4476 3979 4528 sive
4015 4476 4244 4528 tentatio.
4300 4476 4372 4530 De
4420 4476 4530 4531 rubt

2998 4557 3262 4625 siquidem
3292 4558 3571 4623 Dominus,
3603 4569 3660 4612 ut
3704 4561 3975 4630 Scriptura
4009 4572 4253 4628 testatur,
4276 4566 4537 4634 apparuit.

2999 4656 3050 4700 et
3085 4649 3249 4719 Moysi
3282 4651 3346 4702 ad
3377 4651 3514 4704 ﬁlios
3557 4652 3713 4706 Israel
3760 4652 3970 4708 deferre
4013 4656 4257 4709 mandata
4301 4655 4540 4724 praecepit

2999 4738 3194 4807 (Exod.
3232 4732 3334 4810 III).
3369 4740 3433 4794 Et
3461 4743 3512 4794 in
3546 4741 3781 4798 Ecclesia
3812 4745 3948 4797 Deus
3977 4746 4158 4812 procul
4198 4745 4354 4800 dubio
4376 4747 4540 4800 cerniv

3001 4837 3110 4887 tur,
3141 4827 3287 4880 sicut.
3310 4828 3484 4881 eidem
3519 4828 3684 4899 Moysi
3718 4832 3930 4900 roganti
3969 4841 4227 4900 quatenus
4250 4834 4345 4888 sibi
4366 4844 4538 4889 semet-

2998 4916 3170 4983 ipsum
3213 4920 3542 4981 ostenderet,
3578 4920 3879 4986 polticetur,
3931 4923 4149 4976 dicens:
4186 4941 4204 4973 ι
4244 4923 4375 4978 Ecce
4403 4925 4534 4979 locus

2995 5006 3134 5074 apud
3177 5021 3282 5069 me,
3327 5007 3495 5059 stabis
3547 5023 3704 5076 supra
3760 5017 3995 5077 petram;
4027 5026 4255 5080 cumque
4283 5013 4536 5068 transierit

2963 5096 3159 5165 'gluria
3217 5111 3359 5158 mea,
3413 5106 3538 5150 tunc
3588 5098 3793 5152 videbis
3845 5100 4143 5168 posteriora
4191 5113 4302 5153 mea
4351 5098 4528 5169 (and.

2992 5187 3202 5251 xxxiii).
3242 5205 3260 5236 ι
3292 5185 3442 5249 Quod
3479 5196 3656 5238 autem
3695 5187 3869 5251 Sinai,
3897 5189 4057 5240 etiam
4090 5190 4306 5243 tentatio
4333 5189 4526 5252 dicitur,

2992 5277 3114 5343 quid
3144 5292 3239 5347 per
3268 5277 3370 5330 hoc
3398 5278 3541 5330 aliud
3572 5279 3728 5332 debet
3777 5275 4018 5349 intelligi,
4059 5281 4158 5334 nisi
4201 5281 4322 5346 quia
4353 5281 4403 5332 in
4443 5278 4531 5333 Ec-

2993 5365 3175 5427 clesia,
3201 5366 3274 5418 ibi
3308 5366 3389 5419 lex
3417 5366 3592 5429 datur,
3618 5367 3686 5419 ibi
3723 5370 3944 5422 tentatio
3972 5369 4184 5439 maligni
4211 5369 4421 5438 spiritus
4445 5367 4528 5421 ali.

2994 5454 3208 5521 quando
3237 5453 3550 5523 pestilenter
3592 5454 3863 5520 oboritur,
3897 5466 3954 5508 ut
3997 5458 4062 5509 ad
4098 5456 4388 5511 violandam
4413 5455 4527 5511 recti

2986 5541 3171 5610 judicii
3208 5543 3467 5613 regulam.
3499 5543 3659 5597 modo
3699 5559 3819 5612 spes
3844 5558 4080 5614 quastus
4107 5547 4348 5614 obrepat,
4391 5548 4530 5598 modo

2993 5636 3222 5703 rigorem
3286 5635 3510 5703 justitize
3571 5634 3685 5689 laus
3745 5635 3824 5689 vel
3878 5637 4121 5691 humana:
4168 5637 4348 5705 gratim
4397 5635 4527 5688 favor

2990 5728 3255 5792 emolliat;
3307 5728 3462 5781 modo
3511 5727 3575 5780 ad
3621 5729 3948 5794 nocendum,
3995 5730 4086 5783 ira
4137 5727 4212 5782 vel
4255 5725 4358 5780 odii
4409 5721 4524 5776 livor

4060 6365 4099 6374 ,ον-
4174 6365 4242 6376 ,Ἢ
4267 6359 4326 6374 ἡ.
4335 6353 4458 6372 Ἣ.’““¹¹
