5962 6454
2046 302 2089 367 ί

1138 444 1308 503 £023

2516 434 2581 489 IN
2619 431 2876 490 LIBRUM
2917 431 3005 487 EX
3015 431 3149 488 ODI.

4309 431 4451 488 1026

1131 557 1435 631 impellat;
1487 555 1646 611 modo
1694 561 1871 609 metus
1901 569 1932 608 a
1982 552 2233 608 libertate
2282 560 2428 607 recte
2468 550 2740 619 iudicandi
2774 554 2821 613 Α
2852 548 2985 619 spici
3015 563 3123 617 prae
3154 547 3490 602 obscuritate
3521 559 3626 600 non
3653 553 3923 616 poterant,
3965 548 4124 617 quasi
4166 547 4320 619 nigra
4360 564 4449 605 re-

1131 664 1257 704 cor
1307 648 1604 718 reprimat,
1660 646 1818 700 modo
1871 644 2162 699 crudelitas
2220 657 2533 697 mensuram
2572 642 2746 711 digna:

1129 740 1385 794 ultionis
1414 737 1680 793 excedat?

1750 826 1977 884 CAPUT
2028 826 2167 882 XIX.

1618 984 1623 989 ι
1872 919 1935 973 o.
1967 919 2033 973 ο.
2324 974 2329 977 ,

1227 1034 1250 1065 α
1296 1013 1383 1067 Ait
1410 1012 1670 1066 Dominus
1687 1011 1778 1065 lilii
1800 1048 1808 1055 η
1833 1010 1997 1065 lsrael
2024 1028 2035 1063 :
2068 1010 2253 1063 Altare
2278 1010 2342 1063 dc
2363 1017 2502 1061 terra
2533 1005 2742 1061 facietis

1124 1105 1287 1158 mihi
1319 1104 1513 1173 (Exod.
1549 1104 1661 1169 xx).
1704 1122 1720 1152 ι
1754 1102 1935 1155 Altare
1963 1100 2170 1153 Scilicet
2215 1100 2281 1152 de
2327 1108 2469 1153 terra
2517 1097 2741 1149 Domino

1124 1192 1340 1248 facere
1369 1205 1453 1247 est
1494 1194 1547 1247 in
1591 1193 1759 1245 nostri
1794 1191 2173 1259 Redemptoris
2198 1190 2571 1247 incarnatione
2613 1203 2737 1255 spe-

1122 1298 1295 1336 rare.
1332 1280 1481 1337 Tunc
1522 1285 1718 1352 quippe
1746 1296 1773 1333 τι
1820 1281 1925 1334 Deo
1971 1290 2155 1333 nostro
2206 1294 2401 1332 munus
2450 1277 2736 1345 accipitur,

1120 1374 1369 1442 quando
1393 1376 1444 1428 in
1482 1374 1583 1428 hoc
1614 1372 1771 1425 altari
1803 1382 1985 1424 nostra
2016 1369 2317 1432 humilitas,
2345 1369 2393 1420 id
2433 1377 2536 1432 est,
2579 1381 2741 1435 super

1124 1466 1447 1520 Dominica:
1501 1463 1890 1517 incarnationis
1959 1461 2119 1515 ﬁdem
2179 1460 2421 1528 posuerit
2475 1458 2739 1527 quidquid

1116 1565 1423 1625 operatur.
1457 1554 1628 1606 Altari
1660 1567 1788 1621 ergo
1835 1551 1899 1604 de
1934 1560 2076 1603 terra
2125 1548 2363 1604 oblatum
2413 1562 2606 1600 munus
2639 1546 2737 1599 im-

1114 1647 1417 1716 ponimus,
1452 1646 1498 1700 si
1548 1654 1701 1699 actus
1748 1653 1961 1697 nostros
2007 1641 2299 1695 Dominica:
2348 1640 2737 1693 incarnationis

1116 1738 1244 1791 title
1277 1736 1591 1790 solidamus.
1611 1734 1683 1787 De
1704 1748 1810 1801 quo
1840 1731 1993 1785 altari
2022 1746 2119 1799 per
2138 1731 2329 1784 Isaiam
2357 1731 2588 1784 dicitur:
2622 1748 2639 1779 ‹
2681 1728 2733 1782 In

1114 1828 1220 1880 die
1276 1826 1365 1879 illa
1405 1826 1503 1879 erit
1545 1825 1713 1878 altare
1742 1823 1953 1876 Domini
1998 1824 2049 1875 in
2083 1822 2260 1876 medio
2306 1831 2462 1875 terra:
2494 1820 2731 1890 eEgypti,

2852 637 3176 702 manebant;
3234 646 3288 691 at
3335 648 3622 707 postquam
3672 638 3985 707 apostolica:
4041 641 4451 710 praedicationis

2849 744 3043 781 manus
3073 729 3324 781 vaticinia
3356 728 3589 782 obscura
3621 728 3876 789 detersit,
3908 729 4171 798 quidquid
4205 731 4343 785 lucis
4388 730 4444 785 in

2849 818 2927 870 eis
2957 819 3160 871 latebat
3197 818 3449 871 inclaruit
3489 833 3791 887 sensusque
3839 833 4028 873 eorum
4078 822 4338 891 mysticos
4392 824 4445 876 in

2847 923 3003 961 usum
3043 908 3220 972 dedit,
3268 909 3394 977 quia
3444 910 3607 963 verba
3659 908 3774 976 jam
3824 910 3988 963 rebus
4027 927 4146 965 esse
4197 914 4445 980 exposita

2846 1000 3130 1068 perspicue
3153 984 3440 1054 nuntiavit.
3476 999 3602 1055 Jurc
3634 1001 3798 1071 igitur
3820 1002 4211 1071 przecipiuntur
4244 1005 4360 1057 lteri
4387 1013 4446 1057 et

2844 1090 3005 1144 bases
3033 1100 3306 1160 argentea:
3339 1102 3390 1144 et
3430 1093 3623 1147 tabula:
3660 1094 3968 1157 deaurata;
4016 1095 4141 1161 quia
4189 1096 4446 1149 videlicet

2843 1182 3134 1248 apostolica
3158 1193 3429 1252 praecepta
3455 1184 3843 1252 prophetarum
3868 1186 4106 1240 oraculis
4129 1184 4287 1257 longe
4314 1194 4445 1241 sunt

2843 1271 3096 1327 clariora.

3430 1367 3657 1421 CAPUT
3696 1368 3861 1421 XXII.

3030 1456 3097 1511 In
3133 1474 3370 1511 sermone
3408 1459 3472 1510 de
3514 1457 3570 1512 S.
3612 1458 3867 1511 Matt/tiro
3906 1459 4243 1528 evangelista.

2917 1566 2935 1597 ς
2981 1546 3176 1601 Facies
3216 1549 3497 1603 columnas
3527 1559 3762 1617 quatuor
3796 1563 3851 1602 et
3877 1549 4035 1603 bases
4058 1565 4243 1604 carum
4273 1552 4442 1605 vcsti-

2842 1646 2926 1691 tas
2950 1648 3179 1706 argento
3216 1638 3417 1708 (Exod.
3448 1639 3649 1708 xxvn).
3690 1659 3708 1691 ι
3750 1639 3805 1693 1η
3845 1651 4073 1709 argento
4124 1641 4266 1695 enim
4311 1640 4441 1711 quid

2840 1726 2982 1782 aliud
3016 1744 3176 1797 quam
3210 1729 3431 1784 claritas
3463 1729 3629 1783 divini
3659 1732 3929 1784 sermonis
3967 1732 4271 1800 accipitur?
4301 1735 4444 1786 sicut

2839 1821 3102 1887 scriptum
3146 1829 3229 1873 est
3278 1838 3290 1872 :
3344 1840 3362 1870 ‹
3410 1821 3633 1889 Eloqnia
3689 1820 3935 1886 Domini,
3987 1823 4202 1891 eloquia
4248 1839 4395 1877 casta
4424 1863 4439 1888 ,

1113 1926 1180 1971 et
1243 1917 1434 1970 titulus
1476 1916 1626 1983 juxta
1676 1914 1965 1969 terminum
2002 1928 2118 1982 epis
2152 1912 2394 1974 dominii,
2443 1920 2496 1963 et
2528 1912 2631 1964 erit
2678 1912 2730 1964 in
2769 1897 2809 1953 Β
2840 1919 3124 1978 argentum
3160 1911 3283 1980 igne
3315 1912 3711 1974 examinatum,
3747 1910 4033 1980 probatum
4066 1922 4225 1965 terra:
4267 1910 4439 1978 (Prol.

1114 2007 1356 2075 signqu
1404 2013 1457 2058 et
1510 2005 1561 2056 in
1614 2002 1983 2057 testimonium
2025 2001 2256 2055 Domino
2302 2000 2642 2055 exercituum
2680 2001 2732 2053 in

1114 2105 1287 2151 terra
1316 2094 1536 2166 Egypti
1568 2093 1703 2165 (lsa.
1738 2093 1873 2163 nx).
1923 2113 1941 2145 ι

1738 2184 1966 2241 CAPUT
2018 2184 2137 2239 XX.

1423 2276 1492 2332 In
1517 2275 1733 2346 epistola
1765 2282 1832 2329 ad
1855 2277 2133 2329 canonicos
2160 2273 2447 2328 Fortenses.

1201 2388 1224 2421 ε
1277 2368 1338 2424 Si
1372 2380 1550 2423 autem
1584 2367 1852 2436 lapideum
1881 2367 2053 2420 altare
2083 2366 2213 2419 mihi
2250 2366 2441 2429 facies,
2474 2380 2580 2419 non
2604 2366 2733 2419 tedi-

1114 2460 1374 2516 flcabitis
1420 2458 1547 2514 illud
1588 2459 1653 2512 de
1682 2458 1847 2513 sectis
1875 2457 2163 2525 lapidibus,
2216 2459 2259 2510 si
2292 2459 2434 2510 enim
2467 2456 2732 2510 levaveris

1117 2550 1372 2603 cultrum
1432 2559 1581 2603 tuum
1634 2563 1797 2617 super
1837 2562 1983 2613 eum,
2015 2547 2285 2617 polluetur
2324 2547 2521 2618 (Exod.
2550 2546 2665 2616 xx).
2708 2565 2725 2596 s

1116 2644 1280 2701 Secti
1324 2647 1522 2715 quippe
1558 2645 1763 2714 lapides
1808 2652 1951 2708 sunt,
2002 2644 2093 2713 qui
2142 2644 2401 2697 fraterna:
2449 2644 2730 2696 societatis

1119 2738 1473 2793 consortium
1503 2744 1793 2805 respuunt;
1824 2736 1966 2804 quod
1992 2735 2175 2789 vivere
2215 2750 2336 2788 cum
2378 2733 2639 2787 fratribus
2675 2741 2728 2786 et

1119 2828 1454 2883 conversari
1480 2825 1821 2879 concorditer
1853 2823 2063 2878 nolunt.
2083 2820 2241 2877 Tales
2270 2832 2447 2875 autem
2477 2821 2730 2874 Christus

1123 2921 1183 2978 in
1221 2933 1329 2972 suo
1357 2932 1463 2970 non
1495 2916 1689 2984 recipit
1716 2931 1965 2985 corpore,
1991 2914 2118 2984 quia
2152 2930 2181 2967 a
2209 2913 2573 2967 membrorum
2604 2927 2728 2964 suo-

1117 3027 1249 3068 rum
1288 3010 1697 3079 seetosjudicat
1737 3010 1961 3063 unitate.
2004 3008 2079 3063 De
2117 3007 2221 3062 illis
2266 3022 2428 3077 porro
2459 3005 2726 3076 lapidibus

1120 3102 1303 3158 altare
1332 3110 1416 3155 cst
1450 3101 1629 3170 potius
1673 3098 2073 3161 fabricandum,
2126 3100 2321 3168 quibus
2361 3097 2555 3153 Petrus
2595 3098 2725 3152 dicit

1116 3191 1413 3263 apostolus
1442 3210 1452 3244 :
1490 3210 1507 3242 ‹
1551 3190 1614 3244 Et
1640 3190 1737 3259 ipsi
1773 3199 2029 3258 tanquam
2054 3188 2259 3258 lapides
2289 3188 2397 3242 vivi
2424 3187 2721 3257 supersedi-

1120 3245 1374 3337 ilcamini
1408 3283 1460 3335 in
1489 3245 1675 3336 domos
1699 3245 2011 3351 Spirituales
2033 3280 2085 3350 (ι
2108 3245 2257 3333 Petr.
2289 3280 2371 3350 ιι).
2407 3299 2423 3330 ι
2452 3245 2551 3335 Chi
2576 3280 2725 3333 vide-
2752 3245 2797 3313 Ω

1120 3370 1255 3428 licet
1280 3374 1466 3429 domui
1501 3374 1587 3428 ille
1614 3371 2022 3428 fundamentum
2058 3380 2160 3437 est,
2208 3382 2406 3443 prmter
2446 3372 2587 3441 quod
2617 3388 2724 3427 non

1120 3472 1309 3533 potest
1351 3461 1493 3516 aliud
1544 3461 1700 3532 poni;
1759 3461 1849 3517 ille
1887 3463 2175 3519 summitas
2218 3462 2310 3534 qui
2342 3461 2519 3517 factus
2557 3470 2641 3517 est
2670 3462 2723 3516 in

1121 3562 1292 3625 caput
1319 3554 1524 3623 anguli.

1620 3648 1777 3719 113
1816 3647 2047 3705 CAPUT
2085 3648 2227 3703 χχι.

1378 3738 1445 3791 In
1482 3754 1722 3793 sermone
1758 3739 1822 3793 de
1862 3739 1923 3795 S.
1961 3740 2175 3795 Andrea
2214 3740 2471 3809 apostolo.

1204 3848 1225 3882 s
1259 3830 1477 3895 Facies,
1507 3831 1583 3885 ait
1609 3830 1871 3885 Dominus
1894 3871 1909 3895 ,
1942 3832 2101 3886 bases
2127 3843 2416 3901 argenteas
2436 3872 2450 3896 ,
2482 3840 2537 3885 et
2560 3831 2720 3886 tabu-

1125 3919 1208 3976 las
1255 3922 1547 3976 deauratas
1596 3920 1827 3987 desuper
1867 3920 2464 3990 eriges(Exad.xxv1).
2507 3938 2525 3971 ι
2582 3918 2722 3985 Quid

1128 4018 1309 4065 autem
1337 4025 1436 4079 per
1458 4010 1618 4064 bases
1647 4016 1965 4078 argenteas,
2000 4009 2103 4063 nisi
2132 4010 2523 4078 prophetarum
2568 4007 2723 4063 vide-

1130 4112 1220 4157 tur
1258 4103 1395 4157 ordo
1436 4100 1673 4171 signari?
1712 4100 1811 4168 Qui
1868 4102 1994 4155 dum
2040 4101 2201 4169 primi
2255 4102 2323 4155 de
2376 4109 2723 4155 sacramento

1126 4188 1389 4246 Ecclesia
1409 4199 1538 4245 sunt
1559 4190 1749 4255 locuti,
1782 4190 1937 4259 quasi
1970 4190 2233 4259 quasdam
2264 4190 2423 4244 bases
2451 4204 2544 4243 eos
2575 4190 2720 4258 aspi-

1128 4276 1306 4331 cimus
1325 4293 1356 4331 a
1383 4276 1737 4331 fundamento
1758 4292 2086 4347 consurgere
2111 4287 2165 4332 et
2191 4279 2526 4348 superposita
2555 4279 2724 4334 fabri-

1130 4380 1207 4420 ca!
1228 4365 1469 4435 pondera
1492 4365 1782 4419 sustinere.
1811 4364 1950 4435 Quid
1976 4381 2106 4421 vero
2163 4380 2259 4436 per
2311 4366 2525 4421 tabulas
2543 4406 2558 4431 ,
2615 4368 2722 4422 nisi

1130 4455 1303 4509 sancti
1334 4453 1641 4525 figurantur
1668 4454 1894 4523 apostoli
1921 4494 1936 4520 ,
1966 4455 2056 4524 qui
2082 4464 2303 4511 extensa
2335 4472 2430 4527 per
2459 4458 2719 4513 mundum

2839 2002 2936 2068 ιι).
2971 2018 2988 2050 ι
3039 1999 3203 2053 Bases
3227 2015 3359 2070 ergo
3388 2011 3614 2070 argento
3640 2002 3849 2055 vestitae
3874 2009 4109 2069 quatuor
4159 2000 4441 2056 columnas

2840 2090 3175 2144 tabernaculi
3208 2091 3518 2153 sustinent,
3572 2092 3695 2160 quia
3746 2093 4135 2160 praedicatores
4180 2093 4442 2146 Ecclesia:

2836 2182 3022 2236 divino
3053 2182 3270 2253 eloquio
3301 2184 3565 2247 decorati,
3599 2193 3659 2237 ut
3692 2183 3745 2236 in
3771 2184 3983 2238 cunctis
4023 2199 4080 2237 se
4126 2185 4436 2255 exemplum

2834 2275 3133 2342 praebeant,
3164 2284 3399 2343 quatuor
3440 2274 3897 2345 cvangelistarum
3937 2276 4080 2329 dicta
4130 2288 4185 2330 et
4235 2292 4331 2330 ore
4385 2284 4441 2329 et

2832 2364 3090 2433 operibus
3119 2374 3356 2434 portant.
3400 2364 3687 2420 Matthzeus
3726 2366 3910 2434 itaque
3940 2367 4179 2435 primum
4227 2367 4443 2421 obtinet

2833 2454 3032 2519 locum,
3064 2456 3301 2511 Joannes
3326 2457 3595 2511 ultimum.
3630 2458 3731 2523 Qui
3758 2459 4015 2511 nimirum
4050 2468 4105 2513 et
4134 2460 4185 2512 in
4222 2469 4443 2527 aposto-

2832 2546 2938 2601 lico
2971 2557 3100 2602 sunt
3128 2549 3367 2604 culmine
3397 2550 3711 2616 constituti,
3743 2558 3800 2604 et
3827 2566 3892 2604 ex
3925 2550 4011 2604 his
4037 2566 4157 2620 qua:
4193 2552 4435 2621 scripse-

2833 2644 2979 2697 runt,
3010 2652 3116 2691 non
3147 2639 3335 2691 auditu
3377 2638 3660 2700 duntaxat,
3716 2639 3810 2693 sed
3870 2639 3989 2691 visu
4040 2641 4220 2708 potius
4272 2650 4439 2711 atque

2833 2735 3089 2780 contactu
3114 2767 3127 2791 ,
3188 2737 3319 2781 sunt
3348 2728 3767 2797 prmsentialiter
3790 2727 4093 2794 informati,
4132 2731 4272 2784 sicut
4297 2746 4439 2785 unus

2830 2834 3019 2872 eorum
3074 2820 3259 2874 dicit:
3316 2839 3332 2871 t
3371 2820 3527 2886 Quod
3576 2821 3919 2886 audivimus,
3964 2822 4108 2891 quod
4158 2821 4435 2887 vidimus,

2831 2908 2977 2977 quod
3031 2907 3209 2963 oculis
3274 2911 3479 2964 nostris
3543 2911 3969 2979 perspeximus,
4039 2912 4181 2979 quod
4242 2927 4438 2968 manus

2829 3009 3033 3055 nostra:
3083 3009 3459 3057 tractaverunt
3506 3002 3574 3057 de
3620 3003 3798 3057 Verbo
3848 3004 3975 3056 vita:
4006 3002 4065 3071 (I
4106 3001 4268 3056 Joan.
4304 3001 4368 3073 ι).
4412 3022 4431 3054 ι

2830 3091 3043 3147 Marcus
3068 3103 3251 3149 autem
3282 3105 3335 3150 et
3368 3096 3571 3158 Lucas,
3602 3094 3693 3164 qui
3719 3094 4019 3163 evangelici
4050 3093 4281 3165 catalogi
4319 3110 4434 3147 tne-

2830 3183 3099 3238 ditulliutn
3129 3186 3458 3250 sortiuntur,
3486 3201 3594 3239 non
3625 3186 3844 3255 quidem
3874 3194 4000 3239 sunt
4028 3186 4292 3253 apostoli;
4342 3200 4436 3239 ve-

2832 3282 3140 3328 rumtamen
3188 3276 3591 3345 praecipitarunt
3643 3276 4017 3343 apostolorum
4075 3276 4213 3330 alter
4242 3275 4433 3338 Petri,

2830 3361 2969 3417 alter
2998 3363 3150 3417 Pauli
3192 3365 3550 3421 relationibus
3596 3371 3723 3419 sunt
3762 3362 3961 3423 edocti.
4003 3362 4206 3420 Omnes
4250 3371 4435 3419 tamen

2828 3458 3002 3511 sancti
3032 3459 3382 3529 evangelista:
3416 3461 3576 3515 unius
3617 3460 3964 3516 auctoritatis
3992 3500 4006 3525 ,
4061 3459 4221 3531 114
4270 3463 4435 3516 unius

2827 3557 2954 3603 sunt
2980 3548 3127 3612 fidei,
3163 3566 3265 3606 nec
3300 3554 3353 3605 in
3377 3552 3561 3621 aliquo
3588 3552 3836 3622 dispares
3870 3552 3924 3606 in
3973 3553 4223 3607 texendis
4254 3554 4437 3607 since-

2827 3638 3058 3693 rissimze
3088 3639 3244 3694 lineis
3265 3641 3532 3704 veritatis,
3565 3657 3629 3697 ac
3672 3656 3768 3710 per
3794 3656 4014 3696 onmem
4061 3657 4173 3695 sum
4220 3642 4423 3697 descri-

2824 3726 3029 3797 ptionis
3064 3729 3388 3793 articulum,
3434 3730 3859 3801 inexpugnabile
3904 3730 4163 3785 similiter
4211 3732 4433 3802 erigunt

2825 3819 3291 3887 propugnaculum
3322 3820 3588 3876 adversus
3617 3822 3801 3878 omnia
3836 3822 4208 3893 quarumlibet
4244 3823 4425 3880 haere-

2829 3921 2963 3962 seon
2996 3909 3205 3977 spicula
3236 3927 3646 3980 praemunitum.

3394 4000 3624 4058 CAPUT
3664 4005 3852 4061 XXlil.

3146 4091 3216 4146 In
3244 4110 3484 4148 sermone
3507 4096 3571 4149 de
3602 4096 3663 4150 S.
3690 4096 4105 4165 Bartlrolomato.

2894 4180 3235 4251 Praeceptum
3261 4192 3347 4237 est
3372 4194 3429 4237 ut
3464 4184 3517 4239 in
3550 4185 3835 4251 rationali,
3864 4190 4005 4258 quod
4043 4191 4298 4247 sacerdos
4345 4191 4428 4247 fe-

2825 4270 2982 4325 rebat
3009 4272 3060 4325 iu
3091 4282 3333 4341 pectore,
3366 4275 3493 4329 dum
3538 4275 3923 4346 ingrederetur
3955 4278 4160 4336 Sancta
4208 4296 4430 4339 sancto-

2824 4376 2966 4426 rum,
2992 4372 3323 4430 ponerentur
3347 4363 3632 4419 duodecim
3660 4366 3889 4436 lapides,
3919 4371 4054 4423 terni
4082 4386 4180 4439 per
4204 4383 4430 4441 quater-

2823 4467 2925 4505 nos
2953 4452 3182 4523 angulos
3210 4454 3403 4509 inclusi
3431 4470 3596 4521 auro,
3639 4458 3764 4526 quia
3795 4459 4056 4514 nimirum
4087 4464 4263 4519 sancti
4294 4480 4426 4533 apo-

1129 4546 1515 4614 prmdicatione
1538 4552 1665 4599 sunt
1687 4545 2020 4615 amplissime
2059 4545 2305 4600 dilatati?
2334 4547 2715 4615 Apostolorum
2750 4586 2799 4646 Β
2825 4544 2949 4599 stoli
2978 4559 3078 4614 per
3105 4544 3468 4614 quadrifidam
3496 4547 3683 4602 orbem
3711 4549 3778 4603 de
3800 4548 4092 4616 Trinitate,
4123 4567 4243 4621 qua:
4274 4553 4423 4610 Deus

1132 4652 1363 4708 namque
1392 4636 1661 4701 doctrina,
1691 4638 1844 4707 quasi
1871 4637 2198 4706 quibusdam
2229 4638 2452 4693 basibus
2480 4639 2717 4708 praphe—

1134 4729 1253 4783 ticrc
1289 4728 1692 4799 praedicationis
1745 4728 1999 4782 innititur
2051 4743 2349 4799 eorumque
2392 4730 2719 4785 auctoritate

1134 4818 1407 4875 ad’status
1443 4820 1525 4874 sui
1559 4820 1724 4873 robur
1746 4820 1977 4873 firmiter
2001 4819 2287 4874 solidatur.
2321 4820 2477 4875 Unde
2503 4829 2560 4875 et
2581 4837 2717 4877 con-

1128 4902 1326 4974 juncta:
1359 4910 1497 4963 bina:
1525 4908 1684 4963 bases
1710 4909 1765 4963 in
1802 4909 2029 4978 singulis
2068 4909 2265 4964 tabulis
2310 4921 2717 4979 supponuntur,

1135 4998 1257 5067 quia
1285 5000 1409 5054 dum
1432 4999 1710 5070 propheta:
1739 5000 1912 5053 sancti
1944 4999 1997 5052 in
2029 4999 2209 5054 verbis
2242 5001 2355 5055 suis
2392 5001 2627 5056 invicem
2651 5003 2719 5057 de

1134 5088 1325 5146 futura:
1346 5102 1472 5147 tunc
1494 5092 1750 5148 Ecclesiae
1776 5101 2121 5149 sacramento
2142 5095 2500 5159 concordant,
2528 5096 2715 5151 subse‘

1137 5191 1355 5251 quentes
1384 5184 1657 5254 apostolos
1683 5185 2017 5241 aediﬁcantes
2046 5184 2353 5253 aedificant,
2405 5196 2463 5240 et
2510 5202 2631 5240 cum
2685 5202 2715 5241 a

1136 5273 1434 5340 semetipsis
1462 5273 1513 5326 in
1540 5272 1686 5327 nullo
1714 5273 2063 5339 dissentiunt,
2095 5275 2215 5330 illos
2251 5275 2304 5328 in
2338 5290 2397 5330 se
2439 5274 2715 5329 robustius

1139 5358 1318 5429 figunt.
1344 5362 1452 5419 Nec
1474 5364 1747 5418 immerito
1766 5364 1941 5427 bases,
1969 5365 2167 5434 quibus
2193 5366 2467 5436 prophetae
2494 5366 2715 5437 signan-

1142 5459 1242 5513 tur,
1276 5460 1332 5505 ut
1375 5468 1441 5508 ex
1475 5465 1702 5523 argento
1731 5454 1964 5509 debeant
2006 5454 2182 5520 fundi,
2217 5456 2548 5526 praecipitur.
2607 5456 2714 5509 Ar-

1142 5540 1275 5603 genti
1303 5544 1497 5614 quippe
1519 5542 1740 5598 claritas
1764 5558 1829 5597 ex
1852 5560 1949 5599 usu
1974 5556 2240 5609 servatur,
2265 5546 2383 5600 sine
2406 5562 2505 5601 usu
2531 5556 2713 5600 autem

1143 5624 1189 5678 in
1217 5636 1553 5700 negredinem
1583 5635 1833 5688 vertitur.
1861 5634 2249 5709 Prophetarum
2283 5654 2499 5709 quoque
2545 5640 2711 5707 dicta,

1142 5724 1416 5787 antequam
1447 5723 1741 5795 apostolica
1764 5727 2148 5794 praedicatione
2174 5728 2556 5795 clarescerent,
2584 5732 2711 5802 quia

1144 5806 1194 5863 in
1232 5824 1326 5868 usu
1353 5815 1647 5885 splritualis
1667 5816 2043 5889 intelligentia:
2072 5835 2178 5876 non
2210 5830 2390 5888 erant,
2423 5821 2552 5877 dum
2581 5838 2712 5880 con-

2827 4644 2932 4699 est,
2960 4636 3327 4704 praedicarunt
3352 4637 3637 4693 catholica:
3662 4639 3785 4696 fidei
3814 4643 4120 4697 veritatem.
4141 4644 4241 4711 Qui
4262 4646 4428 4701 etiam

2825 4725 3036 4797 lapides
3058 4741 3190 4782 auro
3219 4727 3541 4781 deferuntur
3585 4728 3814 4794 inclusi,
3864 4732 3991 4800 quia
4031 4743 4085 4789 ct
4114 4734 4258 4789 beati
4292 4752 4427 4805 apo-

2824 4817 2948 4872 stoli
2975 4818 3027 4871 in
3052 4819 3332 4888 sapientiae
3355 4819 3598 4874 cmleStis
3627 4836 3832 4876 arcano
3862 4835 4220 4891 perseverant
4249 4826 4430 4881 invio-

2824 4904 3062 4960 labiliter
3086 4906 3414 4961 confirmati.
3442 4906 3767 4980 Legitimum
3796 4924 3926 4983 ergo
3947 4924 4031 4967 est
4058 4924 4119 4967 ut
4146 4916 4422 4983 sacerdos,

2825 5012 2946 5052 cum
2978 5000 3278 5071 ingreditur
3308 5003 3702 5081 sanctuarium,
3734 5002 4020 5060 duodecim
4051 5008 4323 5076 pretiosos
4348 5007 4425 5061 la-

2821 5088 2975 5157 pides
2998 5090 3049 5145 in
3080 5091 3334 5146 rationali
3360 5094 3597 5161 pectoris
3620 5092 3851 5161 deferat,
3874 5106 4146 5164 quatenus
4173 5099 4424 5167 quisquis

2822 5179 2996 5233 sacris
3046 5179 3311 5235 altaribus
3362 5183 3797 5253 appropinquat,
3844 5185 4156 5254 apostolicae
4208 5187 4430 5241 sibimet

2821 5271 3160 5326 rectitudinis
3189 5274 3439 5342 exempla
3467 5286 3770 5343 proponat;
3815 5285 3869 5329 ut
3910 5292 4139 5345 quorum
4180 5279 4429 5332 ministe-

2822 5361 2902 5414 rio
2930 5359 3226 5431 fungimur,
3259 5377 3449 5417 eorum
3490 5364 3679 5428 vitam,
3721 5366 3775 5420 in
3821 5377 4086 5435 quantum
4117 5367 4381 5437 praevalet
4408 5408 4426 5434 ,

2823 5451 3127 5517 imitemur;
3173 5461 3227 5506 et
3278 5469 3513 5523 quorum
3564 5458 3702 5525 gerit
3732 5454 3995 5522 oﬂicium,
4030 5458 4083 5511 in
4112 5457 4193 5512 eis
4219 5467 4426 5513 sancta:

2822 5542 3185 5598 aemulationis
3215 5544 3390 5598 studia
3423 5545 3624 5616 deligat
3649 5547 3919 5601 obtutum.

3399 5637 3631 5693 CAPUT
3661 5636 3851 5692 XXIV.

3140 5726 3206 5784 In
3254 5747 3493 5785 sermone
3536 5732 3600 5784 de
3640 5729 3703 5785 S.
3754 5728 4100 5785 Eleuchadio.

2897 5839 2915 5875 ‹
2951 5821 3233 5891 Arripiens
3265 5822 3482 5894 Moyses
3513 5821 3739 5878 vitulum
3778 5836 4038 5889 aureum,
4078 5833 4241 5890 quem
4280 5818 4423 5877 fece-
