5962 6428
1446 405 1581 460 1027

2346 392 2837 453 COLLECTANEA
2878 390 2945 445 IN
2990 388 3213 444 VETUS
3267 384 3800 442 TESTAMENTUM.

4561 376 4699 432 ιοξε

1443 526 1588 580 ruat,
1618 518 1737 587 igne
1765 514 2080 575 combussnt,
2113 510 2177 564 ad
2203 508 2475 578 pulverem
2519 520 2689 573 usque
2730 502 3012 564 contrivit,
3048 510 3091 562 Α
3122 500 3453 561 absorbere;
3494 500 3544 551 in
3573 514 3664 552 eos
3693 498 3806 567 ipse
3834 494 4136 549 transfnsns
4170 502 4251 547 est
4284 507 4423 561 quos
4458 490 4512 543 in
4561 502 4655 541 sua
4686 527 4703 550 ,

1439 608 1797 673 ﬂuctibusque
1819 616 2195 670 conspergens,
2224 597 2575 652 Israeliticum
2598 612 2659 648 ex
2686 612 2748 648 eo
2769 592 3022 661 populum

1442 698 1745 768 pr0pinavit
1769 694 1963 765 (Exod.
1991 692 2184 757 xxx").
2219 710 2237 741 ι
2284 689 2420 754 Quid
2469 698 2551 740 eSt
2587 688 2729 738 enim
2765 700 2858 752 per
2893 684 3022 750 lign-

1440 803 1555 839 ram
1581 786 1775 838 vitulus
1802 784 1887 835 ille
1911 781 2218 837 cmdlatilis.
2249 780 2349 831 nisi
2379 794 2579 846 corpus
2607 776 2823 836 diaboli,
2853 774 3025 827 homi-

1440 892 1537 929 nes
1561 880 1763 929 scilicet
1786 876 1838 927 in
1868 874 2117 925 omnibus
2160 872 2395 939 perlidim
2424 869 2583 921 simul
2624 879 2676 921 et
2706 866 3023 920 idololatria:

1438 980 1622 1018 errore
1666 964 1876 1031 decepti
1900 979 1961 1015 ac
1990 962 2087 1015 sub
2120 963 2234 1029 ipso
2260 977 2358 1021 suo
2386 958 2641 1027 pestifero
2673 958 2870 1023 Capite,
2908 964 3022 1006 latt-

1438 1070 1597 1123 quam
1638 1055 1846 1107 diversa
1880 1053 2119 1105 membra
2150 1051 2410 1117 sacrilega
2448 1050 2849 1114 conspiratione
2886 1060 3018 1097 con-

1432 1144 1637 1213 juncti;
1677 1158 1838 1210 super
1868 1158 2003 1209 quos
2054 1140 2305 1193 nimirum
2368 1138 2453 1189 ille
2499 1138 2751 1203 nequitia:
2798 1136 3021 1202 spiritus

1436 1232 1583 1284 velut
1600 1241 1787 1283 auctor
1800 1230 2094 1296 prtesidens
2117 1229 2408 1279 insolenter
2426 1225 2673 1293 erigitur,
2696 1233 3016 1290 etlattqttam

1437 1328 1599 1385 caput
1624 1334 1717 1385 per
1744 1318 2082 1385 tyrannidem
2109 1331 2205 1367 suo
2239 1315 2454 1380 Corpori
2502 1313 2854 1365 damnatur?
2912 1314 3019 1363 Au-

1435 1425 1561 1464 reus
1592 1421 1768 1462 autein
1802 1408 1999 1460 vitulus
2043 1408 2205 1459 fuisse
2238 1406 2581 1463 describitur,
2634 1404 2757 1470 quia
2804 1403 3015 1453 videtur

1436 1500 1757 1553 idololatria:
1785 1499 1920 1550 ritus
1950 1497 2091 1549 velut
2122 1511 2150 1547 a
2179 1495 2512 1558 sapientibus
2541 1494 2839 1544 institutus.
2871 1492 3015 1543 Auro

1436 1589 1635 1657 quippe
1666 1588 1929 1653 Sapientia
1959 1587 2289 1655 designatur,
2336 1586 2477 1636 sicut
2528 1600 2619 1651 per
2671 1582 3014 1635 Salomoneta

1438 1678 1639 1731 dicitur
1674 1696 1684 1728 ε
1726 1695 1742 1726 ι
1775 1676 2084 1729 Thesanrus
2114 1673 2485 1727 desiderabilis
2534 1674 2585 1725 in
2628 1688 2720 1724 ore
2760 1671 3017 1738 sapientis

1440 1766 1627 1835 (Prov.
1666 1767 1749 1836 ιι).
1787 1785 1805 1817 ι
1851 1767 2061 1819 Aureus
2090 1766 2270 1833 itaque
2302 1764 2401 1815 fuit
2427 1764 2649 1823 vitulus,
2677 1762 2799 1829 quia
2831 1760 3012 1813 mundi

3126 593 3225 645 hoc
3246 602 3344 651 est,
3378 592 3641 645 diabolica
3674 600 3970 643 tentaverat
4003 589 4240 643 membra
4267 584 4592 640 transferre.

3695 682 3919 737 CAPUT
3961 680 4124 734 XXV.

3540 806 3551 823 ι
3623 771 3688 824 In
3731 772 3903 823 eodem
3944 786 4195 824 sermone.

3196 862 3599 915 Verumtamen,
3657 863 3778 929 quia
3837 859 4045 929 M.yses
4098 875 4199 911 non
4254 857 4303 909 in
4346 855 4447 908 hoc
4493 863 4692 905 metam

3124 952 3340 1005 ultionis
3368 954 3479 1003 liait
3513 965 3567 1003 ut
3602 955 3800 1005 idolum
3832 953 4093 1004 duntaxat
4122 951 4451 1015 in7ringerel,
4486 945 4581 999 sed
4620 946 4693 995 in-

3124 1059 3285 1111 super
3314 1044 3516 1095 addilit
3549 1052 3605 1095 nt
3630 1053 3683 1095 et
3720 1044 3904 1112 viginti
3948 1043 4047 1093 tria
4076 1040 4234 1092 millia
4268 1039 4540 1091 hominum
4578 1046 4691 1086 trtt~

3122 1134 3327 1185 cidaret
3356 1173 3369 1193 ,
3404 1135 3629 1201 mystice
3655 1135 3834 1184 docuit
3861 1145 4195 1199 nequaquam
4224 1126 4463 1181 sufficere
4487 1165 4501 1186 ,
4533 1124 4579 1177 si
4623 1122 4689 1175 ab

3123 1223 3441 1275 idololatria:
3489 1196 3632 1276 ciiltu
3691 1222 3770 1274 vel
3807 1223 4072 1288 pravitate
4119 1222 4237 1271 vita:
4275 1218 4517 1286 quisquis
4558 1228 4687 1268 con-

3121 1315 3369 1374 vertitur,
3397 1315 3495 1366 nisi
3524 1323 3575 1364 et
3606 1313 3820 1381 prepria
3852 1312 3975 1363 vitia
4008 1312 4184 1379 gladio
4206 1308 4425 1375 spiritus
4454 1304 4681 1358 mortiﬁ-

3120 1418 3245 1455 care
3266 1416 3513 1456 conetur.
3552 1404 3701 1457 Unde
3738 1413 3791 1455 et
3829 1403 4147 1471 prmdicator
4168 1402 4409 1469 egregius
4443 1416 4455 1449 :
4490 1416 4506 1447 ι
4542 1395 4686 1449 Mor-

3120 1492 3336 1553 tificale,
3373 1494 3562 1560 inquit,
3590 1493 3828 1544 membra
3864 1500 4035 1543 vestra
4063 1507 4181 1557 quae
4221 1498 4340 1542 sunt
4386 1502 4541 1554 super
4572 1494 4681 1539 ter-

3122 1597 3267 1644 ram,
3307 1583 3753 1644 fornicationem,
3788 1582 4200 1639 immunditiam,
4240 1578 4521 1638 luxuriam,
4553 1591 4683 1627 con-

3120 1673 3504 1739 Cupisecntiam
3533 1672 3725 1724 malam
3757 1682 3811 1723 et
3840 1672 4142 1731 avaritiam,
4168 1684 4285 1737 qua:
4314 1675 4396 1719 est
4426 1664 4679 1718 idolorum

3120 1761 3349 1812 servittis
3377 1760 3601 1827 (Coloss.
3630 1777 3664 1813 ιι
3695 1777 3707 1823 ;
3738 1760 3914 1813 Colat.
3947 1760 4018 1827 v).
4056 1778 4073 1808 ι
4133 1759 4197 1810 lit
4244 1755 4524 1809 notandum
4557 1752 4680 1820 quia

1434 1859 1706 1923 sapientes
1734 1866 1859 1909 ante
1881 1871 2031 1910 nova:
2052 1857 2281 1924 gratiam
2314 1854 2434 1905 lidei
2462 1852 2808 1905 όέὲιιιυιιὶλιςω
2838 1851 3011 1903 cultu-
3044 1845 3088 1902 B
3118 1852 3255 1902 sicut
3287 1852 3375 1904 hic
3411 1851 3537 1902 vitia
3582 1851 3821 1902 membra
3863 1858 4044 1901 nostra
4078 1862 4195 1899 esse
4226 1846 4490 1904 dicuntur,
4521 1854 4593 1894 tta
4629 1848 4680 1891 et

1432 1963 1508 2000 ra:
1546 1946 1712 1998 fuisse
1741 1946 2038 2013 probantur
2068 1952 2335 1995 auctores.
2388 1940 2463 1993 De
2514 1941 2709 2007 quibus
2757 1939 3011 1990 nimirum

1431 2035 1769 2103 Apostolus:
1813 2052 1829 2083 ι
1869 2033 2037 2098 Quia,
2071 2047 2190 2085 cum
2230 2031 2613 2099 cognovissent
2649 2030 2851 2090 Deum,
2909 2042 3015 2079 non

1432 2124 1574 2176 sicut
1605 2124 1771 2176 Deum
1806 2121 2245 2189 glorificaverunt
2292 2129 2382 2172 aut
2413 2120 2615 2185 gratias
2642 2126 2886 2183 egerunt,
2922 2116 3015 2168 sed

1430 2222 1773 2267 evanuerunt
1798 2213 1849 2264 in
1880 2212 2300 2280 cogitationibus
2333 2211 2443 2262 suis
2470 2217 2522 2260 et
2551 2206 2899 2259 obscuratum
2931 2213 3017 2257 est

1433 2303 1697 2371 insipiens
1718 2316 1812 2353 cor
1834 2315 2045 2363 eormn,
2076 2300 2316 2353 dicentes
2339 2299 2479 2350 enim
2505 2312 2559 2349 se
2584 2311 2699 2349 esse
2722 2296 3013 2363 sapientes,

1432 2391 1579 2444 stulti
1611 2390 1737 2444 facti
1770 2399 1915 2453 sunt,
1951 2399 2005 2442 et
2038 2397 2381 2441 mutaverunt
2414 2387 2640 2455 gloriam
2685 2384 3015 2451 incorrupti-

1433 2480 1557 2533 bilis
1590 2480 1678 2531 Dei
1711 2480 1765 2531 in
1796 2476 2203 2531 similitudinem
2234 2475 2483 2543 imaginis
2508 2472 2879 2540 corruptibilis
2913 2473 3014 2524 bo-

1433 2570 1617 2630 minis,
1648 2578 1699 2621 ct
1730 2568 2032 2629 volucrum,
2065 2575 2117 2619 et
2146 2565 2553 2633 quadrupedum
2592 2573 2641 2615 et
2678 2565 3014 2628 serpentium

1433 2658 1606 2727 (Rom.
1642 2658 1702 2727 ι).
1742 2678 1759 2709 ι
1798 2656 1900 2709 Per
1931 2658 2067 2708 hanc
2092 2656 2270 2721 itaque
2305 2668 2513 2705 vesana:
2549 2653 2827 2719 sapientia:
2865 2652 3016 2702 vani-

1433 2756 1628 2809 tatem,
1664 2755 1854 2814 poetm,
1885 2744 2207 2813 philosophi,
2239 2744 2401 2809 magi,
2448 2742 2685 2793 siderum
2727 2743 3015 2794 riinatores

1429 2838 1777 2905 omniumque
1806 2835 2211 2903 disciplinarum
2253 2833 2558 2886 liberalium
2593 2832 2841 2885 instructi
2872 2833 3015 2900 peri-

1432 2928 1530 2990 tia,
1546 2927 1853 2994 prodigiosa
1872 2926 2261 2979 daemoniorum
2285 2924 2530 2977 solebant
2551 2924 2776 2975 adorare
2800 2922 3015 2989 figmen-

1435 3028 1507 3072 ta.
1544 3018 1599 3071 In
1632 3018 1799 3071 vitulo
1824 3017 1986 3087 igitttr
2023 3016 2381 3079 signiﬁcatum
2430 3024 2513 3068 est
2564 3024 2733 3066 totmn
2776 3030 3009 3080 corpus.

1432 3107 1486 3162 id
1512 3117 1617 3171 est,
1650 3107 1829 3160 omnis
1864 3105 2095 3159 societas
2126 3104 2405 3169 gentilium
2445 3102 2769 3156 idololatria:
2808 3103 3014 3155 dedito-

3118 1943 3228 1997 illic
3258 1945 3348 2011 qui
3376 1944 3637 2013 perempti
3662 1951 3787 1995 sunt
3816 1958 3939 1996 cum
3971 1938 4401 1994 interfectoribus
4425 1937 4531 1989 suis
4561 1950 4681 2003 pro-

3115 2033 3435 2101 pinquitatis
3491 2032 3889 2085 necessitudine
3946 2028 4344 2099 iungebantur;
4407 2026 4541 2079 sicut
4588 2038 4680 2092 per

3124 2122 3341 2190 Moysen
3394 2123 3595 2175 dictum
3647 2132 3777 2174 est:
3825 2139 3843 2170 ι
3899 2119 4022 2174 Haec
4068 2119 4198 2173 dicit
4246 2118 4495 2171 Dominus
4540 2114 4677 2167 Deus

3118 2211 3285 2265 Israel
3319 2229 3329 2262 :
3362 2211 3533 2264 Ponat
3573 2213 3654 2263 vir
3679 2212 3914 2275 gladium
3948 2225 4110 2278 super
4139 2208 4312 2262 femur
4334 2223 4505 2268 suum,
4530 2206 4600 2258 ite
4626 2214 4677 2256 et

3119 2304 3292 2357 redite
3325 2303 3391 2355 de
3420 2312 3569 2370 porta
3598 2316 3766 2369 usque
3795 2302 3846 2354 in
3876 2311 4083 2369 portam
4109 2316 4205 2368 per
4232 2300 4455 2352 medium
4480 2308 4678 2349 castro-

3119 2408 3262 2450 rmn,
3279 2402 3329 2444 et
3346 2392 3555 2445 occidat
3577 2391 3945 2458 unusquisque
3959 2390 4180 2442 fratrem
4196 2388 4677 2453 etamicumetpro-

3120 2484 3326 2535 xitnma
3353 2496 3506 2535 suum
3524 2480 3718 2549 (Exod.
3738 2481 3931 2549 xxxii).
3946 2498 3964 2530 ι
3983 2480 4037 2533 Si
4057 2495 4214 2548 quem
4236 2494 4359 2547 ergo
4380 2478 4602 2532 delectat
4626 2476 4674 2529 in

3123 2588 3273 2627 artua
3302 2588 3646 2640 consurgere,
3672 2573 3916 2640 quisquis
3940 2570 4155 2624 anhelat
4180 2568 4427 2622 adversm
4448 2568 4674 2621 hostium

3119 2678 3321 2718 cuneos
3354 2664 3632 2726 dimicare,
3671 2672 3843 2714 vertat
3879 2677 4065 2715 inantts
4096 2660 4148 2713 in
4179 2674 4238 2713 se
4277 2668 4331 2711 ct
4365 2658 4469 2711 illic
4504 2657 4674 2725 plum

3120 2753 3357 2805 inveniet
3398 2752 3737 2803 adversarios
3764 2752 4183 2803 obtruncaudos.
4242 2747 4391 2803 Unde
4435 2745 4674 2799 videlicet

3114 2855 3234 2911 poSt
3254 2845 3529 2898 victoriam
3555 2862 3659 2897 non
3684 2844 3963 2898 homicida:
3986 2844 4185 2898 ftedum
4209 2857 4393 2895 nomen
4418 2840 4672 2902 incurrat,

3118 2934 3209 2985 sed
3264 2934 3529 3002 gloiiOsus
3580 2936 3759 3003 potius
3811 2934 4166 3001 triumphator
4222 2938 4502 2999 appareat;
4539 2927 4672 2980 unde

3119 3035 3265 3077 certe
3292 3039 3394 3075 non
3423 3026 3715 3077 sanctuarii
3742 3033 4013 3079 mereatur
4038 3022 4245 3097 excludi
4274 3021 4559 3081 liminibus,
4581 3017 4671 3071 sed

3120 3129 3447 3167 consecratis
3474 3116 3823 3183 semetipsum
3854 3115 4077 3169 Domino
4106 3113 4293 3167 divinae
4314 3112 4493 3182 gratia:
4518 3110 4671 3163 bene-

1429 3212 1569 3252 rutn.
1606 3194 1763 3264 115
1792 3194 2001 3263 Moyses
2030 3194 2211 3262 itaque
2252 3192 2473 3245 vitulum
2515 3194 2635 3259 igne
2681 3194 3006 3253 combussit,
3042 3178 3086 3239 C
3120 3203 3441 3257 dictionibus
3468 3178 3759 3274 μυδρηιξεη

2312 3192 2473 3245 “dum
2515 3194 2635 3259 ειςηθ
2681 3194 3006 3253 εοιηυυδδίίο
3042 3178 3086 3239 C
3120 3203 3441 3257 dictionibus
3468 3178 3759 3274 augeatur;
3794 3205 3952 3277 116
3971 3206 4183 3260 sicutet
4210 3178 4529 3258 illis'dictum
4554 3208 4666 3255 est:

1429 3287 1554 3357 quia
1592 3286 1919 3354 Redemptor
1944 3292 2146 3343 noster,
2178 3299 2335 3351 quem
2366 3284 2457 3336 ille
2498 3284 2837 3353 signaverat,
2875 3284 3011 3338 male

1429 3377 1739 3444 conspirata
1768 3375 1930 3429 corda
1974 3373 2252 3443 gentilium
2302 3373 2514 3427 ﬂamma
2561 3392 2671 3427 sua:
2728 3377 3012 3429 charitatis

1432 3465 1701 3518 accendit.
1733 3462 1885 3517 Unde
1908 3472 1964 3517 et
1992 3465 2104 3532 ipse
2130 3463 2259 3514 dicit
2288 3480 2299 3514 :
2336 3481 2352 3513 ι
2390 3462 2574 3532 Ignem
2626 3465 2748 3518 veni
2797 3466 3012 3517 mittere

1427 3555 1483 3608 in
1519 3562 1739 3613 terram,
1775 3562 1827 3604 et
1860 3552 1989 3620 quid
2021 3552 2142 3604 volo
2184 3552 2285 3604 nisi
2338 3560 2395 3605 ut
2433 3554 2800 3607 accendatur?
2848 3553 3009 3623 (Luc.

1428 3644 1552 3713 xu.)
1587 3662 1603 3693 ι
1640 3643 1703 3696 Et
1728 3642 2039 3710 Propheta:
2080 3661 2097 3691 ι
2127 3640 2240 3694 Νοιι
2271 3651 2373 3705 est,
2406 3644 2615 3711 inquit,
2666 3646 2757 3713 qui
2810 3660 2867 3697 se
2912 3645 3009 3697 ab-

1427 3735 1656 3789 scondat
1675 3750 1703 3786 a
1732 3732 1915 3788 calore
1944 3732 2060 3801 ejus
2085 3731 2258 3802 (Psal.
2282 3734 2461 3802 xvnt).
2496 3751 2513 3783 ι
2568 3734 2625 3787 1η
2671 3748 2853 3789 mente
2882 3750 3011 3803 ergo

1427 3826 1707 3895 gentilium
1740 3835 1961 3893 repente
1988 3825 2203 3878 divinus
2230 3826 2368 3894 ignis
2400 3827 2733 3890 accenditur,
2764 3838 2823 3882 ut
2853 3830 2902 3881 in
2932 3831 3011 3883 eis

1428 3913 1819 3967 irrationabilis
1874 3912 2194 3967 idololatria:
2259 3913 2431 3968 forma
2490 3915 2751 3969 solvatur.
2814 3917 3009 3971 Totum

1427 4004 1622 4058 deinde
1646 4019 1843 4072 corpus
1862 4004 2013 4057 vituli
2041 4004 2203 4074 hujus
2224 4005 2276 4057 in
2297 4006 2574 4074 pulverem
2599 4007 3010 4072 comminuitur,

1430 4098 1556 4167 quia
1589 4095 1802 4166 gentilis
1830 4096 1922 4149 illa
1953 4098 2183 4151 societas
2206 4097 2484 4151 diabolica:
2508 4100 2929 4166 conspirationis
2957 4100 3011 4153 in

1430 4200 1599 4240 unum
1629 4194 1747 4237 arte
1772 4183 2022 4247 conﬂata,
2078 4187 2145 4237 ad
2192 4186 2479 4238 adventum
2525 4185 2731 4241 Christi
2778 4186 3009 4255 quodam

1429 4274 1578 4330 velut
1607 4273 1802 4327 malleo
1826 4272 2118 4328 salutifera:
2139 4275 2495 4343 correptionis
2523 4284 2752 4330 extunsa
2788 4286 2950 4345 atque
2978 4293 3009 4330 a

1426 4364 1627 4434 rigoris
1649 4363 1730 4417 sui
1762 4363 1959 4417 duritia
1991 4363 2157 4417 divini
2182 4363 2330 4417 verbi
2359 4374 2442 4417 est
2481 4364 2679 4420 virtute
2732 4367 3006 4433 contrita;

1430 4455 1495 4507 ad
1528 4453 1749 4507 verbum
1778 4452 2047 4521 siquidem
2082 4453 2325 4508 veritatis
2354 4454 2647 4510 salubriter
2679 4458 3006 4511 comminui-

1431 4555 1535 4601 tur.
1563 4558 1680 4610 qua:
1704 4542 1845 4596 male
1874 4543 2081 4612 integra
2116 4544 2168 4596 in
2194 4545 2459 4612 superbiae
2485 4562 2595 4600 suae
2626 4545 2795 4601 forma
2830 4549 3009 4604 inscn-
3035 4514 3089 4575 D

1432 4634 1661 4688 sibiliter
1694 4643 1836 4687 stare
1866 4634 2168 4688 videbatur.
2192 4635 2391 4689 Deinde
2416 4637 2468 4688 in
2495 4652 2689 4705 aquam
2715 4638 3004 4709 spargitur,

1432 4734 1490 4777 ut
1521 4724 1847 4778 lsraeliticus
1877 4740 1940 4778 ex
1967 4741 2031 4778 eo
2063 4727 2289 4794 populus
2318 4728 2483 4781 bibat.
2510 4731 2888 4786 Comminutus
2913 4735 3009 4788 de-

1435 4815 1600 4883 nique
1640 4814 1837 4868 vitulus
1880 4814 1934 4867 in
1983 4830 2175 4883 aquam
2228 4819 2476 4875 mittitur.
2528 4822 2652 4890 quia
2701 4822 3011 4879 humiliatus

1428 4908 1645 4978 gentilis
1676 4909 1920 4978 pOpulus.
1945 4909 2161 4965 lavacro
2192 4911 2453 4966 salutiferi
2486 4914 2650 4969 fontis
2676 4933 2897 4973 necesse
2922 4929 3005 4973 est

1429 5000 1693 5052 abluatur.
1714 5000 1882 5066 Quem
1907 5002 2151 5068 protinus
2171 5002 2427 5057 Israelita:
2458 5007 2807 5076 bibunt,quia
2835 5011 3008 5063 sancti

1430 5090 1803 5157 praedicatores
1818 5090 2107 5159 Evangelii,
2141 5095 2230 5162 qui
2262 5110 2385 5147 vere
2416 5095 2675 5151 Li'aelitte
2701 5108 2845 5161 sunt,
2874 5115 3009 5169 quos

1431 5180 1766 5233 Dominieum
1799 5196 2015 5249 corpus,
2046 5185 2187 5251 quod
2229 5198 2309 5238 est
2348 5186 2590 5241 Ecclesia
2613 5229 2626 5251 ,
2673 5187 3011 5244 transferunt

1431 5274 1481 5325 in
1523 5287 1618 5325 sua
1654 5273 1894 5327 membra
1938 5274 2305 5342 suscipiendo,
2338 5279 2490 5344 quasi
2520 5280 2751 5334 bibendo
2780 5296 3006 5335 conver-

1432 5374 1579 5429 tunt;
1620 5380 1847 5433 quorum
1881 5364 2130 5419 videlicet
2169 5364 2531 5422 lsraelitarum
2585 5371 2761 5439 primo
2804 5373 3006 5426 dictum

1432 5468 1554 5506 est:
1600 5472 1614 5502 ι
1656 5454 1825 5507 Macta
1852 5465 1906 5507 et
1948 5454 2208 5507 manduca
2242 5455 2379 5521 (Act.
2407 5457 2480 5525 x);
2517 5478 2533 5508 ι
2577 5460 2716 5526 quod
2765 5469 3005 5513 tantum-

1433 5545 1551 5594 dem
1585 5554 1667 5596 est
1688 5560 1751 5597 ac
1778 5544 1821 5597 si
1848 5546 2119 5599 diceretur
2146 5563 2157 5597 :
2190 5545 2327 5599 Tere
2350 5556 2399 5598 et
2432 5547 2567 5602 bibe.
2600 5550 2689 5604 Sic
2714 5553 2793 5605 sic
2816 5553 2904 5605 ille
2931 5552 3008 5604 vis

1435 5633 1575 5686 tulus
1604 5649 1697 5702 per
1715 5634 1892 5702 ignem
1919 5635 2040 5699 zeli,
2086 5645 2141 5689 et
2163 5636 2334 5689 aciem
2361 5637 2529 5700 verbi,
2563 5655 2811 5708 aquaque
2828 5641 3003 5710 bapti-

1435 5724 1623 5778 sinatis
1659 5725 1724 5779 ab
1755 5726 1834 5779 eis
1859 5726 2039 5796 potius
2069 5729 2359 5797 absorptus
2391 5738 2476 5785 est
2505 5746 2639 5800 quos
2664 5744 2890 5789 conatus
2924 5744 3008 5790 est

3122 3314 3139 3344 ι
3186 3294 3601 3359 Consecrastis,
3657 3296 3871 3364 inquit,
3924 3311 4115 3349 manus
4167 3304 4369 3349 vestras
4414 3293 4665 3355 Domino,

3115 3386 3486 3452 unttsqui~qtte
3511 3386 3560 3437 in
3590 3385 3700 3439 lilio
3730 3395 3783 3440 et
3813 3384 3979 3439 fratre
4006 3400 4126 3450 suo,
4157 3395 4215 3438 ut
4237 3386 4385 3439 detur
4414 3370 4671 3437 vobis‘he-

3115 3476 3348 3527 nedictio
3371 3474 3610 3540 (Ibid.).i
3636 3475 3789 3540 Quod
3812 3484 3988 3528 autem
4016 3475 4052 3527 ii
4078 3476 4168 3544 qui
4200 3475 4322 3528 ca:si
4345 3484 4465 3527 sunt
4484 3470 4665 3541 viginti

3118 3564 3217 3615 tria
3256 3564 3421 3616 millia
3452 3563 3619 3618 fuisse
3645 3564 3969 3626 referuntur,
3993 3578 4245 3617 numerus
4268 3563 4422 3619 trium
4448 3561 4661 3616 millium

3115 3666 3517 3722 peremptorum
3544 3654 3809 3723 triplicem
3838 3652 4064 3707 formam
4095 3653 4290 3707 indicat
4314 3663 4663 3720 peccatorum.

3115 3743 3285 3798 Omne
3305 3745 3502 3814 quippe
3532 3754 3835 3813 peccatum,
3860 3754 3950 3796 aut
3988 3744 4160 3808 facto,
4201 3751 4293 3797 aut
4344 3742 4527 3804 verbo,
4577 3748 4665 3791 aut

3114 3834 3441 3902 cogitatione
3470 3834 3875 3888 committimus.
3896 3833 4000 3887 Sed
4022 3832 4274 3902 quoniam
4300 3830 4407 3885 illic
4430 3841 4482 3883 et
4507 3830 4663 3881 dena-

3115 3925 3227 3977 rius
3262 3938 3521 3977 numcrus
3546 3924 3868 3993 geminatur,
3904 3923 4062 3977 datur
4095 3922 4310 3990 intelligi
4365 3920 4483 3989 quia
4535 3918 4665 3971 sicut

3115 4013 3436 4083 Decalogum
3471 4024 3861 4082 prteceptorum
3886 4013 4042 4082 culpa
4073 4014 4253 4067 carnis
4281 4013 4433 4067 simul
4466 4019 4519 4065 et
4550 4009 4660 4063 atti-

3115 4119 3216 4156 ma:
3271 4118 3493 4157 servare
3543 4104 4000 4172 contempsimus.
4059 4104 4149 4157 sic'
4187 4102 4345 4156 etiam
4398 4101 4664 4167 utriusque

3116 4192 3247 4245 vitia
3299 4191 3560 4245 virtutum
3610 4192 3776 4245 armis
3823 4201 4057 4245 atterere
4109 4200 4163 4244 et
4208 4189 4521 4245 mortificare
4572 4188 4661 4242 de.

3112 4283 3320 4337 bemus.

3676 4372 3904 4430 CAPUT
3941 4373 4123 4427 XXVI.

3538 4463 3606 4518 In
3644 4480 3877 4518 sermone
3912 4464 4150 4534 synodali
4185 4461 4236 4516 Ι.

3188 4573 3207 4607 ι
3248 4554 3389 4609 Ecce
3407 4551 3558 4609 locus
3581 4553 3721 4622 apud
3746 4569 3831 4607 me
3860 4561 3965 4616 est,
3990 4561 4043 4606 et
4069 4552 4228 4607 stabis
4257 4549 4417 4621 supra
4437 4561 4656 4621 petram,

3111 4655 3165 4699 et
3199 4656 3325 4700 tunc
3353 4645 3559 4698 videbis
3581 4646 3879 4713 posteriora
3907 4658 4020 4697 mea
4040 4643 4230 4715 (Exod.
4254 4644 4461 4711 xum).
4490 4662 4507 4695 ι
4538 4642 4658 4709 Quis

3114 4746 3295 4790 autem
3328 4737 3427 4790 iste
3454 4734 3619 4799 locus,
3650 4735 3740 4787 ubi
3775 4735 3957 4788 statim
3995 4750 4154 4803 super
4180 4744 4383 4804 petram
4412 4734 4657 4789 Dominus

3114 4827 3377 4891 cernitur,
3406 4826 3510 4881 nisi
3539 4834 3727 4879 sancta
3760 4825 4081 4894 intelligatur
4106 4825 4359 4888 Ecclesia,
4400 4825 4514 4886 tibi,
4538 4826 4655 4877 dum

3114 4930 3279 4989 petra:
3302 4918 3422 4973 fidei
3444 4926 3759 4973 constanter
3779 4918 4074 4979 innitimur,
4102 4918 4257 4972 simul
4277 4932 4394 4971 cum
4415 4913 4657 4981 Apostolo

3113 5013 3337 5083 gloriam
3378 5012 3590 5065 Domini
3630 5010 4007 5081 speculamur?
4048 5009 4172 5062 Ilmc
4200 5018 4277 5062 est
4308 5008 4445 5060 enim
4470 5007 4531 5062 de
4558 5018 4655 5075 qua

3112 5108 3347 5160 dicitur:
3383 5126 3400 5156 ι
3441 5105 3616 5174 Super
3645 5106 3781 5159 hanc
3826 5112 4033 5173 petram
4062 5100 4333 5155 aedificabo
4376 5098 4653 5154 Ecclesiam

3114 5212 3284 5251 meam
3312 5196 3527 5267 (Matth.
3551 5196 3684 5267 xvi).
3714 5214 3731 5246 ι

3658 5283 3883 5339 CAPUT
3921 5283 4128 5339 XXVII.

3150 5379 3215 5433 In
3254 5378 3470 5448 epistola
3510 5379 3577 5430 ad
3616 5378 3929 5432 Damianum
3967 5377 4031 5429 de
4066 5375 4376 5431 scurrilitati:
4409 5371 4619 5425 vitanda.

3189 5487 3208 5518 ι
3249 5467 3400 5521 Fecit
3430 5466 3636 5537 Moyses
3689 5469 3740 5520 in
3796 5466 4138 5519 tabernaculo
4179 5476 4379 5530 septem
4426 5462 4651 5515 lucernas

3114 5574 3233 5612 cum
3259 5559 3608 5611 enninctoriis
3635 5557 3745 5611 suis
3767 5566 3821 5610 et
3850 5571 3997 5622 va~a,
4023 5557 4107 5609 ubi
4138 5570 4254 5623 qum
4280 5563 4516 5607 emuncta
4537 5559 4649 5603 sunt

3113 5650 3547 5719 exstinguuntur.
3591 5650 3655 5700 de
3691 5662 3823 5701 auro
3860 5644 4350 5715 purissimoUExod.
4383 5642 4594 5707 xnvn).
4628 5655 4643 5687 ι

3114 5735 3333 5808 Septem
3367 5737 3614 5792 lucernas
3641 5738 3694 5792 in
3720 5736 4061 5792 tabernaculo
4081 5734 4323 5799 facimus,
4350 5735 4392 5790 si
4417 5748 4466 5787 tn
4491 5735 4649 5785 tuente
