5962 6478
1225 449 1366 506 £029

2495 450 2562 505 IN
2593 449 2856 507 LIBRUM
2893 449 3214 507 LEVITICI.

4146 395 4166 423 ι

4373 451 4514 511 1030

1221 570 1412 616 nostra
1435 559 1605 614 sancti
1636 558 1871 626 Spiritus
1899 556 2229 612 charismata
2272 571 2338 611 ex
2371 556 2554 614 divino
2584 573 2809 615 munere
2838 570 2885 625 Α
2914 576 3035 631 quae
3061 559 3342 630 disciplina
3372 559 3706 629 paenitentia:
3744 571 3955 617 resecat
3978 602 3994 627 ,
4028 565 4395 621 necessarium
4428 579 4516 625 est

1221 660 1635 716 componamus.
1681 648 1785 700 Sed
1816 648 1942 715 quia
1976 647 2107 716 ipsis
2134 647 2338 703 sanctis
2366 650 2649 717 operibus,
2686 651 2811 719 qui-

1221 736 1325 791 bus
1356 751 1451 806 per
1479 734 1803 790 aﬂlationem
1843 736 2016 791 sancti
2061 736 2294 807 Spiritus
2322 740 2577 794 ardentes
2607 740 2811 794 insisti-

1224 844 1368 897 mus,
1420 832 1663 900 quaedam
1712 830 1978 901 superﬂua
2035 848 2094 886 se
2151 842 2381 886 terrena:
2444 831 2809 898 corruptionis

1225 918 1606 984 interseruut,
1693 936 1815 975 cum
1904 921 2139 976 lucernis
2220 922 2384 975 etiam
2471 922 2808 975 emunctoria

1220 1010 1533 1065 necessario
1570 1011 1724 1066 ﬁunt.
1782 1013 1921 1079 Quid
1975 1015 2118 1068 enim
2166 1029 2265 1083 per
2315 1015 2649 1068 emunctoria
2706 1015 2808 1069 nisi

1221 1099 1495 1153 districtio
1526 1102 1859 1169 poenitentia
1886 1102 2235 1171 designatur?
2282 1105 2621 1158 emunctorio
2651 1120 2807 1157 nam-

1220 1202 1327 1258 que
1349 1192 1492 1259 quod
1522 1207 1921 1261 supervacuum
1947 1203 2032 1246 est
2061 1195 2113 1246 in
2148 1194 2365 1247 lucerna
2410 1194 2721 1264 decerpitur
2753 1203 2810 1249 et

1219 1279 1561 1336 districtione
1588 1284 1919 1351 pceniteutize
1942 1285 2192 1337 humana:
2219 1284 2501 1353 pravitatts
2527 1285 2682 1354 culpa
2714 1286 2809 1340 de-

1216 1367 1377 1425 letur.
1422 1370 1578 1427 Unde
1618 1381 1673 1424 et
1720 1370 1914 1427 Petrus
1941 1373 2262 1442 quibusdam
2307 1376 2576 1443 superﬂua
2616 1390 2809 1445 perpe-

1220 1461 1495 1515 trantibus
1528 1461 1652 1513 ait:
1708 1479 1726 1511 ι
1773 1460 2114 1516 Ρωηὶιειιιίηἰ
2166 1464 2345 1533 igitur,
2403 1474 2453 1517 ut
2520 1464 2808 1519 deleantur

1217 1557 1442 1614 peccata
1498 1558 1679 1601 vestra
1731 1549 1866 1619 (Act.
1918 1551 2000 1619 ιι),
2040 1570 2057 1601 ι
2120 1568 2183 1605 ac
2246 1552 2291 1606 si
2357 1562 2545 1621 aperte
2611 1554 2802 1607 dicat:

1221 1635 1633 1691 Emunctorium
1681 1641 1970 1710 stringite,
2014 1649 2068 1694 et
2114 1656 2371 1695 excessus
2426 1645 2574 1712 pravi
2623 1644 2807 1713 operis

1214 1735 1510 1795 amputate.
1545 1728 1713 1785 Recte
1738 1746 1867 1801 ergo
1908 1744 2031 1786 cum
2082 1732 2320 1787 lucernis
2374 1742 2428 1788 et
2472 1737 2805 1792 etnuuctoria

1215 1811 1372 1875 ﬁunt,
1403 1817 1528 1883 quia
1560 1819 1660 1871 etsi
1690 1834 1785 1887 per
1816 1823 1989 1875 sancti
2010 1822 2245 1889 Spiritus
2274 1826 2503 1893 gratiam
2536 1826 2802 1880 bonorum

2916 668 2976 712 ut
3017 658 3239 712 contriti
3285 658 3465 713 cordis
3507 658 3665 713 ﬂetus
3711 659 4059 730 exstinguat,
4090 676 4197 716 non
4239 663 4517 719 immerito

2914 753 3127 823 Moyses
3152 760 3352 822 praeter
3378 746 3719 808 lucernas~et
3747 756 4113 818 emunctoria,
4163 755 4329 809 etiam
4381 772 4513 812 vasa

2914 844 3111 900 fecisse
3144 853 3508 909 memoratur,
3540 844 3631 899 ubi
3680 858 3801 912 qua:
3832 854 4088 898 emuncta
4144 853 4272 899 sunt
4300 847 4514 901 exstin-

2915 946 3169 1006 guautnr.
3198 935 3339 989 Vasa
3383 943 3562 987 autem
3595 944 3781 987 nostra
3814 942 3941 987 sunt
3970 934 4155 997 corda,
4179 949 4301 1003 qua:
4330 936 4512 1006 lacry-

2914 1042 3126 1081 marum
3154 1040 3371 1093 semper
3395 1035 3449 1078 et
3476 1023 3634 1078 ﬂetus
3662 1024 3862 1077 debent
3907 1038 4028 1077 esse
4056 1023 4409 1077 inundatione
4438 1039 4515 1080 re-

2914 1118 3089 1187 pleta;
3116 1118 3169 1171 in
3194 1118 3391 1185 quibus
3414 1117 3672 1169 nimirum
3689 1108 3834 1170 vasis
3864 1125 3920 1169 et
3946 1115 4126 1169 oleum
4152 1114 4282 1168 illud
4312 1130 4511 1169 recon-

2913 1210 3083 1272 ditur,
3116 1210 3181 1261 de
3211 1223 3319 1277 quo
3352 1207 3404 1260 in
3435 1205 3728 1275 Evangelio
3763 1204 4084 1273 perhibetur
4107 1204 4271 1271 quia:
4320 1223 4338 1255 ι
4377 1201 4515 1257 Pru-

2913 1299 3104 1351 dentes
3136 1297 3377 1365 virgines
3422 1304 3753 1365 acceperunt
3780 1293 3959 1347 oleum
3990 1294 4044 1346 in
4071 1294 4214 1348 rasis
4241 1295 4353 1347 suis
4386 1309 4509 1348 cum

2918 1390 3260 1459 lampadibus
3301 1387 3516 1459 (Matth.
3543 1388 3694 1457 xxv).
3727 1406 3745 1438 ι
3781 1370 3837 1441 Si
3865 1397 4076 1457 ergoet
4128 1380 4180 1439 bi
4219 1385 4309 1455 qui
4349 1385 4512 1440 claris

2912 1482 3166 1551 Opertbus
3196 1480 3482 1549 Splendeut
3511 1480 3691 1533 adhuc
3726 1488 3904 1532 tamen
3953 1478 4169 1532 ﬂetibus
4222 1479 4463 1548 indigent
4493 1518 4511 1544 ,

2912 1576 3038 1644 quid
3068 1574 3134 1629 de
3167 1588 3251 1627 me
3284 1574 3482 1626 misero
3507 1572 3751 1640 meisque
3781 1571 4051 1624 similibus
4080 1570 4238 1639 117
4264 1570 4511 1623 sentien-

2912 1666 3067 1728 dum,
3095 1664 3187 1733 qui
3246 1664 3533 1717 tenebrosa
3577 1662 3741 1715 multa
3785 1661 4201 1722 commisimus,
4259 1669 4314 1714 et
4371 1660 4513 1713 bona

2912 1771 3034 1825 qua:
3081 1755 3301 1809 luceant
3349 1770 3457 1807 non
3503 1752 3800 1807 habemus?
3850 1751 4023 1817 Quam
4083 1749 4375 1804 uberrimis
4427 1748 4510 1803 la-

2913 1859 3229 1914 crymarum
3285 1842 3417 1895 rivis
3466 1841 3728 1895 debemus
3769 1840 3931 1910 118
3979 1853 4195 1905 semper
4248 1836 4510 1903 alﬂucre,

1211 1915 1438 2005 operum
1465 1905 1663 1961 lumine
1688 1910 2034 1979 reSplendere
2056 1915 2592 1977 contendimus,dum
2620 1926 2798 1971 tamen
2832 1938 2876 1996 Β
2904 1905 3066 2005 ψιξηη
3098 1935 3358 1989 omnium,
3393 1933 3619 1988 ιηωτοη
3653 1905 4086 1987 ,ιερρξῇῙ-υεηη
4120 1930 4323 1999 iugiter
4363 1928 4514 1985 ius“.

1211 1990 1445 2047 humana
1479 1999 1757 2067 corruptio
1784 2000 2050 2069 superﬂua
2081 2014 2327 2069 generat.
2357 2006 2691 2073 pteniteutize
2718 2022 2796 2061 re-

1211 2080 1407 2136 mediis
1433 2083 1755 2155 indigemus.
1790 2088 1896 2144 Sed
1925 2092 2183 2161 quoni.uu
2218 2094 2332 2148 haec
2368 2095 2480 2163 ipsa
2505 2096 2798 2164 Sttperﬂua,

2359 2271 2666 2341 Expliriunt
2688 2271 2986 2327 testimonia
3016 2265 3137 2318 libri
3166 2264 3361 2317 Exodi.

2200 2402 2543 2458 INCIPIUN‘T
2580 2400 2923 2458 CAPITULA
2964 2397 3144 2453 LIBRI
3182 2393 3497 2449 LEVITICI.

1245 2508 1296 2582 ﬂ.
1347 2506 1584 2582 [italum
1612 2513 1676 2565 de
1705 2522 1941 2566 armento
1969 2513 2282 2576 masculum,
2318 2514 2715 2568 immaculatum
2747 2516 2926 2582 οπερ-ει
2955 2520 3077 2563 ante
3104 2510 3296 2582 ostium
3324 2504 3656 2559 tabernaculi
3688 2506 4003 2559 testimonii.

1245 2576 1299 2655 ἓ.
1343 2575 1407 2655 (_]t
1520 2583 1660 2635 omni
1688 2584 2060 2655 sacriﬁciosal
2097 2584 2411 2655 misceatur;
2440 2592 2753 2652 termentum
2780 2575 3049 2655 cero,_sire
3079 2580 3201 2639 mel,
3234 2594 3524 2655 nunquam.
3648 2645 3659 2655 ⁸
3910 2645 3919 2653 θ
3986 2643 4020 2655 η
4239 2645 4249 2655 ⁸

1245 2646 1298 2699 5.
1346 2645 1508 2721 Tollet
1538 2654 1781 2703 sacerdos
1801 2643 2057 2721 pugillum
2083 2652 2290 2717 similw,
2322 2643 2449 2721 quae.
2470 2670 2749 2720 conspersa
2776 2664 2851 2708 est
2884 2643 3020 2713 aleo,
3053 2660 3099 2702 et
3130 2661 3295 2701 totum
3338 2643 3477 2711 thus,
3518 2645 3659 2715 quod
3684 2660 3843 2714 super
3874 2643 4107 2698 s'milam
4131 2645 4363 2714 positum
4400 2658 4504 2718 est,

1382 2718 1709 2773 adolebitone
1734 2718 1887 2772 illud;

1382 2738 1607 2772 aaotemt

1242 2782 1297 2836 4.
1339 2783 1404 2836 In
1427 2738 1641 2841 altari

1642 2790 1815 2857 onses
1850 2791 2247 2843 tabernaculum
2272 2792 2482 2859 [traderis
2516 2794 2812 2859 frequen'er
2836 2790 3071 2844 intrabat
3106 2798 3153 2839 et
3182 2787 3380 2840 exibat.

1242 2852 1295 2906 5.
1340 2853 1493 2919 Quod
1539 2852 1731 2911 Nadab
1772 2872 1819 2911 et
1869 2859 2023 2923 Abiu,
2065 2860 2165 2927 ﬁlii
2209 2852 2411 2925 Aaron,
2458 2852 2757 2916 obtulerunt
2802 2864 2975 2930 ignem
3006 2859 3237 2910 alienant
3268 2872 3446 2909 coram
3476 2855 3700 2907 Domino
3742 2863 3793 2908 et
3834 2854 4015 2907 divino
4048 2864 4170 2907 sunt
4215 2854 4335 2924 igne
4381 2874 4511 2911 con.

1386 2929 1600 2994 sumpti.
2158 2953 2165 2959 ο

1243 2988 1299 3073 (_i.
1342 2988 1542 3073 Quibus
1563 2994 1744 3073 debeat
1777 2998 1955 3073 Aaron
1984 2997 2207 3073 vestibus
2230 2998 2381 3052 indui
2410 3000 2623 3069 quando
2656 3000 2952 3071 ingreditur
2986 2994 3408 3050 tabernaculum.
3492 3064 3501 3073 _

1242 3059 1294 3111 7ι
1336 3059 1590 3141 Pontifex
1625 3065 1813 3141 σίγμα(
1841 3066 2045 3121 hircum
2078 3070 2347 3132 viventem,
2372 3059 2619 3139 et'posita
2652 3059 2872 3141 utraque
2894 3085 3053 3121 manu
3090 3083 3247 3130 super
3273 3075 3426 3133 Caput
3452 3064 3587 3131 ejus,
3622 3062 3942 3131 conﬁteatur
3984 3079 4162 3119 omnes
4200 3066 4508 3135 iniquitates

1380 3133 1615 3196 ﬁliorum
1642 3134 1833 3188 Israel.

1236 3196 1290 3274 ξ.
1337 3199 1501 3274 ane
1527 3204 1749 3264 animal,
1776 3203 1916 3273 quod
1936 3204 2014 3274 uel
2035 3208 2297 3266 contritis.
2334 3210 2409 3262 uel
2430 3213 2585 3274 tusis,
2607 3210 2696 3265 'vel
2718 3212 2871 3264 sectis
2899 3207 3151 3260 testiculis
3180 3215 3275 3267 est,
3305 3221 3407 3274 non
3445 3203 3672 3270 o/Ieretis
3714 3202 3958 3256 Domino.

1239 3267 1291 3347 ξ.
1335 3269 1404 3347 Ill
1442 3285 1636 3347 septem
1658 3267 2116 3347 lurernwjugiter
2142 3279 2364 3330 ardeant
2395 3280 2448 3331 in
2480 3267 2821 3333 tabernacqu
2848 3279 3059 3347 foederis
3092 3291 3273 3329 coram
3304 3267 3552 3347 Domino.

1201 3336 1288 3392 10.
1329 3336 1623 3397 Comedetis
1645 3336 1999 3397 vetustissima
2030 3354 2255 3399 ceterum
2279 3358 2327 3400 ct
2360 3362 2549 3413 cetera,
2585 3353 2728 3403 noris
2758 3336 3266 3418 supervenientibus,
3296 3342 3610 3411 projicietis.

2548 3438 2857 3510 Expliciunt
2885 3436 3143 3503 capitula.

1582 3565 2226 3657 INCIPIUNT
2298 3568 3054 3664 TESTIMONIA
3122 3567 3453 3655 LIBRI
3530 3567 4122 3659 LEVITICI.

1716 3732 1945 3789 CAPUT
1983 3734 2275 3790 PRIMUM.

1374 3823 1440 3878 In
1468 3840 1707 3879 sermone
1746 3826 1809 3879 de
1849 3827 2141 3881 inventione
2177 3839 2373 3883 sancta?
2419 3832 2610 3886 crucis.

1273 3932 1291 3965 σ
1334 3916 1575 3971 Vitulum
1627 3915 1693 3969 de
1737 3926 1988 3971 armento
2035 3920 2336 3972 masculum
2382 3922 2787 3979 immaculatum

1192 4003 1524 4060 olferetaute
1546 4004 1743 4059 ostium
1770 4006 2105 4061 tabernaculi
2132 4008 2425 4063 testimonii
2458 4009 2645 4077 (Leuit.
2672 4016 2728 4083 ι).
2764 4032 2781 4065 ι

1185 4095 1299 4152 Per
1324 4097 1553 4151 vitulum
1582 4111 1834 4173 namque,
1864 4099 1955 4167 qui
1994 4099 2061 4152 de
2101 4110 2350 4154 armento
2378 4101 2559 4157 oﬂ‘erri
2597 4106 2787 4174 praeci-

1190 4186 1357 4256 pitur,
1390 4186 1722 4255 Redemptor
1753 4196 1955 4249 noster,
1988 4189 2078 4258 qui
2122 4189 2187 4243 de
2223 4190 2658 4255 patriarcharum
2689 4195 2785 4250 de-

1190 4276 1404 4330 scendit
1427 4278 1701 4345 progenie,
1730 4275 2012 4347 ﬁguratur.
2044 4278 2141 4333 llic
2168 4280 2424 4336 nimirum
2450 4291 2635 4339 aratro
2663 4268 2786 4339 cru-

1188 4365 1272 4421 cis
1307 4380 1417 4420 sua:
1454 4378 1654 4421 terram
1690 4368 1871 4423 carnis
1900 4377 2099 4423 nostra:
2127 4370 2437 4439 perdomuit
2466 4381 2518 4425 et
2547 4388 2614 4427 ex
2659 4373 2782 4444 Spi-

1191 4456 1330 4510 ritus
1363 4457 1533 4511 sancti
1561 4458 1768 4513 semine
1810 4460 2070 4513 virtutum
2114 4476 2213 4515 nos
2244 4460 2401 4532 fruge
2429 4464 2620 4518 ditavit
2647 4464 2783 4537 (lsa.

1189 4547 1331 4618 ιιιι).
1366 4546 1463 4602 llic
1494 4548 1694 4603 vitulus
1735 4551 1852 4604 sine
1893 4551 2128 4615 macula,
2162 4567 2267 4606 non
2312 4554 2365 4607 in
2409 4556 2782 4625 tabernaculo,

1189 4638 1285 4693 sed
1317 4649 1442 4692 ante
1462 4641 1661 4694 ostium
1690 4641 1808 4708 ejus
1840 4658 1867 4695 a
1898 4642 2020 4697 liliis
2049 4642 2232 4696 Aaron
2265 4644 2617 4713 oﬂ'ercbatur,
2659 4653 2783 4719 quia

1189 4737 1248 4783 et
1280 4729 1555 4794 Dominus,
1590 4732 1680 4807 qui
1718 4732 1836 4785 sine
1864 4743 2086 4801 peccato
2114 4742 2216 4796 est,
2258 4735 2358 4789 sub
2386 4738 2541 4790 Anna
2574 4747 2626 4792 et
2661 4740 2784 4793 Cai—

1189 4819 1296 4890 pha
1340 4829 1493 4873 extra
1538 4812 1749 4889 portam
1797 4834 1881 4877 est
1929 4824 2241 4878 cruciﬁxus.
2286 4824 2404 4895 Ipse
2446 4843 2637 4899 agnus,
2688 4832 2781 4899 qui

1190 4912 1374 4965 mundi
1411 4921 1632 4980 peccata
1682 4914 1902 4968 detersi'
1947 4914 2129 4985 (Joan.
2177 4916 2238 4983 t).
2286 4916 2403 4984 Ipse
2447 4919 2649 4985 haedus,
2688 4924 2777 4992 qui

1190 5008 1465 5055 auctorem
1519 5004 1725 5069 peccati
1772 5004 2040 5057 diabolum
2076 5007 2255 5059 crucis
2294 5006 2471 5075 gladio
2515 5009 2782 5080 jugulavit

2828 3744 2875 3807 ο
2908 3736 3106 3791 lebitur
3158 3734 3210 3787 in
3254 3732 3528 3788 sacriﬁcio
3569 3733 3783 3787 Domini
3816 3732 4005 3803 (Leuit.
4038 3734 4122 3805 tt).
4182 3736 4514 3811 inuisquis.

2893 3830 3040 3880 enim
3070 3826 3154 3879 vel
3191 3826 3435 3892 rapinam
3488 3825 3538 3876 in
3589 3838 3726 3894 opus
3771 3824 3990 3893 pictatis
4035 3826 4373 3896 impendere,
4412 3832 4502 3887 vel

2892 3930 3047 3968 vana:
3075 3913 3259 3983 gloria:
3286 3928 3447 3967 causa
3488 3912 3690 3966 bonum
3728 3913 3942 3967 videtur
3967 3912 4185 3983 aliquod
4215 3930 4499 3987 exercere,

2894 4003 2982 4059 hic
3009 4018 3113 4057 non
3144 4018 3388 4072 azymam
3405 4001 3752 4056 sinceritatis
3773 4010 3827 4055 et
3852 4003 4124 4067 veritatis,
4143 4006 4235 4059 sed
4261 4004 4504 4062 fermen-

2895 4102 3006 4147 tum
3035 4092 3256 4147 tnalitia:
3290 4104 3455 4161 atque
3499 4094 3754 4163 nequitiae
3792 4102 4021 4147 conatur
4061 4093 4281 4151 oﬂerre.
4327 4096 4501 4155 Mellis

2890 4198 3107 4253 quoque
3143 4182 3473 4237 sacriﬁeimn
3503 4183 3764 4236 Dominus
3798 4200 3902 4238 non
3936 4185 4221 4253 approbat,
4248 4187 4375 4254 quia
4406 4185 4494 4241 lu-

2891 4274 3065 4327 xuriae
3088 4272 3416 4342 voluptatem
3444 4286 3775 4340 omnemque
3802 4273 4043 4327 carnalis
4074 4273 4345 4329 illecebrae
4372 4275 4496 4328 dul-

2889 4364 3134 4418 cedinem
3183 4364 3427 4417 damnat.
3480 4362 3571 4416 Sal
3622 4374 3810 4441 autem
3865 4363 4120 4418 omnibus
4179 4366 4500 4435 praecipitur

2887 4455 3255 4511 oblationibus
3303 4455 3574 4517 adhiberi,
3627 4461 3685 4508 tit
3729 4453 3993 4525 quidquid
4045 4456 4278 4511 Domino
4329 4465 4509 4528 super

2887 4562 3035 4602 aram
3066 4547 3247 4602 devoti
3279 4546 3463 4601 cordis
3486 4545 3789 4611 olIeritnus,
3836 4547 4066 4602 rationis
4095 4562 4311 4618 semper
4330 4559 4497 4619 atque

2890 4639 3258 4709 intelligentia:
3287 4654 3479 4709 sapore
3508 4639 3731 4693 condire
3760 4640 4101 4693 Studeamus.
4161 4641 4251 4694 Ait
4292 4643 4438 4697 enim
4476 4662 4490 4699 :

2892 4748 2911 4780 α
2958 4729 3229 4799 Quidquid
3257 4730 3520 4783 obtuleris
3564 4728 3817 4783 sacriﬁcii
3849 4730 3961 4782 sale
3991 4731 4235 4794 condies,
4269 4748 4367 4787 nec
4396 4749 4493 4790 au-

2886 4819 3026 4874 feres
3057 4822 3137 4874 sal
3168 4822 3393 4875 foederis
3421 4822 3513 4875 Dei
3552 4823 3624 4873 tui
3654 4825 3719 4873 de
3744 4823 4016 4876 sacriﬁcio
4051 4833 4141 4877 tuo
4169 4822 4314 4893 (Leu.
4348 4825 4433 4897 ιι).
4467 4846 4486 4880 ι

2885 4912 2947 4964 Ει
2986 4921 3040 4965 ut
3083 4913 3228 4980 quod
3271 4913 3485 4966 dicebat
3530 4913 3736 4965 arctius
3778 4912 4099 4977 inculcaret,
4126 4923 4181 4966 et
4228 4930 4295 4967 ne
4337 4930 4493 4970 mens

2886 5014 3067 5059 nostra
3101 5004 3350 5059 fortassis
3382 5005 3675 5071 aliquando
3714 5005 3917 5059 insulsa
3962 5006 4262 5073 desiperet,
4307 5006 4490 5061 adhuc

1188 5086 1363 5160 (Psal.
1398 5090 1500 5157 ut).
1532 5090 1651 5161 Ipse
1684 5092 1956 5157 columba,
1999 5095 2049 5147 in
2096 5094 2249 5161 cujus
2296 5097 2554 5152 nimirum
2605 5103 2784 5170 Specie
2814 5112 2862 5171 ι)
2890 5094 3234 5161 ingeminans
3265 5094 3401 5147 dicit
3440 5111 3449 5144 :
3494 5112 3511 5141 ι
3566 5093 3622 5146 1η
3659 5094 3805 5146 οηιηί
3843 5094 4117 5147 oblatione
4150 5106 4239 5147 tua
4287 5095 4491 5150 offeres

1189 5178 1428 5250 Spiritus
1459 5192 1676 5237 sanctus
1707 5200 1870 5254 super
1905 5202 2025 5239 eum
2071 5186 2135 5240 ad
2178 5186 2433 5242 Iordanis
2460 5190 2657 5245 ﬂuenta
2688 5193 2783 5247 dc-

1187 5272 1415 5327 sceudit.
1446 5273 1563 5342 Ipse
1597 5276 1757 5328 etiam
1790 5285 1987 5340 turtur,
2032 5277 2155 5346 quia
2188 5288 2465 5349 perpetuas
2506 5282 2780 5339 castitatis

1186 5362 1378 5417 auctor
1419 5366 1625 5426 existit,
1676 5366 1817 5419 sicut
1860 5368 1960 5421 sibi
2000 5384 2029 5421 a
2075 5384 2270 5437 sponsa
2304 5362 2505 5425 dicitur
2540 5390 2553 5425 :
2589 5391 2607 5423 ι
2646 5373 2778 5442 Spe~

1188 5452 1349 5509 ciosa:
1385 5470 1536 5526 genae
1563 5464 1664 5508 tute
1690 5455 1830 5509 sicut
1862 5458 2088 5511 turturis
2124 5457 2301 5527 (Cant.
2331 5460 2393 5530 t).
2434 5477 2453 5511 ι

1824 5545 2052 5601 CAPUT
2084 5546 2145 5599 II.

1654 5633 1723 5688 In
1752 5652 1990 5690 sermone
2026 5639 2311 5707 virginum.

1264 5734 1291 5777 θ
1329 5726 1518 5779 Dionis
1563 5722 1801 5786 oblatio.
1843 5741 1962 5794 qtae
2006 5727 2232 5783 olfertur
2273 5732 2529 5794 Domino,
2579 5732 2781 5803 abSque

1195 5805 1455 5875 fermento
1483 5814 1593 5878 ﬁet,
1622 5828 1729 5868 nec
1758 5816 2055 5886 quidquam
2087 5820 2337 5877 fermenti
2371 5832 2427 5878 et
2454 5822 2631 5879 mellis
2652 5823 2777 5879 adeo

2888 5186 2967 5239 sal
2996 5184 3205 5256 (Ibid).
3242 5205 3259 5236 ι
3294 5184 3404 5240 lloc
3436 5186 3593 5254 plane
3626 5186 3751 5239 illud
3789 5196 3872 5240 est
3915 5186 3993 5240 sal
4028 5187 4095 5239 de
4120 5202 4227 5255 quo
4262 5186 4491 5256 Aposto-

2886 5277 2969 5331 lus
2998 5279 3074 5332 ait
3116 5296 3129 5331 :
3183 5296 3199 5329 ι
3252 5277 3305 5330 In
3349 5278 3616 5346 sapientia
3663 5278 3940 5332 ambulate
3984 5278 4048 5330 ad
4091 5293 4185 5331 eos
4221 5279 4312 5347 qui
4356 5279 4490 5335 foris

2884 5378 3032 5429 sunt,
3073 5378 3282 5435 tempus
3323 5368 3687 5433 reditnentes;
3731 5383 3913 5422 sermo
3950 5379 4131 5423 vester
4177 5384 4397 5437 semper
4430 5370 4484 5424 in

2885 5458 3057 5526 gratia
3086 5457 3199 5511 sale
3230 5456 3299 5511 sit
3326 5458 3599 5518 conlitus,
3632 5468 3687 5510 ut
3715 5459 3903 5511 sciazis
3935 5458 4205 5526 quomodo
4236 5468 4490 5527 oporteat

2880 5565 2980 5604 vos
3027 5551 3321 5619 unicuique
3351 5556 3681 5621 respondere
3717 5549 3856 5619 (Col.
3890 5556 3989 5610 tv}.
4031 5570 4047 5600 ι
4114 5550 4188 5604 De
4219 5552 4322 5606 hoc
4372 5551 4489 5609 sale

2881 5651 2935 5695 et
2968 5641 3226 5695 Dominus
3264 5643 3340 5697 ait
3383 5660 3395 5694 :
3439 5661 3456 5693 ι
3506 5641 3563 5697 Si
3602 5642 3677 5694 sal
3714 5641 4038 5695 infamatum
4073 5640 4255 5703 fuerit,
4290 5644 4342 5696 in
4376 5659 4488 5712 quo

2881 5734 3205 5787 condictur?
3261 5754 3277 5783 ι
3329 5733 3548 5801 (Matth.
3606 5733 3683 5803 γ.)
3743 5732 3809 5787 Et
3863 5735 3929 5788 de
3974 5748 4081 5802 quo
4136 5732 4363 5801 loquens
4416 5734 4487 5789 ad

2881 5823 3173 5894 discipulos
3211 5840 3224 5878 :
3266 5846 3281 5875 ε
3320 5826 3425 5881 Vos
3453 5826 3606 5892 estis,
3641 5826 3839 5895 inquit,
3888 5828 3964 5881 sal
4006 5836 4164 5881 terra;
4199 5826 4415 5897 (lbid.).
4460 5848 4477 5879 ι
