5962 6492
1497 417 1621 472 1031

2118 527 2343 585 CAPUT
2373 526 2456 581 lli.

1967 620 2033 674 In
2059 634 2293 673 sermone
2321 617 2381 672 8.
2412 616 2602 669 Donati

1562 732 1581 766 ι
1618 712 1793 767 Tollet
1822 709 2072 764 sacerdos
2098 706 2356 776 pugillum
2381 704 2597 763 similze,
2624 717 2742 771 qua:
2770 714 3060 768 conspersa

1488 812 1571 859 est
1596 804 1732 864 oleo,
1760 809 1814 853 et
1846 808 2014 853 totum
2042 796 2185 859 tbus,
2216 795 2358 863 quod
2387 808 2547 863 super
2574 792 2805 846 similam
2828 790 3059 859 positum

1487 902 1588 955 est,
1614 889 1953 956 adolebitque
1981 885 2109 940 illud
2138 887 2188 938 in
2218 886 2395 947 altari,
2429 885 2480 937 in
2508 884 2899 937 monimentum
2926 882 3059 934 odo-

1486 982 1560 1035 ris
1593 978 1897 1034 suavissimi
1932 977 2157 1029 Domino
2201 973 2388 1043 (Levit.
2419 973 2515 1043 vi).
2558 992 2577 1023 ι
2613 971 2753 1036 Quid
2785 970 2929 1023 enim
2967 985 3064 1038 per

1482 1070 1712 1126 similam
1756 1068 1857 1124 nisi
1898 1076 2085 1121 sancta
2113 1066 2408 1120 electorum
2436 1064 2748 1132 designatur
2782 1060 3063 1115 Ecclesia?

1481 1179 1599 1235 quae
1629 1164 1885 1218 nimirum
1918 1162 2043 1214 dum
2074 1158 2518 1213 convenientibus
2561 1155 2795 1209 invicem
2836 1152 3060 1206 creden-

1483 1260 1614 1311 tium
1642 1256 1910 1325 colligitur
1937 1253 2215 1313 membris,
2236 1250 2387 1318 quasi
2414 1249 2592 1302 simila
2621 1263 2688 1301 ex
2733 1246 2917 1300 multis
2947 1245 3061 1299 fru-

1480 1347 1648 1401 menti
1695 1344 2070 1412 conspergitur
2122 1341 2278 1410 119
2324 1341 2527 1407 granis.
2578 1338 2645 1391 Et
2694 1336 2834 1391 sicut
2882 1336 3057 1389 simila

1478 1443 1620 1495 inter
1650 1438 1842 1493 molam
1877 1445 2162 1504 utramque
2212 1435 2514 1487 conteritur
2555 1439 2614 1484 ut
2660 1444 2689 1482 a
2730 1428 2917 1481 farinae
2950 1427 3058 1480 sili.

1476 1532 1600 1600 gine
1631 1530 1949 1585 cantabrum
1981 1534 2282 1594 separetur,
2316 1524 2388 1575 ita
2415 1522 2561 1575 velut
2598 1521 2742 1573 inter
2766 1519 2899 1571 duas
2926 1517 3057 1586 legis

1478 1624 1685 1680 scilicet
1720 1630 1774 1675 et
1817 1618 2092 1686 Evangelii
2124 1615 2290 1669 molas
2326 1622 2516 1667 sancta
2558 1610 2794 1665 Ecclesia
2831 1608 3055 1677 stringi-

1476 1728 1582 1781 tur,
1610 1722 1669 1766 ut
1702 1713 1896 1767 litterae
1922 1708 2236 1778 superﬁcies
2270 1722 2298 1759 a
2341 1704 2573 1759 medulla
2602 1702 2825 1770 spiritus
2855 1699 3056 1753 discer-

1474 1814 1653 1858 natur.
1684 1802 1813 1868 Quae
1837 1799 2087 1853 videlicet
2128 1796 2389 1856 Ecclesia,
2434 1800 2489 1845 ut
2529 1803 2715 1843 revera
2748 1786 3052 1857 spiritualis

1475 1891 1672 1957 simila,
1708 1894 1831 1945 dum
1856 1905 1952 1959 per
1983 1902 2177 1957 aquam
2206 1883 2554 1952 Baptismatis
2587 1880 2819 1933 adunata
2849 1887 2902 1932 et
2933 1876 3050 1930 oleo
3084 1873 3126 1930 Β

1473 1983 1787 2039 chrismatis
1810 1990 1889 2034 est
1922 1990 2230 2045 conspersa,
2274 1974 2394 2043 igne
2434 1986 2648 2041 quoque
2675 1969 2849 2024 sancti
2878 1967 3052 2037 Spiri-

1472 2083 1557 2129 tus
1580 2072 1804 2127 solidata
1828 2071 1919 2133 sit,
1943 2066 2096 2135 juxta
2122 2064 2434 2135 Apostolum
2467 2081 2479 2115 :
2517 2080 2534 2111 ‹
2574 2060 2755 2113 llostia
2782 2058 2891 2113 Deo
2916 2060 3052 2112 bene

1467 2164 1689 2233 placens
1742 2170 1795 2215 et
1846 2159 2083 2229 perfecta
2133 2155 2303 2227 (Rom.
2348 2153 2489 2220 xm).
2546 2172 2564 2203 ι
2621 2150 2799 2202 Thure
2847 2158 3046 2210 autem,

1468 2255 1610 2326 quod
1634 2254 1865 2323 positum
1900 2266 2061 2318 super
2088 2248 2318 2301 similam
2350 2244 2563 2307 dicitur,
2591 2238 2830 2305 ejusdem
2860 2238 3049 2291 Eccle-

1468 2346 1561 2398 sia:
1604 2343 1779 2397 oratio
1816 2340 2150 2409 designatur,
2195 2337 2335 2389 sicut
2381 2334 2431 2385 in
2457 2330 2781 2401 Apocalypsi
2826 2328 3049 2383 Joannis

1467 2432 1793 2495 ostenditur,
1826 2444 1947 2484 cum
1977 2428 2106 2481 dicit
2144 2439 2160 2478 :
2207 2424 2365 2489 Quia,
2419 2440 2435 2471 ι
2488 2420 2677 2489 phialas
2720 2418 2889 2487 plena:
2918 2418 3048 2471 odo-

1466 2524 1993 2583 ramentorumgsunt
2021 2514 2301 2569 orationes
2344 2521 2656 2565 sanctorum
2686 2508 2871 2577 (Apoc.
2909 2506 2979 2575 v).
3027 2528 3042 2550 .

2083 2600 2311 2657 CAPUT
2350 2599 2437 2651 IV.

1877 2696 1959 2750 Ad
1998 2693 2325 2748 Desiderium
2372 2689 2630 2742 abbatem.

1542 2811 1561 2845 ι
1579 2790 1790 2861 Moyses
1816 2784 2222 2841 tabernaculum
2240 2782 2459 2835 foederis
2484 2776 3046 2847 frequenterintrabat

1462 2891 1516 2939 et
1546 2880 1730 2937 exibat
1758 2875 1955 2945 (Exod.
1992 2874 2208 2943 sui").
2245 2890 2261 2921 ι
2316 2870 2455 2936 Quid
2491 2878 2579 2922 est
2606 2868 2747 2920 enim
2774 2868 2916 2935 quod
2958 2866 3045 2919 ille

1462 2972 1655 3027 crebro
1690 2964 2093 3021 tabernaculum
2127 2960 2427 3031 ingreditur
2452 2967 2505 3012 et
2529 2958 2825 3027 egreditur,
2861 2956 2964 3009 nisi
2988 2964 3047 3010 ut

1462 3060 1766 3131 exemplum
1791 3056 2055 3126 praebeat;
2083 3054 2224 3121 quod
2256 3052 2318 3112 is,
2343 3050 2433 3119 qui
2466 3050 2609 3102 intus
2633 3049 2684 3101 in
2714 3046 3046 3116 contempla-

1464 3155 1662 3208 tionem
1700 3149 1930 3217 rapitur,
1966 3145 2097 3199 foris
2124 3142 2513 3197 inﬁrmantium
2531 3139 2763 3207 negotiis
2791 3138 3046 3206 frequen-

2408 407 2903 468 COLLECTANEA
2941 407 3007 463 ΙΝ
3047 403 3275 463 VETUS
3315 398 3856 459 TESTAMENTUM.

3098 522 3147 582 Α
3176 518 3379 575 sanctis
3436 518 3697 574 altaribus
3748 516 4140 588 propinquare?
4182 514 4248 570 Et
4291 528 4412 570 cum
4456 513 4715 585 Scriptura

4604 398 4717 458 1039

3163 610 3309 665 dicat
3338 627 3351 663 :
3394 628 3413 660 t
3448 610 3709 679 Spiritum
3741 609 3904 663 nolite
3932 608 4274 677 exstinguere
4301 605 4350 678 (ι
4382 606 4561 661 Thess.
4591 617 4712 677 ης»

3164 702 3272 763 isti,
3306 709 3569 769 quantum
3614 702 3667 753 in
3705 716 3781 762 se,
3823 699 4081 765 Spiritum
4114 708 4374 761 sanctum,
4414 699 4503 765 qui
4557 698 4606 750 in
4649 699 4714 751 eis

3162 793 3351 845 ardere
3377 792 3622 853 debebat,
3660 791 4027 859 exstinguunt,
4058 798 4109 843 et
4135 789 4360 842 alienum
4395 788 4572 857 ignem
4604 786 4711 840 olfe-

3161 893 3306 947 runt,
3330 880 3457 935 dum
3485 883 3551 935 ad
3576 884 3748 936 altare
3772 882 3979 935 Domini
4002 880 4213 934 ﬂamma
4239 880 4472 933 libidinis
4497 889 4710 933 aestuan-

3162 983 3243 1029 tes
3274 974 3562 1035 accedunt;
3596 977 3689 1029 sed
3720 984 3936 1042 repente
3967 988 4129 1042 super
4162 988 4254 1027 eos
4280 971 4414 1042 ignis
4444 971 4607 1023 divini
4640 969 4708 1022 [ιι-

3162 1064 3301 1116 roris
3337 1064 3496 1131 120
3541 1064 3874 1128 accenditur,
3919 1076 4027 1131 quo
4068 1062 4377 1130 terribiliter
4404 1070 4708 1119 exuruntur.

3161 1152 3438 1221 Scriptura
3473 1163 3727 1216 testante,
3769 1168 3887 1221 qua:
3916 1152 4045 1206 dicit
4076 1166 4089 1203 :
4125 1171 4142 1200 ι
4186 1149 4250 1203 Et
4284 1164 4424 1203 nunc
4458 1150 4598 1216 ignis
4631 1148 4706 1201 ad-

3160 1242 3431 1295 versarios
3472 1242 3740 1295 consumit
3770 1240 3953 1311 (Hebr.
3988 1240 4062 1307 ιι).
4102 1258 4119 1290 ι
4156 1238 4218 1291 Et
4251 1248 4393 1291 certe
4424 1237 4705 1301 legitimum

3159 1343 3241 1387 est
3268 1342 3328 1389 ut
3367 1335 3459 1402 qui
3492 1335 3773 1387 sordentes
3803 1331 3977 1386 sacris
4015 1330 4267 1383 altaribus
4297 1329 4705 1396 appropinquant

3158 1424 3336 1493 gladio
3367 1424 3560 1478 divinae
3594 1422 3812 1477 ultionis
3844 1421 4146 1483 intereant;
4181 1420 4387 1473 dicente
4412 1418 4477 1469 ad
4507 1416 4703 1486 Moysen

3158 1514 3384 1569 Domino
3430 1533 3443 1567 :
3497 1533 3517 1566 ι
3572 1512 3839 1568 Doeebitis
3880 1511 4016 1564 ﬁlios
4048 1509 4230 1570 Israel,
4269 1518 4325 1561 ut
4365 1519 4590 1561 caveam
4625 1506 4703 1558 im-

3157 1608 3513 1670 munditiam;
3544 1615 3598 1660 et
3623 1620 3729 1658 non
3755 1604 4053 1658 moriantur
4088 1604 4137 1655 in
4174 1599 4414 1655 sordibus
4438 1597 4571 1660 suis,
4599 1610 4700 1649 cum

3155 1699 3446 1768 polluerint
3489 1695 3896 1752 tabernaculum
3930 1707 4128 1758 meum,
4168 1690 4305 1760 quod
4342 1698 4420 1743 est
4458 1688 4596 1741 inter
4622 1698 4699 1739 eos

3158 1788 3297 1860 (Leu.
3331 1788 3440 1858 xv).
3476 1807 3494 1841 ι

3746 1874 3971 1932 CAPUT
4030 1872 4116 1927 Vl.

3593 1967 3661 2023 In
3695 1984 3931 2021 sermone
3960 1965 4018 2021 8.
4044 1963 4271 2035 Georgii.

3228 2086 3246 2118 ι
3270 2065 3529 2127 Tunica,i
3558 2062 3729 2131 inquit
3749 2060 4025 2121 Dominus,
4049 2076 4068 2109 ι
4102 2057 4236 2111 linea
4261 2052 4535 2116 vestietur,
4566 2050 4697 2105 femi-

3150 2156 3363 2211 nalibus
3386 2154 3543 2207 lineis
3568 2151 3797 2206 verenda
3828 2148 4043 2210 celabit,
4068 2148 4373 2212 accingetur
4397 2156 4528 2195 zona
4554 2140 4693 2201 linea,

3150 2244 3374 2299 cidarint
3425 2242 3620 2294 lineam
3669 2239 3909 2306 imponet
3966 2234 4148 2303 capiti.
4200 2231 4320 2285 llaec
4368 2233 4506 2284 enim
4554 2226 4695 2282 vesti-

3150 2346 3329 2389 menta
3364 2340 3488 2388 sunt
3513 2339 3724 2394 sancta,
3756 2328 3970 2396 quibus,
4005 2341 4125 2379 cum
4152 2326 4287 2377 lotus
4318 2322 4494 2384 fuerit,
4523 2320 4691 2373 indue-

3151 2440 3233 2483 tur
3284 2427 3425 2499 (Lev.
3482 2426 3617 2493 xvi).
3679 2443 3696 2475 ι
3760 2422 4015 2491 Quisquis
4071 2420 4210 2473 enim
4267 2418 4316 2471 in
4371 2413 4691 2469 tabernaculo

3148 2524 3368 2583 Christi,
3402 2521 3544 2591 quod
3589 2526 3672 2575 est
3715 2516 3979 2576 Ecclesia,
4012 2514 4353 2580 semetipsum
4395 2510 4504 2563 Deo
4538 2507 4688 2562 sacri-

3148 2614 3311 2669 ﬁcare
3336 2611 3633 2671 contendit.
3678 2622 3900 2663 necesse
3932 2614 4034 2668 est,
4081 2612 4138 2657 ut
4178 2614 4448 2671 postquam
4494 2600 4687 2652 lavacro

3147 2704 3287 2759 sacri
3322 2702 3487 2755 fontis
3518 2698 3775 2761 abluitur,
3811 2694 4039 2749 diversis
4067 2694 4228 2747 etiam
4263 2691 4514 2743 virtutum
4546 2683 4685 2739 vesti-

3144 2791 3245 2848 bus
3276 2793 3545 2853 induatur,
3584 2788 3723 2841 sicut
3765 2785 4022 2854 scriptum
4062 2792 4143 2836 est
4173 2796 4186 2833 :
4219 2800 4238 2832 t
4274 2779 4584 2834 Sacerdotes
4621 2771 4682 2827 tui

3146 2880 3437 2935 induantur
3474 2876 3683 2945 justitia
3718 2871 3888 2944 (Psal.
3928 2872 4113 2939 cum)
4143 2888 4154 2936 ;
4186 2889 4201 2920 ι
4236 2877 4491 2938 quatenus
4529 2864 4613 2935 qui
4640 2863 4681 2915 in

3145 2970 3360 3025 Christo
3386 2984 3480 3037 per
3508 2968 3836 3036 baptismum
3870 2979 4038 3018 novus
4070 2963 4228 3016 homo
4257 2959 4566 3019 renascitur,
4594 2968 4682 3008 non

3140 3061 3250 3129 jam
3279 3060 3533 3130 pelliceas
3563 3058 3792 3120 tunicas,
3829 3053 4167 3108 mortalitatis
4213 3048 4454 3104 videlicet
4501 3046 4681 3099 indices

3145 3150 3366 3214 vestiat,
3400 3149 3495 3203 sed
3538 3147 3782 3217 deposito
3810 3144 3977 3200 veteri
4008 3141 4242 3203 homine,
4271 3153 4461 3193 novum
4493 3136 4677 3196 induat,

1460 3251 1546 3296 ter
1569 3248 1809 3308 urgetur.
1833 3235 1983 3289 lntus
2007 3233 2096 3286 Dei
2121 3245 2320 3286 arcana
2346 3228 2687 3291 considerat;
2716 3227 2846 3281 foris
2872 3241 3038 3280 onera
3066 3222 3113 3284 C
3143 3248 3198 3295 ει
3229 3241 3279 3293 in
3313 3253 3378 3292 eo
3410 3253 3509 3307 per
3536 3238 3746 3290 ιηυηάεε.
3773 3233 4196 3289 conversationis
4227 3228 4453 3284 smmum
4482 3228 4680 3279 iam“.

1461 3328 1758 3385 carnalium
1787 3334 2001 3401 portata
2023 3323 2125 3389 Qui
2155 3323 2220 3376 de
2263 3319 2423 3375 rebus
2451 3332 2661 3387 quoque
2690 3318 2867 3372 dubiis
2900 3332 3036 3371 sem—

1460 3435 1559 3491 per
1587 3420 1653 3473 ad
1695 3414 2099 3470 tabernaculum
2142 3412 2374 3466 recurrit
2410 3425 2474 3464 ac
2513 3424 2695 3464 coram
2734 3409 3041 3463 testamenti

1462 3523 1587 3563 arca
1610 3507 1895 3561 Dominum
1925 3503 2180 3567 consulit,
2212 3502 2438 3556 fortnam
2468 3500 2652 3569 procul
2677 3500 2838 3565 dubio
2865 3508 3043 3553 recto—

1460 3598 1611 3655 ribus
1654 3599 1921 3669 prmbens,
1958 3604 2039 3661 ut,
2080 3608 2200 3647 cum
2230 3592 2363 3646 foris
2394 3592 2675 3660 ambigunt
2700 3590 2828 3659 quid
2858 3590 3040 3659 dispo-

1384 3726 1393 3737 -
1460 3701 1611 3753 nant,
1661 3690 1729 3745 ad
1775 3697 2010 3743 mentem
2059 3699 2272 3755 semper
2315 3682 2469 3752 quasi
2518 3682 2585 3735 ad
2633 3680 3039 3735 tabernaculum

1460 3780 1682 3844 adeant,
1728 3788 1785 3833 et
1827 3778 1976 3830 velut
2016 3790 2197 3831 coram
2237 3771 2545 3828 testamenti
2589 3784 2713 3825 arca
2754 3771 3018 3825 Dominun

1458 3868 1766 3931 consulant,
1796 3867 1839 3921 si
1876 3866 1943 3920 de
1971 3865 2037 3919 iis
2066 3864 2119 3917 in
2160 3862 2356 3932 quibus
2389 3860 2641 3915 dubitant
2667 3861 2808 3929 apud
2837 3869 3009 3915 semet

1458 3962 1605 4031 ipsos
1638 3960 1783 4015 intus
1818 3957 1959 4014 sacri
1990 3956 2189 4026 eloquii
2219 3956 2443 4025 paginas
2468 3954 2770 4023 requirunt.
2802 3952 2955 4008 Unde
2984 3962 3039 4006 et

1458 4052 1576 4122 ipsa
1604 4050 1838 4113 Veritas,
1876 4063 1972 4119 per
2013 4047 2411 4116 susceptionem
2456 4046 2612 4099 nobis
2640 4054 2839 4098 nostrae
2870 4044 3038 4097 humi-

1459 4142 1632 4196 litatis
1664 4150 1904 4204 ostensa,
1957 4137 2208 4193 noctibus
2256 4136 2309 4190 in
2355 4122 2538 4190 monte
2580 4135 2916 4199 orationibus
2944 4149 3039 4186 va-

1458 4243 1548 4288 cat
1572 4232 1722 4303 (Luc.
1749 4230 1855 4301 vt);
1891 4230 1978 4284 die
2012 4244 2143 4283 vero
2169 4228 2228 4284 in
2257 4228 2482 4283 urbibus
2522 4242 2619 4297 per
2651 4228 3039 4283 miraculorum

1452 4324 1611 4392 signa
1639 4327 1923 4383 coruscat;
1955 4316 2270 4371 imitationis
2303 4316 2556 4370 videlicet
2584 4316 2723 4370 viam
2751 4318 2908 4371 b0ais
2944 4334 3035 4374 re-

1457 4414 1701 4471 ctoribus
1723 4421 1993 4472 sternens,
2028 4415 2109 4471 ut,
2149 4408 2193 4461 si
2219 4406 2331 4477 jam
2371 4422 2583 4460 summa
2622 4408 3035 4478 contemplanda

1459 4509 1737 4574 appetunt,
1765 4496 2182 4552 necessitatibus
2211 4492 2791 4547 tameninﬁrmantium
2819 4511 3034 4566 compa-

3145 3339 3231 3384 tus
3252 3330 3416 3382 vivat.
3448 3327 3511 3381 Et
3542 3325 3833 3380 notandum
3861 3322 4001 3393 quod
4027 3334 4212 3377 omnes
4235 3318 4333 3373 illa:
4354 3325 4522 3370 vestes
4547 3314 4680 3367 linem

3143 3420 3547 3477 describuntur.
3583 3418 3773 3471 Linum
3807 3416 4001 3484 quippe
4040 3414 4106 3467 ad
4134 3411 4417 3467 candorem
4453 3421 4572 3461 cum
4610 3404 4679 3454 la-

3144 3513 3276 3567 bore
3300 3511 3630 3581 perducitur,
3654 3517 3708 3563 et
3733 3508 3991 3561 virtutum
4023 3504 4127 3557 vita
4156 3519 4261 3556 non
4288 3500 4577 3569 acquiritur
4597 3492 4677 3549 sub

3146 3613 3361 3672 torpore
3403 3599 3641 3667 desidia},
3690 3598 3782 3654 sed
3830 3597 3883 3652 in
3923 3593 4206 3651 laboriosae
4241 3591 4413 3664 potius
4444 3582 4678 3644 exercitio

3146 3693 3458 3763 disciplinae.

3747 3777 3971 3835 CAPUT
4012 3776 4116 3832 Vll.

3561 3870 3629 3928 1η
3653 3886 3889 3927 sermone
3922 3869 3981 3925 8.
4007 3867 4290 3937 Bonifacii.

3213 3964 3465 4021 Pontifex
3491 3963 3761 4018 viventem
3796 3961 4005 4016 hircum
4052 3958 4152 4012 boc
4194 3954 4348 4011 modo
4380 3952 4588 4023 iubetur
4622 3960 4674 4002 ex

3144 4058 3259 4126 lege
3304 4054 3500 4110 oﬁ‘erre
3546 4063 3624 4119 ut,
3675 4052 3849 4123 posita
3902 4062 4061 4117 super
4106 4055 4267 4116 caput
4310 4044 4422 4111 ejus
4474 4050 4673 4126 utraque

3145 4123 3331 4209 manu,
3358 4142 3681 4198 conﬁteatur
3714 4151 3900 4195 omnes
3934 4137 4242 4207 iniquitates
4273 4133 4494 4188 ﬁliorum
4535 4123 4675 4184 Israel

3143 4243 3197 4290 et
3225 4235 3478 4288 universa
3513 4230 3711 4286 delicta
3751 4237 3912 4297 atque
3948 4234 4169 4296 peccata
4215 4236 4416 4279 eorum.
4454 4234 4567 4289 qua
4594 4215 4674 4269 im-

3142 4339 3373 4394 precans
3397 4321 3561 4392 capiti
3596 4321 3711 4390 ejus
3740 4318 3954 4373 emittat
3982 4315 4127 4371 illum
4159 4315 4210 4367 in
4246 4312 4511 4366 desertum
4553 4304 4673 4377 (Let-

3142 4393 3274 4483 th).
3305 4412 3443 4479 Quid
3469 4419 3553 4466 est
3580 4419 3760 4463 autem
3786 4409 3998 4462 hircum
4042 4404 4254 4472 utrique
4282 4400 4456 4455 manui
4487 4393 4673 4467 pontillo

3143 4504 3222 4559 eis
3244 4502 3467 4569 subjici,
3499 4500 3602 4554 nisi
3632 4498 3800 4551 ﬁlium
3824 4496 4057 4551 hominis
4085 4496 4135 4548 in
4164 4491 4500 4547 similitudine
4518 4482 4673 4542 carnis

1458 4590 1642 4648 tiendo
1667 4587 2015 4648 misceantur,
2052 4584 2177 4653 quia
2206 4591 2333 4637 tunc
2366 4583 2435 4637 ad
2460 4581 2569 4635 alta
2606 4582 2848 4637 charita‘s
2876 4586 3040 4639 mira-
3064 4576 3117 4636 Ι)
3146 4594 3351 4663 peccari
3380 4592 3689 4645 veniemem
3721 4601 3817 4656 per
3857 4584 4181 4639 voluptatem
4223 4580 4315 4634 Dgi
4352 4578 4521 4649 (Rom,
4551 4575 4669 4641 πῃ),

1456 4682 1641 4740 biliter
1661 4678 1855 4747 surgit,
1876 4690 1997 4732 cum
2023 4674 2091 4729 ad
2118 4675 2223 4727 ima
2251 4672 2619 4741 proximorum
2643 4687 2703 4726 se
2724 4674 3033 4729 misericor-

1463 4771 1611 4829 diter
1640 4766 1886 4830 attrahit,
1914 4773 1969 4817 et
2006 4779 2114 4833 quo
2139 4763 2371 4833 benigne
2400 4761 2679 4817 descendit
2717 4763 2785 4817 ad
2830 4763 3035 4831 inﬁma,

1455 4859 1702 4915 valenter
1728 4855 1962 4911 recurrit
1990 4853 2057 4907 ad
2082 4867 2316 4907 summa.

2084 4961 2311 5018 CAPUT
2348 4960 2412 5015 ν.

1457 5080 1528 5137 In
1561 5078 1783 5153 epistola
1830 5078 1898 5159 nd
1938 5076 2279 5159 Canibertum
2319 5075 2693 5159 Tqurjnensem
2718 5080 3034 5151 episcopum,

1825 5149 1887 5199 de
1932 5148 2307 5200 incontineutia
2339 5148 2671 5200 clericorum.

1535 5261 1554 5294 s
1601 5239 1845 5308 Arreptis
1880 5236 2064 5291 Nadab
2102 5246 2163 5291 et
2197 5239 2357 5302 Abiu,
2387 5240 2483 5292 ﬁlii
2512 5242 2716 5305 Aaron,
2754 5242 3039 5298 thuribulis

1458 5332 1591 5397 suis,
1622 5337 1916 5400 posuerunt
1941 5328 2115 5398 ignem
2146 5336 2200 5380 ct
2224 5327 2504 5383 incensum
2531 5331 2781 5399 desuper,
2812 5332 3044 5388 offeren-

1458 5432 1539 5477 tes
1567 5436 1748 5476 coram
1789 5418 2017 5474 Domino
2059 5418 2233 5487 ignem
2264 5417 2519 5485 alienum,
2552 5423 2699 5490 quod
2725 5423 2806 5479 eis
2835 5440 3039 5493 pmice.

1458 5522 1608 5586 ptum
1640 5522 1747 5566 non
1773 5523 1916 5576 erat;
1956 5525 2313 5581 egressusque
2344 5521 2428 5566 est
2475 5514 2611 5583 ignis
2654 5531 2683 5568 a
2726 5516 2953 5570 Domino
2983 5523 3038 5571 et

1458 5604 1735 5661 devoravit
1766 5618 1883 5669 eos,
1915 5612 1968 5657 et
2004 5603 2201 5657 mortui
2243 5612 2370 5657 sunt
2405 5618 2587 5658 coram
2623 5604 2854 5661 Domino
2888 5607 3029 5676 (ιρυ.

1459 5696 1535 5758 ι).
1574 5714 1593 5749 s
1627 5693 1766 5762 Quid
1785 5704 1870 5748 est
1896 5692 2039 5748 enim
2069 5693 2301 5748 alienum
2328 5695 2508 5764 ignem
2533 5695 2760 5751 Domino
2783 5700 3040 5753 sacerdoo

1475 5794 1556 5841 tes
1578 5783 1798 5853 oﬂ‘erre,
1832 5784 1935 5839 nisi
1972 5785 2165 5839 ardore
2193 5784 2430 5841 libidinis
2470 5784 2829 5844 inﬂammatos
2851 5802 3031 5846 sacro-

3146 4687 3428 4752 utriusque
3457 4680 3661 4749 populi,
3691 4676 3898 4739 .ludaici
3942 4675 4187 4729 videlicet
4223 4682 4274 4727 et
4311 4669 4536 4740 gentilis,
4574 4678 4675 4737 per-

3145 4778 3421 4831 secutione
3447 4770 3696 4843 gravari?
3720 4768 3889 4823 Plane
3930 4768 4209 4834 utriusque
4248 4780 4305 4817 se
4337 4760 4497 4815 voluit
4530 4755 4672 4813 niani-

3141 4866 3245 4920 bus
3276 4864 3504 4920 subdere
3543 4862 3635 4931 qui
3662 4861 3727 4914 de
3753 4859 3880 4928 jugo
3924 4857 4117 4912 diaboli
4160 4864 4439 4922 utrumque
4479 4854 4671 4905 venerat

3143 4955 3395 5026 populum
3439 4952 3693 5008 liberare.
3725 4949 3864 5015 Quid
3891 4962 4020 5002 vero
4042 4954 4124 5000 est
4150 4943 4311 5013 quod,
4348 4950 4461 5011 post
4486 4935 4672 4994 confes-

3143 5046 3350 5099 sionem
3395 5052 3559 5111 atqtte
3597 5038 4038 5109 imprecationetn
4073 5034 4310 5089 omnium
4356 5030 4668 5097 iniquitatum

3143 5137 3380 5191 ﬁliorum
3406 5133 3570 5190 Israel
3596 5144 3760 5203 super
3785 5129 3961 5199 capita
3995 5128 4131 5197 ejus,
4174 5124 4354 5179 hircus
4386 5121 4603 5175 mittitur
4627 5115 4667 5168 in

3142 5230 3442 5293 desertum,
3483 5228 3585 5281 nisi
3626 5225 3751 5295 quia
3783 5223 3828 5277 is
3868 5221 3959 5293 qui
3999 5227 4216 5289 peccata
4244 5222 4420 5270 nostra
4446 5205 4668 5281 portavit.

3143 5322 3233 5391 qui
3281 5321 3417 5391 legis
3449 5318 3728 5373 maledicta
3760 5298 4031 5371 sustinuit.
4062 5310 4305 5381 protinus
4327 5307 4379 5361 in
4405 5304 4667 5357 desertum.

3142 5412 3233 5467 ubi
3258 5412 3552 5479 nonaginta
3584 5422 3775 5463 novem
3807 5404 4117 5473 reliquerat,
4156 5415 4307 5455 ovem
4352 5392 4669 5451 centesimam

3145 5473 3473 5573 reportavit?
3504 5497 3718 5569 (Matth.
3753 5496 3930 5560 XVIII.)
3964 5492 4112 5549 Unde
4140 5500 4194 5545 et
4227 5483 4541 5557 Apostolus:
4574 5499 4590 5530 t
4616 5473 4670 5530 Ut

3146 5571 3262 5657 nos,
3307 5592 3499 5660 inquit,
3544 5589 3805 5643 liberaret
3836 5602 3866 5640 a
3903 5582 4207 5648 maledicto,
4251 5579 4361 5648 ipse
4410 5574 4574 5630 factus
4609 5571 4673 5621 est

3148 5682 3489 5738 maledictum
3518 5677 3662 5751 (Gal.
3697 5678 3801 5748 ιιι).
3845 5693 3862 5727 ι
