5904 6608
1588 435 1728 494 1055

2507 440 3001 500 ΕΟῙΛΕΕΤΑΝῙἋ
3043 445 3110 500 IN
3150 443 3377 504 VETUS
3417 446 3956 509 'I‘ESTAMEN’I'UM.

4734 445 4840 517 i035

1587 549 1824 622 ambigat
1851 548 1933 604 ius
1959 549 2211 604 habuisse
2249 550 2601 620 pontiﬁcum?
2627 553 2849 610 'I'ribum
2883 572 3008 611 vero
3037 557 3162 612 Levi
3191 565 3238 622 Α
3267 557 3375 628 puli
3410 557 3518 613 sint
3547 573 3611 614 ac
3639 562 3910 633 magistri,
3940 572 3995 616 et
4021 562 4184 618 duces
4227 579 4319 620 eos
4348 566 4416 622 ad
4445 567 4656 622 ostium
4691 571 4837 624 taber-

1586 640 1710 710 quis
1738 641 1942 695 nesciat
1967 640 2270 710 praetulisse
2295 642 2537 697 ordinem
2584 643 2938 700 clericorum?
2966 647 3167 704 Levita:

1584 744 1713 798 ergo
1745 730 1923 785 Aaron
1955 742 2010 786 et
2041 729 2165 787 ﬁliis
2190 732 2307 801 ejus
2344 748 2372 786 a
2405 733 2530 788 ﬁliis
2561 733 2724 789 Israel
2769 738 2910 792 dono
2940 740 3164 793 tradun-

1584 830 1694 878 tur.
1724 835 1847 873 cum
1893 834 1958 877 ex
2007 821 2155 875 omni
2187 820 2494 878 Christiano
2521 825 2717 892 popqu
2743 825 3006 882 clericalis
3035 836 3166 884 ordo

1581 907 1636 961 in
1674 907 1931 963 excubias
1959 908 2308 966 ecclesiastici
2355 911 2532 967 cultus
2559 915 2852 968 assumitur
2877 926 2929 970 et
2951 958 2964 980 ,
2994 928 3049 970 ut
3081 933 3167 973 as-

1583 997 1777 1052 sistant
1804 1005 1962 1066 atque
1988 998 2314 1062 ministrent,
2340 1002 2453 1055 suis
2473 1003 2820 1071 pontiﬁcibus
2840 1004 3158 1062 oﬁ‘eruntur.

1583 1089 1691 1144 Sed
1722 1091 1971 1160 quisquis
2003 1107 2190 1146 servus
2227 1105 2308 1147 est
2337 1109 2684 1155 mammonaa.
2735 1097 2870 1152 ritus
2903 1099 3162 1155 abhorret

1578 1178 1966 1236 ecclesiasticas
1990 1181 2305 1251 disciplima.
2330 1183 2437 1237 Nec
2461 1189 2890 1251 praetereundum
2913 1199 2993 1242 est
3017 1191 3158 1259 quod

1577 1266 1688 1323 illic
1717 1280 1920 1338 praesto
1950 1269 2290 1341 subjungitur
2321 1291 2333 1325 :
2371 1292 2389 1324 t
2430 1275 2540 1345 Ego
2565 1315 2580 1340 ,
2633 1277 2709 1329 ait
2741 1275 3026 1342 Dominus,
3061 1280 3156 1333 tuli

1576 1363 1797 1419 Levitas
1838 1381 1868 1418 a
1914 1365 2038 1423 ﬁliis
2080 1365 2244 1421 Israel
2286 1383 2384 1436 pro
2424 1370 2570 1423 omni
2617 1370 2977 1455 primogenita
3014 1374 3156 1442 quod

1575 1458 1753 1523 aperit
1783 1455 1995 1510 vulvam
2042 1459 2095 1510 in
2149 1458 2272 1512 ﬁliis
2302 1458 2490 1524 Israel,
2521 1471 2790 1532 eruntque
2818 1464 3013 1517 Levita:
3049 1466 3154 1518 mei

1574 1541 1766 1612 (ﬁlum.
1785 1547 1898 1614 in),
1921 1565 1938 1597 ι
1963 1545 2230 1613 utliqUido
2253 1557 2436 1616 pateat
2464 1549 2782 1606 clericorum
2801 1552 3042 1607 ordinem
3064 1553 3154 1607 Dei

1571 1633 1959 1702 omnipotentis
1987 1649 2105 1690 esse
2135 1635 2435 1706 peculium,
2470 1640 2612 1695 sicut
2639 1650 2691 1694 et
2719 1642 2831 1711 ipse
2859 1639 3001 1699 Deus
3027 1659 3153 1712 spe-

1572 1721 1727 1776 cialis
1753 1732 1837 1777 est
1867 1725 2152 1778 hatreditas
2178 1725 2524 1780 clericorum.
2549 1729 2653 1784 Sed
2676 1731 2760 1785 cui
2791 1731 2930 1787 Deus
2956 1733 3010 1787 in
3043 1732 3152 1789 lue-

1495 1795 1506 1808 ”
1571 1811 1805 1866 reditate
1853 1828 1957 1866 non
1992 1814 2218 1880 sulﬁcit,
2250 1816 2378 1883 quid
2407 1833 2529 1870 eum
2564 1820 2766 1874 satiare
2797 1823 2964 1888 possit
2997 1823 3149 1891 igno-

3271 647 3452 702 naculi
3486 650 3732 714 Itnderis,
3767 651 4039 715 faciesnuc
4068 654 4137 706 ibi
4167 664 4313 710 stare
4341 665 4624 722 teentn,ut
4649 660 4835 714 desten-

3267 737 3390 792 dam
3420 749 3474 793 et
3497 739 3692 810 loquar
3721 743 3850 807 tibi,
3899 751 3954 797 et
3980 745 4221 801 auroram
4256 747 4321 802 de
4351 751 4549 816 spiritu
4604 757 4717 818 tuo,
4751 763 4832 805 tra-

3267 826 3501 896 damque
3545 829 3626 883 eis
3664 828 3853 900 (Num.
3907 832 4001 901 tu).
4039 851 4058 883 ι
4111 833 4212 889 Ubi
4245 838 4541 890 notandum
4575 840 4720 908 quod
4747 858 4828 896 non

3267 917 3370 984 ait,
3401 917 3613 974 auferes
3639 921 3704 974 de
3729 922 3916 992 spiritu
3948 933 4058 989 tuo,
4086 925 4368 994 tradesque
4393 929 4505 994 eis;
4529 933 4626 986 sed
4652 933 4825 1002 potius,

3265 1005 3504 1059 auferam
3543 1019 3595 1063 et
3625 1011 3854 1076 tradam,
3884 1023 3943 1067 ut
3971 1013 4214 1084 profecto
4235 1020 4550 1074 ostenderet
4588 1022 4714 1083 quia
4742 1038 4825 1076 non

3262 1094 3427 1150 homo
3470 1096 3673 1152 homini
3726 1099 3986 1169 Spiritum
4022 1113 4268 1159 sanctum
4321 1108 4512 1171 tradit,
4559 1112 4656 1164 sed
4701 1112 4824 1166 solus

3263 1179 3377 1250 ipse
3408 1193 3492 1237 est
3534 1188 3646 1252 qui,
3680 1197 3836 1256 prout
3866 1190 4003 1253 vult,
4033 1193 4216 1262 gratia:
4237 1208 4344 1248 sua:
4373 1195 4512 1252 dona
4543 1197 4819 1257 distribuit.

3269 1267 3422 1326 Unde
3444 1284 3496 1328 et
3522 1276 3680 1345 paulo
3708 1286 3826 1346 post
3853 1280 4100 1336 subditur
4131 1299 4146 1338 :
4183 1301 4201 1336 ι
4231 1283 4626 1358 Descenditque
4651 1290 4818 1345 Domi-

3257 1373 3358 1412 nus
3385 1374 3483 1429 per
3516 1363 3736 1432 nubem,
3781 1374 3835 1422 et
3861 1367 4072 1424 locutus
4103 1383 4186 1427 est
4213 1375 4278 1427 ad
4309 1388 4452 1440 eum,
4495 1377 4744 1435 auferens
4766 1383 4819 1437 de

3256 1450 3444 1518 spiritu
3491 1455 3584 1523 qui
3621 1466 3742 1511 erat
3771 1459 3826 1512 in
3856 1460 4064 1530 Moyse,
4119 1472 4175 1518 et
4208 1469 4343 1520 dans
4379 1471 4718 1541 septuaginta
4747 1476 4815 1526 vi-

3257 1540 3330 1592 ris
3367 1540 3575 1614 (Ibid.).
3614 1563 3632 1596 ι
3681 1545 3752 1601 De
3783 1548 3976 1617 spiritu
4027 1563 4205 1606 autem
4252 1553 4414 1626 Moysi
4463 1540 4594 1613 viris
4622 1562 4816 1618 dedisse

3255 1627 3512 1685 Dominus
3530 1633 3756 1702 dicitur,
3782 1647 3839 1690 ut
3858 1646 3910 1692 et
3934 1639 4270 1698 ordinatores
4301 1656 4354 1698 et
4372 1646 4649 1704 ordinatos
4669 1667 4814 1705 unum

3255 1719 3450 1778 debere
3478 1725 3732 1792 spiritum
3777 1729 3976 1786 habere
4017 1734 4358 1803 perspicuum
4392 1737 4671 1808 doceatur,
4700 1759 4814 1813 qua-

3255 1816 3408 1865 tenus
3437 1822 3674 1869 rectores
3702 1815 3956 1873 Ecclesia:
3983 1835 4318 1894 nequaquam
4357 1827 4496 1882 inter
4523 1842 4583 1884 se
4609 1830 4809 1886 diversa

1574 1908 1685 1962 rat,
1742 1901 1867 1970 quia
1931 1905 2126 1956 ruentis
2179 1904 2296 1974 ejus
2350 1906 2565 1961 oculum
2625 1909 2827 1965 furiosa
2887 1911 3149 1980 cupiditas
3181 1901 3693 1971 Βεοηῑίθηινυηίιθ
3719 1907 3906 1962 “his”

2478 1923 2565 1961 υιιι
2625 1909 2827 1965 furiosa
2887 1911 3149 1980 (ιυρίαίιειε
3181 1914 3224 1971 Β
3252 1901 3519 1969 sentiant,
3550 1905 3693 1961 unde
3719 1907 4044 1978 schismata,
4076 1914 4219 1982 quod
4264 1913 4430 1970 absit!
4472 1927 4566 1973 aut
4593 1919 4810 1976 bareses

1567 1999 1751 2047 caecat.

2188 2085 2414 2142 CAPUT
2453 2089 2514 2142 Il.

1937 2175 2002 2229 In
2029 2193 2263 2232 sermone
2291 2183 2354 2233 de
2383 2197 2524 2234 caena
2555 2182 2787 2237 Domini.

1643 2280 1662 2312 ι
1702 2261 2033 2318 Circunribat
2059 2271 2312 2337 populus,
2341 2279 2394 2324 et
2418 2273 2677 2343 colligens
2704 2291 2902 2331 manna
2934 2280 3147 2349 frange-

1566 2349 1660 2406 bat
1685 2353 1822 2407 mola
1844 2393 1858 2417 ,
1885 2355 1998 2409 sive
2029 2359 2235 2412 terebat
2265 2359 2318 2414 in
2348 2363 2642 2431 mortario,
2673 2380 2911 2435 coquens
2957 2367 3008 2420 in
3038 2367 3143 2422 olla

1566 2449 1620 2493 et
1649 2441 1857 2496 faciens
1898 2460 1962 2499 ex
1997 2461 2062 2503 eo
2097 2446 2323 2505 tortulas
2359 2453 2571 2522 saporis
2601 2456 2753 2518 quasi
2782 2457 2937 2525 panis
2981 2457 3142 2513 oleati

1565 2529 1776 2599 (Nam.
1831 2542 1949 2602 xi).
2002 2553 2022 2588 ι
2080 2535 2247 2593 Porro
2297 2548 2476 2595 autem
2525 2545 2678 2612 quasi
2726 2561 2822 2614 per
2881 2547 3043 2601 multa
3089 2549 3143 2603 in

1566 2615 1790 2672 cellario
1818 2618 2030 2675 Domini
2077 2625 2221 2679 dolia
2275 2629 2559 2683 transitum
2610 2632 2927 2700 habuimus,
2973 2648 3034 2692 ut
3077 2641 3143 2694 ad

1558 2706 1727 2762 solum
1755 2710 2018 2778 oleatum,
2049 2715 2193 2770 velut
2221 2718 2323 2774 olei
2355 2723 2662 2787 vasculum,
2707 2731 2988 2794 pervenire
3019 2746 3146 2799 pos-

1556 2813 1759 2855 semus.
1787 2803 1978 2860 Manna
2000 2807 2253 2878 denique,
2280 2827 2384 2880 quo
2408 2814 2558 2883 plebs
2579 2819 2790 2871 Vivebat
2823 2820 3138 2879 Israelitica.

1560 2903 1777 2945 sacrum
1826 2896 2143 2966 designabat
2172 2902 2466 2972 eloquium,
2494 2923 2601 2975 quo
2642 2912 2875 2965 nutritur
2904 2925 2957 2967 et
2988 2931 3142 2985 vege-

1556 2990 1697 3034 tatur
1726 2983 1912 3056 religio
1944 2985 2273 3046 Christiana.
2306 2993 2458 3061 Quod
2481 2998 2667 3068 utique
2698 3003 2964 3058 veraciter
2987 3006 3037 3059 ol
3061 2983 3136 3059 Ῑει-

1554 3081 1665 3122 tum
1702 3081 1821 3139 est,
1849 3075 1974 3144 quia
2006 3081 2234 3148 mystica
2283 3085 2455 3139 sancti
2503 3087 2738 3157 Spiritus
2769 3102 2852 3144 est
2884 3097 3140 3151 unctione

1551 3175 1922 3232 conspersum.
1946 3165 2251 3226 Notandum
2282 3190 2408 3230 vero
2428 3179 2549 3246 quia
2577 3180 2714 3233 idem
2747 3198 2963 3251 manna,
2991 3203 3096 3255 quo
3120 3190 3132 3239 ι

3250 1990 3563 2060 pestilenter
3589 2007 3898 2066 emergant,
3935 1999 4027 2055 sed
4077 2016 4239 2058 unum
4269 2017 4453 2062 omnes
4481 2012 4810 2066 concorditer

3249 2085 3478 2139 doceant
3523 2095 3687 2158 atque
3734 2091 3787 2144 in
3834 2093 4037 2149 unitate
4081 2095 4300 2164 spiritus
4365 2101 4699 2158 unanimiter
4734 2111 4807 2158 vi-

3247 2184 3396 2227 vant.
3431 2174 3601 2232 Porro
3640 2187 3850 2246 autem,
3895 2182 4034 2236 sicut
4059 2186 4394 2258 septuaginta
4419 2189 4521 2255 illi,
4557 2199 4692 2261 quos
4713 2192 4803 2248 Do.

3248 2265 3427 2320 minus
3451 2277 3569 2336 post
3597 2272 3869 2338 apostolos
3893 2275 4163 2331 ordinavit
4183 2275 4329 2342 (Luc.
4355 2293 4387 2332 ι
4413 2281 4462 2350 ),
4490 2282 4803 2352 totidemque

3247 2351 3360 2409 fere
3390 2356 3513 2424 isti,
3560 2375 3696 2426 quos
3747 2377 3867 2415 cum
3898 2362 4066 2434 Moysi
4096 2375 4397 2424 sustentare
4445 2372 4620 2442 populi
4668 2351 4794 2428 onus

3249 2445 3412 2499 voluit
3432 2445 3658 2518 ,‘typnm
3689 2443 4093 2520 praetendebant
4123 2458 4586 2529 presbyterorum;
4621 2463 4694 2517 ita
4720 2480 4793 2519 nt-

3246 2534 3542 2592 bilominus
3572 2537 3783 2610 Moyses
3811 2543 4068 2612 primum,
4095 2558 4168 2610 et,
4217 2560 4354 2617 post,
4383 2552 4602 2619 apostoli
4643 2554 4799 2625 digni-

3248 2634 3408 2678 tatem
3425 2627 3681 2682 videntur
3701 2630 4002 2688 obtinuisse
4024 2637 4359 2703 pontiﬁcum;
4387 2651 4459 2706 et,
4480 2642 4617 2696 sicut
4636 2659 4796 2714 neque

3245 2713 3317 2767 illi
3343 2715 3412 2768 ab
3432 2715 3690 2786 apostolis
3717 2733 3890 2790 neque
3921 2724 4007 2778 isti
4032 2739 4061 2778 a
4087 2725 4265 2796 Moyse
4292 2728 4543 2797 Spiritum
4566 2713 4793 2789 sanctum

3245 2808 3492 2873 accipere
3535 2818 3859 2877 potuerunt,
3889 2815 3969 2870 sic
4003 2817 4166 2871 etiam
4195 2819 4260 2873 de
4287 2820 4547 2891 epis-.-opis
4574 2826 4795 2880 caeteris-

3244 2911 3348 2962 que
3393 2897 3778 2955 ecclesiastica:
3821 2905 4099 2974 dignitatis
4143 2907 4416 2964 ordinibus
4441 2914 4791 2981 proculdubio

3244 2985 3587 3040 sentiendum
3635 2998 3717 3044 est
3756 2993 4054 3048 :nirnirmn
4105 2999 4227 3066 quia
4277 3014 4412 3055 unus
4473 3004 4792 3074 omnipotens

3248 3073 3385 3126 Dens
3405 3115 3418 3137 ,
3456 3078 3546 3144 qui
3578 3091 3671 3131 eos
3715 3094 3813 3148 per
3854 3082 4095 3140 diversos
4123 3087 4368 3144 ordinum
4399 3093 4592 3161 gradus
4620 3073 4792 3150 mode-

3243 3166 3464 3220 raminis
3488 3169 3569 3221 sui
3593 3169 3995 3238 dispensatione
4007 3175 4432 3242 distinxit,solus
4444 3183 4620 3248 etiam,
4644 3194 4791 3253 prout

1548 3247 1603 3302 in
1626 3248 1761 3306 libro
1787 3252 2006 3310 Numeri
2029 3259 2227 3315 dicitur
2247 3262 2501 3332 oleatum,
2529 3267 2579 3321 iu
2603 3267 2786 3325 Exodo
2809 3247 3125 3342 legitur-non
3155 3255 3201 3313 ο
3236 3257 3346 3347 ip?"
3387 3258 3574 3322 ¹¹⁰νίίν
3615 3259 3850 3330 δνίτίωδ
3897 3267 3977 3320 sui
4007 3270 4230 3338 gratiam
4277 3271 4329 3326 i"
4373 3287 4789 3347 “"“mqucn’qm’

1549 3340 1685 3403 olei,
1717 3343 1810 3397 sed
1842 3345 2018 3400 mellis
2049 3349 2227 3417 potius
2259 3353 2512 3411 habuisse
2535 3375 2781 3428 saporem
2811 3379 2824 3414 :
2861 3382 2877 3413 ι
2907 3363 3122 3427 Gustus,

1543 3429 1748 3501 inquit,
1798 3435 1912 3505 ejus
1949 3447 2066 3492 erat
2111 3442 2264 3509 quasi
2313 3445 2501 3499 simila}
2547 3463 2668 3502 cum
2722 3452 2878 3506 melle
2922 3453 3122 3523 (Exod.

1543 3525 1679 3588 xvr).
1716 3543 1732 3572 ι
1765 3523 2033 3590 Quidnam
2063 3538 2176 3594 est,
2207 3533 2348 3599 quod
2376 3538 2650 3606 angelicus
2681 3539 2770 3593 ille
2798 3543 2952 3596 cibus
2976 3547 3126 3613 prius

1545 3610 1742 3664 dicitur
1765 3616 1936 3669 mellis
1961 3617 2273 3675 exhibuisse
2298 3623 2668 3694 dulcedinem,
2699 3641 2752 3685 et
2781 3638 3120 3703 postmodum

1540 3713 1647 3756 non
1702 3704 1875 3760 mellis
1943 3709 2038 3763 sed
2107 3710 2209 3766 olei
2267 3716 2561 3780 praebuisse
2613 3725 2963 3791 suavitatem,
3017 3729 3120 3783 nisi

1540 3791 1684 3860 quod
1716 3792 2041 3866 ltedemptor
2084 3810 2284 3863 noster,
2327 3821 2607 3863 sacrarum
2641 3815 2880 3869 omnium
2929 3830 3121 3873 auctor

1542 3889 1599 3933 ct
1659 3885 1903 3939 conditor
1972 3888 2405 3960 Seripturarnm,
2472 3915 2629 3968 quem
2682 3903 2929 3960 videlicet
2991 3908 3118 3963 illud

1541 3985 1736 4025 manna
1789 3976 2156 4047 principaliter
2202 3983 2496 4052 ﬁgurabat,
2545 3999 2597 4043 et
2641 4003 2767 4046 ante
2813 3999 3118 4063 paSsionem

1541 4062 1684 4116 velut
1712 4067 1814 4119 mel
1847 4070 2183 4127 dulcedinem
2216 4078 2458 4130 exhibuit
2485 4083 2887 4150 miraculorum,
2915 4099 2967 4140 et
3002 4105 3120 4159 post

1535 4157 1903 4213 ascensionem
1932 4175 2085 4216 suam
2114 4173 2364 4235 tanquam
2387 4170 2563 4224 oleum
2590 4173 2640 4225 in
2667 4175 2961 4246 discipulos
2986 4198 3111 4235 suos

1532 4245 1719 4302 eli‘udit
1751 4249 2010 4320 Spiritum
2030 4260 2312 4313 sanctum?
2336 4260 2473 4331 (Act.
2501 4267 2585 4329 tr.)
2609 4263 2739 4320 Nam
2763 4245 2916 4337 quasi
2943 4273 3114 4328 mellis

1535 4340 1745 4393 videtur
1790 4345 2104 4412 propinasse
2145 4349 2520 4417 dulcedinem,
2570 4356 2694 4409 dum
2731 4359 2901 4426 signis
2947 4374 3109 4432 atque

1529 4431 1819 4488 virtutibus
1844 4439 2182 4504 coruscavit;
2213 4442 2314 4496 olei
2350 4459 2477 4499 vero
2509 4456 2636 4501 tttne
2668 4453 2992 4508 suavitatem
3019 4457 3112 4511 de-

1530 4521 1704 4584 disse,
1747 4540 1867 4578 cum
1915 4527 1965 4581 in
2006 4532 2276 4598 apostolos
2322 4547 2448 4589 suos
2477 4541 2645 4592 sancti
2684 4541 2921 4610 Spiritus
2952 4563 3106 4613 patar-

3230 3344 3459 3399 dilludit.
3513 3347 3698 3418 Neque
3732 3354 3876 3406 enim
3923 3356 3974 3408 in
4017 3358 4105 3411 illa
4152 3359 4382 3429 Spiritus
4424 3344 4631 3420 datione
4653 3344 4786 3420 aliud

3227 3437 3328 3488 sibi
3361 3437 3575 3507 Moyses
3600 3456 3858 3512 arrogare
3891 3447 4228 3520 privilegium
4257 3453 4425 3522 potuit
4463 3469 4618 3524 quam
4648 3461 4781 3528 quod

3227 3526 3300 3580 illi
3350 3544 3447 3582 vox
3483 3532 3664 3586 divina
3700 3537 3984 3606 praecepit,
4017 3541 4268 3596 nimirum
4300 3559 4355 3599 ut
4383 3546 4524 3600 viros
4550 3526 4780 3618 eligeret,

3225 3629 3423 3684 eosque
3446 3618 3650 3674 ducens
3676 3624 3740 3676 ad
3761 3626 3958 3680 ostium
3987 3629 4336 3692 t.rbernaculi,
4358 3647 4475 3688 cum
4498 3635 4575 3690 eis
4588 3646 4778 3702 staret;

3223 3704 3336 3760 haec
3368 3717 3452 3761 est
3481 3725 3688 3764 summa
3714 3716 3896 3784 operis
3922 3716 4110 3790 Moysi.
4141 3719 4278 3788 Quid
4298 3737 4423 3791 ergo
4447 3738 4554 3780 sua:
4574 3727 4780 3783 virtutis

3223 3795 3274 3848 in
3305 3798 3402 3852 hoc
3428 3799 3519 3852 Dei
3548 3816 3775 3859 munere
3797 3805 4006 3878 Moyses
4035 3825 4419 3883 recognoscere
4448 3818 4634 3886 potuit,
4661 3834 4775 3874 cum

3221 3885 3438 3955 insuper
3467 3898 3522 3942 et
3552 3890 3659 3945 duo
3709 3907 3774 3946 ex
3825 3896 3910 3950 bis
3941 3899 4031 3966 qui
4065 3901 4317 3971 descripti
4363 3885 4596 3965 fuerant.
4638 3909 4777 3968 Scri-

3219 3984 3376 4043 ptura
3412 3986 3568 4044 teste,
3593 3981 3645 4034 in
3671 3986 3866 4040 castris
3890 3990 4050 4055 positi
4074 3999 4130 4046 et
4151 3993 4216 4047 ad
4243 3994 4641 4054 tabernaculum
4671 4018 4772 4056 non

3224 4078 3512 4133 venerunt,
3565 4081 3622 4124 et
3669 4081 3865 4141 tamen,
3899 4092 3962 4131 eo
4004 4083 4293 4147 nesciente,
4328 4099 4560 4157 :cqueut
4598 4105 4770 4147 eretcrt

3219 4154 3468 4221 spiritum
3509 4166 3900 4231 perceperunt?
3941 4169 3997 4222 In
4044 4185 4109 4224 eo
4156 4189 4287 4230 sane
4317 4154 4454 4246 quod
4488 4179 4553 4234 de
4591 4185 4771 4252 spiritu

3219 4244 3388 4316 Moysi
3439 4251 3550 4304 tolli
3584 4253 3784 4310 dicitur
3827 4267 3988 4328 atque
4036 4263 4190 4335 125
4238 4244 4353 4323 aliis
4385 4271 4528 4336 dari,
4577 4244 4768 4330 ηἱιιιιιιιι

3218 4333 3428 4406 Moyses
3455 4342 3798 4411 dispendium
3823 4350 3905 4403 sui
3935 4333 4175 4420 spiritus
4189 4358 4467 4424 pertulisse
4486 4363 4768 4420 credendus

3217 4436 3301 4479 est
3336 4445 3348 4479 :
3386 4430 3529 4484 velut
3564 4435 3632 4486 ab
3660 4437 3884 4492 ardente
3917 4439 4138 4497 lucerna
4167 4445 4340 4502 lumen
4386 4451 4629 4518 qutclibet
4655 4469 4768 4506 ma-

3218 4519 3348 4570 letia
3386 4531 3684 4589 mutuetur,
3731 4527 3876 4582 nullo
3924 4544 4146 4602 propter
4195 4536 4296 4591 hoc
4331 4539 4542 4594 lucerna
4571 4545 4764 4613 proprii

1529 4606 1650 4660 cleti
1683 4612 1818 4665 dona
1848 4614 2076 4670 dimidii.
2110 4619 2279 4686 Quem
2312 4626 2559 4679 videlicet
2597 4606 2844 4686 ordinem
2895 4606 3103 4706 Moyses
3136 4611 3181 4667 Ι)
3209 4608 3507 4675 Sl’lclldoris
3538 4614 3863 4672 detrimento
3904 4623 4186 4678 mimmur'

1526 4709 1765 4765 cengrue
1792 4704 1979 4768 lenuit,
1999 4722 2117 4760 cum
2139 4709 2190 4761 in
2209 4711 2697 4772 Deuterouominde
2719 4733 2889 4789 petra,
2909 4741 3025 4792 qua:
3051 4736 3106 4780 et

1521 4785 1872 4846 nihilominus
1899 4811 2092 4850 manna
2124 4806 2452 4872 erat,typice
2476 4793 2785 4865 decantavit
2817 4832 2829 4866 :
2873 4835 2887 4864 ι
2924 4821 3097 4871 Suxe-

1520 4887 1682 4940 runt,
1714 4879 1914 4950 inquit,
1943 4885 2048 4938 mel
2080 4886 2146 4939 de
2174 4902 2358 4958 petra,
2389 4902 2442 4946 et
2463 4895 2638 4952 oleum
2669 4901 2734 4954 de
2763 4901 2915 4957 ﬁrma
2949 4918 3098 4975 petra

1523 4968 1704 5032 (Deut.
1730 4976 1918 5046 xxxii).
1942 4995 1958 5027 ι
1991 4977 2060 5032 De
2083 4980 2184 5035 hoc
2212 4985 2450 5055 mystica:
2473 4992 2741 5049 unctionis
2763 4995 2882 5050 oleo
2904 5013 3096 5064 sponsa

1519 5059 1587 5111 ad
1614 5075 1870 5128 sponsum
1900 5067 2028 5122 dicit
2057 5069 2108 5124 in
2133 5071 2371 5130 Canticis
2399 5095 2411 5130 :
2446 5099 2462 5129 ι
2496 5078 2840 5150 Unguentum
2868 5086 3097 5143 cﬂusum

1518 5161 1716 5204 nomen
1753 5163 1900 5207 tuum
1939 5155 2117 5226 (Cant.
2147 5162 2210 5231 ι).
2246 5182 2266 5214 ι
2319 5164 2661 5233 Unguentum
2700 5175 2919 5242 quidem
2965 5178 3097 5232 υσυ-

1516 5253 1634 5294 sum
1667 5247 1849 5312 sponsi
1880 5261 2075 5303 nomen
2106 5255 2392 5321 asseritur,
2415 5262 2542 5328 quia
2571 5265 2710 5318 sicut
2737 5282 2766 5318 a
2797 5269 3096 5327 chrismate

1513 5328 1793 5402 Christus,
1831 5337 1905 5392 ita
1941 5349 2339 5412 cunsequenter
2372 5362 2402 5400 a
2448 5348 2662 5409 Christo
2695 5357 2897 5413 dicitur
2932 5360 3096 5416 Chri-

1510 5421 1749 5477 uiantis.

2113 5521 2343 5582 CAPUT
2399 5525 2466 5584 III

1987 5628 2054 5685 In
2083 5631 2242 5688 Libro
2272 5633 2602 5698 Gratissima.

1588 5747 1606 5779 ε
1635 5727 1916 5806 Congrega
1944 5740 2106 5806 mihi,
2135 5744 2213 5798 ait
2240 5745 2499 5806 Dominus
2519 5796 2532 5818 ,
2567 5763 2906 5830 septuaginta
2941 5769 3087 5826 viros

2521 5810 2531 5818 ,
2628 5810 2640 5826 ,

1511 5810 1580 5874 δε
1605 5821 1911 5880 senioribus
1945 5827 2137 5898 Israel,
2165 5849 2297 5904 quos
2331 5846 2385 5894 tu
2432 5846 2572 5898 nosti
2617 5852 2757 5906 quod
2805 5870 2963 5914 senes
2989 5875 3086 5930 po-

3822 4710 4046 4767 CAPUT
4088 4713 4172 4768 IV.

3454 4791 3520 4846 In
3559 4813 3793 4854 sermone
3828 4804 4059 4858 secundo
4083 4803 4146 4860 de
4175 4804 4232 4860 S.
4261 4808 4522 4864 Martha-0.

3285 4899 3303 4932 ‹
3347 4881 3637 4954 Pergentes
3675 4892 4045 4961 exploratores
4086 4897 4248 4954 Israel
4273 4917 4436 4970 usque
4464 4906 4526 4957 ad
4557 4913 4757 4961 torren-

3207 4979 3311 5025 tem
3331 4974 3466 5029 botri
3486 4979 3834 5035 absciderunt
3851 4985 4120 5051 palmitem
4144 5006 4260 5044 cum
4287 4995 4433 5045 botro
4461 5009 4574 5059 suo,
4598 5012 4754 5065 quem

3203 5075 3556 5130 portaveruut
3609 5068 3660 5122 in
3705 5082 3863 5128 vecte
3904 5080 4008 5130 duo
4052 5080 4150 5132 vrri
4201 5079 4384 5149 (Nam.
4412 5085 4539 5152 snt).
4578 5103 4596 5135 ι
4646 5085 4755 5140 ι)πο

3198 5153 3400 5207 Scilicet
3445 5159 3568 5225 viri,
3613 5161 3718 5215 duo
3762 5176 3888 5219 sunt
3928 5169 4129 5238 populi,
4184 5170 4394 5229 Judarus
4434 5185 4484 5228 et
4522 5178 4749 5245 gentilis.

3201 5239 3262 5294 lli
3309 5244 3522 5300 ‘nozrnnr
3568 5263 3868 5316 posuerunt
3915 5257 3968 5310 in
4017 5268 4206 5317 verte.
4264 5265 4384 5326 quia
4429 5263 4751 5322 Salvator-cm

3195 5337 3591 5391 snsnemlerunt
3634 5341 3684 5394 in
3722 5356 3904 5400 czuce.
3945 5347 4051 5403 Sed
4085 5365 4376 5418 praecessor
4411 5357 4544 5422 quod
4579 5369 4750 5425 porta-

3195 5421 3286 5476 bat
3323 5439 3436 5479 non
3463 5429 3788 5499 aspiciebat;
3828 5437 3920 5506 qui
3955 5441 4276 5509 sequebatur
4317 5421 4634 5502 intuebatur.
4684 5448 4748 5503 Et

3194 5511 3500 5572 Iudaeorum
3537 5522 3785 5592 populus,
3821 5543 3912 5597 qut
3951 5544 4050 5584 nos
4086 5535 4412 5603 temporibus
4445 5539 4741 5596 antece5sit.

3193 5599 3508 5674 Dominum,
3543 5623 3704 5680 quem
3739 5613 3792 5667 in
3832 5618 4108 5688 prophetis
4157 5599 4212 5676 et
4263 5626 4374 5693 lege
4419 5637 4739 5695 portaverat.

3191 5693 3318 5751 dum
3349 5699 3674 5760 obedientiae
3694 5716 3902 5765 vultum
3941 5726 4156 5784 semper
4186 5719 4392 5781 avertit,
4420 5693 4610 5773 “videre
4640 5735 4736 5776 non

3189 5790 3392 5851 potuit;
3435 5793 3652 5857 gentilis
3684 5805 3884 5866 autem,
3916 5805 4007 5871 qui
4049 5804 4312 5874 sequitur,
4359 5817 4604 5881 tanquam
4633 5825 4738 5882 pr:

3186 5872 3358 5928 oculis
3381 5879 3613 5946 positum
3643 5885 3865 5944 assidue
3885 5872 4293 5963 contemplatur.
