5904 6598
1196 474 1343 542 ωὖῖ
2520 477 2588 534 ΙΝ
2626 477 2883 535 LIBRUM
2922 478 3188 535 NUMERI

2520 477 2588 534 IN
2626 477 2883 535 LIBRUM
2922 478 3188 535 NUMERI
4369 487 4507 545 1038

1827 588 2056 649 CAPUT
2096 588 2159 645 V.
2820 597 2868 655 Α
2897 590 2998 654 eis,
3027 591 3178 659 quasi
3213 589 3431 660 quidam
3483 590 3853 647 interventcus
3890 609 4098 655 ttltti'ttS,
4152 596 4409 661 exclusut,
4445 611 4506 655 ut

1470 685 1535 740 In
1572 700 1808 741 sermone
1844 684 1911 739 de
1938 684 2208 739 nativitate
2247 680 2309 738 S.
2336 681 2546 737 Mat-im.
2903 696 3069 734 vorax
3100 678 3314 734 flamma
3344 681 3603 751 deglutiat
3639 683 3883 738 inﬁdeles
3910 700 4181 754 quosque,
4213 687 4279 742 de
4306 691 4505 760 quibus
4564 746 4571 751 ,

1273 774 1432 831 Hunc
1469 775 1633 845 plane
1671 774 2025 830 mediatorem
2056 772 2148 826 Dei
2190 780 2245 827 et
2284 770 2589 836 hominum,
2618 772 2799 827 homi-
2903 772 3165 840 scriptum
3210 781 3335 825 est:
3368 790 3385 822 ι
3420 770 3575 825 Nune
3626 773 3765 842 ignis
3811 773 4160 830 adversarios
4207 780 4506 843 consumit,

1200 881 1331 923 nem
1353 867 1630 923 Christum
1656 865 1863 929 Iesum.
1893 864 1985 934 qui
2016 878 2114 933 per
2151 863 2503 933 semetipsum
2544 862 2596 915 in
2627 862 2802 915 Evan-
2903 871 2958 917 ct
3002 862 3171 932 justi,
3217 864 3309 931 qui
3358 865 3463 918 ﬁde
3505 865 3727 927 vivunt.
3780 866 4091 922 incendium
4142 870 4509 928 damnationis

1200 957 1348 1027 gelio
1390 965 1626 1011 testatur
1668 970 1681 1007 :
1734 974 1753 1005 ι
1792 954 1905 1025 Ego
1954 968 2108 1017 sum,
2157 952 2443 1022 inquiens,
2493 952 2622 1005 vilis
2670 965 2801 1004 vera
2904 957 3146 1011 evadunt
3190 954 3380 1017 (Hebr.
3408 958 3485 1026 λ).
3520 976 3537 1007 ι
3580 956 3822 1023 Quorum
3853 968 4192 1014 mortuorum
4233 971 4396 1031 atque
4430 963 4511 1017 vi-

1204 1048 1391 1119 (Ioan.
1418 1050 1533 1117 xv),
1570 1068 1587 1099 ι
1628 1048 1820 1102 botrus
1858 1044 1948 1099 ille
1985 1045 2295 1114 signaverat
2338 1058 2498 1113 quem
2536 1043 2601 1098 de
2654 1051 2799 1096 terra
2902 1042 3282 1114 ventiumjam
3316 1055 3371 1100 et
3404 1046 3503 1116 ipsi
3546 1046 3789 1102 latrones
3841 1058 4146 1102 noscuntur
4192 1048 4360 1105 fuisse
4392 1055 4508 1121 pri-

1204 1143 1586 1214 [romissionis
1650 1142 2023 1210 exploratores
2091 1139 2145 1193 in
2204 1139 2473 1209 phalanga
2532 1138 2599 1192 ad
2662 1137 2803 1194 ﬁlios
2903 1138 3090 1200 mitite,
3150 1138 3291 1193 inter
3320 1153 3458 1209 quos
3486 1139 3747 1194 Dominus
3795 1140 4091 1195 cruciﬁxus
4135 1151 4241 1207 est,
4267 1160 4503 1213 quorum

1204 1233 1373 1292 Israel
1405 1234 1722 1289 deferebant
1760 1230 1951 1303 (Nunt.
2016 1230 2159 1303 xui).
2223 1230 2445 1285 Duobus
2472 1238 2651 1284 autem
2679 1245 2804 1299 por-
2904 1230 3043 1285 alter
3080 1230 3308 1297 electus,
3353 1231 3491 1285 alter
3520 1243 3605 1287 est
3644 1232 3840 1288 merito
3884 1234 4126 1302 perﬁdia:
4163 1238 4506 1306 reprobatus.

1207 1327 1465 1386 titoribus
1504 1328 1632 1381 hinc
1668 1325 1793 1380 inde
1830 1324 2150 1393 suppositis,
2188 1323 2359 1377 altero
2384 1322 2632 1378 videlicet
2666 1336 2803 1390 praa-
2904 1322 3019 1377 lloc
3052 1323 3236 1391 itaque
3268 1323 3565 1393 thymiama
3605 1324 3859 1378 sacriﬁcii
3893 1325 4154 1381 salutaris
4203 1338 4367 1398 atque
4398 1330 4513 1381 sin.-

1206 1420 1456 1483 cedentc,
1493 1416 1667 1472 altero
1695 1416 2083 1485 subsequente,
2128 1416 2320 1471 botrus
2360 1416 2412 1469 in
2446 1416 2623 1469 medio
2658 1415 2801 1469 fcre-
2902 1410 3121 1481 gularis,
3166 1414 3310 1479 quod
3354 1411 3409 1463 in
3454 1428 3549 1464 ara
3582 1413 3763 1466 crucis
3804 1412 4047 1467 oblatum
4082 1426 4166 1469 est
4196 1415 4304 1470 Deo
4335 1417 4507 1481 Patri,

1204 1511 1390 1573 batur,
1432 1508 1557 1579 quia
1581 1507 1920 1577 Redemptor
1961 1516 2166 1569 noster,
2198 1506 2325 1561 dum
2357 1521 2387 1559 a
2413 1505 2668 1561 Patribus
2694 1506 2799 1561 Ve-
2902 1516 3059 1556 mons
3116 1500 3205 1555 ille
3260 1500 3597 1555 fortitudinis
3656 1502 3801 1557 inter
3858 1512 4105 1558 mortuos
4156 1505 4511 1576 viventesque

1205 1601 1342 1658 teris
1380 1598 1714 1660 Tcstameuti
1758 1607 2020 1652 venturus
2055 1611 2177 1652 esse
2224 1596 2559 1667 prtedieitur,
2613 1614 2641 1649 a
2665 1596 2799 1650 Novi
2901 1593 3169 1661 portavit,
3200 1608 3323 1646 cum
3351 1594 3574 1646 odorem
3609 1609 3721 1648 sua:
3750 1594 3958 1648 notitize
3988 1611 4087 1665 per
4108 1592 4304 1651 'ﬁdeles
4332 1607 4388 1653 ct
4424 1600 4512 1652 iu-

1202 1702 1339 1745 vero
1380 1687 1829 1757 prmdicatorihus
1858 1684 1975 1753 jam
2020 1685 2239 1740 venisse
2291 1686 2597 1749 nuntiatur,
2645 1686 2799 1755 quasi
2901 1682 3090 1737 ﬁdeles
3110 1680 3317 1738 effudit.
3342 1682 4509 1758 UndeestilludinCanticis:4Unguentum

1199 1778 1397 1835 botrus
1447 1778 1500 1832 in
1546 1776 1818 1847 phalanga
1872 1775 2141 1842 defertur,
2185 1785 2246 1831 ut
2294 1777 2364 1831 ad
2407 1776 2799 1847 capessendam
2870 1770 3128 1829 effusum
3156 1786 3353 1826 nomen
3385 1771 3726 1843 tuum(CanI.
3756 1772 3862 1843 1).»
3895 1774 3961 1828 Et
3985 1776 4309 1844 Apostolus:
4343 1796 4361 1828 ι
4394 1777 4507 1833 Deo

1200 1882 1455 1940 supernae
1494 1866 1937 1939 repromissionis
1982 1876 2186 1921 terram
2230 1881 2389 1922 mens
2430 1865 2668 1921 ﬁdelium
2708 1880 2793 1920 ao-
2900 1870 3080 1915 autem
3109 1860 3335 1931 gratias,
3367 1862 3457 1931 qui
3491 1877 3710 1931 semper
3742 1862 4043 1932 triumphat
4070 1880 4171 1919 nos
4204 1866 4255 1919 in
4285 1864 4509 1921 Christo

1198 1962 1491 2019 tendatur.
1524 1958 1801 2029 Phalanga
1834 1959 2032 2029 quippe
2066 1958 2246 2013 delata
2286 1958 2530 2013 humeris
2566 1958 2799 2027 portito-
2830 1953 2875 2012 Β
2903 1948 3048 2013 Jesu,
3085 1963 3141 2005 et
3165 1954 3388 2007 odorem
3422 1954 3627 2007 notitiae
3664 1969 3778 2008 suae
3816 1968 4034 2024 semper
4058 1956 4369 2012 manifestat
4412 1975 4509 2029 per

1200 2064 1345 2115 rum,
1367 2049 1548 2105 divina
1574 2050 1656 2104 lex
1678 2060 1761 2103 est
1788 2047 2037 2118 imposita
2061 2048 2366 2102 cervicibus
2386 2047 2684 2118 hominum,
2712 2063 2799 2101 cu-
2903 2057 3001 2097 nos
3038 2042 3094 2095 in
3133 2044 3278 2096 omni
3323 2042 3471 2108 loco,
3513 2044 3640 2114 quia
3668 2044 3866 2099 Christi
3912 2047 4085 2101 bonus
4118 2049 4257 2102 oJor
4304 2063 4500 2104 smnus

1191 2137 1293 2209 jus
1328 2148 1514 2210 partes
1543 2138 1734 2194 botrus
1764 2137 1855 2193 ille
1882 2139 2095 2192 medius
2122 2139 2486 2203 continuavit;
2516 2140 2642 2207 quia
2676 2138 2795 2194 Sal-
2898 2134 3010 2188 Deo
3039 2134 3092 2189 iu
3127 2135 3193 2190 iis
3220 2135 3312 2205 qui
3346 2136 3483 2189 salvi
3514 2136 3649 2189 ﬁunt
3680 2147 3736 2190 et
3766 2138 3818 2189 in
3850 2137 3930 2191 eis
3960 2139 4052 2207 qui
4085 2147 4341 2206 pereunt;
4382 2139 4508 2193 aliis

1202 2237 1363 2282 valor
1391 2239 1597 2294 noster,
1635 2246 1654 2279 ι
1674 2227 1766 2297 qui
1799 2226 1929 2283 fecit
1959 2236 2187 2297 utraque
2218 2243 2384 2281 unum
2408 2227 2626 2299 (Ep/tes.
2648 2228 2713 2283 ut
2734 2270 2747 2287 .
2771 2249 2789 2281 ι
2898 2224 3119 2294 quidem
3148 2226 3286 2280 odor
3312 2225 3505 2280 mortis
3546 2226 3598 2281 in
3646 2236 3905 2291 mortem,
3952 2227 4076 2283 aliis
4120 2230 4259 2283 o-lor
4280 2230 4407 2287 vita:
4449 2229 4504 2284 in

1200 2336 1332 2376 cum
1374 2320 1686 2392 evangelica
1713 2320 1959 2375 doctrina
1989 2320 2123 2389 legis
2151 2328 2204 2373 et
2229 2319 2616 2390 prophetarum
2644 2336 2795 2375 man-
2895 2318 3065 2373 vitam
3097 2317 3183 2389 (II
3207 2316 3332 2373 Cor.
3360 2318 3448 2389 ιι).
3470 2338 3489 2371 ι

1202 2407 1333 2461 data
1378 2405 1679 2476 conjunxit.
1730 2406 1836 2461 Sed
1861 2408 1953 2477 qui
1982 2407 2347 2477 prreccdebat,
2380 2408 2522 2478 quod
2552 2409 2795 2464 humeris
3473 2409 3735 2466 CAPUT
3772 2410 3885 2466 ιιι.

1192 2494 1472 2566 portabat,
1498 2494 1671 2550 oculis
1693 2510 1800 2550 non
1831 2496 2079 2561 videbat;
2111 2496 2201 2564 qui
2227 2504 2409 2550 autem
2439 2499 2793 2567 sequebatur,
3076 2501 3145 2556 In
3186 2519 3425 2557 sermone
3460 2503 3525 2556 de
3561 2502 3859 2558 inventione
3900 2516 4100 2559 sancta'
4129 2508 4320 2561 crucis.

1188 2604 1338 2643 onus
1375 2604 1532 2643 suum
1564 2603 1781 2657 semper
1831 2589 2164 2642 intuebatur.
2218 2588 2322 2642 Per
2353 2589 2503 2645 illum
2532 2606 2664 2662 ergo
2704 2594 2794 2663 qui
2972 2614 2992 2647 ι
3026 2594 3271 2665 Prtecipe
3302 2594 3427 2650 ﬁliis
3463 2595 3629 2651 Israel
3659 2604 3721 2649 ut
3750 2596 4023 2653 adducant
4050 2613 4270 2653 vaccam
4303 2598 4500 2662 rufam.

1188 2679 1557 2750 praecedebat,
1587 2679 1820 2748 populus
1848 2677 2199 2733 Iudaeorum:
2233 2695 2330 2750 per
2362 2681 2512 2735 illum
2539 2697 2669 2736 vero
2699 2684 2794 2753 qui
2895 2694 3059 2742 :etate
3094 2686 3327 2757 integra,
3356 2687 3476 2742 sine
3512 2687 3748 2753 macula,
3796 2703 3918 2758 quae
3962 2705 4243 2757 nunquam
4279 2692 4503 2760 pertulit

1188 2769 1561 2837 sequebatur,
1626 2784 1732 2822 non
1784 2768 2081 2839 incongrue
2136 2770 2456 2840 designatur
2504 2771 2793 2830 multitudo
2890 2776 3076 2848 jugum
3108 2776 3298 2848 (Num.
3332 2776 3471 2847 xm).
3509 2796 3526 2828 ι
3580 2775 3718 2830 Rufa
3760 2778 4018 2832 nimirum
4068 2780 4233 2832 vitula
4263 2795 4391 2835 caro
4418 2791 4502 2834 est

1185 2861 1454 2934 gentium.
1526 2859 1620 2914 Ille
1664 2859 1809 2913 enim
1863 2875 1963 2929 per
2007 2876 2177 2914 Sacra:
2224 2860 2523 2930 Scriptura:
2567 2864 2793 2932 paginas
2898 2867 3219 2930 Salvatoris,
3250 2881 3403 2919 rosea
3450 2866 3654 2919 scilicet
3695 2867 3959 2937 sanguine
3987 2868 4279 2937 passionis.
4314 2866 4503 2924 Perfe-

1184 2950 1350 3024 qttasi
1392 2950 1441 3003 iu
1472 2949 1718 3004 humeris
1747 2949 2025 3004 Christum
2059 2952 2314 3019 portavit.
2357 2952 2453 3005 sed
2482 2954 2610 3021 quia
2646 2968 2790 3021 βιαιο
2894 2966 2996 3011 cla:
3043 2957 3260 3025 quidem
3309 2956 3485 3010 aetatis
3525 2956 3787 3011 Dominus
3843 2956 3911 3010 ad
3957 2958 4263 3026 passionem
4314 2960 4497 3025 venit;

1183 3050 1398 3097 sentem
1439 3041 1492 3095 in
1522 3055 1711 3105 carne,
1750 3040 2076 3110 impediente
2112 3041 2460 3096 inﬁdelitatis
2505 3058 2615 3097 sua:
2658 3044 2792 3098 cali-
2892 3047 2987 3102 sed
3021 3049 3140 3117 ejus
3169 3046 3365 3101 collum
3405 3046 3593 3116 jugum
3625 3047 3835 3116 peccati
3868 3046 4158 3115 cujuslibet
4206 3064 4311 3103 non
4340 3050 4501 3105 attri-

1180 3136 1338 3206 gine,
1370 3149 1481 3189 non
1509 3135 1786 3204 cognovit,
1821 3134 2043 3187 dorsum
2091 3134 2141 3187 ei
2179 3135 2585 3202 quodammodo
2618 3136 2670 3190 in
2702 3135 2789 3190 fa-
2892 3137 2991 3190 vit.
3058 3137 3159 3203 Qui
3201 3137 3427 3189 vitulam
3472 3135 3738 3201 oderunt,
3784 3136 4047 3193 immundi
4098 3148 4251 3204 sunt;
4298 3150 4353 3193 et
4403 3141 4499 3211 qui

1182 3226 1329 3282 ciem
1359 3225 1535 3291 misit;
1563 3225 1666 3280 iste
1692 3239 1824 3279 vero
1851 3225 1943 3294 qui
1975 3225 2227 3294 sequitur
2253 3227 2473 3295 aspicit,
2503 3227 2629 3295 quia
2656 3242 2789 3297 gen-
2821 3299 2824 3303 ἢ
2892 3228 3170 3284 Christum
3224 3228 3548 3299 crueiﬁgunt
3571 3271 3584 3292 ,
3625 3231 3765 3283 unde
3802 3231 4036 3285 mundus
4085 3232 4342 3295 abluitur,
4394 3235 4498 3306 ipsi

1182 3315 1302 3371 tilis
1342 3315 1571 3386 populus
1599 3315 2016 3384 Redemptorem
2058 3331 2242 3381 suum,
2280 3316 2332 3368 in
2366 3330 2527 3386 quem
2556 3315 2788 3373 ﬁdeliter
2817 3308 2861 3369 C
2893 3310 3277 3373 damuabiliter
3322 3320 3700 3387 inquinamur.
3737 3319 3837 3385 Qui
3879 3334 4027 3384 vero,
4074 3322 4311 3377 cinerem
4340 3324 4499 3380 colli-

1179 3406 1381 3470 credit,
1411 3406 1695 3460 manifeste
1719 3406 2021 3475 cognoscit.
2050 3406 2238 3461 Potest
2262 3408 2427 3461 etiam
2465 3423 2563 3477 per
2588 3422 2785 3478 repro-
2889 3429 3042 3483 gens,
3094 3422 3249 3467 extra
3297 3422 3479 3467 castra
3514 3413 3748 3481 projicit,
3799 3422 4033 3467 mundus
4065 3426 4176 3480 est;
4218 3417 4346 3486 quia
4375 3420 4500 3489 qui-

1182 3496 1465 3552 missionis
1494 3504 1695 3552 terram
1744 3513 1847 3552 non
1896 3498 2197 3567 incongrue
2227 3499 2404 3568 ipsum
2464 3499 2789 3555 beatissima:
2889 3518 3103 3572 cunque
3168 3504 3353 3556 crucis
3404 3502 3698 3556 Dcminica:
3745 3504 4126 3573 passionisque
4177 3507 4498 3579 mysterium

1183 3586 1284 3645 Dei
1313 3577 1602 3644 Genitricis
1648 3606 1845 3659 corpus
1893 3589 2117 3660 intelligi
2148 3631 2162 3654 ,
2211 3604 2281 3644 ex
2311 3606 2421 3661 quo
2454 3592 2787 3662 Redemptor
2886 3608 2985 3663 per
3011 3594 3197 3655 mundi
3228 3593 3567 3648 latitudinem
3608 3594 3931 3663 prtedicaut,
3976 3613 4004 3648 a
4048 3577 4393 3666 peccatorum
4433 3618 4496 3659 se

1182 3690 1376 3736 noster
1404 3681 1549 3735 velut
1576 3682 1865 3750 singularis
1894 3682 2087 3737 botrus
2116 3682 2286 3737 voluit
2312 3684 2624 3739 humanitus
2660 3700 2785 3754 ger-
2887 3687 3138 3756 contagio
3195 3700 3292 3753 per
3351 3686 3732 3742 mdiftcationis
3798 3685 4058 3743 fraterna:
4126 3691 4495 3750 ministerium

1184 3774 1407 3838 minari,
1432 3773 1585 3842 juxta
1617 3775 1743 3826 illud
1783 3775 1928 3843 quod
1972 3775 2235 3844 scriptum
2262 3784 2343 3829 est
2373 3793 2386 3827 :
2421 3793 2441 3826 ι
2475 3773 2693 3831 Veritas
2719 3778 2787 3832 de
2887 3787 3139 3848 purgant.

1185 3876 1334 3923 terra
1366 3876 1484 3921 orta
1511 3878 1594 3921 est
1618 3865 1791 3935 (l’snl.
1826 3866 2074 3935 uxxw).
2099 3885 2116 3915 ι
2152 3866 2219 3919 Et
2246 3866 2383 3920 bene
2413 3880 2545 3920 caro
2572 3868 2781 3923 beatis-
3388 3872 3545 3942 127
3586 3871 3815 3927 CAPUT
3854 3871 3985 3929 Vill.
4010 3928 4031 3943 ,

1184 3958 1344 4013 sinite
1370 3956 1608 4027 Virginis
1660 3967 1805 4010 terra
1850 3956 2292 4026 repromissionis
2341 3964 2427 4009 est
2470 3956 2634 4021 dicta,
2664 3972 2787 4025 qua:
3066 3962 3133 4016 In
3162 3979 3399 4016 sermone
3430 3964 3494 4016 de
3522 3964 3844 4018 exultatione
3886 3976 4084 4019 sancite
4110 3970 4304 4023 cruris.

1185 4049 1348 4117 longe
1380 4059 1507 4102 ante
1544 4048 1785 4116 paritura
1818 4046 2159 4102 Salvatorem
2198 4045 2385 4099 mundi
2434 4063 2464 4099 a
2504 4048 2784 4115 prophetis
2962 4074 2980 4107 ι
3022 4056 3210 4124 Aperi,
3239 4055 3489 4116 Domine,
3525 4055 3842 4109 thesaurum
3889 4065 4061 4122 tuum,
4094 4056 4301 4114 fontem
4331 4076 4489 4132 aqum

1184 4139 1542 4196 multifariam
1587 4148 1671 4195 est
1712 4139 2000 4209 promissa.
2054 4138 2215 4208 126
2260 4139 2391 4203 Quae
2429 4153 2557 4191 vere
2600 4138 2684 4193 lac
2730 4151 2784 4193 et
2885 4149 3044 4213 vivae,
3078 4160 3137 4200 ut
3174 4147 3378 4211 satiati,
3429 4157 3609 4201 cesset
3655 4150 4014 4202 murmuratio
4058 4164 4247 4204 eorum
4293 4152 4489 4220 (Nam.

1184 4229 1296 4284 mel
1346 4228 1611 4293 manavit,
1661 4228 1789 4280 dum
1838 4226 2004 4281 Deum
2059 4235 2115 4279 et
2158 4225 2429 4279 hominem
2464 4226 2781 4280 intemerata
2886 4238 2999 4307 ιχ),
3051 4260 3067 4289 ι
3140 4237 3325 4307 Neque
3369 4238 3514 4291 enim
3567 4249 3676 4292 tam
3726 4239 4029 4310 magniﬁcis
4078 4251 4243 4312 atque
4291 4244 4493 4302 divinis

1184 4320 1503 4390 virginitate
1528 4318 1790 4388 profudit.
1834 4318 1989 4373 Unde
2019 4328 2073 4371 et
2104 4332 2200 4385 per
2227 4318 2422 4371 Isaiam
2455 4320 2778 4388 prophetam
2884 4328 3071 4382 verbis
3097 4314 3431 4381 elementum
3460 4327 3814 4393 describeret,
3844 4345 3913 4384 ex
3942 4333 4196 4388 cavernis
4229 4334 4487 4392 videlicet

1180 4406 1430 4468 dicitur:
1477 4430 1496 4463 ι
1529 4410 1669 4465 Ecce
1717 4410 1869 4480 virgo
1916 4411 1968 4463 in
2009 4421 2163 4463 utero
2205 4410 2477 4478 concipiet
2514 4419 2569 4465 et
2605 4412 2783 4480 pariet
2885 4426 3047 4471 terrae
3079 4414 3345 4486 proﬁuum
3374 4431 3441 4471 ac
3476 4417 3729 4485 deinceps
3766 4418 3821 4472 in
3852 4433 4165 4476 secessuum
4203 4426 4487 4483 cuniculos

1184 4501 1383 4567 mium.
1428 4510 1484 4556 ει
1510 4501 1795 4556 Vocabitur
1827 4515 2024 4553 nomen
2071 4501 2188 4569 ejus
2221 4501 2570 4567 Emmanuel;
2618 4502 2777 4573 buty-
2884 4512 3235 4575 egerendum.
3283 4506 3543 4577 Nunquid
3579 4507 3726 4562 enim
3759 4508 3983 4580 dignum
4017 4512 4123 4567 fuit
4150 4515 4282 4570 viles
4310 4532 4484 4589 aquas

1180 4607 1307 4649 rum
1344 4600 1396 4647 et
1436 4592 1539 4646 mel
1576 4592 1844 4656 comedet,
1885 4600 1940 4643 ut
1980 4591 2117 4645 sciat
2150 4592 2447 4661 reprobare
2476 4592 2679 4647 malum
2722 4604 2777 4649 et
2805 4655 2852 4669 ﬁ
2884 4598 3155 4669 appellare
3207 4598 3300 4652 Dei
3334 4593 3688 4657 thesaurum?
3728 4598 3835 4653 Sed
3862 4601 3953 4655 Dei
3985 4602 4299 4661 thesaurum
4332 4607 4485 4665 illum

1179 4683 1384 4755 eligere
1410 4684 1609 4739 bonum
1640 4682 1792 4755 (Irai.
1825 4682 1943 4751 vn).
1972 4702 1989 4735 ι
2214 4655 2229 4661 1
2804 4655 2857 4715 D
2884 4655 3072 4763 ρλιξηιιι
3139 4690 3303 4744 dubio
3371 4655 3511 4744 domi

2214 4655 2229 4661 ‘
2804 4655 2857 4715 Β
2884 4655 3072 4763 procul
3139 4690 3303 4744 dubio
3371 4655 3646 4754 nominat,
3699 4692 3765 4744 de
3807 4705 3916 4759 quo
3966 4655 4479 4763 Apostolus-dicit";

1798 4771 2030 4826 CAPUT
2070 4772 2153 4825 Vl.
2886 4802 2904 4832 ‹
2935 4782 3071 4848 Quia
3127 4780 3179 4833 iu
3229 4788 3451 4849 pectore
3492 4778 3625 4834 Jesu
3671 4790 3797 4834 sunt
3850 4796 4042 4838 omnes
4082 4788 4130 4840 ιιι

2152 4815 2153 4821 η
2886 4802 2904 4832 ‹
2935 4782 3071 4848 Quia
3127 4780 3179 4833 iu
3229 4788 3451 4849 pectore
3492 4778 3625 4834 Jesu
3671 4790 3797 4834 sunt
3850 4796 4042 4838 omnes
4082 4788 4327 4844 thesauri
4391 4806 4484 4847 sa-

1303 4866 1371 4921 In
1411 4865 1631 4935 cpistola
1668 4864 1737 4917 ad
1764 4862 2143 4918 Hermirindim
2181 4865 2659 4921 sanctimonialem.
2876 4871 3100 4939 'pieutite
3149 4877 3205 4922 et
3231 4867 3475 4922 scientiae
3501 4867 3803 4923 abscondili
3830 4870 4057 4941 (Coloss.
4084 4879 4166 4946 ιι).
4203 4896 4221 4928 ι
4254 4878 4488 4938 Fontem

1264 4981 1282 5013 ι
1316 4960 1533 5015 Tollens
1560 4960 1739 5013 Aaron
1769 4956 2124 5021 thuribulum,
2156 4957 2396 5013 cucurrit
2424 4972 2522 5027 per
2541 4957 2776 5012 mediam
2879 4961 3043 5015 etiam
3090 4974 3246 5028 aqua:
3292 4959 3429 5013 viva:
3472 4958 3622 5013 illum
3670 4962 3946 5030 perbibet,
3989 4965 4057 5020 de
4100 4983 4209 5037 quo
4246 4970 4484 5027 dicitur;

1186 5052 1587 5111 multitudinem
1636 5064 1804 5119 quam
1855 5048 2105 5102 vastabat
2140 5048 2471 5111 incendium,
2516 5057 2595 5112 et,
2626 5057 2778 5102 stans
2886 5074 2903 5106 ι
2940 5054 3040 5118 Qui
3088 5051 3286 5105 biberit
3330 5066 3529 5120 aquam
3568 5067 3731 5121 quam
3789 5068 3891 5124 ego
3931 5057 4073 5114 dabo
4096 5061 4169 5126 ei,
4204 5061 4297 5117 ﬁet.
4328 5064 4380 5119 in
4412 5082 4480 5122 co

1185 5149 1329 5203 inter
1356 5154 1599 5199 mortuos
1625 5156 1689 5196 ac
1712 5141 1978 5204 viventes,
2005 5140 2303 5211 thymiama
2335 5138 2556 5201 obtulit,
2589 5139 2777 5211 sicque
2887 5143 3007 5197 fons
3039 5156 3194 5210 aqua:
3223 5139 3470 5196 salientis
3512 5142 3564 5194 in
3599 5142 3765 5197 vitam
3808 5154 4071 5203 aeternam
4100 5149 4286 5220 (Joan.
4320 5156 4419 5225 iv).
4460 5176 4479 5209 ›

1183 5234 1482 5293 deszeviens
1522 5232 1679 5303 plaga
1717 5232 1950 5286 cessavit
1981 5227 2168 5299 (Num.
2200 5229 2332 5297 xvi).
2369 5248 2388 5279 ι
2422 5228 2592 5295 Quem
2645 5244 2776 5285 sane
2882 5234 3135 5303 Alioquin
3181 5248 3287 5302 qua
3332 5234 3557 5287 rationis
3600 5239 3992 5305 consequentia
4039 5240 4247 5298 diceret
4283 5264 4295 5298 :
4345 5264 4365 5299 ι
4405 5246 4477 5303 Ut

1183 5329 1387 5391 Aaron,
1435 5324 1542 5379 nisi
1590 5324 2010 5391 ltedemptorem
2074 5332 2321 5374 uostrurn
2388 5320 2775 5390 signiﬁcabat?
2884 5325 3653 5387 saziati,cessetmurmuratio
3680 5342 3889 5396 eorum,
3933 5348 4096 5388 reum
4136 5339 4484 5402 postmodum

1185 5418 1302 5487 Ipse
1349 5429 1585 5484 namque
1636 5412 1895 5482 quoniam
1944 5413 2012 5466 ad
2061 5412 2386 5466 currendum
2430 5412 2574 5465 viam
2619 5411 2775 5482 quasi
2890 5418 3027 5471 idem
3065 5415 3296 5485 populus
3321 5430 3673 5471 murmurans
3699 5417 3885 5473 dicat:
3917 5439 3935 5472 ι
3972 5422 4084 5477 Cur
4110 5426 4347 5482 οάιιχίειί
4380 5447 4482 5486 nos

1179 5506 1333 5579 gigas
1360 5504 1654 5561 exsultavit
1690 5501 1863 5575 (Paul.
1892 5503 2071 5573 xviii),
2109 5511 2327 5572 arrepto
2361 5502 2633 5571 passionis
2661 5518 2775 5558 sua:
2884 5507 2953 5563 de
2974 5505 3233 5577 Aigypto,
3264 5516 3325 5561 ut
3360 5522 3698 5564 morereinur
3738 5511 3796 5566 in
3829 5515 4158 5570 solitudine?
4196 5519 4355 5575 Deest
4380 5536 4479 5593 pa-

1184 5598 1899 5663 thuribulo,iutermortuos
1920 5605 1974 5652 et
1997 5596 2518 5661 viventesoccurrit,
2547 5604 2604 5649 et
2626 5594 2777 5666 objeo
2878 5597 2984 5661 nis,
3031 5613 3140 5652 non
3186 5605 3316 5651 sunt
3363 5614 3521 5667 aqua:
3561 5599 3760 5670 (Exod.
3787 5602 3934 5671 xiv);
3976 5623 3995 5656 ι
4048 5614 4105 5661 et
4152 5608 4257 5661 alia
4287 5610 4481 5678 multa,

1179 5698 1273 5746 ctu
1320 5690 1500 5745 crucis
1550 5704 1681 5752 suae,
1733 5689 1785 5743 in
1832 5704 1940 5758 qua
1992 5688 2292 5758 thymiama
2339 5688 2482 5741 sacri
2530 5687 2775 5756 corporis
2880 5705 3004 5760 quae
3030 5690 3342 5760 prodigiosa
3373 5690 3649 5747 dementia
3693 5693 4053 5752 tumultuatus
4077 5700 4336 5753 cvumuit.
4371 5701 4483 5759 Sed

1177 5789 1589 5839 concrematum
1618 5788 1725 5845 est,
1754 5781 2009 5851 etAgnus
2039 5780 2128 5833 ille
2156 5779 2395 5834 etelestis
2424 5788 2639 5834 assatus
2666 5789 2772 5845 est,
2881 5780 3110 5837 an‘ectus
3150 5782 3309 5837 tmdio
3336 5781 3548 5853 Moyses
3588 5795 3700 5838 tam
3730 5783 3883 5839 durae
3922 5801 3987 5842 ac
4018 5790 4290 5845 seditiosae
4338 5794 4483 5847 mut.

1178 5871 1334 5930 vivos
1371 5887 1435 5930 ac
1466 5880 1712 5928 mortuos
1759 5871 2053 5942 separavit,
2094 5870 2338 5942 ignisque
2362 5871 2660 5941 perniciem
2707 5873 2775 5929 ab
2886 5871 3162 5941 titudinis,
3210 5872 3505 5930 adventum
3530 5874 3695 5931 anxie
3720 5873 3933 5949 ﬂagitat
3962 5878 4299 5937 Salvatoris:
4336 5882 4483 5938 sicut
