4260 6368
394 322 489 377 t3?
1002 321 1538 379 PROLEGOMENA.

1620 352 1644 362 -
1686 320 2111 382 TESTIMONl-A
2150 325 2237 381 DE
2279 326 2336 381 S.
2383 328 2613 386 PETRO
2653 331 2738 397 DA
2755 330 2990 388 MIANO.

3590 346 3688 401 l33

387 437 796 493 similitudinem
847 438 899 492 in
951 438 1200 493 cmuobio
1258 437 1315 492 8.
1368 436 1553 492 Maria:
1605 435 1940 494 Ravennatis
1971 494 1981 505 ,
2018 446 2062 501 Α
2095 438 2147 493 in
2188 443 2410 496 secundi
2444 444 2581 498 rami
2628 443 2789 512 hujus
2818 446 3047 502 Arboris
3104 450 3489 522 descriptione,
3528 468 3581 510 et
3630 464 3683 514 iu

386 528 687 598 periculum
721 528 959 583 facturus
990 539 1168 583 utrmn
1201 530 1514 583 monasticae
1561 531 1689 585 vita:
1737 530 1976 586 laborem

385 619 592 675 laturus
617 630 791 682 esset,
835 629 892 673 ιιι
920 622 1113 676 asserit
1136 621 1470 693 Augustinus
1502 638 1621 693 cap.
1656 622 1720 688 6,
1752 633 1807 678 et
1839 625 1981 679 Dau-

384 717 464 764 tes
492 710 795 779 Aligerius,
825 710 909 765 his
938 712 1148 765 verbis:

505 844 558 891 lu
580 844 695 901 quot
724 844 868 900 longo
902 843 968 894 fui
1007 847 1057 909 io
1079 844 1246 891 l'ietrn
1283 845 1538 909 Damiano,

504 904 558 953 l-It
589 906 763 955 Pio-Iro
788 917 1015 968 peccator
1038 906 1103 955 fut
1129 909 1254 953 uella
1282 922 1390 953 eam

501 965 597 1016 D.e
634 965 798 1017 nostra
814 969 979 1017 Douna
1006 969 1052 1016 iu
1070 968 1144 1017 sul
1170 969 1257 1017 btu
1275 970 1509 1030 Adriano,
1537 978 1638 1019 etc.

448 1087 719 1143 llortumn
750 1088 964 1143 tandem
998 1088 1049 1143 in
1074 1090 1323 1145 cmnobio
1357 1088 1413 1144 8.
1452 1089 1633 1146 Maria:
1661 1091 1728 1146 de
1751 1091 1969 1148 Faven-

374 1176 448 1229 tia
476 1194 619 1232 anno
654 1176 809 1239 l080,
839 1178 927 1232 die
952 1188 1145 1233 octavo
1176 1178 1363 1233 Kaleu.
1397 1179 1598 1245 Martii,
1630 1191 1687 1235 ut
1710 1194 1764 1236 et
1787 1188 1969 1255 Augu-

372 1266 568 1328 stinus.
623 1268 715 1321 lib.
760 1283 814 1331 v,
866 1284 987 1339 cap.
1022 1268 1104 1327 ll.
1139 1277 1192 1323 et
1236 1268 1457 1325 Rubeus
1503 1272 1553 1325 in
1582 1272 1701 1340 ejus
1732 1270 1852 1326 Vita
1889 1289 1973 1327 re-

370 1356 616 1412 ctissime
637 1358 1010 1428 prodiderunt.
1041 1358 1363 1414 lterthollus
1386 1371 1565 1416 tamen
1586 1362 1969 1417 Constantien-

369 1448 446 1503 sis
476 1448 528 1502 in
557 1450 855 1520 appendice
884 1450 950 1503 ad
1000 1449 1354 1505 Contractum
1407 1468 1551 1506 anno
1595 1454 1805 1509 Domini
1834 1456 1970 1511 i072

368 1546 642 1592 mortuum
669 1538 854 1600 refert,
884 1539 964 1595 sic
990 1539 1241 1609 inquiens
1274 1558 1285 1594 :
1324 1540 1480 1603 1072,
1517 1541 1708 1598 Petrus
1746 1543 1966 1599 Damia-

369 1628 420 1680 ni
473 1627 575 1698 pize
627 1628 901 1683 memor-im
943 1631 1238 1684 cat-diualis
1288 1633 1598 1703 episcopus,
1642 1634 1966 1703 jamrludum

367 1718 572 1772 mundo
598 1718 914 1783 cruciﬁxus,
945 1721 1193 1791 migravit
1222 1722 1289 1776 ad
1309 1722 1594 1777 Dominum
1626 1741 1722 1779 vnt
1768 1724 1954 1781 Kalen-

2090 543 2329 591 tractatu
2354 538 2420 593 de
2450 538 2843 596 cardinalibus.

2772 630 3003 689 XXVIII.

2085 716 2236 772 Idem
2262 718 2415 788 Ligni
2444 721 2581 777 Vita:
2601 723 2692 777 h'b.
2712 739 2764 779 ν.
2794 727 3013 780 Arboris
3034 745 3146 783 sum
3168 747 3375 785 rnmnm
3396 736 3686 792 secundum

2297 794 2594 851 declarans.
2618 808 2795 866 estque
2817 798 2979 867 hujus
3002 815 3157 870 caput
3181 802 3242 856 51
3278 818 3292 855 :

2154 900 2387 957 Sanctus
2419 905 2616 962 Petrus
2649 906 2943 981 Damianus
2967 910 3452 971 Mediolanerisium
3482 933 3511 971 a
3540 920 3687 975 schio

2079 1005 2252 1049 smate.
2281 997 2346 1050 ad
2374 997 2674 1055 Ecclesium
2704 1002 3031 1059 catholicam
3056 1008 3315 1062 reductor
3336 1010 3681 1082 magnificus.

2080 1082 2299 1141 Homini
2339 1089 2478 1142 enim
2515 1092 2650 1145 bona
2686 1093 2740 1147 in
2777 1107 3059 1164 conspectu
3102 1114 3200 1152 suo
3248 1099 3394 1152 dedit
3422 1099 3562 1156 Dem
3586 1120 3680 1159 aa-

2074 1180 2349 1248 pientinm,
2392 1193 2439 1235 et
2469 1184 2767 1253 scientiam,
2819 1188 3133 1244 etltrtiliam
3193 1190 3389 1258 (Eccli.
3418 1192 3502 1254 tt).
3532 1191 3575 1250 Β.
3619 1210 3683 1253 ns

2077 1268 2267 1331 haeret,
2317 1288 2493 1341 penna
2548 1273 2760 1338 ditlluit,
2815 1295 3011 1335 manus
3052 1281 3211 1349 riget,
3249 1298 3372 1339 cum
3397 1284 3466 1340 de
3493 1301 3623 1342 sane.

2074 1360 2237 1415 Petro
2276 1363 2541 1421 Damiano
2589 1370 2899 1439 monacho,
2937 1381 2992 1427 et
3024 1372 3083 1428 8.
3114 1373 3181 1429 ll.
3234 1375 3294 1430 Ε.
3324 1379 3476 1433 card.
3508 1381 3607 1450 cr"
3630 1398 3678 1436 e.

2072 1450 2283 1509 Ostien.
2307 1457 2399 1525 qui
2434 1459 2581 1513 tertii
2613 1461 2824 1515 ordinis
2858 1466 3144 1531 prmsentis
3174 1469 3307 1521 rami
3345 1470 3581 1539 primum
3607 1483 3683 1528 to-

2072 1560 2194 1600 eum
2248 1558 2506 1617 occupat,
2554 1551 2740 1607 dicere
2791 1554 2996 1625 cogito.
3050 1555 3259 1613 Tantus
3298 1561 3445 1613 cnim
3489 1562 3586 1617 fuit
3616 1579 3681 1619 ac

2072 1634 2220 1697 talis,
2248 1638 2495 1706 alteraque
2517 1650 2721 1695 ειιιιςιεε
2755 1642 3019 1700 Ειευιρετιῐξ
3045 1648 3193 1703 utilis
3217 1659 3272 1731 et
3305 1655 3676 1719 necessarius,

2071 1736 2152 1791 ut,
2186 1744 2214 1781 a
2244 1745 2353 1797 quo
2382 1730 2650 1787 factorum
2675 1739 3245 1809 suorumprincipinm
3272 1757 3509 1805 Sumam,
3528 1745 3677 1814 igno-

364 1808 463 1864 das
493 1807 691 1863 Martii.
717 1809 851 1876 Oua:
878 1812 1038 1867 verba
1062 1814 1143 1867 sic
1171 1816 1491 1885 exjmneuda
1523 1817 1655 1871 mihi
1682 1818 1957 1890 videntur,
1997 1800 2037 1858 θ
2070 1831 2205 1871 re.u.
2265 1818 2518 1873 Eruditio
2571 1821 2711 1889 ejus,
2761 1831 2817 1878 et
2865 1823 3121 1881 facundia
3178 1844 3243 1883 ex
3279 1832 3397 1899 ejus
3434 1832 3678 1901 pluribus

364 1908 422 1953 ut
450 1914 644 1954 sensus
672 1902 761 1965 sit,
792 1918 897 1956 non
930 1902 995 1957 de
1033 1915 1205 1960 morte
1230 1906 1538 1975 temporali,
1562 1910 1661 1977 sed
1688 1910 1754 1963 de
1786 1923 1961 1966 morte

363 1986 525 2041 oﬂirii
556 1999 613 2042 et
642 1990 950 2060 dignitatis,
1003 1995 1220 2062 quamlo
1245 1996 1454 2051 scilicet
1478 1997 1825 2052 cardinalitio
1860 2001 1959 2052 ho-

362 2095 497 2135 nore
544 2083 785 2151 repulso,
848 2086 1049 2139 nmndo
1095 2094 1151 2140 et
1174 2086 1293 2152 ejus
1323 2089 1535 2158 pompis
1577 2098 1825 2144 mortuus
1851 2099 1955 2145 est.

359 2170 518 2235 Nam,
568 2176 711 2243 quod
748 2184 866 2245 post
908 2193 1109 2231 annum
1146 2179 1285 2233 1072
1316 2181 1533 2242 vixerit,
1560 2184 1791 2250 proluunt
1817 2184 1959 2255 lcga-

361 2259 537 2313 tiones
558 2259 694 2329 ejus,
736 2278 873 2332 quas
910 2266 1082 2320 obivit
1122 2279 1362 2337 tempore
1391 2268 1635 2341 Gregorii
1663 2289 1813 2343 pupa:
1848 2274 1957 2341 ιιι,

358 2349 446 2418 ιιιιί
480 2353 695 2405 nonnisi
721 2368 866 2407 anno
896 2354 1026 2409 1075
1049 2355 1293 2425 pontifex
1319 2362 1661 2415 renuntiatus
1685 2372 1789 2415 est.
1823 2361 1956 2418 Illud

355 2436 559 2501 autem,
622 2443 765 2509 quod
821 2442 953 2496 dicit
1008 2444 1340 2499 Trithetnius
1393 2447 1716 2503 Damianum
1774 2449 1952 2522 Magni

353 2527 604 2601 Gregorii
655 2532 918 2588 antistitis
949 2535 1198 2603 exemplo
1222 2552 1410 2590 amore
1448 2539 1648 2605 quietis
1675 2550 1725 2594 et
1761 2544 1955 2596 solitu-

352 2621 493 2674 dinis
525 2622 895 2691 episcopatum
933 2624 1229 2693 dimisisse,
1272 2639 1327 2683 et
1357 2630 1424 2683 ad
1458 2632 1769 2686 cceuolium
1793 2649 1950 2688 suum

353 2727 604 2767 reversus
634 2711 803 2770 fuisse
830 2731 845 2779 ;
874 2732 977 2770 ιιοιι
1009 2717 1080 2771 ita
1120 2720 1266 2773 venit
1298 2721 1727 2791 intelligi-mlum,
1763 2733 1819 2777 ιιι
1852 2740 1941 2794 pu-

350 2812 526 2859 temus
560 2803 917 2861 Trithemium
947 2809 1012 2864 de
1036 2808 1092 2864 S.
1123 2811 1385 2883 Gregorio
1404 2813 1597 2885 Magno
1620 2832 1755 2886 papa
1781 2818 1947 2888 loqui,

348 2893 438 2945 sed
458 2894 531 2946 de
552 2892 818 2967 Gregorio
845 2898 1097 2970 episeOpo
1120 2901 1486 2968 Nazianzeuo,
1509 2906 1599 2975 qui
1621 2909 1810 2961 eodem
1842 2912 1955 2980 spi-

350 2987 467 3045 ritu,
501 3002 611 3057 quo
640 2988 953 3057 Damianus,
1000 2994 1273 3061 incensus,
1323 2999 1639 3068 episcopatu
1672 3001 1945 3072 abdicato,

347 3075 409 3126 a.l
434 3075 739 3133 solitariam
772 3082 934 3135 vitam
968 3085 1225 3141 redierat.

1038 3219 1250 3276 XXVII.

347 3319 515 3385 Idem,
546 3321 702 3395 Ligni
735 3326 866 3382 Viue
890 3329 980 3384 lib.
1009 3347 1089 3391 tn.
1109 3336 1203 3387 sub
1233 3349 1413 3392 acturo
1438 3340 1709 3401 Kalendas
1739 3348 1945 3404 Martii.

409 3430 687 3487 Faventia:
717 3436 981 3507 depositio
1010 3440 1066 3495 S.
1096 3442 1238 3498 Petri
1274 3446 1544 3516 Duniani,
1576 3469 1946 3527 cognomento

344 3518 682 3589 l’eccaturis,
747 3527 804 3581 S.
865 3528 929 3583 ιι.
986 3530 1044 3585 Ε.
1086 3535 1379 3591 cardinalis
1424 3544 1798 3612 sanctissimi;
1830 3553 1943 3619 qui,

341 3626 459 3667 cum
492 3615 752 3671 arctioris
773 3618 898 3673 vitae
923 3621 1215 3688 desiderio,
1246 3630 1607 3687 cardinalatui
1639 3638 1757 3691 vale
1782 3615 1945 3695 divis-

340 3709 439 3763 set,
474 3717 580 3758 nec
610 3707 770 3761 minis
802 3724 903 3764 nec
942 3711 1329 3771 blandimentis
1370 3734 1400 3773 a
1450 3724 1625 3791 primo
1659 3733 1940 3798 preposito

338 3792 490 3847 arelli
541 3798 740 3863 potuit.
792 3799 959 3869 Cujus
1004 3800 1130 3858 facti
1180 3822 1305 3860 cum
1365 3825 1393 3861 a
1434 3792 1942 3887 summo-pontifice

338 3880 666 3938 cbaritatira
704 3886 1077 3959 increpatione
1105 3907 1448 3967 argueretur,
1486 3904 1554 3955 ad
1589 3880 1697 3961 tres
1721 3910 1821 3964 sibi
1858 3913 1941 3967 in-

338 3974 507 4029 vicem
534 3978 934 4048 subsequeutes
962 3982 1235 4044 Romanos
1258 3993 1546 4060 pontifices
1573 3999 1941 4073 apologeticos

336 4064 523 4131 edidit,
560 4068 615 4122 in
646 4072 845 4140 quibus
865 4078 1214 4144 auctoritate,
1255 4083 1466 4138 ratione
1493 4097 1543 4140 et
1581 4064 1833 4161 exmnplo
1862 4096 1938 4151 fa~

334 4166 475 4209 ctum
509 4174 673 4213 suum
708 4161 985 4220 humiliter
1010 4182 1281 4226 excusans
1303 4175 1515 4232 animos
1545 4193 1731 4236 eorum
1755 4184 1938 4253 placa-

336 4249 426 4311 rit,
455 4260 511 4306 et
538 4254 624 4306 sic
656 4254 710 4307 in
739 4254 880 4311 bono
906 4273 1072 4328 opere
1107 4276 1488 4331 perseverans,
1514 4271 1843 4333 obdormivit
1882 4280 1935 4335 iu

334 4338 583 4396 Omnino.
639 4342 807 4411 (Petri
862 4346 1155 4420 Damiani.)
1207 4353 1431 4412 Tabulae
1485 4361 1935 4425 Camaldulenses

332 4433 395 4485 ad
424 4449 512 4488 me
570 4437 926 4504 transmissae,
960 4441 1027 4495 de
1067 4446 1265 4499 eodum
1319 4460 1487 4520 agunt
1527 4454 1629 4508 hac
1668 4457 1773 4511 die.
1808 4458 1937 4531 Ejus

331 4523 489 4577 vitam
518 4540 587 4580 ex
620 4525 714 4579 lib.
746 4542 801 4593 ν,
832 4528 1147 4604 Hieronymi
1173 4534 1343 4592 Rubei
1372 4541 1614 4598 historize
1644 4523 1934 4604 Ravenna-
1967 4533 2013 4591 θ

333 4612 395 4669 tis
434 4613 595 4670 affert
622 4614 910 4673 Hosander
939 4630 1070 4677 tom.
1104 4624 1215 4689 VII,
1264 4629 1398 4686 νιιω
1430 4632 1757 4692 Sanctorum
1788 4641 1933 4697 Surii

332 4700 426 4757 hac
491 4704 605 4767 die,
658 4722 820 4775 quam
866 4707 1038 4766 fusius
1088 4722 1288 4770 tractat
1332 4720 1564 4777 domnus
1603 4726 1935 4794 Augustinus

334 4792 632 4853 Fortunius
666 4797 718 4851 in
766 4813 804 4853 ιι
844 4812 996 4871 parte
1044 4802 1297 4863 Historia:
1334 4792 1785 4883 C:unaldnl.,.lib.
1816 4837 1869 4884 ν,
1902 4838 1930 4875 a

329 4898 441 4955 cap.
468 4886 504 4942 6
529 4889 603 4942 ad
638 4887 727 4942 14.
750 4889 827 4945 De
852 4906 920 4947 eo
949 4893 1077 4949 item
1128 4896 1239 4953 Leo
1269 4899 1537 4960 Ostiensis
1559 4908 1850 4980 episcopus
1878 4914 1931 4968 in

328 4972 598 5034 Chronico
622 4977 937 5047 Casincnsi,
977 4984 1072 5041 tib.
1101 5003 1162 5053 ιι,
1187 5004 1310 5059 cap.
1347 4992 1466 5048 102.
1495 4972 1831 5057 Triihetnius
1857 5004 1923 5057 de

333 5068 454 5126 viris
482 5072 689 5128 illustr.
727 5075 847 5165 ord.
888 5080 1062 5161 sancti
1113 5080 1343 5148 Bened.,
1382 5087 1475 5143 lib.
1507 5106 1565 5153 ιι.
1596 5108 1717 5165 cap.
1752 5096 1843 5159 95,
1871 5110 1927 5152 et

334 5158 419 5213 ιιι».
471 5177 545 5226 tv,
603 5180 731 5235 cap.
776 5158 866 5233 33,
914 5179 969 5225 et
1008 5158 1100 5227 alii
1134 5174 1347 5232 infiniti.
1384 5178 1509 5236 Fuit
1539 5158 1721 5241 autem
1748 5190 1923 5258 primo

335 5254 625 5309 monachus
669 5255 729 5310 S.
778 5257 1031 5325 Androm,
1062 5268 1205 5334 quod
1231 5284 1377 5325 nunc
1422 5284 1623 5331 sancta:
1642 5254 1834 5336 Crucis
1856 5281 1923 5337 de

334 5339 580 5399 Atellana
627 5361 999 5419 nuncupatur,
1049 5356 1260 5414 ordinis
1306 5363 1481 5417 sancti
1534 5366 1832 5432 Benedicti,
1866 5383 1924 5427 ut

338 5428 551 5498 ipsemet
605 5447 847 5493 testatur
895 5442 950 5495 in
1010 5459 1263 5503 sermone
1293 5450 1359 5506 de
1393 5464 1583 5511 sancto
1614 5428 1923 5528 Benedicto,

339 5524 420 5588 qui
440 5536 620 5583 exstat
646 5527 705 5583 in
738 5537 887 5585 temo
912 5532 997 5588 ιιι
1019 5533 1292 5594 Hosandri
1323 5542 1389 5595 ad
1418 5544 1659 5611 Sui-ium,
1685 5552 1774 5606 ubi
1800 5524 1923 5608 eum

339 5625 531 5682 patrem
560 5630 620 5676 et
644 5622 972 5692 magistrum
993 5642 1149 5683 suum
1179 5633 1443 5691 nominat.
1475 5637 1621 5696 Obiit
1653 5642 1924 5702 Faventite

340 5717 467 5761 anno
496 5709 657 5767 t080.
693 5710 775 5769 De
804 5714 1027 5785 reliquis
1074 5720 1193 5790 ejus
1219 5724 1382 5781 rebus
1408 5732 1575 5799 gestis
1610 5736 1731 5789 vide
1757 5752 1918 5807 supra

2068 1909 2310 1978 scriptis,
2340 1926 2463 1980 qua:
2495 1923 2553 1966 et
2580 1913 2738 1969 hodie
2758 1928 3071 1986 srpersunt,
3105 1930 3230 1974 nota
3260 1932 3362 1976 est.
3399 1922 3677 1978 Sanctitas

2064 1999 2223 2069 cujus
2278 2002 2493 2074 insigne
2545 2002 2670 2067 fuit,
2702 2008 2848 2075 quod
2898 2009 2988 2061 diu
3020 2014 3320 2067 carlinalis
3360 2024 3415 2067 et
3438 2015 3675 2087 episcopi

2064 2090 2340 2149 Ostiensis
2382 2112 2608 2152 munere
2656 2096 2902 2167 functus,
2960 2103 3197 2173 denique
3242 2120 3509 2175 pertmsus
3556 2110 3677 2176 ejus

2064 2182 2214 2246 vita',
2239 2182 2568 2240 Nazianzeni
2598 2190 2868 2258 exemplo,
2896 2194 2963 2245 ad
2987 2196 3216 2261 pristina
3243 2212 3301 2252 se
3333 2201 3537 2271 recepit
3567 2218 3676 2257 mo-

2063 2274 2369 2328 nachorum
2402 2278 2581 2331 studia
2609 2295 2623 2343 ;
2669 2281 2825 2349 cujus
2857 2284 3023 2336 etiam
3060 2285 3190 2340 farti
3225 2290 3493 2345 rationem
3525 2291 3675 2348 lucu-

2063 2361 2211 2417 lento
2243 2366 2451 2435 scripto
2484 2369 2739 2434 reddidit,
2768 2374 3025 2429 omuilms
3054 2377 3417 2433 manifestam.
3448 2380 3675 2437 Tacebi-

2062 2468 2184 2505 ntus
2216 2456 2396 2525 ergo?
2422 2458 2595 2511 Absit.
2626 2457 2819 2513 Restat
2871 2464 3017 2517 enim
3047 2474 3101 2519 et
3129 2465 3329 2522 factum
3374 2470 3503 2525 illud
3531 2473 3667 2527 insi.

2060 2556 2183 2612 gne,
2222 2559 2319 2612 pro
2354 2562 2463 2615 quo
2498 2547 2586 2602 hic
2636 2551 2932 2606 cardiualis
2974 2553 3161 2609 habitu
3205 2560 3458 2628 adpictus
3492 2566 3673 2617 cerui.

2062 2643 2173 2695 tur,
2222 2650 2375 2687 arma
2432 2639 2783 2708 episcopatus
2842 2642 3261 2702 Mediolauensis
3308 2650 3359 2703 iu
3420 2655 3671 2709 manibus

2057 2719 2262 2783 ferens,
2292 2735 2420 2778 sunt
2447 2738 2628 2782 autem
2661 2729 2773 2793 illa,
2811 2748 3007 2788 manus
3039 2736 3274 2792 hominis
3300 2742 3572 2811 "agellum
3603 2760 3667 2799 ex

2059 2815 2304 2871 reticulis
2344 2833 2571 2875 aureum
2618 2833 2813 2879 tenens
2840 2827 2891 2879 in
2921 2830 3220 2897 sanguineo
3243 2849 3483 2903 a'qnore.
3509 2835 3669 2891 Nico-

2057 2903 2177 2961 laus
2233 2923 2469 2978 namque
2528 2927 2666 2983 papa
2724 2914 2762 2968 ll
2811 2919 3199 2986 retnpuldicant
3243 2928 3669 2997 compositurus,

2055 3011 2180 3066 qure
2236 3001 2494 3055 maximis
2539 3008 2855 3072 perturbata
2910 3010 3316 3069 calamitatibus
3372 3018 3666 3086 plurimum

2058 3086 2433 3154 quatiebatur,
2492 3107 2636 3145 anno
2666 3094 2803 3147 ltili!)
2856 3096 3076 3153 Petrum
3117 3101 3668 3163 llatnianumllledio-

1978 3190 2023 3249 ρ
2056 3175 2241 3231 Ianum
2266 3181 2436 3244 misit,
2465 3192 2523 3234 ιιι
2558 3199 2678 3236 eam
2716 3184 3017 3241 Ecclesium
3055 3192 3195 3245 male
3232 3197 3581 3261 sentientem,
3610 3210 3666 3255 ct

2047 3268 2158 3335 jam
2184 3285 2213 3323 a
2247 3271 2500 3327 ducentis
2526 3277 2684 3329 annis
2708 3292 2735 3327 a
2770 3278 3009 3332 ltmnaua
3040 3283 3354 3351 abductam,
3382 3298 3435 3343 et
3458 3292 3665 3345 discre-

2051 3372 2296 3429 pantem,
2339 3365 2750 3437 simoniacaqne
2797 3370 2917 3427 labe
2959 3385 3011 3427 et
3045 3375 3435 3436 Nicolaitarum
3464 3386 3657 3441 lueresi

2052 3449 2335 3518 infectam,
2380 3470 2503 3509 eum
2555 3457 2801 3515 Rotnana
2844 3466 3183 3533 conciliaret,
3231 3483 3287 3526 et
3336 3474 3389 3527 in
3446 3487 3654 3533 rectam

2050 3547 2383 3601 sententiam
2412 3548 2727 3607 deduceret.
2762 3555 2958 3612 Petrus
2982 3574 3283 3619 convocato
3308 3567 3358 3621 in
3396 3571 3655 3639 templum

2048 3636 2269 3706 populo,
2299 3639 2369 3693 ita
2412 3645 2732 3710 prudenter,
2761 3648 3065 3722 leuiterque
3087 3671 3277 3713 eorum
3302 3636 3519 3718 animos
3541 3674 3654 3720 trac

2047 3727 2241 3790 ctavit,
2304 3738 2362 3783 ιιι
2415 3732 2634 3789 tandem
2680 3737 2732 3790 itt
2775 3738 2893 3807 eius
2927 3749 3255 3803 sententiam
3281 3752 3657 3821 discesserint,

2045 3820 2469 3894 apastoliczeque
2518 3828 2633 3883 sedi
2685 3845 2880 3899 parere
2942 3853 3288 3910 nequaquam
3342 3846 3657 3905 abnuerint.

2044 3910 2263 3967 Primus
2320 3916 2655 3975 solemnibus
2688 3924 2869 3980 verbis
2923 3926 3085 3983 Wido
3125 3934 3573 4008 archiepiscopus
3604 3942 3654 3995 id

2043 4003 2326 4070 professus
2368 4019 2470 4070 est.
2504 4011 2971 4089 sitnoniacamque
3011 4033 3068 4076 et
3117 4024 3505 4085 Nic-daturum
3540 4035 3649 4088 Inu-

2045 4097 2210 4149 resim
2242 4112 2426 4154 coram
2475 4105 2733 4162 omnibus
2770 4109 3118 4179 detestatus;
3164 4118 3287 4172 inde
3320 4119 3505 4178 clerici
3531 4140 3651 4180 oat-

2042 4199 2157 4239 nes.
2201 4187 2665 4263 Arcbiepiscopns
2714 4198 2767 4251 in
2813 4207 3015 4256 terram
3048 4207 3343 4277 projectus,
3378 4213 3651 4281 piaculum

2041 4279 2247 4351 injungi
2276 4283 2379 4336 sibi
2417 4288 2737 4355 postulavit.
2770 4290 3003 4348 Centum
3039 4311 3306 4357 annorum
3336 4279 3528 4362 Petrus
3554 4309 3653 4363 im-

2038 4371 2243 4436 posuit,
2274 4371 2435 4442 idque
2463 4376 2654 4430 redimi
2685 4395 2865 4448 possc,
2894 4396 3039 4442 certa
3062 4392 3292 4457 pecunia
3319 4394 3370 4447 in
3402 4398 3648 4467 singulos

2039 4476 2213 4515 annos
2250 4463 2452 4529 soluta,
2483 4467 2692 4533 voluit;
2725 4471 2913 4526 clerici
2943 4476 3176 4531 diversis
3208 4480 3260 4534 iu
3290 4484 3399 4538 vita
3422 4484 3649 4557 jejuniis

2039 4551 2282 4622 obligati.
2338 4554 2574 4611 Exstant
2600 4560 2668 4615 de
2699 4561 2799 4617 hac
2832 4579 2889 4619 re
2924 4566 3093 4634 ipsius
3120 4568 3293 4634 Petri,
3321 4551 3495 4643 quise
3520 4596 3645 4650 pee-

2038 4653 2280 4700 catorem
2333 4648 2537 4719 ubique
2581 4657 2854 4720 nominat,
2895 4660 2963 4712 ad
3014 4660 3301 4721 Nicolaum
3346 4648 3563 4739 papam,
3597 4686 3652 4729 et

2037 4734 2244 4793 Nicolai
2274 4739 2339 4793 ad
2375 4742 2549 4810 ipsum
2574 4746 2840 4813 epistola‘,
2877 4751 2928 4805 in
2959 4751 3049 4807 lib.
3081 4772 3109 4807 v
3139 4757 3396 4816 Historia:
3428 4762 3646 4823 Raven-

2035 4830 2180 4883 natis
2236 4830 2551 4905 llieronymi
2581 4837 2792 4917 .littbei,
2833 4858 2900 4897 ex
2932 4862 3042 4915 quo
3076 4849 3191 4906 haec
3220 4852 3643 4926 dcsumpsimus.

2038 4917 2189 4974 llanc
2236 4924 2509 4979 actionem
2555 4944 2583 4980 a
2622 4928 2786 4986 Petro
2821 4933 3085 4995 Damiano
3123 4941 3324 4998 factam
3356 4952 3644 5008 continuat

2035 5020 2085 5065 et
2129 5012 2327 5069 Paulus
2379 5016 2631 5090 Morigia,
2684 5023 2762 5078 De
2816 5028 2954 5097 orig.
2989 5031 3163 5103 retig.,
3197 5038 3286 5092 lib.
3327 5055 3365 5101 ι,
3400 5057 3520 5111 cap.
3553 5043 3642 5109 58,

2035 5112 2090 5156 et
2135 5104 2224 5158 alii
2275 5111 2633 5178 recentiores,
2686 5114 2905 5171 diverso
2960 5129 3143 5178 tamen
3187 5132 3349 5181 modo
3376 5134 3641 5188 nonnulli.

2034 5194 2275 5251 Gloriam
2300 5202 2445 5255 enim
2472 5218 2689 5260 omnem
2718 5208 2969 5277 rejiciunt
2995 5216 3049 5268 in
3075 5214 3418 5287 Stephanum
3446 5240 3640 5295 papam

2039 5285 2101 5345 Χ,
2136 5288 2339 5344 dictum
2375 5293 2464 5359 IX,
2498 5312 2660 5365 quem
2697 5299 2856 5368 hujus
2876 5307 3639 5374 reconciliationisauctoritn

2036 5375 2261 5433 faciunt.
2297 5380 2607 5438 SeJcorum
2634 5386 2773 5445 hanc
2802 5396 3129 5451 sententiam
3156 5402 3237 5455 sic
3260 5407 3635 5474 accipiendam

2030 5653 2291 5717 potuisse,
2352 5672 2472 5723 qua!
2518 5665 2880 5727 postmodum,
2926 5685 2991 5723 eo
3034 5684 3269 5740 mortuo,
3306 5679 3384 5731 sic
3404 5678 3634 5746 jubcnte

2029 5741 2253 5801 Nicolao
2285 5748 2325 5801 ll
2366 5750 2481 5819 ejus
2507 5768 2843 5825 successore,
2874 5778 2902 5815 a
2928 5762 3089 5820 Petro
3132 5768 3393 5824 Damiano
3416 5773 3481 5826 ad
3506 5789 3629 5841 per~
