5904 6636
1112 396 1241 449 1041

2429 391 2495 446 IN
2529 388 2679 446 [ΔΗΒ
2693 387 2786 443 ΒΜ
2827 387 3113 443 NUMiIRI.

4243 387 4382 442 IUL!

1115 518 1202 560 tur
1242 504 1442 573 (Ἐρεῖς.
1478 504 1576 575 τι).
1625 522 1643 556 ο
1707 502 2028 560 Sanctorum
2088 512 2267 559 autem
2314 519 2540 575 regnum
2587 518 2692 556 non
2726 508 2769 563 Α
2802 516 2974 570 neque
3008 503 3059 554 in
3094 515 3282 571 agrum
3331 500 3472 568 regis
3515 498 3677 564 Seon,
3710 514 3885 568 neque
3926 497 3979 555 in
4008 498 4241 564 vineam,
4290 518 4385 556 ne-

1106 606 1193 652 est
1242 598 1293 650 in
1334 610 1618 657 sermone,
1662 595 1757 649 sed
1807 595 1859 651 in
1897 598 2115 650 virtute.
2152 594 2257 649 Sed
2290 595 2383 666 qui
2426 603 2552 650 sunt
2583 594 2696 648 elo-

1107 694 1357 754 q.:entes,
1378 682 1541 739 iidem
1568 692 1693 739 sunt
1739 693 1792 737 et
1818 683 1875 739 in
1900 683 2315 743 amaritudinem
2342 684 2695 747 adducentes,

1106 774 1257 841 quia,
1285 772 1429 828 sicut
1456 771 1628 830 sancti
1660 771 1862 841 quique
1908 771 2149 829 cwlcstis
2179 772 2382 841 eloquii
2422 772 2583 826 mella
2613 773 2694 826 di-

1108 863 1346 925 stillant,
1384 861 1465 916 sic
1513 862 1733 929 reprobi
1769 860 1993 929 quilibet
2018 863 2132 919 suis
2169 862 2512 917 auditoribus
2542 861 2693 916 virus

1109 961 1344 1006 terrena:
1385 952 1639 1007 versutia:
1666 952 2191 1021 amaritudinemque
2222 954 2528 1023 propinant.
2568 952 2693 1007 Iutis

1106 1059 1253 1097 eum
1296 1043 1351 1098 in
1398 1058 1627 1112 persona
1676 1052 1877 1097 sanctae
1904 1044 2159 1099 Ecclesia
2190 1046 2388 1100 dicitur
2417 1064 2429 1099 :
2467 1063 2487 1098 ο
2517 1045 2693 1100 Favus

1108 1131 1383 1188 distillans
1410 1133 1551 1188 labia
1585 1143 1698 1197 tua,
1731 1146 1927 1203 sponsa
1962 1133 2138 1202 (Cant.
2167 1137 2269 1204 tv).
2311 1153 2330 1187 ι
2378 1135 2479 1203 Qui
2529 1137 2689 1190 etiam

1107 1226 1164 1281 in
1223 1225 1393 1295 figura
1450 1227 1693 1293 ejusdem
1754 1224 2011 1280 Etclesite
2050 1226 2346 1282 concinnat
2390 1243 2407 1282 :
2454 1246 2473 1278 ‹
2518 1227 2691 1295 Quam

1106 1315 1286 1370 dulcia
1313 1315 1560 1371 faucibus
1583 1314 1718 1369 meis
1739 1314 1951 1385 eloquia
1981 1325 2095 1382 tua,
2121 1332 2286 1387 super
2312 1316 2415 1371 mel
2437 1325 2491 1373 et
2510 1318 2691 1373 favum

1105 1408 1189 1460 ori
1231 1407 1387 1462 meo!
1420 1424 1439 1457 ι
1472 1405 1645 1477 (Psal.
1673 1407 1888 1477 cxvrn.)
1914 1409 1989 1464 De
2017 1424 2244 1478 quorum
2276 1410 2439 1464 etiam
2476 1411 2694 1466 doctore

1108 1511 1304 1563 sponsa
1348 1495 1477 1549 dicit
1515 1496 1568 1549 in
1610 1494 1851 1552 Cattticis
1882 1516 1895 1551 :
1930 1516 1948 1548 ι
1982 1498 2182 1553 Gultur
2210 1499 2329 1568 ejus
2356 1496 2691 1567 dulcedines,

1105 1597 1162 1641 et
1196 1596 1339 1641 totus
1369 1588 1802 1657 concupiscentia
1853 1588 2032 1658 (Cant.
2077 1590 2153 1661 v).
2201 1610 2219 1643 ι
2264 1592 2337 1646 De
2376 1592 2480 1646 illis
2509 1601 2691 1647 autem

1108 1695 1141 1730 c
1173 1680 1449 1734 contrario
1493 1681 1689 1735 dicitur
1724 1698 1737 1735 :
1774 1700 1792 1733 ι
1824 1680 1959 1747 Quia
1988 1682 2185 1753 linguis
2214 1684 2326 1737 suis
2359 1684 2544 1739 dolose
2570 1701 2693 1755 age-

1106 1767 1271 1835 bant;
1324 1785 1586 1825 venenum
1642 1772 1889 1841 aspidum
1937 1774 2037 1828 sub
2089 1771 2245 1828 labiis
2284 1790 2469 1828 eorum
2512 1774 2689 1845 (I’sal.

1110 1861 1254 1929 aut).
1307 1878 1325 1911 ι
1370 1858 1469 1915 Ubi
1523 1877 1647 1915 mox
1694 1862 1940 1929 sequitur
1992 1882 2005 1916 :

1106 1951 1345 2005 dictione
1382 1962 1436 2006 et
1461 1951 1821 2008 amaritudine
1849 1953 2066 2024 plenum
2098 1967 2180 2010 est
2210 1956 2401 2029 (Ibid).
2450 1976 2469 2010 ο

1183 2041 1335 2096 Unde
1379 2051 1434 2097 et
1486 2044 1703 2099 vineam
1748 2044 1894 2099 illam
1924 2046 2182 2101 Dominus
2227 2064 2323 2117 per
2372 2051 2692 2120 pr0phetam

1104 2147 1138 2185 c
1178 2132 1459 2199 npteritur
1542 2134 1594 2187 in
1678 2136 2093 2193 amaritudinem
2187 2154 2307 2193 esse
2372 2156 2691 2198 convenam

1106 2223 1261 2282 (hui.
1305 2238 1365 2287 v;
1410 2223 1523 2277 Jer.
1561 2224 1623 2293 rt)
1650 2240 1830 2295 ;‘qu;e
1860 2228 2118 2283 nimirum
2152 2230 2225 2284 illi
2254 2272 2266 2294 ,
2300 2247 2329 2285 a
2357 2249 2463 2302 quo
2491 2235 2689 2293 dudum

1104 2323 1425 2381 perceperat
1479 2323 1673 2367 terram
1708 2314 1862 2370 laetis
1902 2329 1956 2371 et
1985 2318 2177 2384 mellis,
2221 2323 2561 2390 postmodum
2598 2326 2693 2379 oh-

1106 2403 1228 2455 tul‘t
1273 2403 1689 2459 amaritudinem
1728 2407 1867 2460 aceti
1909 2408 2069 2463 simul
2114 2419 2169 2464 et
2198 2411 2337 2466 fellis
2373 2411 2552 2483 (Deut.
2588 2415 2689 2481 XI).

1107 2490 1311 2547 Horum
1369 2495 1550 2563 itaque
1606 2495 1975 2567 loquentium,
2024 2500 2109 2555 vel
2160 2502 2215 2558 in
2274 2506 2689 2561 amaritudinem

1108 2584 1515 2646 adducentium,
1549 2584 1689 2641 Seou
1744 2601 1834 2641 ret
1867 2598 1972 2653 est,
2024 2591 2114 2658 qui
2166 2591 2339 2645 elatus
2387 2596 2687 2659 asseritur,

1104 2677 1235 2743 quia
1268 2676 1567 2746 vaniloquis
1612 2686 1667 2734 et
1699 2682 1903 2736 amaris
1953 2682 2113 2749 hujus
2145 2687 2328 2740 mundi
2360 2691 2692 2744 amatoribus

1106 2770 1140 2823 d
1164 2769 1350 2823 abuius
1379 2780 1572 2826 auctor
1603 2775 1870 2841 superbiae
1914 2777 2266 2849 principalur.
2318 2777 2469 2834 [bule
2495 2790 2547 2835 et
2580 2784 2691 2850 ipse

1106 2860 1361 2925 princeps
1391 2860 1574 2913 mundi
1610 2862 1811 2915 dicitur
1840 2863 2022 2929 (Joan.
2063 2881 2157 2927 xu,
2194 2868 2328 2936 xxv),
2362 2868 2501 2923 illius
2543 2872 2691 2925 vide-

1107 2947 1233 3000 licet
1271 2949 1338 3003 de
1379 2965 1491 3019 quo
1526 2952 1658 3005 dicit
1703 2950 1941 3008 Joannes
1986 2974 1998 3008 :
2038 2974 2056 3005 ι
2101 2956 2332 3011 Mundus
2372 2960 2422 3012 in
2456 2961 2691 3029 maligno

1109 3038 1317 3106 positus
1351 3048 1433 3093 est
1461 3039 1511 3108 (I
1544 3038 1704 3094 Jomr.
1741 3044 1814 3113 v).
1862 3062 1879 3094 ι
1924 3043 1991 3097 Et
2037 3043 2298 3100 Dominus
2331 3050 2595 3117 promittit
2627 3050 2691 3103 ib-

1112 3126 1227 3180 lum
1254 3127 1531 3197 discipulis
1564 3130 1825 3199 Spiritum
1858 3134 2203 3200 mittendum,
2227 3152 2386 3205 quem
2421 3138 2509 3192 hic
2538 3158 2692 3198 mun-

1110 3223 1213 3275 dus
1264 3238 1368 3276 non
1418 3233 1595 3292 potest
1637 3226 1888 3295 accipere
1941 3226 2123 3292 (Joan.
2180 3230 2315 3299 xiv).
2371 3231 2512 3286 Dicit
2563 3249 2695 3304 ergo

1107 3313 1274 3370 Israel
1306 3315 1371 3370 ad
1398 3314 1540 3371 Seon
1574 3334 1587 3370 :
1625 3334 1642 3367 ι
1677 3317 1935 3373 Transire
1966 3320 2124 3374 nobis
2161 3320 2321 3375 liceat
2363 3339 2461 3392 per
2493 3335 2693 3383 terram

1110 3414 1297 3471 tuam;
1347 3421 1455 3460 non
1494 3407 1888 3463 declinabimus
1929 3410 1981 3463 in
2014 3425 2171 3483 agros
2198 3421 2253 3467 ct
2280 3415 2466 3467 vineas
2500 3411 2691 3485 (Num.

1105 3495 1247 3565 ut).
1298 3513 1317 3549 ι
1362 3494 1489 3557 Nos,
1519 3496 1678 3566 plane
1727 3513 1823 3551 nos
1869 3515 2076 3563 suntus,
2108 3502 2197 3571 qui
2242 3518 2339 3572 per
2368 3504 2509 3558 hunc
2538 3522 2695 3558 mun-

1108 3584 1238 3640 dum
1283 3586 1349 3640 ad
1390 3596 1589 3640 terram
1636 3590 1885 3657 cupimus
1934 3591 2167 3645 transire
2195 3593 2511 3646 viventium.
2561 3594 2693 3661 Nos,

1112 3675 1354 3745 inquam,
1383 3692 1478 3746 per
1532 3679 1793 3733 terminos
1846 3681 2064 3747 superbi
2116 3682 2261 3751 regis
2308 3681 2585 3741 humiliter
2616 3684 2697 3738 in-

1108 3766 1305 3821 cedere
1353 3768 1602 3823 volumus
1650 3771 1716 3821 ad
1768 3772 2000 3839 patriam
2054 3771 2250 3826 divinae
2296 3774 2691 3841 promissionis.

1108 3856 1180 3911 Et
1205 3858 1459 3926 quoniam
1510 3858 1766 3914 IIebrmus
1811 3861 2198 3931 interpretatur
2250 3864 2550 3927 transiens,
2597 3880 2696 3919 nos

1107 3946 1202 4015 qui
1246 3947 1489 4015 discipuli
1529 3964 1716 4003 sumus
1749 3950 1890 4004 illius
1926 3970 1943 4001 ι
1984 3952 2072 4021 qui
2120 3968 2225 4008 non
2260 3954 2545 4020 habitavit,
2601 3955 2697 4010 sed

1108 4040 1467 4107 pertransivit
1496 4040 1883 4096 benefaciendi)
1910 4053 1963 4095 et
1989 4046 2230 4099 sanando
2258 4061 2450 4101 omnes
2475 4064 2699 4118 oppres-

1108 4140 1263 4182 sos:
1294 4127 1540 4193 diabolo,
1569 4132 1821 4198 quoniam
1875 4133 2032 4203 130
2082 4134 2225 4190 Deus
2270 4146 2387 4190 erat
2436 4153 2559 4191 cum
2607 4139 2698 4192 iilo

1111 4218 1253 4283 (Act.
1290 4220 1369 4286 ι),
1390 4239 1409 4273 ι
1445 4236 1718 4289 nunquam
1751 4239 1849 4278 nos
1873 4226 2212 4282 habitaturos
2245 4243 2367 4283 cum
2396 4228 2538 4283 Seon
2571 4247 2697 4299 rege

1111 4307 1503 4378 promittimus,
1529 4310 1623 4364 Sed
1650 4312 1735 4365 via
1763 4316 2136 4370 tantummodo
2167 4318 2312 4387 regia
2344 4329 2698 4387 processuros
2722 4300 2731 4311 ⁸

1112 4414 1217 4452 nos
1268 4412 1389 4453 esse
1432 4400 1779 4468 spondemns.
1827 4402 1933 4459 Sed
1977 4406 2191 4473 quando
2235 4424 2339 4462 nos
2390 4410 2503 4478 regi
2551 4410 2696 4466 Seon

1112 4489 1220 4545 i.ta
1264 4490 1638 4559 promisimus?
1670 4491 1899 4559 Quando
1946 4482 2329 4554 cobabitationi
2367 4499 2483 4567 ejus
2534 4516 2693 4571 repu.

1112 4578 1270 4633 dium
1323 4580 1601 4636 dedimus?
1651 4584 1866 4650 quando
1918 4584 2198 4643 divisionis
2246 4560 2465 4644 tetcrtitc
2517 4560 2694 4649 {Ledus
2727 4560 2773 4620 ο

1112 4685 1240 4724 eum
1269 4684 1335 4726 eo
1364 4672 1506 4741 pacti
1532 4674 1752 4729 sumus?

1189 4761 1514 4819 Recolamus
1573 4765 1755 4834 itaque
1803 4765 1947 4822 diem
1995 4768 2135 4823 sacri
2185 4769 2561 4839 baptismatis;
2616 4772 2695 4841 ip-

1111 4870 1235 4911 sum
1266 4869 1416 4909 nova:
1464 4858 1891 4925 regenerationis
1934 4859 2216 4915 exordium
2262 4861 2329 4915 ad
2378 4865 2694 4919 memoriam

1115 4944 1459 5010 reducamus,
1495 4958 1551 5001 et
1580 4948 1653 5002 ibi
1692 4965 1787 5003 nos
1808 4950 1990 5021 procul
2020 4952 2183 5007 dubio
2210 4954 2551 5010 renuntiasse
2576 4956 2692 5009 dia-

1114 5039 1242 5095 bolo
1289 5056 1353 5095 ac
1384 5042 1596 5096 cunctis
1622 5042 1739 5111 ejus
1768 5044 1979 5115 pompis
2006 5053 2060 5100 et
2084 5046 2336 5115 operibus
2368 5046 2692 5103 invenimus.

1112 5130 1515 5187 Commemoret
1567 5133 1939 5202 unusquisque
1988 5135 2246 5201 fidelium,
2290 5151 2415 5192 cum
2462 5139 2697 5207 primum

1115 5224 1187 5276 ad
1214 5222 1416 5277 fontem
1450 5224 1649 5279 lavacri
1689 5227 1942 5281 salutaris
1975 5231 2203 5283 accessit
2231 5272 2243 5293 ,
2272 5246 2394 5286 cum
2422 5232 2696 5301 signacula

1114 5311 1245 5368 fidei
1273 5314 1444 5381 prima
1464 5316 1721 5384 suscepit.
1752 5315 1960 5385 Nonne,
1986 5334 2080 5389 per
2102 5321 2489 5376 catcchismum
2519 5337 2701 5376 sacer—

1115 5400 1314 5456 dotalis
1343 5400 1527 5468 oﬂicii,
1559 5404 1643 5457 his
1672 5422 1801 5461 usus
1829 5417 1911 5463 est
1940 5409 2118 5464 verbis
2154 5412 2351 5479 quibus
2396 5425 2454 5466 se
2494 5412 2701 5484 signin-

1117 5498 1272 5545 caret
1311 5490 1591 5548 lethiferas
1620 5498 1805 5551 mundi
1854 5498 2015 5568 hujus
2064 5501 2389 5569 cupiditates
2440 5504 2699 5572 abjicere,

1118 5594 1187 5635 ac
1213 5581 1486 5639 diabolica:
1519 5584 1797 5641 societatis
1841 5591 2257 5645 contubemium
2295 5593 2645 5662 proﬁteretur
2668 5612 2697 5650 a

1118 5687 1183 5726 se
1230 5672 1467 5729 funditus
1499 5675 1787 5730 abdicare?
1831 5679 1897 5734 Et
1936 5682 2036 5737 hoc
2080 5692 2159 5737 est
2188 5685 2329 5753 quod
2375 5686 2427 5741 in
2460 5686 2700 5743 historia:

1119 5764 1464 5823 sermonibus
1495 5764 1865 5836 adumbralur,
1904 5772 2028 5841 quia
2061 5790 2166 5831 non
2200 5774 2699 5847 declinabitlsrael,

2796 606 2902 660 que
2940 592 3005 646 de
3032 592 3151 646 lacu
3181 592 3296 662 ejus
3327 606 3385 646 sc
3429 591 3715 659 pollicetur
3758 590 3940 660 aliquo
3986 591 4147 645 modo
4174 599 4387 658 potatu-

2796 696 2935 739 rum.
2982 684 3087 737 Per
3138 699 3328 755 agrum
3374 684 3604 748 scilicet,
3652 682 3834 752 operis
3877 681 4230 751 exercitium;
4288 696 4388 751 pe:

2794 775 3011 829 vineam
3044 783 3090 827 et
3124 774 3322 838 lacum,
3350 788 3612 827 vanarum
3640 774 3837 827 artium
3869 770 4188 842 intelligitur
4217 786 4385 841 pocu-

2797 863 2928 930 lum,
2974 863 3279 932 astrologia:
3328 863 3557 926 scilicet,
3598 862 3843 933 magicas,
3887 863 4305 917 necromantiae
4332 872 4387 919 et

2796 956 3055 1027 quidquid
3104 965 3189 1011 est
3237 956 3378 1023 quod
3412 971 3613 1008 vanum
3671 954 3875 1024 aliquid
3926 954 4008 1009 vel
4063 953 4386 1025 sacrilegum

2796 1046 3127 1115 dt‘gtnalizut
3186 1054 3376 1099 contra
3426 1043 3709 1099 catholicas
3779 1042 3913 1121 fidei
3968 1044 4249 1113 picatum.
4312 1040 4390 1097 De

2795 1138 2991 1204 qtzéius
3030 1135 3218 1203 utique
3263 1134 3642 1204 pestilentibus
3690 1132 3897 1201 poculis
3944 1142 4134 1187 contra
4163 1144 4389 1202 perver-

2794 1241 2912 1281 sum
2949 1225 3204 1295 populum
3232 1239 3331 1295 per
3364 1224 3655 1279 Jeremiam
3706 1224 3966 1280 Dominus
4008 1222 4388 1293 conqueritur,

2796 1320 3026 1374 dicens:
3065 1337 3084 1370 ι
3134 1318 3249 1373 Duo
3282 1317 3419 1372 mala
3459 1316 3589 1371 fecit
3619 1316 3849 1387 populus
3888 1332 4071 1382 meus;
4108 1332 4193 1373 me
4236 1316 4391 1370 dere-

2794 1408 3088 1479 quueruut,
3121 1406 3323 1465 fontem
3354 1424 3506 1476 aqua:
3527 1409 3682 1469 vivae,
3713 1418 3766 1460 et
3795 1406 4045 1461 foderunt
4066 1406 4171 1459 sibi
4201 1406 4393 1460 cisteb

2796 1516 2897 1554 nas
2948 1501 3262 1569 dissipatas,
3316 1515 3437 1569 qua:
3488 1501 3771 1555 continere
3818 1514 3924 1554 non
3987 1498 4171 1552 valent
4221 1511 4395 1567 aquas

2796 1594 2931 1664 (Jer.
2969 1594 3049 1661 ιι).
3099 1614 3117 1647 ι
3163 1593 3239 1648 De
3276 1595 3472 1664 quibus
3501 1601 3556 1647 et
3602 1608 3697 1661 per
3749 1590 4097 1648 Salomonem
4144 1592 4390 1646 dicitur:

2802 1700 2822 1734 ε
2863 1683 3030 1751 Aqua:
3080 1683 3292 1738 furtiva“:
3322 1683 3589 1737 dulciores
3622 1689 3747 1736 sunt
3794 1680 3973 1751 (Ρνου.
4008 1681 4106 1752 Ix).
4153 1699 4172 1733 ι
4217 1680 4393 1735 liabet

2797 1786 2976 1828 autem
3024 1774 3187 1855 Israel
3236 1774 3413 1829 fontes
3462 1788 3591 1827 suos
3624 1792 3635 1826 :
3672 1792 3690 1825 ι
3734 1772 3791 1827 In
3844 1772 4091 1827 ccclesiis
4119 1813 4135 1837 ,
4176 1772 4349 1841 inquit
4375 1812 4390 1835 ,

2065 1882 2083 1915 ‹
2127 1864 2367 1930 Quorum
2412 1883 2475 1921 os
2524 1858 2763 1923 male-B
2793 1864 3095 1919 benedicite
3152 1866 3262 1920 Deo
3324 1865 3551 1919 Domino
3601 1864 3666 1917 de
3717 1862 3953 1918 fontibus
4001 1861 4162 1916 Israel
4213 1860 4389 1931 (I’ml.

2796 1955 2987 2023 ιιι-ιι).
3032 1973 3051 2006 ι
3098 1954 3331 2023 Superbi
3379 1969 3510 2022 ergo
3541 1952 3685 2008 Seon
3731 1967 3903 2023 aquas
3940 1960 4188 2020 respuat,
4220 1952 4393 2005 lucre-

2796 2046 3028 2100 tieorum
3075 2046 3386 2117 dogmatum
3438 2045 3639 2099 ﬂuenta
3696 2054 4029 2108 contemnat,
4095 2054 4152 2097 et
4204 2063 4221 2093 ι
4260 2044 4393 2097 hau-

2794 2136 2900 2190 riat
2930 2152 3099 2205 aquas
3150 2136 3203 2189 in
3236 2136 3435 2206 gaudio
3485 2136 3551 2190 de
3595 2134 3836 2190 fontibus
3880 2134 4185 2189 Salvatoris
4231 2133 4385 2203 (Iani.

2793 2226 2910 2294 xu).
2961 2245 2977 2275 ι
3021 2225 3123 2290 ρ.ιί
3173 2226 3317 2280 enim
3351 2225 3556 2293 dirupit
3589 2223 3768 2278 fontes
3808 2232 3859 2277 et
3900 2233 4170 2278 torrentes
4213 2221 4390 2293 (ΡειιΙ.

2792 2319 3012 2387 tum),
3045 2319 3131 2373 hic
3162 2318 3213 2371 in
3240 2316 3531 2387 Evangelia
3580 2317 3711 2372 dicit
3737 2335 3749 2371 :
3786 2335 3805 2369 ι
3835 2317 3935 2383 Qui
3965 2317 4165 2373 biberit
4194 2331 4393 2387 aquam

2791 2420 2952 2473 quam
2981 2422 3083 2475 ego
3115 2408 3183 2461 do
3213 2448 3227 2471 ,
3274 2406 3495 2460 fiumina
3532 2406 3599 2461 de
3646 2418 3835 2460 ventre
3877 2407 3993 2473 ejus
4042 2406 4207 2462 liuent
4238 2422 4395 2477 aqua:

2792 2495 2927 2547 vim:
2960 2495 3143 2565 (Joan.
3175 2496 3293 2567 vn).
3344 2516 3361 2548 ι
3407 2495 3513 2551 Sed
3560 2505 3615 2549 et
3642 2496 3727 2549 via
3759 2499 3945 2568 regia,‘
3979 2498 4120 2552 sicut
4163 2506 4245 2551 est
4276 2499 4396 2565 pul-

2794 2587 2996 2651 Iicitus,
3028 2590 3308 2659 gradiatur
3340 2610 3351 2643 :
3395 2608 3412 2640 ί
3448 2588 3566 2654 Via,
3598 2589 3795 2657 inquit,
3828 2590 3973 2660 regia
4002 2589 4333 2659 gradiemur.
4368 2610 4387 2641 ι

2792 2677 2921 2746 Qua:
2952 2689 3037 2733 est
3066 2689 3247 2734 autem
3278 2681 3360 2733 via
3396 2680 3563 2747 regia,
3598 2679 3697 2735 nisi
3734 2679 3820 2732 illa
3856 2694 3979 2748 qua:
4008 2678 4135 2733 dicit
4170 2697 4182 2731 :
4219 2696 4238 2729 ε
4283 2678 4393 2748 Ego

2792 2786 2909 2825 sum
2943 2772 3069 2824 via"
3104 2790 3121 2822 ι
3166 2770 3346 2842 (Joan.
3382 2772 3517 2840 xiv.)
3551 2771 3651 2835 Qui
3685 2771 3847 2823 etiam
3890 2771 3942 2824 in
3976 2771 4093 2839 ipso
4122 2771 4393 2839 passionis

2790 2870 2901 2914 suae
2928 2859 3160 2915 articulo
3185 2874 3243 2915 se
3273 2876 3450 2928 regem
3480 2861 3750 2928 put-bibet,
3778 2860 3907 2914 dum
3941 2860 4017 2914 ait
4043 2878 4057 2913 :
4092 2858 4204 2913 t'I‘n
4228 2859 4391 2925 dicis,

2792 2950 2916 3020 quia
2947 2967 3040 3005 rex
3069 2966 3189 3005 sum
3218 2964 3317 3020 ego
3348 2951 3532 3016 (Joan.
3565 2962 3742 3019 xvtu).
3794 2971 3812 3002 υ

2860 3038 3221 3096 I’roznisimus
3252 3058 3385 3112 ergo
3413 3044 3645 3111 superbo
3695 3042 3804 3110 regi
3853 3040 3995 3096 Seon
4025 3040 4144 3109 ejus
4190 3039 4394 3097 fluenta

2796 3148 2903 3189 non
2935 3135 3143 3200 bibere,
3193 3150 3299 3188 non
3331 3135 3383 3188 in
3430 3149 3591 3204 agros
3638 3132 3721 3185 vel
3753 3134 3940 3188 vineas
3970 3132 4271 3199 declinare,
4299 3148 4389 3186 re-

2721 3205 2768 3269 C
2799 3224 2885 3295 gia
2920 3224 3007 3279 via
3052 3240 3151 3279 nos
3178 3224 3449 3286 incedere,
3482 3224 3585 3278 hoc
3626 3232 3729 3287 est,
3776 3223 3842 3276 ad
3869 3223 4149 3278 Christum
4184 3237 4283 3291 per
4311 3224 4394 3293 ip-

2796 3329 2917 3370 sum
2949 3306 3345 3386 'properantes,
3392 3315 3460 3369 ab
3513 3315 3766 3369 omnibus
3815 3315 4014 3370 diaboli
4065 3318 4278 3386 pompis
4340 3326 4397 3371 et

2795 3408 3051 3477 operibus
3074 3408 3371 3462 abstinere.
3405 3406 3512 3461 Sed
3538 3406 3715 3462 elatus
3760 3406 3850 3463 ille
3899 3406 4043 3464 Seon
4086 3410 4391 3464 exercitum

2793 3500 3101 3571 eolligit,et
3148 3500 3312 3556 Israel
3360 3516 3457 3570 per
3501 3516 3628 3556 suos
3674 3501 3807 3556 lines
3853 3501 4059 3557 habere
4102 3504 4393 3557 transitum

2795 3605 2903 3645 non
2937 3586 3223 3660 permittit.
3281 3592 3414 3659 Quis
3464 3602 3547 3646 est
3597 3602 3777 3648 autem
3818 3595 4050 3666 populus
4095 3595 4185 3651 ille
4229 3612 4393 3665 quem

2800 3682 2941 3737 Seon
2969 3694 3262 3755 congregat
3286 3687 3546 3739 adversus
3570 3684 3757 3751 Israel,
3807 3687 3913 3741 nisi
3942 3688 4159 3757 reprobi
4188 3690 4394 3759 quique

2797 3774 2890 3843 qui
2919 3784 3323 3843 persequuntur
3350 3773 3695 3831 Ecclesiam?
3729 3777 3809 3833 Ex
3857 3778 3946 3835 his
3975 3788 4103 3834 sunt
4150 3766 4387 3851 tyranni.

2794 3865 2965 3922 duces
3009 3875 3065 3920 et
3108 3865 3384 3935 principes
3412 3867 3621 3932 mundi,
3664 3868 3756 3936 qui
3809 3869 3894 3923 vel
3928 3869 4221 3927 catholicis
4259 3869 4395 3925 viris

2794 3970 2895 4025 per
2926 3957 3236 4012 luereticatn
3268 3958 3593 4026 pravitatem
3635 3969 3914 4028 opponunt
3941 3960 4394 4019 contradictionis

2796 4048 3096 4110 obstacula,
3124 4047 3209 4101 vel
3250 4049 3456 4103 sanctis
3497 4049 3829 4120 martyribus
3857 4050 4157 4107 moliuntur
4186 4050 4393 4110 inferre

2799 4148 3094 4195 tormenta.
3146 4136 3255 4193 Sed
3278 4140 3407 4208 quid
3433 4140 3502 4193 ad
3542 4141 3657 4195 haec
3684 4140 3814 4196 facit
3854 4142 4059 4197 Israel?
4088 4143 4391 4215 Interrogc-

2798 4247 2921 4286 mus
2958 4230 3239 4285 historiam
3272 4248 3285 4283 :
3324 4250 3342 4283 ι
3388 4231 3565 4315 Venjt,
3612 4232 3809 4303 inquit,
3840 4234 3892 4291 in
3924 4235 4068 4291 Issar
4093 4235 4289 4309 [Jasa],
4334 4244 4390 4293 ct

2800 4326 3061 4394 pugnavit
3089 4332 3281 4379 contra
3311 4339 3434 4377 eum
3481 4320 3665 4391 (Num.
3707 4325 3844 4395 ut).
3892 4344 3912 4378 υ
3956 4328 3996 4381 Α
4029 4343 4136 4396 quo
4169 4343 4397 4396 percus-

2800 4428 2891 4467 sus
2939 4422 3025 4467 est
3073 4412 3215 4469 Seon
3253 4414 3305 4467 in
3354 4429 3450 4469 ore
3478 4413 3663 4482 gladii,
3712 4426 3767 4471 et
3816 4430 4065 4484 possessa
4108 4428 4197 4472 est
4242 4428 4389 4473 terra

2801 4502 2917 4572 ejus
2944 4504 3013 4558 ab
3059 4504 3245 4558 Arnen
3281 4517 3450 4575 usque
3489 4503 3710 4560 Laboch
3752 4504 3999 4580 [Jeboc].
4030 4506 4170 4563 Ecce
4199 4524 4392 4580 supcr-

2802 4592 2922 4658 bus,
2957 4608 3085 4650 ecce
3115 4594 3291 4650 elatus
3318 4609 3645 4666 congressus
3672 4605 3775 4661 est,
3808 4597 3903 4654 sed
3934 4599 4203 4662 contritus
4234 4615 4388 4656 com-

2800 4684 2951 4739 misit
2994 4695 3049 4741 et
3094 4685 3349 4755 perdidit,
3384 4685 3439 4741 in
3484 4700 3635 4741 arma
3686 4687 3936 4756 prosiluit
3983 4698 4039 4743 et
4080 4691 4388 4745 succubuit.

2800 4776 2905 4843 Qui
2939 4776 3112 4831 noluit
3140 4777 3294 4848 131
3324 4777 3455 4834 dare
3482 4777 3648 4843 viam,
3674 4779 3911 4849 perdidit
3936 4780 4125 4845 vitam,
4169 4792 4227 4836 et
4261 4782 4389 4837 dum

2801 4870 3131 4937 contempsit
3160 4884 3402 4925 annuere
3447 4869 3677 4939 publica:
3722 4870 3821 4924 via:
3852 4873 4142 4932 transitum
4170 4914 4184 4937 ,
4209 4874 4392 4930 amisit

2804 4960 3082 5030 proprium
3114 4960 3309 5030 regalis
3338 4961 3521 5032 gloria:
3547 4962 3935 5033 principatum.
3978 4965 4141 5019 Israel
4168 4979 4349 5021 autent
4373 5009 4389 5031 ,

2802 5052 2892 5122 qui
2929 5055 3217 5109 transitum
3256 5071 3361 5111 non
3390 5055 3653 5122 obtinuit,
3692 5058 3757 5112 ad
3788 5059 4147 5115 baereditarim
4173 5074 4384 5129 posscs-

2804 5147 2975 5202 siouis
3011 5146 3135 5216 jura
3167 5149 3448 5217 pervenit;
3482 5157 3556 5215 et,
3590 5150 3677 5207 cui
3725 5151 3957 5206 transire
3982 5167 4088 5207 non
4126 5152 4299 5216 licuit,
4326 5152 4393 5210 de

2805 5238 2888 5290 via
2920 5238 3151 5304 patriam
3182 5238 3332 5293 fecit.

2876 5328 2982 5382 Sed
3015 5328 3128 5393 ubi,
3175 5345 3381 5399 quaeso,
3418 5329 3618 5387 fratres
3662 5333 3791 5397 mei,
3836 5334 3928 5388 ubi
3974 5334 4088 5390 haec
4133 5345 4217 5389 est
4270 5349 4396 5404 per-

2804 5426 2927 5471 acta
2967 5418 3237 5473 victoria?
3266 5419 3419 5475 Felix
3439 5421 3649 5477 scilicet
3678 5422 3847 5487 locus,
3871 5423 3961 5493 qui
4005 5432 4164 5479 luntre
4203 5423 4391 5496 gloriae

2804 5511 3007 5564 meruit
3032 5512 3214 5565 videre
3246 5513 3608 5582 triumphum!
3644 5514 3768 5579 Ubi,
3803 5514 4049 5583 inquam,
4092 5517 4390 5586 superbum

2805 5613 2986 5669 regem
3016 5600 3252 5656 obtinuit
3279 5601 3481 5657 Israel?
3502 5600 3555 5657 In
3584 5604 3776 5659 Issaar.
3804 5604 3981 5660 Issaar
4012 5615 4195 5659 autem
4220 5606 4393 5660 inter-

2800 5695 3046 5757 pretatur
3072 5692 3308 5745 mandati
3348 5693 3670 5762 adimplctio.
3703 5693 3771 5749 Et
3801 5710 3918 5757 nos,
3952 5695 3997 5748 si
4025 5695 4091 5749 ad
4121 5694 4265 5748 hunc
4305 5694 4390 5752 Ιοο

2804 5795 2926 5836 cum
2959 5782 3069 5835 Deo
3100 5781 3235 5838 duce
3278 5782 3659 5854 pertingimus,
3685 5786 3956 5840 «baiulum
3990 5786 4174 5855 procul
4205 5786 4389 5851 dubio,
