5904 6590
1543 351 1679 407 1045

2463 349 2958 407 COLLECTANEA
2990 349 3058 406 IN
3099 349 3324 408 VETUS
3355 350 3897 413 TESTAMENTUM.

4667 357 4800 415 {OM

1537 459 1626 528 qui
1664 465 1824 526 caput
1849 465 1904 510 et
1931 456 2084 526 origo
2125 463 2208 510 est
2235 454 2518 526 superbiae,
2569 471 2906 525 superamus.
2953 457 3103 513 Tune
3133 465 3178 519 Α
3209 473 3275 512 ne
3303 473 3513 526 parcas,
3553 460 3740 532 longos
3772 461 3858 519 fac
3889 461 4154 519 t'unlculos
4185 470 4326 532 tuos,
4365 473 4420 522 et
4459 466 4650 524 clavos
4683 478 4795 524 tuos

1536 550 1678 602 enim
1711 547 1978 600 diabolum
2023 545 2310 610 vincimus,
2339 561 2462 600 cum
2513 543 2890 615 Redemptoris
2936 547 3104 600 nostri

1534 638 1786 692 mandata
1818 635 2171 705 complemns,
2199 650 2503 705 quanquam
2533 637 2674 705 quod
2703 647 2787 690 est
2835 635 3103 690 diabolum

1530 729 1750 782 vincere
1777 769 1790 791 ,
1835 728 1939 782 hoc
1987 729 2158 797 ipsum
2202 728 2273 782 sit
2318 728 2499 781 divina
2532 728 2782 781 mandata
2813 726 3101 796 complere.

1529 815 1690 884 Nam,
1734 817 1857 871 dum
1888 817 2070 871 carnis
2102 817 2381 870 illecebras
2413 816 2728 886 frangimus,
2765 816 2890 870 dum
2924 817 3104 884 pravis

1529 910 1795 964 viscerum
1842 910 2184 979 passionibus
2231 910 2588 972 reluctamur,
2619 911 2742 962 dum
2771 909 2968 963 divinae
2988 908 3102 978 jus-

1527 999 1696 1054 sionis
1741 1000 1970 1070 imperio
2015 1003 2315 1065 subdimur,
2359 1011 2413 1054 et
2462 1017 2565 1054 non
2615 1011 2798 1054 nostra
2830 1011 2951 1056 vota
3006 1002 3100 1056 sed

1525 1093 1670 1148 illius
1709 1093 1857 1160 jussa
1909 1108 2220 1159 servamus,
2267 1103 2391 1147 tunc
2453 1094 2655 1162 absque
2701 1093 2865 1147 dubio
2914 1092 3097 1146 mundi

1529 1184 1825 1254 principem
1875 1193 1926 1238 et
1965 1185 2124 1238 totius
2154 1185 2406 1253 nequitiae
2441 1185 2769 1238 debellamus
2796 1193 3097 1238 auctorem.

1529 1275 1677 1330 Tunc
1724 1275 2019 1344 apostolica
2074 1275 2162 1328 illa
2215 1275 2389 1330 oratio
2439 1275 2740 1342 completur
2789 1275 2842 1328 in
2890 1275 3047 1328 nobis
3079 1314 3096 1338 ,

1523 1366 1738 1436 quando
1764 1367 1961 1422 dicitur
1994 1387 2005 1420 :
2050 1386 2068 1418 ι
2112 1367 2252 1422 Deus
2283 1377 2461 1421 autem
2491 1369 2640 1435 pacis
2670 1376 2916 1422 conterat
2945 1365 3098 1420 Sa:a-

1523 1475 1648 1514 nam
1679 1459 1780 1513 sub
1809 1458 2036 1528 pedibus
2072 1459 2266 1512 vestris
2295 1456 2468 1525 (Rom.
2503 1459 2632 1526 xvi).
2681 1478 2699 1507 ι
2742 1458 2807 1511 Ει
2841 1457 2966 1510 illud
2998 1473 3095 1511 no-

1521 1551 1606 1606 bis
1641 1549 1899 1605 Dominus
1932 1550 2073 1617 quod
2122 1551 2372 1618 promisit
2416 1550 2651 1618 impertit
2681 1567 2692 1603 :
2729 1569 2746 1598 ‹
2783 1550 2920 1605 Ecce
2971 1550 3092 1604 dedi

1515 1643 1672 1698 vobis
1701 1651 2018 1714 potestatem
2055 1643 2294 1696 calcandi
2338 1657 2496 1708 supra
2525 1651 2806 1708 serpentes
2847 1651 2899 1695 et
2943 1656 3094 1696 scor-

1517 1734 1728 1804 piones,
1772 1743 1827 1788 et
1856 1749 2015 1802 super
2043 1749 2255 1787 omnem
2297 1734 2550 1786 virtutem
2584 1733 2809 1798 inimici,
2855 1743 2909 1786 et
2959 1733 3090 1786 nihil

3208 553 3481 605 consolida
3509 552 3665 621 (lsai.
3691 557 3820 624 Liv).
3855 575 3872 608 ι
3904 555 4014 610 Cur
4040 565 4215 611 autem
4244 557 4358 612 lnec
4384 573 4547 628 agere
4575 559 4788 622 debeat,

3207 642 3404 708 aperit,
3448 657 3569 695 eum
3619 644 3897 711 subjunxit
3938 661 3952 697 :
3987 663 4006 695 ι
4038 645 4119 699 Ad
4148 645 4423 700 dexteram
4455 648 4605 702 enim
4641 657 4698 703 et
4726 650 4786 701 ad

3205 731 3392 786 lzevam
3420 735 3748 802 penetrabis,
3776 746 3829 790 et
3871 751 4053 790 semen
4086 745 4232 790 tuum
4277 747 4465 808 gentes
4493 739 4783 793 haeredita-

3205 820 3284 874 bit
3316 821 3525 892 (lbid.).
3578 846 3592 874 ι
3640 826 3826 892 Omnis
3852 842 3980 897 ergo
4008 835 4148 882 terra
4180 825 4317 882 Seon
4360 829 4552 883 cecidit
4593 831 4642 882 in
4678 831 4780 884 hrc-

3203 912 3486 965 reditatem
3513 914 3692 974 Israel,
3719 915 3806 982 qui
3838 917 3961 968 dum
3994 916 4242 986 princeps
4271 918 4450 971 mundi
4482 917 4641 987 hujus
4665 919 4776 990 gla-

3203 1002 3293 1057 dio
3336 1004 3503 1057 divini
3539 1006 3686 1058 verbi
3719 1005 4002 1061 confossus
4027 1007 4316 1075 egreditur,
4351 1018 4531 1062 saneta
4560 1010 4776 1063 univcr—

3202 1093 3331 1147 salis
3361 1095 3598 1149 Ecclesia
3629 1112 3724 1165 per
3749 1098 3988 1167 ejusdem
4019 1098 4199 1153 mundi
4225 1099 4476 1153 terminos
4498 1100 4769 1154 dilatatur.

3200 1182 3310 1238 Nec
3341 1187 3774 1253 pnetercundum
3806 1188 4043 1243 arbitror
4081 1204 4200 1243 esse
4247 1189 4388 1260 quod
4420 1191 4618 1246 dicitur
4643 1193 4767 1259 quia

3198 1289 3444 1342 possessa
3495 1286 3578 1329 est
3626 1287 3769 1332 terra
3817 1279 3932 1348 ejus
3990 1281 4058 1333 ab
4103 1280 4284 1333 Arnon
4333 1295 4499 1347 usque
4553 1279 4765 1335 Laboeb

3201 1363 3437 1436 [Jaboc].
3470 1367 3653 1420 Arnon
3701 1369 3900 1437 itaque,
3932 1384 4050 1438 qua:
4075 1378 4158 1424 est
4186 1369 4391 1423 initium
4423 1371 4566 1438 regni
4602 1370 4766 1424 Seon.

3199 1455 3596 1520 interpretatur
3652 1457 4043 1512 ntaledirtiones
4113 1475 4310 1512 eorum.
4367 1457 4548 1513 Omnis
4623 1460 4766 1513 enim

3195 1546 3454 1610 mundus,
3486 1547 3581 1613 qui
3628 1557 3752 1600 ante
3783 1547 4080 1602 Salvator-is
4108 1548 4392 1602 adventum
4439 1549 4532 1601 sub
4572 1549 4767 1603 diaboli

3195 1636 3548 1702 premebatur
3595 1636 3844 1704 imperio,
3899 1637 4289 1690 maledictionis
4336 1635 4558 1690 habebat
4603 1638 4768 1706 origi-

3198 1743 3341 1791 nmo,
3395 1729 3520 1794 quia
3572 1728 3966 1784 benedictionis
4024 1730 4301 1801 ignorabat
4355 1739 4659 1794 auctorem;
4697 1729 4766 1785 de

1514 1823 1673 1879 vobis
1716 1823 1932 1878 nocebit
1961 1823 2107 1892 (Luc.
2145 1824 2220 1892 x).
2269 1845 2284 1872 ι
2335 1822 2438 1877 Sed
2490 1838 2611 1877 cum
2653 1824 2792 1878 Seon
2824 1825 3094 1892 exprimat
3127 1806 3169 1863 Β
3197 1832 3303 1885 quo
3336 1819 3589 1870 nimirmn
3620 1835 3714 1888 per
3745 1819 4066 1890 Prophetam
4097 1819 4292 1874 dicitur
4320 1839 4333 1874 :
4370 1838 4388 1870 ι
4426 1819 4760 1875 Benedictio-

1515 1916 1798 1984 antiquum
1839 1916 2072 1979 hostem,
2119 1917 2342 1986 populus
2388 1925 2564 1970 autem
2599 1921 2716 1984 ejus
2741 1931 2985 1986 quosque
3011 1931 3096 1970 re-

1513 2007 1734 2076 probos,
1786 2005 1867 2060 vel
1913 2005 2165 2062 Ecclesia:
2218 2018 2627 2076 persecutores,
2675 2007 2766 2076 qui
2817 2008 2983 2060 armis
3027 2007 3094 2059 ab

1511 2095 1698 2159 Israel,
1737 2096 1838 2150 hoc
1875 2104 1978 2158 est,
2011 2111 2039 2148 a
2075 2098 2276 2150 sanctis
2324 2097 2768 2164 praedicatoribus
2807 2106 2927 2149 sunt
2973 2111 3094 2162 pro-

1511 2185 1689 2249 strati,
1733 2201 1838 2254 quo
1888 2201 2143 2239 mucrone
2187 2185 2405 2255 perfossi
2436 2226 2450 2246 ,
2489 2201 2596 2253 quo
2641 2185 2872 2254 denique
2915 2186 3091 2255 gladio

1510 2283 1638 2330 sunt
1689 2277 1998 2346 perempti?
2067 2275 2170 2330 Sed
2225 2278 2344 2329 audi
2396 2275 2706 2343 Aposlohnn
2738 2319 2750 2339 ,
2798 2276 3090 2344 spiritualis

1508 2367 1699 2435 utique
1745 2367 1949 2421 militia:
2000 2367 2212 2430 ducem,
2241 2376 2293 2421 et
2336 2378 2615 2421 strenuum
2645 2368 2882 2419 intestini
2922 2366 3087 2434 pt':t‘lii

1507 2458 1823 2514 bellatorem
1855 2477 1867 2512 :
1903 2478 1920 2508 ι
1953 2459 2118 2513 Vivus
2145 2469 2225 2513 est
2251 2500 2265 2520 ,
2300 2459 2473 2527 inquit
2495 2501 2507 2521 ,
2542 2475 2718 2511 sermo
2748 2459 2864 2519 Dei,
2895 2469 2945 2511 et
2981 2457 3090 2511 cﬂi-

1507 2566 1606 2604 cax
1639 2559 1692 2603 et
1741 2550 2129 2618 penetrabilior
2173 2551 2317 2603 omni
2366 2548 2544 2618 gladio
2597 2549 2852 2615 ancipiti,
2887 2549 3088 2616 pertin-

1506 2657 1640 2712 gens
1671 2656 1841 2709 usque
1881 2641 1948 2695 ad
1994 2641 2309 2694 divisionem
2344 2641 2536 2692 anitnze
2559 2654 2621 2691 ac
2666 2640 2911 2706 Spiritus,
2941 2653 3086 2692 com-

1502 2747 1698 2803 pagum
1727 2747 1940 2801 quoque
1983 2747 2046 2785 ac
2095 2731 2476 2793 medullarum,
2501 2739 2551 2782 ct
2582 2730 2848 2783 tli$CitIOT
2880 2731 3086 2795 cogita-

1502 2822 1712 2878 tionum
1761 2833 1816 2876 et
1852 2823 2207 2875 iuteutionmn
2250 2822 2429 2874 cordis
2475 2819 2663 2888 (Hebr.
2717 2821 2812 2884 ιτ).
2862 2840 2877 2870 ι
2935 2819 3085 2873 Hunc

1503 2911 1790 2966 divisionis
1847 2911 2081 2981 gladium
2129 2908 2448 2978 evaginaibat
2499 2910 2604 2961 dux
2651 2918 2702 2961 et
2756 2920 2946 2961 atlt‘!0t‘
2999 2908 3084 2962 ille

1502 3000 1862 3056 certaminum
1891 3016 1956 3055 ac
1989 3001 2246 3053 Dominus
2276 2998 2595 3052 bellatorum
2623 3039 2637 3060 ,
2667 3013 2796 3049 cum
2820 2997 3033 3051 diccbat
3065 3015 3079 3051 :

1508 3115 1527 3144 ι
1574 3092 1747 3146 Nolite
1773 3101 1962 3160 putare
1988 3093 2109 3160 quia
2154 3092 2270 3143 veni
2301 3089 2513 3143 mittere
2538 3104 2724 3157 pacem
2755 3090 2806 3141 in
2835 3099 3035 3142 terram
3062 3106 3076 3153 ;

3196 1923 3318 1960 nem
3361 1908 3506 1960 dabit
3557 1910 3646 1976 qui
3685 1910 3851 1978 legem
3889 1912 4032 1964 dedit
4059 1909 4226 1978 (Psal.
4264 1911 4507 1980 ωαξης).
4550 1929 4568 1963 ι
4614 1910 4765 1966 Unde

3195 2009 3248 2050 et
3278 1999 3567 2066 Apostolus
3600 2001 3674 2051 ait
3707 2019 3718 2051 :
3755 2019 3772 2049 ι
3809 2001 4124 2070 Quicunque
4162 2001 4302 2055 enim
4333 2018 4393 2053 ex
4420 2002 4762 2069 Operibusle-

3193 2092 3274 2159 gis
3329 2103 3472 2153 sunt,
3522 2095 3621 2145 sub
3652 2094 3934 2148 maledicto
3987 2106 4108 2150 sunt
4158 2093 4298 2166 (Gal.
4329 2095 4425 2166 ιιι).
4478 2115 4496 2147 ι
4537 2097 4618 2150 An
4650 2112 4755 2151 non

3194 2184 3592 2236 maledictionis
3645 2184 3975 2239 habebamus
4024 2187 4253 2247 initium,
4304 2187 4368 2240 de
4411 2187 4602 2256 quibus
4630 2188 4760 2241 dici-

3189 2283 3280 2345 tur
3311 2292 3322 2325 :
3363 2292 3380 2322 ι
3417 2274 3668 2338 Eramus,
3702 2277 3895 2344 inquit,
3935 2287 4124 2329 natura
4155 2278 4243 2330 lilii
4274 2279 4384 2340 ine,
4405 2279 4539 2331 sicut
4565 2287 4620 2331 et
4662 2294 4758 2332 c2-

3191 2363 3290 2414 tcri
3323 2359 3537 2430 (Ep/tes.
3568 2365 3649 2430 ιι).
3700 2384 3718 2414 ι
3764 2363 3910 2417 Finis
3941 2374 4117 2417 autem
4173 2365 4317 2434 regni
4367 2366 4505 2419 illius
4546 2376 4628 2418 est
4662 2365 4754 2422 La-

3189 2451 3352 2512 bot-h,
3412 2457 3554 2522 quod
3621 2456 4009 2524 interpretatur
4071 2456 4346 2509 luctamen.
4395 2454 4621 2511 Necesse
4676 2469 4756 2513 est

3189 2542 3330 2594 enim
3363 2558 3552 2597 omnes
3602 2544 3694 2612 qui
3745 2545 3928 2598 volunt
3957 2545 4109 2598 exire
4158 2545 4224 2600 de
4271 2561 4429 2614 regno
4465 2545 4659 2602 diaboli
4701 2557 4752 2600 et

3186 2632 3302 2699 ejus
3333 2632 3464 2686 fines
3490 2635 3747 2697 evadere,
3780 2635 4137 2689 tentationum
4184 2637 4532 2705 ingruentium
4576 2649 4749 2691 certa-

3186 2721 3329 2772 mina
3379 2721 3633 2774 tolerare.
3664 2721 3816 2786 Quod
3863 2723 3906 2775 si
3938 2725 4219 2792 quisquam
4258 2723 4485 2792 legitime
4515 2734 4750 2779 certave-

3186 2812 3281 2874 rit,
3337 2822 3392 2865 et
3443 2813 3674 2865 viriliter
3724 2815 4031 2867 obluctatus
4082 2815 4318 2875 evicerit,
4362 2814 4470 2881 jam
4519 2829 4620 2868 non
4650 2816 4748 2869 erit

3188 2899 3402 2954 Laboeh
3433 2902 3626 2955 civitas
3655 2902 3821 2964 Seon,
3850 2904 3942 2957 sed
3972 2905 4162 2958 civitas
4188 2903 4376 2966 lsrael;
4406 2920 4506 2957 non
4548 2906 4746 2960 scilicet

3185 2991 3275 3056 qui
3330 2991 3383 3043 in
3429 3008 3593 3045 carne
3624 2993 3692 3044 sit
3741 2993 3922 3054 lsrael,
3975 3009 4072 3046 nec
4122 2994 4174 3045 in
4211 2993 4488 3047 manifesto
4515 2993 4741 3056 Judzeus,

3185 3080 3276 3132 sed
3310 3082 3401 3148 qui
3433 3082 3487 3134 in
3517 3083 3733 3137 Christo
3754 3083 3823 3136 sit
3850 3083 4034 3147 Israel,
4063 3083 4410 3138 circumcisus
4436 3084 4610 3148 corde,
4642 3099 4742 3138 non

1498 3200 1605 3240 non
1652 3185 1795 3239 enim
1827 3184 1946 3239 veni
1977 3199 2164 3253 pacem
2195 3185 2430 3245 mittere,
2477 3183 2572 3235 sed
2601 3181 2833 3250 gladium
2864 3181 3077 3250 (Matth.
3113 3151 3158 3213 Ο
3189 3186 3374 3225 came-

1498 3275 1580 3342 x).
1620 3294 1638 3327 ι
1673 3273 1882 3328 Audisti
1913 3273 2146 3343 gladium
2174 3273 2528 3336 dividentem;
2576 3271 2700 3324 audi
2747 3289 3080 3338 enusequen-

1499 3373 1586 3418 ter
1644 3374 1699 3419 ct
1730 3365 1898 3435 ipsam
1926 3364 2240 3417 divisionem
2278 3381 2291 3414 :
2327 3383 2343 3412 ι
2382 3362 2536 3425 Veni,
2588 3363 2782 3430 inquit,
2828 3379 3079 3430 separare

1497 3448 1771 3505 hominem
1818 3451 2078 3506 adversus
2123 3461 2331 3522 patrem
2385 3467 2561 3512 suum,
2609 3460 2661 3505 et
2695 3451 2858 3504 liliam
2889 3454 3080 3505 adver-

1496 3555 1592 3595 sus
1620 3551 1845 3595 matrem
1876 3557 2048 3605 suam,
2075 3553 2130 3596 et
2158 3558 2350 3594 nurmn
2376 3542 2630 3595 adversus
2653 3558 2867 3596 sorrum
2893 3557 3072 3606 suam;

1499 3635 1554 3683 et
1608 3631 1810 3686 inimici
1862 3631 2100 3688 hominis
2148 3633 2426 3686 domestici
2475 3631 2590 3698 ejus
2635 3632 2844 3702 (lbitl.).
2896 3655 2913 3685 ι
2967 3634 3077 3688 lloc

1495 3723 1678 3794 itaque
1713 3723 1888 3794 gladio
1921 3735 1974 3778 et
2003 3723 2144 3778 Seon
2185 3733 2267 3778 est
2297 3734 2627 3792 peremptus,
2673 3735 2727 3778 et
2757 3727 2932 3780 omnis
2961 3725 3076 3793 ejus

1496 3815 1771 3868 exercitus
1818 3814 2091 3869 communi
2121 3813 2264 3869 caede
2295 3822 2616 3883 prostratus,
2661 3816 2787 3883 quia
2820 3817 3073 3869 nimirum

1493 3904 1674 3974 gladio
1702 3905 1943 3974 spiritus,
1974 3906 2114 3974 quod
2144 3915 2224 3960 est
2249 3907 2475 3960 verbum
2521 3906 2615 3960 Dei
2647 3906 2861 3975 (Epltcs.
2897 3909 2992 3974 vi),
3022 3918 3076 3962 et

1495 3995 1739 4050 diabolus
1765 3997 2064 4059 corruit,et
2091 3996 2366 4066 subjectus
2397 3995 2496 4049 sibi
2536 3996 2762 4066 populus
2792 3998 2859 4051 ab
2889 3998 3075 4052 inlide-

1497 4087 1672 4141 litatis
1705 4102 1817 4142 suae
1844 4089 1952 4142 vita
1977 4087 2192 4143 defecit.

1563 4178 1697 4232 (gum
1742 4177 1924 4246 itaque
1957 4178 2238 4248 Scriptura
2279 4179 2559 4248 perhibeat
2589 4182 2730 4249 quod
2766 4183 2840 4236 illi
2875 4183 2927 4237 in
2976 4198 3073 4238 ore

1494 4268 1650 4338 gladii
1681 4279 1804 4323 sunt
1835 4273 2134 4340 perempti,
2183 4275 2249 4327 de
2298 4273 2418 4326 istis
2463 4289 2568 4325 non
2621 4275 2911 4343 incongrue
2963 4276 3070 4330 dici

1491 4369 1669 4428 potest
1699 4361 1959 4430 quoniam
1996 4360 2263 4416 interfecti
2296 4372 2421 4418 sunt
2468 4362 2645 4432 gladio
2676 4365 2806 4418 oris.
2856 4364 2920 4416 lit
2947 4380 3068 4418 cum

1490 4448 1752 4503 Dominus
1777 4451 1924 4505 dicat
1955 4469 1974 4502 ι
2011 4453 2133 4522 quia
2167 4454 2416 4522 princeps
2444 4454 2626 4507 mundi
2655 4454 2899 4522 ejicietur
2924 4455 3067 4510 foras

1490 4537 1675 4608 (Joan.
1705 4541 1828 4608 xu),
1847 4557 1864 4589 ι
1893 4555 2016 4593 mox
2042 4549 2102 4594 ut
2129 4541 2268 4596 Seon
2291 4541 2526 4609 ejicitur,
2559 4543 2700 4596 illico
2732 4561 2825 4612 per
2849 4557 3063 4598 otiizrem

1487 4628 1676 4682 mundi
1709 4627 2047 4684 latitudinem
2096 4629 2299 4695 Israel,
2355 4633 2404 4684 id
2450 4643 2533 4686 est
2585 4645 2768 4687 sancta
2805 4635 3066 4698 Ecclesia,

1487 4729 1845 4790 propagatur;
1880 4737 2002 4776 mox
2030 4722 2171 4776 enim
2203 4733 2256 4774 ut
2286 4737 2405 4775 cum
2439 4724 2679 4791 principe
2711 4742 2805 4776 suo
2839 4726 3065 4778 inﬁdeli-

1489 4820 1573 4862 tas
1602 4813 1865 4867 exstincta
1897 4812 2198 4876 collabitur,
2235 4814 2366 4867 fides
2399 4816 2783 4884 triumphantis
2813 4817 3064 4872 Ecclesiae

1488 4899 1740 4953 dilatatur
1768 4918 1782 4953 :
1821 4913 1873 4956 et
1907 4904 1996 4971 qui
2026 4902 2235 4957 fuerant
2278 4915 2500 4957 eatenus
2527 4907 2763 4965 exsules,
2793 4907 2923 4957 .‘iuut
2946 4918 3063 4974 post

1482 4988 1770 5044 Victoriam
1796 5005 2151 5060 possessores.
2200 4993 2350 5048 [inde
2392 5004 2445 5048 et
2484 4995 2654 5048 eidem
2690 4995 2943 5048 Errlcsim
2973 5013 3066 5064 per

1484 5079 1675 5134 Isaiam
1709 5081 1907 5135 dicitur
1939 5101 2003 5145 ιλι
2035 5082 2266 5150 Populus
2288 5095 2463 5138 autem
2515 5095 2654 5150 tuus,
2695 5102 2883 5139 omnes
2907 5087 3062 5155 justi,

1483 5177 1538 5230 iu
1590 5183 1904 5243 perpetuum
1967 5174 2122 5244 132
2198 5175 2584 5232 litereditabunt
2651 5188 2848 5231 terram
2903 5179 3058 5248 (Iani.

1486 5266 1678 5334 XLVII).
1726 5286 1742 5314 ›
1789 5267 1861 5320 De
1889 5280 1994 5334 quo
2025 5265 2218 5336 populo
2266 5275 2322 5320 et
2367 5270 2700 5335 postmodum
2733 5272 2900 5323 dicit;
2941 5289 2959 5321 ι
2996 5271 3061 5324 Et

1481 5353 1820 5420 habitabant,
1857 5365 1911 5411 et
1954 5355 2268 5426 plantabunt
2306 5357 2511 5420 vineas,
2535 5368 2587 5412 et
2614 5364 2901 5417 comedent
2945 5360 3055 5415 fru-

1483 5458 1604 5504 ctus
1641 5463 1827 5503 earum
1877 5449 2030 5520 (Isai.
2066 5452 2210 5518 va).
2262 5470 2280 5503 ι
2321 5452 2513 5506 Adhuc
2566 5455 2725 5507 etiam
2763 5455 2901 5508 idem
2932 5471 3053 5524 pro.

1480 5539 1636 5608 pbeta
1669 5538 1812 5608 quod
1841 5552 2025 5595 sancta
2056 5541 2216 5595 debet
2244 5539 2483 5596 Ecclesia
2517 5557 2612 5610 per
2642 5544 2772 5597 fines
2812 5547 3050 5615 gentium

1481 5627 1687 5683 dilatari
1715 5629 1995 5684 manifeste
2021 5631 2301 5687 denuntiat
2328 5651 2341 5686 :
2373 5650 2390 5683 ι
2426 5633 2618 5698 Dilata,
2653 5637 2844 5704 inquit,
2877 5637 3047 5691 locum

1477 5720 1694 5774 .trutorii
1713 5721 1808 5786 tui,
1831 5730 1885 5775 ct
1902 5721 2066 5791 pelles
2081 5722 2543 5779 tabernaculorum
2561 5735 2771 5779 tuorum
2787 5729 3044 5790 vxzeude;

3780 3265 4023 3322 CAPUT.
4059 3266 4170 3320 XII.

3183 3373 3248 3426 In
3279 3375 3496 3444 epistola
3545 3378 3613 3428 ad
3663 3376 3722 3428 1³.
3761 3381 4052 3446 episcopum
4097 3392 4143 3433 ct
4191 3381 4304 3447 ejus
4351 3382 4643 3444 canonicos,
4677 3383 4737 3435 de

3419 3448 3646 3515 quinque
3673 3451 3905 3502 sensibus
3935 3452 4167 3518 corporis
4196 3451 4484 3502 roltibendis

3251 3533 3528 3604 Prmeipua
3573 3537 3791 3605 quidem
3833 3538 3962 3591 urbs
4017 3540 4167 3607 regni
4207 3538 4342 3594 Seon
4373 3549 4588 3591 voratur
4615 3537 4736 3594 Esc-

3177 3624 3282 3679 bon
3314 3665 3330 3688 ,
3361 3641 3479 3694 qua!
3515 3627 3769 3679 nimirum
3811 3631 4148 3696 cogitationes
4191 3630 4592 3698 interpretatur;
4643 3646 4736 3699 per

3177 3717 3316 3784 quod
3345 3718 3504 3771 datur
3535 3718 3760 3789 intelligi
3789 3722 3910 3787 quia
3941 3722 4170 3774 maxima
4201 3737 4319 3791 pars
4357 3721 4625 3776 diaboliczc
4646 3739 4734 3790 po-

3177 3808 3386 3861 testatis
3433 3808 3482 3860 iu
3517 3810 3934 3876 cogitationibus
3971 3822 4173 3880 regnat.
4227 3811 4327 3866 Per
4375 3813 4508 3866 Seon
4537 3816 4731 3882 quippe

3175 3897 3428 3967 nequitia:
3455 3899 3678 3967 spiritus
3719 3900 4008 3970 figuratur;
4054 3904 4144 3955 sed
4189 3903 4393 3956 Esebon
4445 3921 4508 3958 cx
4540 3906 4732 3958 ditioue

3177 3989 3320 4046 Seon
3355 3993 3406 4045 in
3434 3992 3792 4047 lsraelitarum
3815 3995 3933 4062 jura
3968 3997 4305 4059 transfertur,
4339 4013 4456 4052 cum
4488 3999 4729 4067 cogitatio

3175 4093 3381 4148 nostra,
3414 4100 3534 4152 qure
3560 4087 3823 4154 superhize
3849 4097 3992 4154 peste
4030 4095 4321 4152 tumucrat,
4366 4089 4428 4142 ad
4461 4090 4727 4157 reprehen-

3173 4169 3342 4229 sionis
3380 4192 3490 4230 sua:
3515 4176 3774 4243 judicium
3808 4195 3901 4248 ριϊ
3937 4181 4162 4248 gratiam
4195 4196 4394 4234 severae
4422 4181 4725 4232 humilitatis

3173 4265 3418 4325 inclinat,
3455 4275 3551 4332 ιιι,
3609 4283 3730 4334 qum
3774 4283 3832 4321 se
3884 4268 4080 4320 dudum
4113 4277 4422 4336 arroganter
4447 4268 4723 4330 extulerat,

3163 4354 3274 4422 jam
3304 4372 3397 4409 sua
3430 4356 3731 4422 dijudicaus
3748 4374 3811 4408 ac
3836 4359 4120 4425 diligenter
4146 4360 4486 4418 examinans,
4520 4357 4723 4411 humili-

3173 4454 3256 4499 ter
3292 4447 3654 4515 reprchcndit.
3688 4449 3743 4500 In
3773 4448 3944 4501 (ladcs
3980 4463 4130 4516 ergo,
4161 4450 4249 4516 qui
4282 4459 4360 4501 est
4389 4448 4500 4514 fons
4520 4446 4716 4515 judicii,

3170 4537 3501 4592 Amalrcitas
3539 4547 3592 4591 ct
3620 4541 3962 4593 Amorrhreos
3984 4539 4159 4608 giadio
4182 4549 4397 4593 vorante
4426 4537 4716 4604 dejicimus;

3170 4631 3293 4700 quia
3323 4641 3449 4684 tunc
3486 4631 3737 4685 vitiorum
3787 4634 4025 4685 onmium
4076 4630 4375 4684 barbariem
4423 4629 4715 4689 sternimus,

3171 4731 3296 4777 tunc
3322 4732 3616 4791 potestates
3661 4739 3850 4778 aereas
3896 4725 4243 4779 invictiSsiinc
4295 4723 4641 4790 debellamus,
4675 4723 4716 4776 si

3169 4825 3222 4869 et
3279 4817 3595 4869 innocenter
3642 4817 3873 4868 vivimus
3905 4857 3920 4877 ,
3966 4826 4020 4870 et
4096 4825 4269 4869 tamen
4340 4829 4456 4869 reos
4523 4829 4617 4873 nos
4658 4829 4714 4879 ac

3168 4908 3403 4975 peccatis
3451 4908 3713 4962 obnoxios
3763 4907 4099 4975 judicamus,
4145 4908 4383 4966 dicentes
4428 4927 4542 4966 cum
4587 4913 4717 4981 Apo-

3170 4999 3306 5054 stolo
3338 5018 3350 5052 :
3391 5018 3408 5048 ι
3447 4999 3501 5052 Si
3539 4999 3834 5053 dixerimus
3858 5003 3982 5069 quia
4012 5009 4296 5069 peccpit‘itn
4326 5021 4425 5059 non
4455 5004 4713 5064 habemus,

3165 5093 3525 5162 nosmetipsos
3566 5091 3892 5155 scdueimus,
3934 5105 3987 5145 et
4027 5097 4230 5152 veritas
4260 5097 4311 5150 in
4345 5096 4492 5152 nobis
4518 5111 4616 5149 nou
4641 5104 4711 5148 est

3165 5181 3215 5251 (I
3245 5183 3404 5235 Joan.
3433 5184 3494 5249 l).
3527 5202 3544 5232 ι
3582 5182 3642 5235 fit
3673 5193 3796 5237 tunc
3823 5183 4059 5251 Est-han,
4103 5204 4258 5256 quam
4286 5187 4610 5256 cogitationes
4635 5185 4703 5237 in-

3162 5275 3444 5343 terpretari
3500 5274 3751 5339 diximus,
3805 5275 3858 5332 in
3893 5280 4252 5334 lsraclitarum
4299 5279 4502 5346 cogitur
4551 5285 4707 5327 trans-

3163 5367 3240 5420 ire
3293 5365 3446 5435 133
3477 5364 3774 5420 dominium
3801 5387 3814 5433 ;
3850 5386 3968 5423 cum
3994 5385 4142 5424 mens
4189 5379 4362 5422 nostra
4390 5368 4452 5421 de
4480 5365 4703 5436 superbia

3159 5457 3241 5511 vel
3272 5457 3415 5511 omni
3445 5467 3660 5513 terrena
3690 5462 4120 5529 concupiscentia
4154 5460 4468 5514 transfertur
4496 5461 4544 5513 in
4575 5474 4704 5512 amo-

3161 5561 3275 5601 rem
3301 5546 3447 5616 rcgni
3477 5561 3759 5602 canorum.
3790 5548 4186 5618 Cogitationum
4229 5551 4420 5619 quippe
4450 5557 4699 5602 certamen

3160 5651 3432 5704 nunquam
3463 5637 3661 5692 Christi
3711 5649 3884 5707 potest
3922 5640 4108 5694 deesse
4153 5639 4438 5702 militibus,
4470 5639 4699 5706 quoniam

3159 5727 3341 5797 cperis
3373 5730 3539 5782 nostri
3571 5743 3669 5785 nos
3691 5729 3956 5788 rectitude
3982 5744 4086 5787 non
4114 5730 4324 5798 liberat,
4346 5730 4389 5786 si
4412 5729 4585 5800 pravis
4604 5727 4699 5782 suis
