5904 6634
1061 395 1220 456 sets

1058 600 1395 659 Sulﬁciebat
1419 600 1635 669 quidem
1664 599 1800 671 legis
1828 598 2067 667 antiqua:
2088 596 2387 651 cultoribus
2422 604 2484 649 ut
2514 604 2663 647 recta

1054 696 1348 751 duntaxat
1383 694 1724 747 extrinsecus
1776 698 2032 759 agerent;
2081 690 2234 745 nobis
2264 699 2443 743 autem
2495 687 2668 742 Evan-

1055 783 1219 855 gelia
1269 781 1585 837 terribiliter
1612 781 1889 834 intonante
1927 778 2238 849 praecipitur
2267 785 2342 839 ut,
2376 776 2503 831 dttm
2535 788 2668 844 ope-

1057 875 1233 930 ribus
1292 874 1475 945 pravis
1524 872 1815 938 exttimur,
1868 872 2033 926 etiam
2082 870 2503 941 cogitationibus
2550 884 2670 939 per-

1052 964 1275 1035 vigiles
1298 963 1658 1019 obluctemur.
1689 982 1707 1015 t
1740 963 1982 1018 Audistis
2004 1002 2019 1026 ,
2066 960 2427 1031 inquit,quia
2462 960 2668 1014 dictmn

1056 1062 1162 1110 est
1216 1051 1505 1122 antiquis:
1541 1050 1657 1117 Non
1711 1052 2095 1107 mcechaltcris.
2152 1050 2265 1121 Ego
2320 1059 2502 1103 autem
2548 1049 2670 1104 dico

1053 1144 1234 1199 vobis
1280 1142 1404 1213 quia
1451 1139 1759 1212 quicunque
1806 1140 2003 1195 viderit
2056 1141 2333 1195 mulierem
2366 1140 2432 1195 ad
2472 1155 2663 1195 concu‘

1054 1233 1398 1306 piseendum
1423 1247 1565 1297 eam,
1585 1231 1696 1299 jam
1719 1233 2019 1287 moechatus
2042 1242 2125 1286 est
2149 1246 2269 1287 eaut
2298 1232 2351 1286 iu
2378 1231 2543 1287 corde
2572 1246 2671 1285 suo

1056 1324 1300 1397 (Matth.
1329 1323 1405 1396 v).
1444 1344 1462 1377 ι
1502 1324 1639 1379 Hinc
1693 1333 1777 1379 est
1819 1325 1962 1394 quod
1994 1323 2231 1379 Joannes
2262 1322 2530 1393 Baptista,
2571 1338 2671 1393 per

1057 1430 1242 1485 quem
1290 1413 1377 1470 lex
1428 1422 1585 1469 vetus
1624 1414 1950 1483 exprimitur
1978 1454 1992 1476 ,
2038 1429 2231 1467 zonam
2286 1414 2565 1484 pelliceam
2616 1414 2667 1467 in

1055 1502 1280 1558 lumbis
1334 1503 1586 1559 habuisse
1636 1504 1955 1572 perhibetur
1987 1498 2222 1573 (Matth.
2258 1504 2379 1571 ιιι).
2421 1501 2672 1568 Salvator

1056 1604 1285 1665 nosterJ
1318 1595 1409 1664 qui
1449 1604 1640 1649 auctor
1682 1602 1764 1647 est
1793 1593 2096 1663 Evangelii,
2130 1593 2272 1645 inter
2298 1602 2506 1661 septem
2538 1606 2671 1645 can-

1055 1682 1300 1738 delubra
1325 1697 1490 1743 aurea
1523 1683 1672 1736 visus
1697 1691 1780 1735 est
1805 1696 1833 1734 a
1860 1680 2068 1737 Joanne
2109 1683 2337 1735 vestitus
2382 1680 2585 1748 pudere
2616 1691 2671 1734 ct

1056 1774 1408 1846 praecinctus
1438 1775 1507 1828 ad
1538 1774 1834 1828 mamillam
1862 1788 1998 1829 zona
2038 1788 2200 1827 aurea
2234 1774 2414 1841 (Apoc.
2442 1772 2501 1841 ι).
2528 1773 2666 1840 Quid

1056 1878 1309 1937 estergo
1332 1882 1471 1921 zona
1501 1866 1722 1936 pellieca
1771 1866 1911 1920 circa
1952 1866 2180 1931 lumbos,
2216 1867 2318 1921 nisi
2351 1869 2493 1936 quod
2527 1870 2667 1921 anti-
2702 1851 2723 1907 Ῐ

1056 1959 1199 2027 quis
1225 1957 1427 2011 dictum
1458 1967 1539 2012 est
1576 1976 1588 2010 :
1624 1976 1642 2008 ι
1681 1958 1793 2011 Non
1827 1959 2224 2027 mtechaberis?
2260 1978 2277 2010 ι
2319 1958 2515 2023 (Exod.
2554 1962 2668 2028 xx.)

1056 2047 1137 2102 Et
1166 2046 1300 2116 quid
1330 2055 1408 2100 est
1434 2061 1565 2099 zona
1593 2061 1754 2103 atttzea
1787 2047 1851 2100 ad
1876 2047 2188 2108 matnillam.
2216 2048 2317 2101 nisi
2347 2049 2488 2117 quod
2521 2050 2673 2105 Citri~

1057 2138 1265 2193 stiana:
1289 2135 1724 2191 lideicultoribus
1746 2138 1973 2192 dicitur:
1997 2155 2013 2185 ι
2045 2136 2145 2203 Qui
2174 2138 2367 2211 viderit
2389 2137 2669 2191 mulierem

1058 2229 1136 2285 att
1168 2229 1660 2296 concupiscendum
1709 2244 1852 2289 eam.
1879 2228 1991 2296 jam
2022 2230 2323 2283 tumeltatus
2351 2239 2432 2283 est
2466 2244 2583 2281 eam
2618 2228 2669 2282 in

1061 2320 1242 2375 corde
1279 2320 1416 2374 suo?
1448 2341 1466 2372 ι
1502 2318 1713 2388 (Matth.
1746 2321 1822 2390 γ.)
1853 2318 2181 2377 llincctiam
2227 2334 2321 2387 per
2356 2319 2671 2387 prophetam

1061 2410 1258 2468 divina
1294 2426 1423 2465 voce
1456 2410 1766 2479 prmcipitttr
1796 2428 1809 2465 :
1848 2430 1866 2463 ι
1907 2410 2070 2476 Leva,
2107 2409 2465 2474 Hierusalem,
2498 2425 2529 2463 a
2558 2425 2672 2463 ma-

1064 2500 1325 2556 litiacor
1356 2510 1528 2555 tuum.
1574 2501 1864 2571 Usquean
1901 2501 2333 2555 morabunturin
2375 2511 2427 2555 te
2468 2500 2673 2571 cogita—

1063 2592 1260 2649 tiones
1301 2592 1509 2647 noxiae?
1542 2611 1559 2644 ι
1597 2591 1732 2661 (Jer.
1778 2592 1878 2661 tv.)
1916 2593 1981 2648 Et
2023 2592 2146 2646 alibi
2179 2610 2190 2645 :
2226 2611 2245 2644 ι
2282 2592 2498 2647 Attendi
2526 2633 2538 2654 ,
2591 2592 2673 2646 itt-

1066 2684 1226 2753 qait,
1266 2692 1322 2738 et
1349 2682 1679 2745 auscultavi,
1720 2698 1879 2739 nemo
1912 2684 2052 2752 Quod
2089 2684 2288 2737 bonum
2322 2691 2403 2736 est
2436 2682 2672 2750 loquitur

1068 2773 1228 2847 (ler.
1266 2773 1407 2845 vttt).
1449 2792 1469 2825 ι
1505 2775 1580 2841 (Et
1615 2774 1870 2829 Salomon
1920 2776 1995 2829 ait
2047 2792 2060 2827 :
2101 2794 2119 2825 ι
2170 2774 2403 2843 Spiritus
2453 2782 2672 2827 sanctus

1069 2863 1384 2933 disciplina:
1410 2862 1631 2934 ell'ugiet
1664 2864 1845 2918 ﬁctum
1868 2904 1884 2930 ,
1918 2874 1971 2918 et
2009 2863 2185 2918 aufert
2226 2880 2285 2919 se
2328 2881 2357 2917 a
2389 2865 2677 2933 cogitatio-

1069 2952 1246 3008 nibus
1298 2968 1417 3021 quze
1468 2963 1593 3007 sunt
1639 2954 1755 3008 sine
1797 2952 2071 3008 intellectu
2116 2952 2282 3031 (Sep.
2335 2953 2406 3019 ι).
2459 2972 2477 3005 ι
2520 2952 2673 3006 Arri-

1065 3040 1291 3112 piamus
1316 3057 1445 3111 ergo
1474 3042 1708 3111 gladium
1754 3043 1978 3112 spiritus
2000 3082 2017 3108 ,
2053 3054 2109 3096 et
2156 3056 2343 3097 contra
2392 3043 2669 3113 rogitatio-

1070 3146 1207 3185 num
1242 3147 1342 3187 nos
1383 3131 1751 3187 infestantium
1787 3148 1991 3188 cuneos
2040 3134 2485 3189 inttederabiliter
2514 3134 2665 3187 dimi-

1072 3238 1289 3279 cemns.

1659 3315 1888 3371 CAPUT
1949 3314 2083 3370 XIII.

1504 3470 1507 3471 ,
1578 3420 1647 3475 In
1685 3423 1864 3475 eadem
1902 3422 2142 3491 cpistola.

1146 3535 1288 3590 Cum
1314 3531 1643 3590 Israeliticus
1676 3536 1762 3589 ille
1812 3536 2039 3603 populus
2079 3536 2323 3590 initiatus
2346 3547 2490 3591 es.th
2519 3536 2671 3591 Beel-

1072 3626 1287 3695 pheger
1324 3625 1377 3678 itt
1410 3624 1648 3690 deserto,
1685 3636 1737 3680 et
1775 3628 1824 3678 in
1869 3638 2047 3681 scorta
2099 3626 2256 3682 Moab
2294 3628 2525 3694 turpiter
2550 3646 2669 3682 cor-

1076 3714 1303 3774 ruisset,
1336 3712 1507 3767 iratus
1553 3713 1735 3768 furore
1771 3715 2026 3768 Dttlttllltls
2057 3720 2314 3771 adversus
2343 3719 2502 3772 Israel
2534 3721 2671 3774 dixit

1074 3804 1142 3858 ad
1171 3803 1391 3874 Moysen
1424 3823 1436 3856 :
1480 3823 1497 3855 ι
1528 3804 1675 3859 Tolle
1705 3817 1929 3861 cunetos
1960 3809 2229 3877 print-ipes
2254 3811 2431 3877 populi
2470 3820 2523 3864 et
2552 3828 2670 3867 sus-

1076 3897 1253 3965 pende
1290 3910 1386 3950 cos
1418 3898 1471 3950 iu
1522 3897 1778 3965 patibulis
1825 3908 2011 3950 contra
2067 3899 2255 3959 solem,
2288 3909 2345 3952 ιιι
2391 3912 2671 3955 avertatur

1078 3986 1231 4038 furor
1265 4001 1417 4039 meus
1452 3987 1519 4040 ab
1570 3986 1731 4040 Israel
1766 3986 1955 4047 (Nam.
1990 3989 2139 4056 xxv).
2177 4008 2194 4039 ι
2232 3988 2370 4055 Quid
2417 4000 2498 4043 est
2528 3990 2671 4059 quod

1076 4075 1310 4146 populus
1347 4076 1398 4129 iu
1439 4076 1667 4130 luxurim
1694 4080 2009 4145 voraginem
2048 4079 2267 4142 labitur,
2300 4090 2353 4133 et
2384 4080 2434 4132 in
2476 4096 2666 4135 eorum

1074 4169 1399 4237 praepositos
1439 4168 1782 4223 vindicatur?
1815 4171 2025 4223 Subditi
2062 4172 2400 4238 delinquunt,
2430 4182 2484 4226 et
2524 4174 2671 4242 prin-

1077 4254 1231 4323 cipes
1272 4255 1326 4309 in
1357 4255 1614 4323 patibulis
1665 4257 2069 4325 suspenduntur
2101 4258 2122 4309 ?
2155 4258 2377 4313 Scilicet
2421 4261 2557 4314 alius
2588 4273 2667 4316 est

1077 4346 1167 4415 qui
1198 4356 1411 4416 peccat.
1436 4347 1573 4401 alius
1606 4348 1691 4401 ille
1719 4348 1809 4419 qui
1844 4350 2080 4417 vapulat.
2110 4350 2221 4404 Cur
2265 4351 2389 4414 hoc,
2416 4354 2514 4405 nisi
2544 4355 2667 4422 quia

1078 4440 1237 4510 culpa
1266 4440 1607 4494 subditorum
1636 4443 1687 4495 iu
1734 4444 2152 4511 prmpositm‘nm
2181 4445 2444 4498 redundat
2469 4462 2667 4515 oppro-

1077 4528 1278 4594 brittm,
1297 4538 1352 4591 et
1377 4531 1529 4600 quod,
1546 4533 1613 4585 ab
1642 4532 2086 4597 ovibuserratur,
2130 4535 2467 4604 negligentia:
2491 4546 2670 4606 pasto-

1081 4619 1156 4674 ris
1188 4621 1515 4676 ascribiiur?
1538 4623 1603 4676 Et
1633 4623 1751 4677 vide
1777 4640 1938 4692 quam
1964 4626 2310 4681 formidolosa
2336 4628 2408 4681 sit
2432 4630 2669 4684 conditio

1080 4712 1694 4780 prasidentiummtnon
1714 4718 1872 4772 modo
1892 4734 1989 4786 pro
2018 4720 2258 4783 suis,sed
2286 4729 2335 4774 et
2364 4736 2459 4789 pro
2485 4722 2671 4775 subdi-

1084 4809 1256 4857 torum
1287 4804 1580 4873 puniantur
1599 4805 2047 4879 oll‘ensis.Arguit
2071 4824 2164 4864 eos
2195 4809 2564 4881 Moyses,quia
2585 4812 2670 4867 lex

1082 4895 1176 4951 Dei
1210 4898 1547 4970 negligentia:
1576 4900 1694 4955 illos
1726 4917 1789 4957 ac
1828 4904 2063 4971 torporis
2110 4913 2352 4958 accusat.
2387 4905 2485 4971 Qui
2546 4921 2667 4959 sus-

1081 4989 1269 5055 pendit
1318 5005 1415 5046 eos
1465 4990 1532 5044 ad
1585 4992 1781 5048 solem.
1839 4993 2094 5061 quoniam
2141 4993 2206 5046 ad
2249 4995 2669 5046 examinandum

1081 5079 1473 5146 producuntur,
1514 5090 1569 5136 et
1597 5094 1899 5151 arguuntur
1929 5099 1956 5136 a
1987 5082 2106 5137 luce
2161 5101 2175 5136 :
2229 5101 2248 5133 ι
2283 5082 2472 5137 Omnis
2503 5086 2667 5147 enim,

1086 5176 1144 5221 ut
1168 5170 1425 5227 Dominus
1456 5174 1551 5235 ait,
1598 5175 1689 5245 qui
1740 5174 1879 5228 mala
1909 5175 2043 5245 agit,
2098 5175 2212 5229 odit
2239 5173 2437 5239 lucem,
2477 5184 2532 5227 ct
2565 5191 2668 5229 non

1088 5262 1230 5315 venit
1270 5264 1336 5317 ad
1366 5264 1565 5332 lucem,
1596 5275 1653 5320 ut
1684 5282 1790 5322 non
1839 5276 2141 5336 arguantur
2187 5283 2349 5337 opera
2401 5267 2546 5337 ejus;
2577 5270 2666 5338 qui

1091 5360 1264 5406 autem
1299 5353 1428 5409 facit
1457 5357 1759 5421 veritatem,
1790 5358 1937 5415 venit
1976 5358 2043 5413 ad
2084 5358 2258 5413 lucem
2289 5357 2598 5429 (101mm).
2645 5378 2663 5409 ι

1086 5436 1165 5493 Ad
1208 5440 1379 5498 lucem
1432 5446 1629 5515 quippe
1676 5448 1819 5500 Venit
1872 5447 1961 5518 qui
1999 5448 2209 5504 occulta
2251 5463 2347 5503 sua
2392 5464 2487 5519 per
2522 5463 2668 5518 pura:

1085 5531 1434 5591 munitissimus
1463 5538 1669 5593 aditum
1701 5555 1735 5609 p
1756 5540 1911 5597 uidit.

2400 383 2469 442 iN
2493 380 2755 442 LIBRUM
2795 375 3087 437 Νυιιειιι.

1056 508 1496 581 cogitationibus
1535 514 1912 565 mensarmata
1944 503 2368 560 virttttibus'non
2405 502 2655 559 resultat.
2687 504 2737 561 Α

4227 357 4375 424 1046

3265 487 3425 563 ιθι
3459 484 3690 544 CAPUT
3730 483 3869 541 xw.

2773 586 2837 642 In
2884 581 3105 655 epistola
3159 581 3230 636 ad
3264 580 3560 655 _Albe‘rtum
3591 618 3602 638 ,
3649 577 3703 628 in
3752 591 3857 655 qua
3901 574 3965 627 de
4008 574 4372 627 mansionibus

3252 650 3628 705 ltroelitarum
3675 644 3880 699 scribit.

2849 766 2865 797 ι
2906 745 3005 799 llic
3035 752 3118 798 est
3147 755 3405 799 numerus
3456 738 3715 801 ﬁliorum,
3744 736 3836 807 qui
3885 733 4194 803 descriptus
4224 742 4310 790 est
4340 751 4371 789 a

2773 839 2957 910 Moyse
2985 846 3039 892 et
3063 836 3325 891 Eleazaro
3354 831 3664 896 sacerdote,
3714 830 3859 884 inter
3887 842 4023 897 quos
4055 826 4239 883 nullus
4270 826 4371 883 fuit

2770 946 2959 987 eorum
3014 930 3106 998 qui
3141 936 3304 983 antea
3354 925 3624 981 numerati
3656 934 3781 979 sunt
3812 940 3843 977 a
3871 923 4054 993 Moyse
4099 932 4155 978 et
4187 922 4371 979 Aaron

2771 1021 2824 1076 in
2859 1029 3045 1075 monte
3096 1016 3270 1073 Sinai.
3314 1014 3654 1071 Praedixerat
3715 1012 3859 1065 enim
3914 1011 4179 1067 Dominus
4226 1012 4373 1082 quod

2768 1126 2957 1166 omnes
2970 1115 3313 1163 morerentur
3333 1103 3895 1174 insolitudiue(Num.
3921 1101 4092 1173 xxvr).
4118 1122 4136 1154 ι
4162 1101 4376 1169 Quibus

2772 1200 3018 1255 videlicet
3057 1198 3305 1253 historiae
3338 1196 3522 1253 verbis
3561 1204 3816 1266 patenter
3864 1195 4172 1249 ostenditur
4215 1193 4366 1264 quia,

2770 1288 2983 1343 etetetis
3010 1288 3061 1341 iu
3101 1287 3318 1341 deserto
3348 1285 3661 1355 prostratis,
3698 1284 3766 1337 ad
3800 1284 4241 1354 repromissionis
4268 1292 4377 1339 ter-

2772 1397 2888 1435 ram
2910 1380 3039 1436 Levi
3068 1378 3243 1433 tribus
3273 1376 3563 1432 incolumis
3592 1386 3649 1430 et
3671 1375 3878 1430 illibata
3906 1374 4172 1445 pervenit.
4207 1373 4373 1442 Quis-

2772 1473 2895 1542 quis
2940 1487 3071 1542 ergo
3110 1486 3168 1526 se
3208 1469 3447 1539 potuerit
3486 1469 3537 1522 in
3583 1468 3930 1523 sacerdotum
3959 1466 4039 1521 vel
4080 1466 4373 1523 levitarum

2771 1565 2963 1618 ordine
3013 1562 3370 1625 constituere,
3403 1561 3653 1631 quisquis
3694 1559 3929 1613 noluerit
3970 1574 4095 1614 cum
4148 1555 4378 1628 reliquis

2773 1652 3081 1706 hominibus
3133 1651 3184 1704 in
3228 1661 3371 1705 terra
3426 1661 3628 1705 sortem
3689 1648 4050 1703 luereditarire
4107 1649 4379 1715 portioni:

2774 1744 3072 1813 acquirere,
3106 1743 3198 1797 sed
3234 1742 3405 1796 solum
3432 1756 3557 1795 cum
3609 1743 3749 1795 tribu
3804 1740 3934 1793 Levi
3969 1754 4268 1794 contentus
4300 1738 4376 1794 sit

2726 1853 2743 1905 ς
2776 1834 3059 1889 Dominum
3088 1833 3388 1903 possidere,
3417 1833 3517 1887 iste
3543 1831 3786 1901 profecto
3806 1832 3857 1885 iu
3891 1831 4048 1899 hujus
4065 1830 4248 1883 mundi
4278 1830 4379 1885 de—

2776 1933 2921 1978 serto
2950 1938 3053 1976 non
3080 1922 3335 1987 moritur;
3364 1921 3457 1975 sed
3485 1933 3685 1975 terram
3704 1918 4371 1990 repromissionisingredi

2775 2016 2931 2069 vivus
2954 2023 3008 2068 et
3046 2013 3333 2067 incolumis
3358 2022 3723 2082 promeretur.
3752 2013 3853 2079 Qui
3883 2013 3948 2066 ad
3976 2012 4372 2082 promissiones

2775 2121 2905 2178 ergo
2955 2106 3175 2160 Patrum
3226 2105 3513 2174 pervenire
3566 2106 3881 2169 desiderat,
3936 2106 4274 2160 hereditatis
4319 2106 4375 2160 in

2774 2207 2918 2254 terra
2975 2198 3271 2254 funiculum
3298 2212 3419 2252 cum
3463 2198 3604 2252 tribu
3638 2198 3764 2253 Levi
3797 2199 4075 2268 possidere
4124 2206 4371 2252 eontem-

2773 2301 2885 2346 nat.
2940 2290 3077 2345 Nam
3134 2292 3227 2361 qui
3279 2306 3338 2346 sc
3402 2307 3501 2361 pro
3554 2292 3788 2345 terrenis
3832 2293 3883 2344 in
3927 2300 4128 2344 terram
4170 2287 4380 2356 dejicit,

2775 2383 2865 2452 qui
2900 2395 3039 2447 sese,
3071 2381 3159 2436 ubi
3193 2396 3318 2436 cum
3344 2380 3715 2436 amaritudine
3744 2380 3952 2437 Pascha
3987 2380 4377 2437 celebrandum

2776 2481 2859 2525 est
2890 2485 2951 2526 ac
2980 2470 3245 2524 velociter
3279 2470 3696 2533 transeundum,
3740 2470 3943 2523 diutius
3980 2469 4217 2541 gaudere
4246 2456 4376 2525 con-

2776 2559 2916 2625 ﬁdit,
2979 2580 2997 2611 ι
3031 2560 3245 2622 Anima,
3288 2558 3562 2631 inquiens,
3612 2558 3781 2617 habes
3818 2558 3987 2614 multa
4034 2560 4177 2617 bona
4215 2574 4349 2629 repo

2774 2654 2876 2707 sita
2904 2654 2956 2706 in
2984 2667 3157 2707 annos
3182 2653 3399 2715 multos,
3437 2652 3744 2722 requiesce,
3784 2652 4033 2717 comede,
4074 2652 4219 2716 bibe,
4244 2666 4377 2722 epu-

2776 2741 2889 2798 lare
2933 2742 3087 2813 (an.
3122 2744 3256 2813 xu);
3300 2762 3319 2796 ι
3371 2758 3477 2797 non
3504 2743 3622 2799 sine
3659 2759 3825 2799 causa
3867 2752 4110 2799 meretur
4138 2742 4374 2798 audire:

2783 2854 2801 2888 ι
2840 2834 3035 2897 Stulte.
3067 2836 3169 2890 hac
3217 2844 3377 2889 nocte
3428 2846 3676 2903 repetent
3723 2835 3961 2890 animam
4009 2844 4155 2889 tuam
4204 2850 4233 2888 a
4284 2842 4374 2897 te;

2774 2941 2897 2997 quae
2936 2935 3115 2981 autem
3148 2925 3377 2994 parasti,
3408 2923 3562 2993 cujus
3615 2927 3811 2981 erunt?
3843 2946 3861 2978 ι
3913 2925 4101 2995 (Ibid)
4139 2924 4239 2978 llic
4270 2924 4379 2979 ita-

2775 3031 2882 3087 que
2922 3032 3028 3069 nou
3081 3016 3205 3080 die,
3255 3016 3349 3069 sed
3393 3024 3553 3070 nocte
3596 3017 3925 3086 perimitur,
3983 3017 4120 3071 sicut
4175 3018 4381 3085 primo—

2776 3108 2956 3179 genita
2981 3107 3381 3179 {Egyptiorunn
3407 3107 3675 3161 Nimirum
3708 3109 3796 3177 qui
3830 3120 3937 3161 non
3973 3108 4177 3176 sprevit
4212 3106 4379 3176 Αἰπ-

2701 3220 2745 3279 C
2778 3209 2931 3268 ptum
2954 3240 2967 3261 ,
3010 3197 3102 3253 sed
3138 3198 3459 3267 obsequium
3508 3200 3737 3268 prmbuit
3769 3199 4079 3253 rectoribus
4111 3198 4377 3252 tenebra-

2738 3304 2741 3307 ν
2777 3302 2895 3340 rum
2925 3327 2938 3348 ,
2977 3286 3069 3355 qui
3100 3294 3155 3341 et
3182 3286 3283 3356 ipsi
3312 3295 3474 3341 nocte
3503 3287 3743 3341 anlmam
3788 3287 3907 3357 ejus
3935 3297 4207 3359 repetunt,
4242 3301 4381 3357 quo-

2772 3376 2917 3429 niam
2940 3375 3113 3429 odivit
3139 3374 3337 3439 lucem,
3372 3391 3471 3431 nec
3496 3374 3727 3445 iustitiae
3764 3387 4093 3434 consecutus
4121 3388 4203 3434 est
4231 3379 4379 3434 veri-

2781 3476 2967 3521 tatem.

3375 3556 3603 3614 CAPUT
3667 3558 3777 3613 XV.

2772 3648 2841 3704 In
2886 3648 3104 3722 epistola
3134 3650 3203 3722 ad
3251 3646 3314 3703 ν..
3357 3650 3656 3718 episcopum
3689 3660 3736 3703 et
3764 3650 3878 3722 ejus
3908 3666 4215 3722 canonicos,
4255 3668 4375 3722 qua:

2877 3731 2952 3773 est
2998 3720 3063 3774 de
3098 3720 3326 3790 quinque
3354 3722 3591 3773 sensibus
3636 3720 3875 3787 corporis
3904 3721 4229 3775 cohibendis.

2844 3808 3100 3880 Quisquis
3130 3824 3228 3880 per
3279 3809 3541 3880 iniunctae
3587 3811 3989 3879 pnedieatiouis
4044 3810 4278 3867 ollieium
4308 3814 4377 3869 ad

2771 3899 3124 3969 pugnandum
3171 3898 3307 3954 alios
3354 3899 3585 3963 incitat,
3632 3902 3726 3955 sed
3758 3903 3873 3969 ipse
3903 3916 4008 3955 non
4041 3912 4265 3971 pugnat,
4298 3902 4376 3958 illi

2772 3990 2969 4044 similis
2998 3997 3080 4045 est
3112 3989 3201 4058 qtti
3232 3990 3481 4046 buccinat
3530 3991 3880 4060 clangoribus
3928 3990 4230 4062 obstrepit,
4279 3992 4379 4048 sed

2775 4079 3029 4145 congredi
3072 4080 3319 4134 cominus
3370 4096 3475 4135 non
3526 4083 3825 4151 pratsumit.
3881 4082 3984 4137 Hie
4032 4084 4214 4151 itaque
4266 4098 4378 4141 non

2771 4174 2983 4229 virilem
3034 4184 3260 4245 generat
3316 4190 3506 4230 sexum
3537 4216 3551 4237 ,
3608 4177 3737 4229 dum
3792 4175 3866 4231 sit
3917 4186 4075 4245 pater
4124 4178 4374 4249 ignavus.

2772 4266 2944 4333 Quem
2991 4268 3235 4337 profecto
3295 4267 3595 4336 Salphaath
3654 4269 3747 4323 ille
3784 4270 4057 4339 signavit,
4116 4272 4207 4339 qui
4263 4287 4378 4328 non

2773 4356 2961 4418 ﬁlium,
2995 4358 3089 4411 sed
3141 4358 3383 4426 quinque
3414 4357 3557 4412 tilias
3590 4358 3830 4412 moriens
3857 4358 4146 4427 dereliquit
4176 4358 4374 4427 (Nunt.

2770 4448 2964 4515 xxvii).
3016 4446 3315 4515 Salphaatlt
3346 4447 3616 4517 siqtiidem
3666 4450 4060 4517 interpretatur
4099 4450 4285 4503 umbra
4317 4452 4372 4503 in

2773 4554 2862 4591 ore
2889 4539 3024 4608 ejus.
3053 4539 3310 4609 Quisquis
3340 4540 3486 4594 enim
3512 4539 3674 4595 fortia
3706 4540 3987 4609 przedicat,
4022 4550 4074 4595 et
4096 4540 4377 4596 enervitcr

2777 4629 2932 4692 vivit,
2963 4645 3029 4684 ne
3060 4632 3233 4699 turpis
3278 4640 3580 4701 appareat,
3629 4631 3785 4700 quasi
3819 4631 3920 4685 sub
3971 4630 4116 4685 foliis
4160 4648 4217 4684 se
4266 4633 4372 4688 ha-

2778 4720 2921 4774 nesti
2958 4720 3224 4774 sermonis
3253 4719 3522 4785 occultat;
3562 4720 3663 4776 sub
3693 4721 3884 4775 umbra
3916 4736 3976 4775 se
4023 4720 4225 4790 proprii
4255 4735 4377 4775 ser-

2780 4809 2956 4863 monis
2999 4809 3304 4871 abscontit,
3335 4810 3463 4863 dum
3497 4810 3552 4865 in
3602 4825 3851 4880 campum
3902 4809 4221 4864 certaminis
4274 4825 4372 4878 per

2780 4904 2862 4957 sui
2918 4904 3152 4971 torporis
3204 4904 3475 4974 ignaviam
3525 4920 3631 4960 non
3686 4906 3952 4974 procedit.
4014 4904 4109 4958 llic
4143 4906 4363 4974 itaque,

2780 5004 3041 5063 quantum
3085 4996 3150 5047 ad
3182 5011 3273 5056 se.
3307 5012 3411 5050 non
3443 4997 3687 5061 virilem,
3731 4998 3824 5053 sed
3859 4997 4178 5053 muliebrem
4208 5000 4371 5053 sebo.

2774 5084 2904 5149 lem,
2937 5094 2991 5139 et
3042 5086 3184 5140 hanc
3215 5087 3316 5142 sub
3358 5088 3612 5156 quinario
3654 5104 3883 5144 numero
3928 5095 4189 5158 generat,
4244 5088 4373 5144 dum

2775 5189 3038 5243 sequaces
3069 5190 3198 5230 suos
3232 5192 3339 5230 non
3367 5177 3435 5230 ad
3464 5179 3634 5232 robur
3660 5177 3956 5248 spiritualis
3985 5175 4249 5239 audacite.
4273 5177 4372 5233 sed

2774 5268 2840 5319 ad
2891 5267 3061 5320 otium
3110 5270 3309 5321 educat
3355 5268 3612 5338 ignobilis
3643 5270 3785 5324 vitre.
3818 5267 3964 5337 Quos
4013 5269 4200 5336 utique
4241 5270 4371 5323 dum

2774 5373 2880 5411 non
2910 5367 3066 5411 curat
3093 5359 3355 5414 industria
3380 5361 3679 5431 spiritualis
3705 5378 3896 5433 pugnae
3931 5362 4199 5424 imbuere,
4225 5361 4374 5433 cogit

2771 5448 3138 5502 exterioribus
3164 5450 3397 5521 negotiis
3441 5452 3596 5522 quasi
3630 5454 3869 5523 quinque
3916 5449 4164 5520 corporis
4194 5450 4371 5506 sensi-

2772 5537 2873 5593 bus
2904 5539 3176 5596 deservire
