5904 6654
1801 400 1939 456 10ιῖ

2284 517 2437 587 135
2476 515 2701 573 CAPUT
2742 516 2879 575 xw.

1793 624 1867 680 In
1893 626 2110 705 epistola
2135 629 2203 680 ad
2337 632 2631 705 episcopum
2663 640 2721 705 _¢_t
2748 648 2870 705 suos
2898 650 3210 705 Lanarum;
3254 652 3372 705 quc

1937 707 2013 749 est
2035 698 2098 750 de
2125 707 2238 749 octo
2263 697 2627 765 {estirilatibus
2663 698 2862 755 Veteris
2908 701 3243 757 Teatnntenri.

1865 784 2000 839 Octo
2048 785 2346 853 prtecipuas
2386 786 2759 845 solemnitates
2800 805 2901 859 per
2935 806 3374 866 unumquemque

1793 876 1924 931 anni
1963 875 2226 931 circulum
2282 878 2332 931 in
2370 876 2486 948 lege
2528 881 2703 937 veteri
2756 882 3016 939 Dominus
3069 885 3369 941 instituisse

1791 967 2012 1035 legitur.
2065 968 2194 1034 Qua:
2229 971 2473 1039 profecto
2518 971 2840 1028 festivitates
2870 985 2922 1028 et
2956 976 3110 1031 nobis
3162 989 3288 1032 sunt
3319 989 3374 1033 et

1788 1057 1828 1113 il
1854 1060 1899 1113 is
1943 1074 2041 1128 pro
2082 1067 2381 1129 temporum
2413 1062 2730 1118 diversitate
2766 1079 3101 1123 communes.
3152 1066 3369 1122 Iliorum

1788 1150 1989 1219 quippe
2022 1162 2147 1205 sunt
2177 1168 2273 1220 per
2302 1154 2536 1209 carnalis
2566 1156 2925 1212 observantiv‘
2950 1158 3109 1215 ritum
3128 1169 3369 1239 ;.uostr:c

1788 1256 2006 1311 quoque
2039 1242 2387 1299 nihilominus
2429 1255 2554 1299 sunt
2594 1260 2692 1315 per
2720 1246 3017 1316 spiritualis
3064 1249 3372 1318 intelligen-

1790 1331 1881 1385 tiae
1907 1344 2331 1386 sacramentum.

1859 1420 2037 1475 Prima
2084 1422 2356 1491 siquidem
2393 1436 2581 1479 eorum
2616 1425 2881 1482 festivitas
2920 1436 3003 1483 est.
3042 1430 3171 1501 juge
3201 1429 3367 1484 sacri-

1784 1510 1990 1575 ficium,
2024 1512 2166 1580 quod
2198 1513 2380 1581 utique.
2406 1528 2503 1581 per
2531 1517 2818 1571 continuos
2846 1519 2963 1573 dies
2995 1521 3273 1572 matutinis
3303 1535 3364 1573 ac

1782 1601 2107 1671 vespertinis
2137 1602 2285 1656 boris
2310 1600 2532 1669 iubetur
2566 1603 2750 1659 offerri
2798 1604 2983 1673 (Num.
3021 1608 3232 1661 xxvml.
3275 1607 3366 1661 llic

1781 1692 2209 1762 nimirumjugis
2238 1690 2489 1748 sacriﬁcii
2534 1695 2929 1749 solemnitatem
2973 1699 3198 1750 Domino
3228 1699 3366 1751 (ele-

1780 1781 1924 1843 brat,
1959 1782 2050 1851 qui
2080 1782 2133 1835 in
2162 1782 2399 1837 cmlestis
2427 1783 2627 1853 eloquii
2676 1786 3119 1839 meditationibus
3150 1789 3363 1843 assidue

1777 1879 2117 1941 perseverat.
2167 1870 2232 1924 Et
2283 1873 2407 1939 quia
2459 1886 2615 1925 mane
2646 1872 2779 1925 lucis
2816 1886 3013 1928 nostrae
3045 1876 3131 1928 lex
3183 1888 3261 1929 est
3311 1888 3363 1929 et
3396 1867 3440 1926 Β

1782 1970 2089 2037 prOphetaa;
2122 1984 2402 2036 vesperum
2428 1978 2605 2021 autem
2631 1967 2763 2023 luc's
2798 1969 2973 2037 hujus,
3005 1981 3263 2041 quantum
3296 1974 3363 2026 ad

1779 2060 2027 2111 ordinem
2082 2069 2420 2129 temporum,
2477 2061 2823 2129 Evangelium
2880 2073 2992 2129 est;
3052 2065 3191 2117 sicut
3234 2064 3361 2117 divit

1779 2150 2074 2218 Apostolus
2105 2170 2115 2203 :
2147 2172 2163 2204 ι
2198 2153 2323 2214 Nos,
2360 2154 2410 2205 in
2444 2170 2578 2221 quos
2620 2154 2753 2208 fines
2787 2157 3102 2209 surculorum
3132 2156 3361 2210 devene-

1779 2249 1906 2293 runt
1933 2241 1981 2311 (Ι
2010 2242 2129 2295 Cor.
2164 2243 2249 2310 x);
2286 2263 2303 2293 ι
2334 2255 2381 2297 et
2410 2244 2520 2312 ipse
2546 2247 2708 2298 David
2743 2266 2753 2299 :
2790 2266 2805 2297 ι
2845 2248 3081 2301 Elevatio
3108 2266 3357 2303 manuum

1776 2346 2058 2396 mearum,
2111 2334 2436 2387 sacrificium
2497 2337 2859 2403 vespertinum
2912 2337 3097 2407 (Paul.
3145 2343 3297 2409 αι).
3338 2362 3354 2392 ι

1777 2420 2102 2478 Matutinum
2147 2440 2362 2493 semper
2400 2439 2453 2479 et
2500 2430 2864 2495 vespertinum
2929 2430 3085 2484 offert
3134 2433 3361 2488 Domino

1775 2514 2103 2566 sacriﬁcium
2136 2514 2247 2583 qui,
2279 2517 2627 2583 semetipsum
2668 2534 2697 2571 a
2730 2520 3082 2574 saecularibus
3132 2524 3362 2591 negotiis

1778 2611 2062 2668 mactans,
2094 2614 2339 2657 versatur
2384 2606 2671 2661 assiduein
2705 2624 2963 2662 novarum
3004 2626 3067 2667 ac
3116 2624 3361 2666 veterum

1776 2694 2226 2750 meditationibus
2253 2697 2678 2767 Scripturarum.
2697 2700 2822 2755 Sive
2848 2704 3173 2757 matutinum
3196 2720 3256 2757 ac
3274 2721 3365 2759 ve-

1773 2783 2077 2851 spertinum
2122 2784 2352 2840 Domino
2392 2788 2719 2841 sacriﬁcium
2758 2788 2959 2859 jugiter
2995 2792 3357 2859 immolamtts,

1775 2889 1900 2927 cum
1938 2884 1993 2929 et
2037 2876 2226 2946 dignas
2256 2878 2304 2931 ei
2336 2880 2629 2946 gratiarum
2667 2881 2909 2935 actiones
2953 2884 3019 2936 de
3062 2894 3245 2937 nostra
3278 2901 3363 2941 re-

1776 2964 2091 3035 demptione
2122 2968 2431 3031 referimus.
2458 2972 2679 3041 ejusque
2707 2974 2946 3027 terribile
2962 2974 3221 3043 judicium
3250 2978 3363 3032 for-

1760 3058 2068 3125 'midantes,
2090 3058 2205 3127 jam
2233 3062 2387 3133 quasi
2405 3062 2760 3121 tribunalibus
2786 3067 3092 3135 praesidenti
3124 3076 3363 3125 tremen-

1802 3163 1865 3204 οε
1909 3158 2171 3205 astamus.

1846 3257 1977 3314 Post
2008 3258 2135 3330 juge
2178 3276 2310 3317 vero
2358 3263 2719 3329 sacrificium.
2763 3264 3056 3321 Sabbatum
3110 3269 3351 3338 ponitur.
3386 3235 3430 3299 C

1774 3348 2034 3405 videlicet
2054 3359 2111 3403 ut
2136 3351 2204 3406 ab
2240 3353 2387 3408 omni
2424 3356 2605 3423 operis
2650 3356 2859 3411 servilis
2888 3360 3238 3413 exsecutione
3268 3376 3359 3414 va.

1776 3450 1953 3494 cezur.
2004 3440 2311 3497 Christiano
2351 3460 2481 3499 vero
2532 3447 2812 3515 spirituale
2860 3450 3145 3505 sabbatum
3197 3467 3359 3523 agere

1777 3537 1866 3584 est
1892 3546 1922 3583 a
1948 3529 2219 3603 laboriosa
2243 3546 2424 3588 rerum
2447 3538 2831 3605 temporalium
2853 3541 3149 3607 cupiditate
3179 3544 3361 3612 quies-

1776 3634 1924 3685 cere,
1956 3620 2087 3676 solis
2108 3622 2411 3679 orationum
2439 3642 2503 3681 ac
2531 3627 2819 3681 lectionum
2854 3631 3047 3684 studiis
3083 3631 3357 3699 insulare,

1776 3712 2124 3768 srecularium
2168 3716 2506 3787 negotiorum
2558 3720 2767 3787 pondus
2814 3722 2879 3777 de
2921 3726 3118 3779 mentis
3146 3728 3359 3780 cervice

1777 3804 2090 3873 projicere,
2141 3808 2207 3861 ad
2253 3810 2665 3879 contemplanda
2723 3813 2964 3869 ctelestia
3018 3825 3126 3870 tota
3179 3817 3357 3873 cordis

1777 3896 2081 3953 intentione
2104 3912 2329 3963 vacare,
2369 3903 2553 3957 carnis
2572 3904 2961 3961 oblectamenta
2987 3919 3353 3981 contemnere.

1778 3988 1847 4041 de
1876 3986 1990 4043 sola
2011 4003 2103 4058 spe
2127 3990 2427 4046 crete-stium
2450 3994 2712 4063 spirituali
2734 3994 3073 4064 iucunditate
3098 4000 3354 4068 gaudere.

1779 4078 1859 4134 De
1889 4077 2013 4134 hoe'
2046 4080 2192 4136 enim
2217 4081 2349 4137 dicit
2395 4084 2683 4153 Apostolus
2724 4103 2738 4139 :
2776 4106 2793 4138 ι
2834 4086 3180 4157 Relinquitur
3228 4105 3358 4160 ergo

1777 4166 2147 4225 sabbatismus
2191 4172 2388 4241 populo
2438 4172 2534 4228 Dei
2588 4174 2777 4244 (Hebr.
2833 4178 2929 4247 tv).
2982 4197 3001 4230 ι
3053 4176 3148 4233 lllc
3192 4194 3357 4249 porro

1775 4260 2060 4316 sabbatum
2096 4261 2303 4318 Domini
2330 4265 2595 4319 veraciter
2622 4264 2893 4333 celebrat,
2925 4268 3015 4336 qui
3046 4269 3125 4322 sic
3162 4270 3229 4324 ab
3272 4272 3357 4326 his

1777 4364 1899 4418 qua:
1928 4351 2110 4404 mundi
2143 4363 2270 4409 sunt
2320 4354 2572 4423 operibus
2618 4366 2807 4419 vacat,
2838 4367 2897 4410 ut
2926 4372 2955 4410 a
2984 4359 3357 4425 spiritualibus

1778 4450 1959 4511 tamen
1982 4441 2194 4497 actibus
2222 4458 2328 4498 non
2355 4444 2620 4513 quiescat.
2649 4444 2800 4500 Unde
2821 4444 3034 4503 Veritas
3058 4449 3133 4503 ait
3158 4468 3169 4502 :
3201 4468 3219 4500 ι
3248 4450 3358 4505 Aut

1776 4543 1889 4581 non
1934 4527 2142 4599 legistis
2188 4532 2314 4600 quia
2368 4535 2677 4588 sacerdotes
2724 4534 2777 4588 iu
2825 4536 3023 4604 templo
3069 4536 3355 4593 sabbatum

2714 400 3207 458 COLLECTANEA
3235 403 3302 459 lN
3330 400 3557 459 VETUS
3594 401 4129 460 TESTAMENTUM.

4920 406 5055 463 1018

3390 523 3443 584 Α
3467 522 3611 577 niam
3634 521 3948 591 iniquitates
3978 538 4111 579 me:e
4136 532 4591 593 superposuerunt
4621 531 4785 591 caput
4839 535 5044 583 meum,

3473 623 3527 669 et
3575 614 3717 669 sicut
3751 615 3910 685 136
3936 629 4072 670 onus
4099 630 4261 686 grave
4298 626 4530 685 gravata:
4572 625 4695 670 sunt
4743 629 4919 684 super
4966 631 5047 669 me

3473 706 3645 778 (Psal.
3673 709 3904 773 xxxvii).
3948 727 3965 759 ι
3996 707 4063 763 Et
4090 707 4247 776 paulo
4271 717 4426 777 post:
4455 725 4473 758 ι
4502 707 4819 761 incurvatus
4847 720 4973 761 sum
4998 716 5045 758 et

3472 797 3785 853 humiliatus
3838 811 3956 851 sum
4006 811 4391 867 usquequaque
4435 794 4643 867 (Ibid).
4684 814 4703 845 ι
4738 795 4844 848 [ste
4899 808 5040 862 pra:-

3473 900 3639 952 terea,
3680 889 3733 943 in
3764 888 3881 945 loco
3910 903 4008 943 suo
4037 889 4275 943 residens
4299 929 4314 952 ,
4365 889 4572 959 longius
4616 900 4722 943 non
4763 882 5037 958 proram,

3470 978 3593 1047 quia
3621 977 3897 1032 Christum
3925 976 4025 1032 sibi
4056 976 4463 1032 fundamentum
4490 977 4659 1047 ponit,
4688 976 4741 1029 in
4774 990 4883 1044 quo
4929 975 5038 1029 sci.

3469 1069 3591 1123 licet
3644 1070 4009 1124 firmissimum
4073 1083 4184 1123 sua:
4242 1069 4441 1139 quietis
4491 1067 4856 1122 habitaculum
4905 1080 5040 1121 eoa-

3469 1158 3648 1213 struit.
3683 1158 3799 1227 Ipse
3825 1158 4023 1228 quippe
4050 1156 4198 1211 locus
4226 1166 4327 1218 est,
4360 1159 4424 1211 de
4468 1172 4573 1226 quo
4621 1156 4874 1224 scriptum
4906 1163 5032 1211 est:

3472 1271 3491 1304 ε
3532 1253 3651 1307 Filii
3682 1266 3960 1306 servorum
3989 1259 4203 1306 tuorum
4232 1250 4547 1305 babitabunt
4573 1250 4641 1305 ibi
4674 1246 4845 1316 (Psal.
4866 1247 4967 1315 cx).
5009 1265 5028 1298 ι

3466 1341 3585 1409 ipse
3613 1341 4044 1402 fundamentum.
4074 1340 4138 1393 de
4168 1354 4276 1411 quo
4320 1340 4512 1395 dicitur
4556 1338 4675 1408 quia
4708 1336 5027 1390 fundamen-

3468 1442 3579 1487 tum
3612 1431 3752 1483 aliud
3780 1447 3939 1485 nemo
3964 1438 4141 1499 potest
4168 1444 4368 1500 ponere
4411 1442 4605 1500 praeter
4637 1430 4688 1483 id
4717 1428 4859 1498 quod
4882 1425 5028 1497 posi-

3469 1533 3580 1575 tum
3610 1534 3714 1586 est,
3744 1522 4016 1576 Christum
4040 1520 4223 1577 Jesum
4251 1520 4302 1590 (I
4327 1520 4449 1576 Cor.
4472 1522 4607 1591 111).»

3539 1632 3718 1686 Tertia
3742 1646 3872 1684 vero
3897 1628 4163 1684 festivitas
4186 1640 4266 1685 est
4293 1630 4623 1695 Neomenize,
4647 1630 4697 1683 id
4724 1637 4806 1684 est
4874 1643 5027 1683 nova

3467 1722 3625 1776 lunae.
3675 1720 3823 1774 Tunc
3860 1732 4039 1776 autem
4072 1722 4314 1775 innovari
4362 1721 4486 1775 luna
4533 1721 4726 1775 dicitur
4764 1736 4885 1774 cum
4926 1719 5024 1775 soli

3468 1810 3839 1877 conjungitur,
3892 1820 3951 1861 ut
3996 1810 4065 1863 ab
4117 1824 4181 1863 eo
4223 1809 4290 1863 ad
4344 1808 4744 1877 concipiendum
4782 1807 5029 1875 splendo-

3470 1920 3580 1955 rem
3610 1902 3753 1955 velut
3783 1900 3967 1955 amissi
4013 1901 4231 1956 luminis
4280 1909 4576 1969 reparatur.
4613 1917 4630 1950 ι
4676 1899 4766 1955 Sol
4806 1898 5028 1966 justitise

3463 1994 3733 2047 Christus.
3777 2014 3794 2045 ι
3830 1993 3979 2046 Luna
4016 2001 4194 2046 autem
4243 1992 4417 2061 primo
4466 2001 4651 2046 sancta
4699 1990 5021 2044 universalis

3462 2084 3727 2149 Ecclesia,
3754 2085 3945 2138 deinde
3976 2098 4200 2153 «piaeque
4237 2084 4405 2138 fidelis
4430 2093 4511 2139 est
4540 2086 4735 2143 anima,
4769 2084 4906 2151 ejus,
4932 2080 5025 2150 qui

3464 2176 3715 2243 splendor
3745 2185 3827 2228 est
3852 2176 4034 2241 gloriae
4056 2186 4108 2228 et
4132 2177 4299 2245 figura
4324 2176 4630 2230 substantiae
4654 2174 4833 2245 (Hebr.
4856 2173 4915 2241 ι).
4940 2188 5028 2225 ra-

3467 2270 3567 2321 diis
3610 2267 3898 2320 illustrata.
3933 2267 4065 2320 Cum
4094 2282 4222 2337 ergo
4242 2276 4425 2320 sancta
4450 2266 4691 2333 quadibet
4716 2263 4890 2315 anima
4917 2261 5021 2315 Re-

3465 2358 3728 2424 demptori
3761 2373 3858 2411 suo
3907 2357 4173 2411 veraciter
4221 2358 4273 2410 iu
4310 2371 4490 2411 amore
4517 2354 4869 2424 conjungitur,
4900 2368 5018 2407 cum

3464 2447 3511 2499 ei
3536 2447 3765 2513 denique
3796 2446 3941 2500 velut
3972 2446 4025 2499 in
4056 2446 4291 2515 sponsali
4325 2446 4557 2500 thalamo
4587 2460 4681 2515 per
4711 2443 5023 2497 oblectatio-

3462 2539 3549 2592 nis
3582 2539 3780 2591 intin.:e
3830 2536 4094 2607 glutinum
4130 2537 4430 2607 copulatur,
4478 2548 4599 2591 tunc
4643 2535 4823 2604 procul
4856 2532 5017 2587 dubio

3466 2631 3861 2684 solenmitatem
3896 2628 4198 2684 Neomenim
4228 2629 4497 2692 celebrat,
4527 2627 4649 2681 dum
4678 2626 5014 2680 rcformatam

3464 2735 3523 2773 se
3561 2736 3589 2773 a
3638 2735 3870 2790 superno
3922 2719 4124 2773 lumine
4177 2720 4400 2773 fratrum
4456 2731 4667 2772 suorum
4715 2715 5013 2783 aspectibus

3464 2820 3835 2880 reprmseutat,
3872 2812 4013 2865 sicut
4056 2811 4178 2865 dicit
4220 2808 4547 2877 Apostolus:
4591 2826 4609 2859 ι
4643 2805 4739 2873 Qui
4782 2805 5011 2858 adlueret

3465 2901 3713 2966 Domino.
3746 2917 3885 2957 unus
3911 2903 4129 2970 spiritus
4158 2909 4240 2955 est
4271 2899 4319 2970 (1
4348 2900 4467 2954 Cor.
4500 2897 4595 2968 vt).
4632 2916 4650 2949 ι
4697 2894 4823 2949 Nam
4876 2894 4917 2949 si
4955 2894 5007 2947 in

3467 2994 3552 3048 his
3598 2993 3848 3048 omnibus
3874 2991 4045 3045 solum
4076 2990 4315 3045 exterior
4357 2987 4444 3041 ille
4468 2984 4851 3041 solemnitatem
4881 2984 5007 3037 ritus

3468 3087 3752 3154 accipitur.
3798 3100 3905 3141 non
3950 3083 4061 3151 jam
4111 3083 4284 3138 cxhis
4335 3080 4575 3133 utilitatis
4623 3077 4815 3148 aliqqu
4864 3076 5011 3131 nobis

3466 3176 3678 3230 videtur
3708 3188 3865 3241 posse.
3904 3173 4158 3237 conferri,
4190 3172 4283 3226 sed
4308 3170 4673 3241 superstitiosa
4699 3168 4873 3238 potius
4898 3168 5011 3221 exi-

3462 3270 3590 3334 gent
3626 3275 3689 3317 ac
3720 3260 3909 3315 frivola
3956 3262 4206 3330 judicari.
4246 3261 4381 3316 Hinc
4430 3269 4513 3315 est
4552 3260 4692 3329 quod
4734 3254 5010 3326 Apostolus

3462 3356 3539 3411 ait
3574 3372 3586 3406 :
3635 3373 3652 3404 ι
3688 3351 3857 3406 Nemo
3886 3350 4141 3419 dijudicet
4168 3366 4262 3406 vos
4289 3351 4339 3404 in
4372 3350 4491 3405 cibo
4540 3360 4630 3403 aut
4671 3357 4815 3417 potu,
4844 3354 4936 3401 aut
4957 3345 5007 3399 iu

3460 3452 3617 3513 parte
3644 3442 3747 3498 diei
3780 3440 3921 3503 festi,
3954 3449 4046 3493 aut
4074 3438 4385 3503 Neomenia,
4412 3447 4505 3493 aut
4526 3439 4579 3492 in
4619 3437 4867 3499 Sabbalo,
4893 3450 5005 3504 qua:

3462 3542 3589 3588 sunt
3616 3530 3807 3588 umbra
3840 3528 4145 3583 futurorum
4189 3528 4345 3600 (Col.
4386 3528 4467 3593 tt).
4503 3548 4521 3579 ι
4555 3526 4701 3594 Quod
4726 3541 4849 3596 ergo
4883 3534 5001 3578 tunc

3460 3632 3579 3682 erat
3618 3622 3805 3679 umbra
3856 3620 4160 3676 futurorum
4190 3619 4401 3682 Iudaeo,
4449 3634 4589 3674 nunc
4632 3626 4715 3671 est
4758 3615 5000 3671 exhibitio

3459 3713 3807 3785 prtesentium
3836 3711 4170 3775 Christiano;
4204 3719 4255 3765 et
4284 3709 4425 3778 quod
4456 3708 4559 3763 illis
4595 3708 4770 3762 datum
4807 3714 4887 3759 est
4912 3704 5015 3758 suis

3460 3804 3820 3861 exterioribus
3866 3803 4223 3864 caeremoniis,
4262 3802 4418 3856 nobis
4459 3799 4655 3853 factum
4702 3805 4784 3852 est
4822 3795 5002 3849 instru-

3460 3905 3703 3951 mentum
3741 3894 4109 3961 intclligeutite
4156 3891 4471 3962 spiritualis.
4508 3889 4653 3945 Tunc
4701 3888 4837 3943 enim
4873 3884 4998 3939 Neo-

3459 3988 3717 4052 meniam,
3747 3988 3847 4041 hoc
3877 3994 3961 4040 est
4001 4000 4153 4040 nova}
4196 3986 4345 4039 luute'
4371 3984 4596 4040 colimus
4643 3988 4814 4035 ortum
4838 4019 4852 4042 ,
4886 3992 4997 4033 cunt

3456 4086 3699 4131 veterem
3747 4075 4065 4145 deponimus
4093 4075 4389 4139 hominem,
4411 4083 4465 4129 et
4503 4082 4696 4129 sanctae
4732 4080 4999 4125 conversa-

3459 4166 3624 4223 tionis
3653 4167 3927 4222 induimus
3955 4167 4269 4222 novitatem.

3532 4261 3734 4326 Quarto
3777 4258 3897 4313 loco
3924 4258 4194 4328 paschalis
4222 4258 4360 4327 apud
4394 4256 4511 4312 illos
4552 4254 4811 4309 festivitas
4853 4248 4995 4323 poni-

3461 4361 3569 4416 tur,
3597 4352 3650 4405 in
3681 4365 3784 4420 qua
3812 4365 3954 4405 nunc
3981 4350 4119 4420 apud
4148 4366 4247 4405 nos
4273 4349 4485 4418 «Agnus
4505 4346 4594 4402 ille
4613 4346 4700 4415 qui
4733 4343 4863 4399 tollit
4885 4355 4997 4413 peo-

3461 4452 3579 4497 cata
3606 4439 3789 4495 mundi
3826 4438 4005 4505 (Joau.
4046 4441 4117 4507 ι),
4145 4459 4163 4490 ι
4203 4455 4301 4509 pro
4321 4438 4481 4492 totius
4503 4435 4677 4491 surculi
4704 4434 4865 4489 salute
4889 4445 4993 4486 ms-

3461 4539 3659 4585 ctatur.
3676 4528 3809 4583 Nam
3828 4547 3848 4579 ι
3868 4530 4069 4598 pascha
4092 4539 4334 4582 nostrum
4354 4527 4657 4582 immolatus
4680 4523 4998 4579 estChristtu

1777 4618 2200 4676 violantet-sine
2223 4624 2450 4679 crimine
2478 4626 2639 4680 sunt?
2659 4645 2676 4677 ι
2708 4601 3199 4699 (ΜαιιΙι.νιιι.)ριιὶ
3224 4644 3355 4701 ergo
3384 4601 3435 4660 Β
3463 4617 3516 4688 (Ῑ
3546 4617 3669 4672 σον·
3692 4617 3769 4686 ⁸⁸)·
3800 4636 3818 4666 ι
3852 4616 3987 4671 “llic
4032 4632 4109 4671 θοι

2665 4645 2676 4677 ι
2708 4601 3199 4699 (ΜαιιΙιξιιιᾼρηί
3224 4644 3355 4701 ergo
3384 4601 3435 4660 Ῑ)
3463 4617 3516 4688 (1
3546 4617 3669 4672 Cor.
3692 4617 3769 4686 v).
3800 4636 3818 4666 ι
3852 4616 3987 4671 Huic
4032 4617 4381 4671 continuatur
4410 4615 4686 4680 feativitas,
4730 4628 4846 4685 qua:
4875 4610 4997 4667 dici-

1778 4709 1850 4763 ab
1873 4708 2145 4764 actionum
2171 4712 2507 4767 stecularium
2536 4714 2810 4771 laboribus
2845 4727 3045 4783 cessat,
3076 4728 3131 4773 et
3160 4720 3355 4775 divina:

1778 4797 2061 4854 scrvitutis
2083 4800 2341 4868 operibus
2378 4810 2555 4868 vacat,
2594 4802 2685 4857 ille
2718 4804 3041 4860 Christianae
3082 4806 3358 4874 religionis

1778 4888 2063 4943 sabbatum
2113 4889 2391 4955 celebrat,
2446 4891 2548 4946 iste
2598 4909 2704 4946 nou
2764 4894 2960 4950 servile
3003 4908 3138 4963 Opus
3188 4895 3354 4960 facit,

1780 4978 1908 5046 quia
1941 4992 1999 5032 se
2025 4992 2056 5031 a
2082 4980 2291 5048 peccati
2317 4982 2725 5051 perpetratione
2750 4984 3003 5039 custodit.
3037 5002 3055 5033 c
3087 4984 3188 5051 Qui
3211 4986 3355 5040 enim

1779 5066 1915 5121 facit
1964 5076 2242 5135 peccatum
2268 5108 2283 5132 ,
2332 5086 2524 5125 servus
2561 5080 2644 5127 est
2678 5073 2885 5141 peccati
2936 5073 3120 5143 (Joau.
3158 5076 3299 5144 vnt).
3334 5093 3353 5126 ι

1779 5156 1889 5210 Iste
1923 5170 2028 5210 non
2061 5156 2113 5210 in
2142 5158 2303 5212 domo
2328 5173 2423 5212 sua
2460 5161 2637 5229 ignem
2686 5163 2952 5228 accendit,
2991 5163 3116 5232 quia
3171 5178 3360 5219 omnes

1781 5247 2038 5300 vitiorum
2085 5243 2327 5313 fomites,
2370 5256 2426 5302 et
2458 5249 2551 5304 ira:
2578 5259 2635 5305 et
2663 5252 2953 5308 simultatis
2982 5254 3249 5324 igniculos
3291 5270 3357 5309 ex

1782 5336 2053 5391 domicilio
2072 5351 2183 5391 sua:
2210 5337 2409 5393 mentis
2436 5340 2751 5408 exstinguit,
2776 5340 2843 5395 ab
2871 5342 2964 5397 illo
2988 5358 3184 5399 cavens
3236 5344 3361 5415 igne

1782 5428 1848 5482 de
1894 5442 2004 5496 quo
2051 5427 2309 5497 scriptum
2342 5438 2466 5484 est:
2504 5450 2524 5481 ι
2555 5429 2630 5485 Ite
2659 5430 2713 5484 in
2770 5430 2969 5488 lumine
3016 5435 3154 5506 ignis
3191 5436 3361 5492 vestri

1780 5524 1838 5572 et
1869 5517 1922 5569 in
1958 5516 2171 5571 flamma
2219 5531 2382 5586 quam
2429 5519 2755 5575 accendistis
2783 5518 2941 5591 (lsai.
2968 5522 3043 5591 L).
3080 5543 3097 5574 ι
3132 5522 3229 5579 llic
3259 5524 3359 5579 de~-

1780 5607 1947 5676 ttique
1972 5607 2182 5677 pondus
2215 5612 2269 5662 in
2296 5609 2383 5663 via
2411 5624 2517 5665 non
2542 5619 2742 5680 portat,
2782 5611 3038 5680 quoniam
3079 5613 3361 5669 incurvan-

1782 5698 1919 5752 tium
1952 5713 2009 5752 sc
2042 5700 2382 5770 iniquitatum
2412 5702 2698 5757 ruderibus
2736 5718 2831 5759 cor
2860 5719 2958 5773 per
2988 5705 3358 5773 ptenitentiam

1785 5786 1999 5861 levigat.
2029 5788 2104 5846 De
2131 5789 2325 5860 quibus
2368 5806 2467 5863 per
2508 5790 2834 5861 Propbetam
2884 5794 3125 5849 dicitur:
3162 5813 3179 5847 ι
3217 5796 3360 5863 Quo-

3460 4719 3550 4766 tur
3568 4711 3896 4781 Azymorum
3917 4749 3931 4773 ,
3959 4709 4011 4763 in
4043 4724 4145 4779 qua
4176 4708 4486 4779 praccipitur
4510 4715 4569 4761 ut
4603 4722 4634 4760 a
4674 4704 4872 4760 cunctis
4914 4702 5000 4757 do-

3461 4804 3640 4857 mibus
3686 4802 3974 4871 abjiciatur
4025 4818 4187 4857 omne
4229 4800 4583 4865 fermentum;
4634 4813 4787 4868 quam
4827 4795 4998 4863 utique

3458 4893 3829 4958 festivitatem,
3860 4908 3982 4962 qua:
4006 4892 4256 4947 videlicet
4283 4906 4387 4946 una
4416 4906 4535 4945 cum
4564 4887 4765 4943 Pascha
4788 4884 4992 4941 dicenda

3458 4995 3561 5050 est,
3589 5000 3687 5040 nos
3714 4985 3984 5040 veraciter
4028 4983 4400 5049 celebramus,
4442 4983 4486 5038 si
4522 4981 4834 5036 fermentum
4862 4977 4995 5031 mali-

3461 5080 3550 5133 tia:
3578 5085 3632 5132 et
3657 5076 3915 5147 nequitire
3938 5076 4005 5129 de
4031 5076 4379 5131 tabernaculo
4419 5074 4587 5130 nostri
4612 5072 4784 5129 contis
4826 5069 4992 5139 abjici-

3462 5184 3603 5229 mus,
3644 5178 3699 5223 et
3739 5167 4070 5222 sinceritatis
4112 5182 4177 5223 ac
4205 5166 4451 5221 veritatis
4476 5182 4658 5238 azyma
4688 5162 4993 5219 custodimus

3463 5259 3673 5330 (Ibid).
3696 5257 4006 5313 Cavendum
4032 5266 4265 5328 estergo
4288 5272 4353 5311 ne
4368 5257 4507 5312 sitin
4533 5256 4789 5311 mentibus
4813 5252 4992 5307 nostris

3463 5348 3805 5403 adumbratio
3830 5346 3960 5413 fuci,
3988 5347 4292 5417 corruptela
4316 5347 4584 5411 fomenti,
4610 5358 4830 5401 caverna
4856 5356 4990 5397 men-

3462 5438 3631 5503 dacii,
3666 5438 3759 5492 sed
3790 5437 3969 5507 putius
4016 5438 4069 5491 in
4103 5437 4262 5492 domo
4305 5438 4472 5492 nostri
4508 5435 4737 5508 pectoris
4761 5434 4921 5503 vigeat
4943 5441 4992 5485 et

3461 5531 3713 5598 puritatis
3757 5530 4039 5599 integritas
4067 5539 4122 5585 et
4149 5530 4393 5586 soliditas
4422 5531 4684 5586 veritatis.

3532 5619 3661 5675 Post
3682 5620 3843 5686 hanc,
3875 5619 3963 5674 illa
3991 5619 4257 5676 festivitas
4278 5622 4521 5693 sequitur
4556 5636 4675 5691 qua
4697 5620 4881 5675 dicitur
4898 5612 4988 5671 No-

3460 5723 3672 5770 varum.
3702 5724 3823 5764 cum
3853 5708 4105 5779 primitiae
4149 5709 4351 5765 scilicet
4387 5712 4453 5766 de
4486 5711 4636 5765 novis
4666 5707 4890 5778 frugibus
4919 5702 4987 5759 of.

3466 5800 3727 5857 feruntur.
3762 5804 3894 5857 Dum
3925 5801 4068 5856 enim
4116 5803 4181 5858 ad
4214 5804 4574 5859 maturitatem
4617 5809 4845 5872 segetum
4883 5810 4985 5867 pcr-
