3978 6378
262 406 433 483 sets
1599 418 1665 472 IN
1701 415 1961 472 unum
2006 416 2294 473 Nrusm.
2612 431 2629 447 -
3444 411 3581 466 toro

262 535 511 591 venitur
531 576 547 602 ,
596 542 748 601 tunc,
779 535 832 591 in
864 535 1198 606 perfectione
1255 536 1518 591 bonorum
1544 518 1549 521 1
1578 534 1873 599 fructuum,
1909 520 1956 577 Α
1982 548 2124 585 tuus.
2158 530 2312 585 lianc
2343 529 2507 600 igitur
2536 528 2689 582 nobis
2714 526 2815 583 hoc
2850 528 3007 580 modo
3060 524 3411 580 festivitatem
3440 524 3584 578 cele-

266 627 507 681 auctori
537 627 803 681 bonorum
857 628 965 682 Deo
1002 626 1270 681 festivitas
1298 627 1494 695 agitur.
1530 624 1638 677 Nos
1666 639 1881 696 quoque
1984 620 2272 675 brantibus
2310 619 2696 688 repropitiatur
2752 617 2839 670 ille
2898 632 3058 685 qurm
3109 615 3391 685 proposuit
3444 614 3590 671 Deus

267 714 569 773 Novorum
618 718 878 772 solemnia
906 718 1177 787 gerimus,
1206 719 1275 775 si.
1302 718 1453 786 prius
1478 730 1668 785 agrum
1710 717 1881 769 nostri
1985 709 2400 779 propitiatorem
2425 722 2523 774 per
2546 706 2706 760 {idem
2737 706 2787 758 in
2823 705 3089 773 sanguine
3113 720 3233 758 suo.

266 810 474 864 cordis
489 808 787 879 disciplinae
805 824 1022 863 vomere
1038 810 1471 879 proscindentes,
1488 809 1747 862 virtutum
1766 823 1885 874 ger-

277 898 444 951 mina
472 898 876 966 spargimus,ut
893 898 1015 951 boni
1049 898 1388 965 postmodum
1413 896 1592 965 operis
1615 892 1885 950 frumenta

277 998 586 1043 metantes.
627 988 778 1044 Unde
819 1004 916 1057 per
959 990 1276 1058 prophetam
1324 990 1567 1043 dicitur:
1613 1008 1631 1039 ‹
1682 988 1887 1041 Novate

282 1079 460 1149 137
486 1080 643 1133 vobis
672 1079 888 1143 novalc,
920 1088 973 1132 et
1002 1080 1168 1133 nolite
1190 1095 1371 1134 serere
1393 1080 1571 1147 spicas
1599 1078 1732 1146 (Jer.
1752 1079 1881 1147 ιν).›

283 1171 373 1225 De
400 1171 541 1226 bono
569 1170 779 1227 scilicet
808 1170 1041 1239 agricola
1069 1170 1322 1224 Salomon
1352 1172 1456 1225 ait:
1509 1190 1527 1221 ι
1566 1170 1667 1237 Qui
1694 1184 1890 1238 opera-

286 1270 390 1314 tur
422 1270 622 1316 terram
649 1274 827 1323 suam,
856 1259 1105 1315 inaltahit
1137 1274 1390 1314 acervum
1429 1260 1666 1329 frugum,
1713 1268 1768 1315 et
1796 1259 1889 1327 qui

283 1360 557 1419 operatur
576 1349 869 1418 justitiam,
906 1350 1018 1421 ipse
1046 1349 1586 1416 exaltabitur(Eccli.
1624 1350 1737 1420 xx).
1763 1370 1781 1401 ι
1814 1349 1891 1405 De

288 1440 591 1510 negligenti
617 1453 831 1509 quoque
857 1440 1110 1508 operario
1142 1440 1281 1494 idem
1300 1440 1472 1493 dicit:
1522 1458 1539 1490 ‹
1572 1438 1675 1493 Per
1704 1454 1891 1508 agrum

290 1530 536 1584 hominis
567 1530 702 1601 pigri
729 1531 978 1595 transivi,
1019 1541 1075 1583 et
1112 1545 1207 1598 per
1231 1532 1444 1585 vineam
1480 1530 1598 1583 viri.
1633 1530 1808 1590 stulti.
1836 1537 1894 1584 et

290 1634 429 1675 cecc
455 1628 629 1673 totum
660 1618 1004 1689 repleverunt
1030 1620 1254 1682 urtica;
1282 1626 1616 1687 operuerunt
1658 1616 1891 1687 superli-

296 1710 443 1763 ciem
467 1710 586 1778 ejus
616 1711 806 1779 spinae,
829 1720 887 1764 et
918 1710 1155 1764 maceria
1184 1709 1424 1778 lapidum
1471 1712 1748 1766 destructa
1777 1720 1897 1764 erat

298 1797 488 1865 (Prov.
515 1800 688 1868 xxrv).
722 1819 740 1850 ι
777 1798 841 1854 Ει
870 1800 1065 1853 iterum
1093 1817 1106 1852 ε
1157 1817 1175 1850 ι
1209 1798 1483 1869 Prtepara,
1537 1800 1729 1871 inquit.
1762 1801 1896 1856 foris

2056 796 2261 853 Octava
2294 812 2445 861 vero,
2478 811 2598 864 qua:
2626 805 2677 849 et
2696 794 2881 848 ultima
2914 794 3231 848 solemnitas
3257 800 3361 856 est,
3390 791 3598 847 dicitur

1988 885 2326 956 Scenopcgin,
2380 887 2484 941 hoc
2539 897 2624 940 est
2664 885 3147 947 tabernaculorum,
3198 899 3316 953 qua:
3342 882 3600 938 videlicet

1988 977 2179 1045 quinto
2210 977 2424 1030 decimo
2468 977 2554 1029 die
2581 975 2821 1041 ejusdem
2878 976 3092 1043 septimi
3154 976 3358 1028 mensis
3404 974 3598 1043 incipit

1989 1066 2275 1121 celebrari.
2315 1067 2558 1119 Lmtatm'
2582 1066 2726 1119 enim
2757 1064 2896 1118 Deus
2949 1064 3107 1127 inte,
3155 1079 3278 1116 cum
3312 1072 3366 1117 te
3432 1063 3600 1131 quasi

1988 1157 2339 1228 peregrinum
2368 1157 2541 1211 cernit
2592 1166 2645 1209 et
2696 1155 2977 1218 exsalem,
3028 1163 3085 1208 et
3140 1170 3245 1207 non
3303 1154 3355 1207 in
3402 1155 3603 1224 patria:

1991 1247 2263 1311 domibus,
2294 1247 2389 1301 sed
2430 1250 2482 1300 in
2513 1245 2686 1300 exsilii
2718 1244 3085 1299 tabernaculis
3135 1243 3397 1314 conspicit
3439 1242 3605 1297 habi-

1992 1350 2221 1395 tantem.
2258 1359 2275 1393 ‹
2309 1338 2426 1393 Non
2454 1340 2599 1394 enim
2629 1340 2717 1394 hic
2753 1338 3017 1394 habemus
3063 1339 3226 1410 138
3282 1348 3594 1394 manentem

1990 1432 2293 1495 civitatem,
2329 1432 2424 1486 sed
2473 1430 2712 1485 futuram
2763 1430 3092 1500 inquirimus
3136 1428 3324 1501 (Hebr.
3388 1429 3531 1498 xm).
3570 1446 3589 1480 ι

1992 1524 2126 1580 Cum
2155 1520 2298 1580 enim
2330 1525 2420 1579 hic
2448 1524 2727 1579 cernimur
2773 1540 2871 1595 per
2904 1524 3100 1579 molem
3124 1522 3391 1594 corporis,
3440 1520 3600 1577 habi—

1994 1624 2175 1671 tamus
2202 1617 2256 1669 in
2282 1616 2423 1669 caelo
2452 1631 2551 1685 per
2581 1615 2821 1669 srudium
2879 1615 3199 1669 intentionis
3221 1606 3241 1677 ς’
3295 1630 3446 1670 cum.
3478 1620 3597 1668 tan-

1994 1722 2158 1776 quam
2184 1706 2422 1760 viatores
2451 1705 2670 1777 quidam
2723 1713 2778 1757 et
2827 1704 3074 1766 adveure,
3128 1719 3224 1773 per
3279 1705 3594 1773 despectum

1998 1796 2198 1850 mentis
2228 1795 2516 1864 ptmsentia
2539 1803 2737 1849 cuncta
2772 1794 3220 1858 transcurrimus,
3279 1796 3345 1848 ad
3407 1807 3600 1865 super-

297 1863 2127 1963 opustuum,etdiligenterexerceazrumtuum,utpostcaBnam
2186 1902 2317 1941 vero
2376 1888 2608 1955 patriam
2662 1886 2839 1940 anxiis
2883 1886 3280 1939 desideriorum
3337 1883 3601 1956 gradibus

299 1980 543 2035 aedifices
568 1981 785 2034 domum
820 1991 964 2034 tuam
991 1981 1009 2050 (
1038 1980 1224 2047 Ibid.).
1264 2000 1283 2032 ι
1331 1981 1436 2037 Sed
1464 1984 1711 2052 quisquis
1761 1985 1898 2040 inte-

300 2070 508 2124 riorem
537 2070 807 2125 hominem
843 2087 999 2126 suum
1034 2072 1101 2125 de
1131 2072 1219 2126 die
1268 2072 1321 2127 in
1371 2075 1538 2139 diem,
1594 2076 1897 2132 secundum

301 2160 554 2229 Apostoli
612 2162 962 2225 sententiam,
1008 2170 1253 2227 renovat,
1304 2166 1554 2235 quisquis
1593 2182 1688 2221 cor
1739 2183 1896 2221 suum

297 2253 471 2307 divini
500 2254 725 2308 terroris
750 2254 1015 2325 ligoaibus
1034 2257 1228 2321 sulcat,
1256 2258 1357 2313 iste
1371 2274 1474 2313 non
1505 2274 1670 2327 super
1690 2260 1896 2327 spinas,

299 2344 399 2398 sed
417 2358 583 2413 super
598 2343 807 2396 novalia
830 2345 1083 2408 seminat,
1112 2355 1170 2399 ut
1198 2346 1477 2401 eentesimi
1502 2357 1798 2416 proventus
1815 2364 1899 2403 se-

301 2442 484 2503 getem
513 2442 699 2488 metat.
720 2432 872 2488 Unde
888 2434 1013 2487 dicit
1031 2436 1353 2504 Apostolus:
1376 2457 1393 2486 ι
1408 2437 1542 2505 Quia
1559 2439 1649 2508 qui
1666 2440 1900 2494 seminat

303 2524 363 2578 in
389 2523 608 2593 spiritu,
635 2523 701 2578 de
721 2525 911 2593 spiritu
937 2535 1101 2579 metet
1122 2528 1287 2581 vitam
1311 2537 1571 2582 aeternam
1592 2528 1733 2600 (Gal.
1763 2531 1894 2601 vi)»

301 2616 408 2685 Qui
438 2632 567 2671 vero
586 2614 796 2671 fructus
824 2625 879 2671 et
911 2617 962 2671 in
988 2617 1088 2673 hac
1106 2619 1216 2673 vita
1241 2620 1307 2674 de
1334 2622 1526 2690 spiritu
1549 2621 1897 2690 colliguntur,

302 2706 448 2762 idem
479 2706 604 2761 alibi
642 2708 925 2776 diligenter
983 2719 1286 2775 enumerat,
1327 2712 1515 2768 dicens
1546 2733 1559 2768 :

300 2805 488 2851 autem
518 2797 754 2867 Spiritus
780 2807 864 2852 est
884 2798 1143 2862 charitas,
1167 2801 1443 2870 gaudium,
1464 2818 1587 2872 pax.
1614 2805 1899 2873 patientia,

303 2882 710 2953 longanimitas,
739 2886 1315 2957 bonitas,benignitas,
1341 2894 1719 2958 mansuetudo,
1745 2893 1898 2959 ﬁdes,

308 2976 599 3039 modestia,
633 2976 987 3041 continentia,
1019 2980 1244 3033 castitas
1275 2980 1420 3042 (Cal.
1448 2982 1523 3051 v).
1564 3002 1583 3035 ι
1641 2982 1899 3053 Quisquis

307 3066 475 3133 igitur
500 3066 597 3120 hos
627 3066 836 3121 fructus
866 3067 1006 3121 intra
1032 3083 1143 3123 sme
1173 3072 1370 3124 mentis
1392 3071 1647 3125 horreum
1674 3073 1900 3143 colligit,

311 3158 402 3211 hic
430 3157 612 3226 procul
650 3158 810 3213 dubio
843 3158 1241 3215 solemnitatem
1290 3160 1564 3218 Novorum
1611 3163 1903 3220 salubriter

310 3248 395 3303 col
422 3258 461 3302 t.

386 3340 589 3396 De'nde
617 3341 865 3412 sequitur
918 3341 1186 3399 festivitas
1233 3346 1437 3401 mensis
1483 3346 1722 3423 septimi,
1782 3362 1904 3417 quae

304 3431 505 3485 dicitur
534 3432 838 3503 Clangoris,
866 3434 980 3490 sive
1007 3435 1305 3491 Tubarum.
1330 3436 1424 3493 Sic
1452 3440 1596 3493 enim
1624 3440 1767 3494 inter
1786 3442 1902 3496 dies

304 3525 566 3593 septimus
589 3523 820 3593 quisque
848 3524 1051 3579 dicitur
1080 3524 1376 3581 Sabbatum
1396 3544 1410 3591 ;
1432 3519 1512 3582 ita
1546 3529 1903 3585 nihilominus

302 3622 357 3667 et
383 3613 525 3668 inter
553 3628 792 3677 menses.
815 3615 907 3685 qui
942 3617 1201 3684 septimus
1224 3626 1334 3681 est,
1376 3618 1575 3673 dicitur
1598 3618 1900 3675 Sabbatum

305 3705 600 3767 mensium,
640 3713 699 3758 ut
725 3706 890 3760 etiam
921 3706 1217 3762 Sahbatum
1255 3710 1629 3765 sabbatorum.
1660 3710 1793 3778 Quis
1819 3721 1903 3767 est

302 3803 485 3848 autem
517 3793 743 3864 clangor
770 3793 859 3849 ille
908 3795 1181 3859 tubarmn,
1239 3798 1327 3852 cui
1378 3798 1671 3855 debeamus
1719 3817 1901 3858 annua

304 3883 445 3939 festa
472 3884 828 3961 persolvere.
852 3885 957 3938 nisi
984 3886 1293 3954 evangelica
1325 3888 1484 3942 simul
1520 3898 1574 3943 et
1602 3891 1899 3959 apostolica

302 3971 569 4034 doctrina,
594 3986 736 4041 quze,
764 3980 1021 4041 tanquam
1053 3973 1277 4030 caeleste
1310 3976 1607 4031 tonitruum
1637 3994 1703 4033 ac
1741 3981 1904 4033 terri-

302 4061 427 4118 bilis
454 4064 705 4129 buccina,
746 4078 846 4118 nos
873 4063 942 4118 ad
984 4064 1322 4134 procinctum
1366 4066 1664 4137 spiritualis
1695 4069 1903 4125 militias

300 4164 584 4225 provocat,
622 4164 787 4223 atque
836 4162 897 4207 ut
937 4170 1035 4223 pro
1063 4155 1257 4211 castris
1306 4155 1655 4226 Imperatoris
1707 4143 1899 4216 aeterni

303 4250 497 4300 contra
524 4244 780 4313 nequitia:
804 4243 1028 4313 spiritus
1076 4244 1531 4302 infmderahiliter
1579 4250 1901 4307 dimicemus

304 4333 561 4403 instigat?
589 4334 720 4402 Quis
746 4344 832 4391 est
863 4350 993 4405 ergo
1016 4336 1105 4405 qui
1146 4338 1397 4392 tubarum
1460 4341 1575 4395 sive
1626 4341 1899 4412 claugoris

302 4426 496 4481 festum
528 4424 763 4496 legitime
784 4425 1044 4491 celebret,
1090 4428 1193 4482 nisi
1222 4428 1315 4499 qui
1344 4428 1657 4501 Scripturas
1688 4431 1900 4489 Veteris

303 4530 367 4568 ac
391 4513 526 4583 Novi
566 4515 901 4571 Testameuti
931 4516 1114 4583 studet
1146 4517 1197 4571 in
1252 4520 1489 4573 armario
1520 4534 1632 4575 suae
1698 4524 1898 4577 mentis

303 4607 601 4675 includere,
650 4623 714 4663 ac
739 4618 1009 4678 pnecepta
1044 4609 1285 4664 cmlestia
1321 4614 1494 4668 tenaci
1532 4629 1748 4683 semper
1780 4630 1897 4669 me-
1930 4589 1977 4647 ί)

302 4699 488 4753 moria:
520 4700 943 4755 commendare?
963 4700 1093 4755 llaec
1120 4702 1305 4772 itaque
1331 4701 1466 4758 festa
1494 4705 1897 4763 celebrantibus

303 4788 405 4843 rite
430 4804 529 4856 per
554 4788 878 4859 Prnphetam
909 4790 1111 4846 dicitur
1139 4807 1154 4846 :
1205 4812 1225 4845 ι
1258 4794 1449 4850 Canite
1507 4796 1663 4852 initio
1692 4800 1917 4855 mensis

304 4879 453 4945 tuba,
479 4880 531 4934 in
559 4879 646 4936 die
661 4881 858 4952 insigni
873 4884 1234 4940 solemnitatis
1253 4896 1447 4941 vestrm
1469 4884 1644 4957 (Paul.
1664 4890 1852 4960 un).
1868 4911 1886 4943 ι

378 4966 507 5023 Post
541 4969 683 5025 hanc
721 4980 807 5025 est
853 4981 906 5027 et
960 4969 1048 5026 illa
1090 4972 1355 5030 festivitas
1406 4992 1526 5046 quae
1583 4978 1895 5038 celebratur

304 5058 509 5113 decima
539 5060 627 5115 die
652 5062 855 5117 mensis
874 5064 1114 5134 septimi,
1162 5065 1215 5119 in
1250 5082 1353 5136 qua
1386 5067 1639 5123 videlicet
1684 5071 1898 5128 animas

306 5164 432 5204 suas
459 5148 632 5206 Judmi
661 5140 1048 5225 priscipiuutur
1075 5155 1333 5229 amigere.
1362 5157 1471 5214 Nos
1530 5161 1698 5215 etiam
1751 5163 1896 5219 hanc

307 5242 410 5319 rite
440 5239 843 5297 solemnitatem
895 5244 1148 5311 colimus,
1200 5263 1325 5302 cum
1373 5264 1596 5305 carnem
1650 5261 1894 5307 nostram

306 5332 672 5388 maceratione
718 5336 1047 5406 castigamus
1076 5339 1290 5405 inedia),
1345 5357 1466 5397 cum
1533 5346 1895 5417 nosmetipsos

306 5423 650 5493 reprimimus
675 5427 775 5481 sub
801 5438 964 5484 arcta:
984 5434 1227 5488 custodia
1260 5435 1578 5505 disciplina,
1611 5453 1735 5491 cum
1787 5440 1883 5493 de-

305 5514 469 5584 nique
519 5516 826 5584 petulantes
880 5521 1182 5576 carnalium
1242 5525 1554 5594 passionum
1612 5527 1896 5583 illecebras

306 5605 695 5676 crucifigimus,
723 5625 847 5665 cum
881 5626 1078 5684 corpus
1126 5626 1374 5671 nostrum
1402 5632 1501 5687 pro
1541 5617 1772 5674 Domino
1812 5618 1895 5672 la-

308 5693 376 5751 be
407 5695 529 5752 ibus
564 5708 618 5753 et
640 5701 895 5758 aerumnis
924 5704 1233 5769 atterimus,
1280 5722 1403 5761 eum
1451 5709 1761 5763 interiorem
1791 5710 1891 5764 ho-

306 5784 504 5840 minem
527 5800 622 5857 per
649 5792 1081 5861 compunctionis
1111 5794 1401 5851 acﬂetuum
1430 5796 1661 5852 lamcma
1690 5806 1894 5853 macta-

1614 2733 1635 2766 ι
1670 2715 1904 2771 Fructus

1932 3230 1979 3292 C

2000 1977 2345 2041 festinamus,
2377 1987 2567 2030 tuuca
2624 1976 2779 2029 nobis
2840 1976 3200 2044 spiritualiter
3257 1972 3595 2063 Sqenopegltt

1998 2071 2217 2134 colitur,
2248 2084 2369 2139 quae
2418 2067 2621 2122 dudum
2675 2069 2815 2136 apud
2855 2068 2977 2122 illos
3032 2083 3127 2137 per
3185 2067 3411 2139 legitimi
3456 2068 3596 2135 ritus

2001 2166 2355 2220 caeremonias
2380 2163 2676 2217 carnaliter
2698 2160 2978 2232 agebatur.
3003 2161 3127 2214 llaec
3145 2176 3305 2230 porro
3329 2157 3601 2217 festivitas

2000 2254 2402 2324 quintodecimo
2424 2254 2511 2307 die
2531 2251 2746 2321 septimi
2767 2252 2969 2305 mensis
3001 2250 3211 2320 incipit,
3244 2259 3317 2315 et,
3343 2250 3467 2318 quia
3501 2264 3601 2320 per

1999 2358 2125 2401 octo
2149 2345 2265 2399 dies
2295 2344 2513 2410 colitur,
2538 2344 2748 2398 decimo
2778 2343 3141 2396 Kalendarum
3188 2340 3441 2397 Octobris
3470 2356 3602 2411 pro-

2002 2437 2088 2492 cul
2123 2435 2288 2490 dubio
2325 2436 2671 2489 terminatur.
2693 2434 2901 2486 Dicitur
2923 2433 3067 2486 enim
3101 2433 3151 2486 in
3177 2430 3553 2488 lihrnNumeri
3581 2448 3599 2489 :

2008 2548 2025 2581 ι
2065 2529 2263 2595 Quinta
2289 2528 2496 2582 decima
2529 2526 2614 2579 die
2641 2526 2843 2580 mensis
2880 2526 3095 2593 septimi
3120 2566 3134 2589 ,
3163 2540 3283 2595 qua:
3312 2526 3467 2579 vobis
3489 2524 3599 2582 erit

2002 2632 2192 2675 sancta
2258 2628 2313 2675 et
2372 2619 2740 2683 venerabilis,
2806 2632 2967 2671 omne
3050 2632 3186 2687 Opus
3246 2617 3441 2671 servile
3493 2632 3599 2673 non

2003 2704 2214 2768 facietis
2242 2714 2293 2767 in
2320 2728 2405 2777 ea,
2439 2712 2533 2767 sed
2571 2710 2919 2766 celebrabitis
2940 2709 3339 2764 solemnitatem
3365 2709 3596 2765 Domino

2003 2815 2210 2874 septem
2272 2805 2462 2860 diebus
2494 2802 2682 2872 (Nunt.
2724 2805 2900 2875 xxix).
2942 2822 2959 2852 ι
3027 2803 3090 2854 Et
3145 2802 3424 2868 aliquanto
3479 2811 3603 2873 post

2003 2894 2223 2965 sulijicit
2254 2915 2267 2950 ε
2304 2914 2323 2948 ‹
2361 2898 2458 2951 Die
2488 2906 2703 2957 octavo,
2734 2896 2827 2965 qui
2888 2904 2969 2948 est
3001 2894 3413 2957 celeberrimus,
3439 2909 3603 2949 ontue

2002 3002 2138 3057 alma
2163 2986 2362 3044 servile
2396 3001 2501 3041 non
2535 2985 2745 3039 facietis
2774 2984 2826 3038 in
2857 3002 2923 3037 co
2953 2983 3165 3053 (Ibid.).
3201 3004 3217 3035 ι

2586 3074 2817 3130 CAPUT
2860 3074 3022 3128 XVII.

2007 3171 2075 3225 1a
2101 3168 2318 3239 epistola
2341 3168 2410 3222 ad
2447 3165 2506 3219 γ.
2534 3168 2826 3239 episcopum
2844 3177 2891 3218 ct
2912 3165 3025 3233 ejus
3047 3164 3429 3239 canonicosnle
3448 3165 3604 3233 quin-

2486 3255 2585 3308 que
2611 3238 2844 3290 sensibus
2876 3236 3131 3303 corporis.

2086 3352 2105 3384 ι
2135 3335 2377 3393 Armate.
2402 3329 2578 3399 inquit
2610 3328 2839 3398 Moyses.
2867 3342 2932 3381 ex
2970 3326 3124 3380 vobis
3177 3326 3325 3380 viros
3386 3325 3452 3380 ad
3504 3340 3603 3388 pu-

2006 3435 2189 3495 gnam,
2219 3411 2310 3490 qui
2341 3420 2551 3489 possint
2575 3404 2833 3471 ultionem
2876 3415 3086 3469 Domini
3113 3425 3370 3486 expetere
3396 3414 3463 3469 de
3494 3410 3599 3469 Ma-

2005 3514 2247 3572 dianitis.
2275 3511 2520 3581 Cumque
2560 3516 2893 3579 pugnassent
2920 3514 3108 3561 contra
3150 3504 3498 3574 Madianitas,
3543 3513 3605 3559 ut

2004 3620 2160 3661 sacra
2191 3612 2378 3658 narrat
2398 3602 2649 3665 historia,
2674 3610 2837 3670 atque
2868 3598 3150 3664 vicissent,
3190 3612 3384 3653 omnes
3418 3610 3601 3655 mares

2002 3698 2318 3752 occiderunt
2348 3705 2402 3751 et
2432 3710 2591 3765 reges
2620 3709 2831 3755 eormn,
2868 3692 2989 3756 Evi,
3040 3700 3096 3746 et
3116 3690 3341 3749 Recem.
3366 3703 3422 3745 et
3467 3690 3602 3755 Sur,

2002 3804 2053 3844 αι
2070 3788 2262 3850 Bur.et
2278 3786 2697 3855 Eebe,quinque
2710 3784 2980 3854 princ'pes
2992 3779 3373 3853 gentis(Num.
3392 3780 3541 3852 sui)
3575 3799 3599 3837 ο

2004 3880 2304 3951 Evi,planc
2329 3879 2588 3933 belluinus
2617 3878 2730 3931 sive
2770 3875 2974 3945 [crium
3004 3874 3413 3945 interpretatur.
3447 3873 3604 3929 lluuc

2003 3971 2192 4041 itaque
2220 3986 2403 4041 regem
2432 3970 2485 4023 in
2526 3968 2684 4023 nobis
2711 3964 2980 4036 spirituali
3024 3979 3288 4021 mucrone
3326 3963 3601 4037 transilui-

2002 4079 2147 4127 mus,
2172 4079 2294 4119 cum
2328 4062 2534 4116 ferinos
2561 4077 2591 4115 a
2624 4061 2779 4116 nobis
2822 4076 3003 4115 mores
3050 4058 3446 4123 abseindimus,
3475 4071 3601 4115 cum

2001 4156 2247 4212 bestialis
2270 4155 2563 4211 iracundiae
2594 4154 2800 4209 rabiem
2832 4168 2860 4207 a
2895 4162 3084 4209 nostro
3115 4162 3337 4223 pectore
3367 4149 3600 4206 detrun-

2003 4264 2211 4304 camus.
2260 4247 2393 4301 Nam
2443 4262 2565 4300 cum
2604 4245 2863 4299 Dmninus
2893 4244 3041 4299 dicat
3082 4262 3096 4297 :
3163 4261 3182 4295 ι
3216 4241 3366 4297 Beati
3417 4241 3599 4307 mites,

2001 4338 2259 4408 quoniam
2294 4338 2395 4407 ipsi
2425 4338 2776 4406 possidebunt
2824 4347 3024 4390 terram
3054 4333 3272 4404 (Matth.
3303 4334 3383 4405 v),
3422 4354 3439 4385 ι
3472 4350 3603 4404 quo-

2003 4428 2163 4483 modo
2201 4428 2407 4497 poteris
2434 4436 2843 4497 mansuetorum
2876 4424 3127 4479 obtinere
3183 4422 3600 4490 beatitudinem,

2003 4500 2106 4576 nisi
2139 4495 2364 4575 belluini
2394 4520 2616 4589 spiritus
2652 4495 2705 4571 in
2745 4515 3077 4571 teeubibeas
3124 4515 3442 4569 feritatem?
3495 4514 3603 4571 Re~

2004 4627 2121 4666 cem
2153 4627 2303 4677 vero,
2341 4612 2478 4676 sive,
2507 4610 2646 4665 sicut
2703 4609 2753 4663 in
2784 4609 2951 4663 veteri
2986 4607 3343 4663 translatione
3377 4605 3601 4675 dicitur,

2002 4703 2210 4767 Rncon,
2268 4703 2660 4770 interpretatur
2710 4699 2964 4753 inanitas.
3000 4698 3097 4752 'Et
3149 4698 3279 4768 quid
3337 4697 3602 4753 estaliud

2001 4792 2260 4862 quidquid
2294 4792 2346 4845 in
2380 4789 2581 4845 mundo
2625 4804 2723 4859 pro
2772 4787 2959 4842 mundi
2985 4776 3427 4857 concupiscentia
3460 4786 3603 4856 geri-

2003 4893 2115 4949 tur,
2142 4883 2251 4938 nisi
2280 4884 2427 4953 quod
2454 4881 2737 4952 Scriptura
2762 4881 3004 4949 loquitur
3027 4897 3041 4933 :
3091 4898 3109 4931 ι
3137 4880 3365 4934 Vanitas
3385 4879 3600 4932 vanita-

2002 4985 2139 5039 tum,
2171 4974 2423 5030 etomnia
2450 4972 2696 5027 vanitas?
2728 4991 2744 5023 ι
2776 4970 2976 5041 (Eccle.
3001 4968 3309 5041 t).\'anitas
3330 4967 3601 5038 siquidem

2005 5067 2169 5122 edicit
2191 5067 2460 5122 vanitates
2481 5076 2532 5120 et
2570 5066 2698 5135 ipsa:
2734 5064 3004 5117 Vanitates
3033 5061 3240 5116 faciunt
3271 5061 3596 5124 vanitatem,

2003 5159 2130 5213 dmn
2158 5166 2213 5212 et
2241 5158 2496 5219 mundus,
2525 5156 2616 5225 qui
2655 5154 3003 5208 transitorius
3035 5160 3141 5217 est,
3167 5151 3436 5213 homines,
3460 5165 3601 5220 quos

2003 5249 2220 5320 decipit,
2249 5264 2418 5302 vanos
2465 5246 2685 5310 eﬂiciat,
2713 5255 2765 5300 et
2818 5243 3066 5299 homines
3120 5242 3403 5323 mundum.
3436 5254 3599 5311 quem

2004 5342 2198 5397 insane
2225 5341 2478 5411 diligunt,
2529 5340 2582 5392 in
2634 5338 2931 5391 vanitatem
2980 5345 3214 5390 vertant.
3256 5332 3411 5388 llunc
3466 5348 3599 5403 ergo

2003 5446 2185 5500 regem
2212 5429 2303 5483 Dei
2337 5430 2496 5485 miles
2522 5428 2758 5499 perimit,
2803 5443 2965 5483 verus
2993 5425 3236 5481 Israelita
3266 5422 3524 5487 concidit.
3549 5422 3597 5479 si

2001 5521 2079 5576 nil
2105 5518 2395 5590 superﬂue,
2429 5520 2503 5573 nil
2528 5519 2780 5579 inaniter.
2802 5519 2887 5571 vel
2918 5516 3062 5588 quod
3094 5517 3161 5571 ad
3191 5530 3304 5569 rem
3330 5530 3436 5568 non
3466 5527 3595 5585 per-

2001 5614 2159 5677 tinet,
2178 5621 2352 5684 gerat,
2368 5612 2462 5667 sed
2491 5614 2730 5683 graviter
2742 5620 2796 5665 et
2820 5607 3220 5665 rationabiliter
3241 5608 3436 5663 dLvinae
3462 5604 3596 5679 legis

2001 5704 2228 5774 implere
2257 5702 2509 5757 mamlata
2542 5704 2853 5759 contendat.
2896 5702 3115 5757 Tertius
3164 5712 3347 5755 autem
3393 5698 3595 5755 Mattia-

2002 5797 2239 5851 nitarum
2272 5811 2389 5861 res,
2445 5794 2552 5851 Sur
2591 5794 2824 5859 dicitur;
2893 5793 3038 5866 quod
3108 5794 3357 5866 profectu
3406 5806 3590 5847 murus
