5904 6626
1408 368 1431 424 ί
1440 368 1533 424 051
2287 370 2791 438 CQLLECTANEA
2845 370 2913 428 IN
2954 365 3187 425 VETUS
3227 366 3447 424 TESTA
3460 363 3771 421 MENTI)“.
4555 359 4727 419 ηδε

1402 486 1517 541 sive
1548 488 1809 553 robustus,
1834 484 1914 540 vel
1942 484 2106 539 etiam
2139 486 2379 555 angustia
2408 486 2819 556 interpretatur.
2849 482 2987 550 Quid
3016 484 3065 542 Α
3092 488 3388 549 exspectat.
3444 477 3691 534 Perfecte
3750 484 3928 529 autem
3982 474 4331 544 semetipsum
4377 472 4723 541 diiudicare

1402 590 1531 630 vere
1564 593 1658 647 per
1697 591 1905 630 murum
1945 575 2057 627 sive
2098 574 2398 637 robustum,
2460 574 2563 628 nisi
2597 575 2744 629 dura:
2792 571 2990 626 mentis
3092 577 3176 622 est
3208 580 3262 622 et
3291 566 3726 636 reprehendenda
3754 582 3856 619 non
3886 581 4063 635 agere,
4095 574 4148 619 et
4176 580 4298 634 quae
4327 564 4721 633 irreprelien-

1402 665 1695 719 obstinatio
1733 665 1809 717 vel
1851 663 2157 733 pervicacia
2187 663 2349 718 debet
2392 664 2655 733 intelligi?
2689 662 2842 729 Quod
2860 676 2992 715 vero
3094 660 3327 715 sibiliter
3357 668 3474 713 acta
3500 668 3645 718 sunt,
3680 658 3863 711 timide
3888 666 4203 712 retractare.
4268 655 4439 710 Porro
4497 664 4711 709 autem

1405 755 1731 823 etangustia
1786 753 2133 822 interpretari
2173 754 2391 818 utcitur,
2435 768 2608 822 neque
2655 753 2753 805 hoc
2780 750 2993 819 longius
3092 752 3339 822 quisquis
3397 752 3497 805 hoc
3527 752 3655 821 agit,
3716 750 3803 804 ille
3870 764 3993 804 vere
4048 748 4464 803 Madianitarum
4525 761 4709 815 reges

1405 858 1434 896 a
1466 844 1595 897 vitio
1614 843 1827 898 duritia:
1852 841 2424 911 separatur,quoniam
2447 840 2690 909 quisquis
2712 840 2778 894 ad
2806 840 2989 891 diruit-

1403 934 1562 989 tentia
1596 935 1842 1005 proximo
1895 934 2073 988 debita
2108 934 2276 987 durus
2325 943 2378 987 et
2412 934 2717 987 obstinatus
2760 940 2865 996 est,
2904 945 2995 983 an-

1403 1026 1579 1096 gustia
1632 1026 2022 1097 constringitur
2078 1026 2300 1087 mentis,
2347 1024 2474 1077 dum
2540 1024 2687 1078 nulla
2732 1022 2993 1077 dilatatur

1406 1117 1763 1189 amplitudine
1795 1118 2097 1173 cbaritatis.
2144 1117 2218 1170 De
2262 1132 2366 1182 qua
2416 1117 2671 1170 nimirum
2725 1114 2993 1169 charitate

1402 1223 1503 1280 per
1533 1207 1853 1279 Prophetam
1883 1209 2081 1262 dicitur
2114 1227 2126 1261 :
2194 1226 2212 1258 ι
2250 1207 2443 1263 Latum
2494 1208 2804 1261 mandatum
2843 1216 2990 1261 tuum

1408 1299 1572 1353 nimis
1600 1296 1773 1369 (Psnl.
1808 1300 1901 1367 xi).
1932 1317 1949 1349 ι
1988 1298 2115 1354 Sive
2152 1300 2313 1353 etiam
2367 1299 2470 1353 hoc
2516 1299 2693 1351 valeat
2742 1297 2989 1366 intelligi.

1406 1390 1531 1457 quia
1562 1390 1819 1445 duritiam
1851 1391 2047 1444 mentis
2071 1392 2314 1459 sequitur
2330 1390 2578 1455 angustia
2607 1389 2988 1443 damnationis.

1407 1478 1563 1538 Unde
1599 1498 1695 1551 per
1747 1483 1905 1554 I39
1943 1484 2268 1538 Salomonen
2319 1485 2545 1539 dieitur:
2612 1502 2629 1533 ι
2663 1483 2860 1537 Beatus
2911 1484 2993 1537 vir

1406 1573 1499 1642 qui
1527 1590 1739 1643 semper
1764 1584 1845 1627 est
1872 1575 2095 1645 pavidus
2122 1592 2135 1641 ;
2162 1575 2252 1645 qui
2285 1584 2467 1629 autem
2495 1575 2689 1628 mentis
2715 1584 2797 1627 est
2822 1574 2990 1637 dune,

1408 1677 1623 1721 corruet
1663 1668 1714 1721 in
1754 1668 1952 1722 malum
1983 1666 2165 1737 (Prov.
2199 1670 2417 1735 xxvztt).
2451 1685 2469 1718 ι

1477 1756 1715 1823 Quartus
1750 1768 2010 1828 praeterea
2053 1758 2467 1812 Madianitarum
2500 1774 2593 1811 rex
2621 1758 2729 1811 Bur
2753 1758 2955 1812 dicitur
2975 1798 2990 1822 ,

3092 843 3330 914 perimit,
3350 842 3438 895 ille
3452 842 3866 896 Amalccitarum
3880 841 4152 911 principes
4174 838 4387 903 sternit,
4404 848 4463 893 et
4484 851 4704 893 omnes

3094 950 3123 987 a
3152 948 3209 987 se
3242 935 3493 988 vitiorum
3519 943 3697 1004 pestes
3726 931 3980 987 excludit.

3656 1024 3881 1080 CAPUT
3913 1023 4097 1079 XVIII.

3608 1115 3672 1170 In
3700 1116 3879 1169 eadem
3904 1114 4141 1185 epistola.

3166 1210 3305 1265 Ilinc
3360 1218 3444 1265 est
3484 1209 3627 1279 quod
3668 1208 3858 1263 eadem
3908 1223 4063 1263 saera
4121 1215 4349 1263 testatur
4390 1205 4637 1263 historia
4669 1220 4695 1258 :

3097 1320 3116 1353 ι
3157 1300 3420 1368 Quoniam
3448 1300 3651 1371 egressi
3684 1299 3775 1354 ﬁlii
3816 1297 3978 1353 Israel
4020 1305 4277 1351 venerunt
4327 1298 4390 1350 ad
4434 1296 4688 1351 Fontem

3090 1392 3298 1461 jnlicii,
3352 1393 3454 1447 hoc
3502 1403 3615 1451 est.
3669 1390 3888 1461 Gades:
3936 1400 3991 1445 et
4047 1388 4427 1444 interfecerunt
4474 1402 4687 1442 omnes

3092 1485 3366 1554 principes
3394 1485 3615 1539 Amalec.
3652 1493 3705 1539 et
3730 1482 4093 1546 Amorrbzros,
4124 1482 4212 1549 qui
4264 1480 4586 1535 habitabant
4623 1478 4682 1532 in

3095 1577 3450 1631 Tliaransem.
3494 1596 3511 1622 ι
3568 1576 3741 1629 Cades
3766 1582 3944 1628 autem
3975 1572 4315 1639 sanctiﬁcatio
4344 1573 4684 1639 interpreta-

3095 1676 3199 1721 tur.
3236 1668 3288 1719 ln
3315 1666 3489 1721 Gades
3513 1666 3672 1738 140
3697 1680 3841 1735 ergo.
3868 1664 3959 1733 qui
3990 1663 4127 1717 Fons
4156 1673 4236 1717 est
4258 1661 4458 1730 iudicii.
4492 1660 4679 1715 Ama-

3099 1757 3283 1811 leeitas
3320 1756 3479 1810 simul
3511 1767 3565 1810 et
3611 1756 3957 1810 Amorrbreos
4011 1753 4357 1821 spiritualiter
4407 1749 4681 1806 interﬁci-

1407 1845 1549 1914 quod
1578 1847 1806 1898 irritatio
1830 1847 2236 1916 interpretatur.
2278 1846 2440 1901 Vides
2469 1864 2597 1917 ergo
2626 1849 2749 1918 quia
2774 1850 2990 1903 nomina
3026 1830 3067 1886 Β
3099 1863 3244 1908 mus.
3272 1862 3395 1901 cum
3423 1855 3478 1900 et
3501 1847 3666 1900 vitam
3705 1853 3945 1899 nostram
3988 1844 4093 1913 piis
4141 1842 4387 1912 operibus
4424 1842 4680 1896 sanctiﬁ-

1407 1952 1593 2007 rcgum
1634 1940 1833 1992 umbrae
1863 1948 2061 1993 suntet
2088 1940 2350 2010 imagines
2382 1942 2655 1995 vitiorum.
2699 1942 2801 2006 Qui
2851 1942 2992 1993 enim

1408 2042 1571 2081 onera
1596 2030 1777 2099 gravia
1801 2045 1896 2098 per
1919 2041 2099 2098 portas
2122 2046 2247 2085 suas
2280 2031 2542 2093 inferunt,
2572 2030 2812 2099 profecto
2828 2030 2997 2083 forin-

1407 2127 1565 2168 secus
1595 2116 1984 2181 obstrepentia,
2035 2130 2131 2184 per
2174 2131 2430 2169 sensuum
2459 2132 2677 2170 suorum
2710 2116 2905 2177 aditus,
2942 2116 2993 2167 in

1402 2216 1689 2278 pectorum
1741 2222 1958 2260 suorum
2008 2222 2206 2261 arcana
2251 2208 2651 2268 transfundunt,
2693 2208 2859 2259 Deum
2912 2208 2996 2260 in-

1407 2297 1718 2351 dubitanter
1745 2298 1980 2362 irritant,
2011 2313 2169 2366 quem
2207 2298 2459 2352 videlicet
2512 2298 2593 2349 his
2642 2298 2706 2349 ad
2761 2296 2997 2350 inferen-

1408 2394 1533 2448 dam
1566 2393 1784 2447 ultionis
1837 2394 2158 2446 sententiam
2191 2404 2505 2461 provocant.
2534 2394 2687 2447 Unde
2734 2393 2995 2459 scriptum

1409 2491 1497 2537 est
1529 2500 1543 2537 :
1581 2502 1599 2533 ι
1632 2484 1987 2538 Simulatores
2041 2492 2096 2536 et
2138 2483 2315 2537 callidi
2373 2494 2668 2551 provocant
2726 2484 2860 2536 iram
2904 2484 2994 2535 Dei

1416 2572 1542 2643 (Job
1584 2575 1793 2643 xxxvi).
1833 2593 1849 2625 ι
1910 2574 1977 2627 Et
2024 2574 2087 2628 de
2121 2574 2318 2642 quibus
2358 2588 2499 2641 smpc
2540 2573 2603 2625 ad
2658 2572 2996 2626 Ezechielem

1409 2664 1607 2721 dicitur
1637 2685 1648 2719 :
1685 2685 1702 2715 ι
1741 2666 1875 2732 Quia
1908 2666 2098 2719 domus
2131 2681 2459 2733 exasperaus
2489 2675 2571 2718 est
2598 2665 2813 2727 (Ezeclt.
2839 2667 2898 2731 ιι)
2928 2681 2941 2728 ;
2973 2683 2989 2715 ι

1407 2754 1792 2812 etPsalrn'ista:
1827 2776 1843 2805 ι
1876 2758 1941 2811 Ut
1965 2758 2116 2824 quid,
2138 2757 2297 2821 Deus,
2323 2758 2705 2826 impreperavit
2726 2758 2993 2821 inimicus,

1412 2844 1595 2900 irritat
1626 2847 1972 2900 adversarius
2006 2862 2201 2901 nomen
2255 2857 2403 2900 tuum
2438 2849 2489 2899 in
2523 2849 2720 2900 tinem?
2758 2865 2773 2895 ι
2822 2847 2994 2916 (Ρδαι.

1417 2939 1642 3005 nstri.)
1679 2937 1823 2991 Rebe
1863 2953 2020 2999 vero,
2049 2938 2139 3006 qui
2172 2939 2444 2991 ordinatus
2486 2940 2711 3002 dicitur,
2743 2946 2846 2991 non
2903 2938 2999 2990 ali-

1416 3035 1504 3079 ter
1543 3028 1628 3080 bic
1650 3028 1907 3095 procedit.
1942 3029 2043 3080 nisi
2088 3037 2144 3080 ut
2178 3043 2274 3095 per
2310 3030 2538 3080 ironiam
2590 3029 2671 3081 vel
2720 3030 3000 3097 antiphra-

1416 3116 1517 3169 sim
1556 3118 1756 3172 dictum
1791 3118 2119 3188 intelligatur
2142 3128 2429 3186 quatenus.
2464 3120 2553 3185 qui
2598 3119 2880 3172 ordinatus
2912 3119 2996 3170 di-

1413 3209 1575 3270 citur,
1599 3224 1629 3262 e
1656 3210 1929 3261 contrario
1970 3210 2309 3263 inordinatus
2340 3212 2407 3263 sit
2442 3221 2497 3263 et
2523 3211 2798 3264 Confusus.
2829 3209 3001 3262 Vitio-
3026 3209 3071 3242 ’λ

1414 3316 1506 3357 aus
1534 3302 1677 3355 enim
1717 3302 1941 3370 quisque
1964 3342 1979 3363 ,
2008 3302 2108 3355 etsi
2154 3302 2437 3370 superﬁcie
2464 3312 2618 3355 tenus
2645 3302 2801 3371 quasi
2854 3311 3001 3354 recte

1417 3391 1628 3448 vivendi
1665 3392 1964 3460 praetendat
1997 3392 2262 3449 ordinem.
2294 3392 2531 3445 confusae
2557 3402 2735 3443 tamen
2761 3401 2813 3444 et
2857 3391 3001 3443 inor-

1413 3479 1613 3533 dinatze
1636 3482 1977 3551 cogitationis
2023 3490 2204 3536 versat
2240 3482 2292 3534 in
2325 3483 2486 3535 corde
2548 3482 2853 3551 caliginem.
2900 3481 3004 3535 Per

1413 3569 1653 3640 quinque
1674 3585 1803 3640 ergo
1842 3586 1995 3641 reges
2021 3572 2432 3625 Madianilarum
2461 3612 2474 3634 ,
2502 3573 2741 3640 quinque
2780 3572 3002 3638 signau-

1417 3669 1509 3715 tur
1532 3662 1776 3730 corporis
1804 3678 2021 3724 sensus;
2068 3664 2195 3731 quia
2226 3678 2388 3716 omne
2420 3665 2611 3716 viuum
2635 3664 2777 3731 quod
2816 3671 3004 3731 regnat

1417 3748 1474 3805 in
1506 3766 1755 3819 corpore,
1780 3752 1847 3805 ab
1876 3752 1991 3806 istis
2016 3754 2253 3822 quinque
2280 3752 2527 3807 sensibus
2573 3752 2815 3823 corporis
2867 3768 3000 3820 pen-

1419 3838 1527 3893 det.
1551 3840 1592 3893 li
1618 3828 1747 3910 ergo
1777 3850 1945 3896 tunca
1978 3843 2134 3895 nobis
2170 3843 2549 3912 exstinguendi
2580 3852 2705 3896 sunt
2736 3852 2790 3897 et
2810 3842 3001 3912 gladiis

1418 3928 1803 3993 obtruncandi,
1842 3947 1964 3986 cum
1994 3932 2281 3986 adversum
2308 3949 2406 3985 nos
2436 3934 2486 3985 in
2520 3932 2721 3986 bellum
2778 3947 3005 3985 consur—

1418 4029 1573 4087 gum,
1607 4034 1727 4073 cum
1757 4036 1856 4074 nos
1894 4022 2265 4075 scan.!alizare
2296 4038 2400 4075 non
2437 4023 2711 4073 desinunt.
2771 4020 2853 4072 An
2900 4036 3005 4074 non

1416 4109 1550 4165 istos
1583 4125 1740 4181 reges
1766 4111 2035 4181 exstingui
2059 4121 2112 4165 et
2146 4111 2641 4181 spiritusmucrone
2667 4112 2839 4165 occidi
2871 4126 3008 4179 pra:-

1416 4202 1553 4273 cipit
1590 4202 1851 4261 Dominus
1878 4245 1891 4266 .
1934 4220 2055 4259 cum
2110 4207 2571 4261 scandalizaniem
2613 4207 2828 4260 oculum
2864 4207 3002 4271 erui,

1419 4306 1546 4349 cum
1574 4309 1790 4349 manum
1835 4294 1917 4349 vel
1943 4296 2301 4366 pedemjubet
2329 4297 2604 4351 abscaiili?
2630 4316 2647 4347 ι
2684 4296 2871 4351 Melius
2894 4306 3001 4361 est,

1420 4381 1621 4456 inquit,
1644 4402 1766 4440 eum
1795 4404 1900 4440 uno
1929 4388 2103 4450 oculo,
2132 4388 2213 4442 vel
2237 4388 2465 4443 debilem
2491 4390 2555 4442 ad
2580 4390 2743 4441 vitam
2774 4388 3002 4457 ingredi,

1419 4489 1585 4548 quam
1617 4476 1751 4532 duos
1776 4477 1991 4539 oculos.
2041 4478 2205 4548 pedes
2250 4494 2315 4533 ac
2363 4494 2557 4531 manus
2614 4479 2902 4533 habentem
2946 4480 3000 4532 in

1421 4542 1631 4622 inferna
1660 4567 1897 4636 demergi
1921 4542 2134 4637 (Manli.
2158 4568 2235 4636 v).
2268 4588 2285 4620 ι
2330 4567 2367 4621 li
2395 4568 2552 4637 plane
2576 4578 2868 4638 suntreges
2893 4569 3001 4623 Ma-
3035 4542 3084 4611 θ’

1420 4660 1778 4726 dianitarum;
1808 4661 2022 4715 Madian
2050 4671 2229 4716 autem
2262 4664 2650 4732 interpretatur
2676 4665 2741 4715 de
2770 4664 3001 4733 judicio.

1424 4749 1742 4822 Quicunque
1781 4754 1928 4808 enim
1985 4769 2139 4823 reges
2188 4754 2380 4823 spiritu
2433 4772 2539 4810 non
2591 4768 2869 4824 reguntur,
2909 4755 3002 4809 sed

1424 4842 1673 4897 sensibus
1724 4844 1909 4897 carnis
1962 4845 2259 4909 obediunt,
2302 4862 2408 4901 non
2460 4847 2527 4899 ad
2570 4844 3001 4901 misericordiam

1430 4933 1523 4988 sed
1550 4932 1897 5001 ad’judicium
1925 4951 1983 4990 se
2007 4938 2281 5006 pertinere
2303 4947 2587 5000 testantur,
2622 4940 2763 4993 sicut
2782 4939 2847 4992 de
2870 4953 3004 5006 quo-

1429 5023 1563 5079 libet
1585 5025 1855 5080 incredula
1884 5027 2080 5081 dicitur
2109 5046 2121 5079 :
2161 5046 2179 5078 ι
2212 5028 2311 5095 Qui
2338 5039 2516 5084 autem
2540 5045 2646 5083 non
2676 5030 2873 5093 credit,
2892 5028 3006 5096 jam

1422 5112 1698 5189 judicatus
1725 5127 1808 5172 cst
1830 5116 2012 5187 (lacn.
2040 5124 2147 5194 ιιι).
2186 5141 2203 5173 ι
2237 5124 2306 5175 At
2336 5131 2523 5178 contra
2548 5123 2615 5178 de
2637 5138 2702 5177 eo
2742 5122 2834 5192 qui
2884 5138 3009 5176 ver-

1427 5208 1556 5268 bum
1579 5210 1878 5268 Salvatoris
1916 5217 2085 5281 audit,
2135 5218 2366 5272 dicitur:
2411 5240 2427 5271 ι
2464 5220 2599 5286 Quia
2651 5221 2702 5275 in
2746 5220 3009 5290 judicium

1429 5320 1539 5359 non
1565 5307 1729 5371 venit,
1761 5307 1855 5363 sed
1892 5309 2085 5362 transit
2103 5312 2170 5363 de
2208 5321 2380 5365 morte
2408 5312 2458 5366 in
2492 5314 2656 5367 vitam
2688 5315 2869 5385 (Joan.
2896 5314 3005 5383 v).i

1428 5394 1561 5452 Illud
1598 5398 1775 5465 potius
1797 5400 2087 5470 unicuique
2110 5400 2433 5477 studendum
2463 5412 2546 5459 est
2575 5414 2633 5458 ut
2672 5422 2729 5461 se
2755 5409 2805 5459 in
2832 5406 3012 5477 operi-

1431 5486 1531 5539 bus
1556 5488 1763 5542 sanctis
1795 5499 2064 5551 exerceat.
2096 5500 2155 5545 ut
2176 5505 2294 5546 sese
2316 5491 2369 5545 in
2420 5494 2669 5549 omnibus
2723 5496 3012 5566 puriﬁcarc

1430 5593 1493 5633 ac
1524 5578 1867 5635 sanctiﬁcare
1907 5582 2219 5637 contendat.
2270 5582 2383 5640 Hoc
2410 5590 2781 5643 tantummodo
2808 5597 3011 5644 semet-

1437 5670 1610 5740 ipsum
1644 5671 1993 5742 insuggillare
2032 5683 2089 5727 et
2124 5671 2420 5742 diiudicare
2453 5692 2558 5730 non
2597 5678 2826 5733 desinat.
2875 5678 3009 5733 Nam

1436 5763 1524 5825 qui
1583 5763 1931 5835 semetipsum
1978 5764 2217 5836 perfecte
2263 5766 2518 5838 diiudicat
2547 5811 2560 5833 ,
2600 5770 2858 5840 judicium
2904 5786 3007 5825 non

3095 1949 3220 1989 care
3252 1937 3572 2005 satagimus,
3606 1944 3661 1989 et
3694 1945 3869 1989 tamen
3897 1933 3995 2003 ipsi
4019 1948 4115 1987 nos
4139 1944 4382 2002 tanquam
4408 1939 4679 1986 nocentes

3097 2045 3161 2084 ac
3190 2028 3980 2099 repreliensibilesiudicamus.
4006 2025 4137 2080 Cum
4168 2024 4503 2079 elaboramus
4524 2037 4677 2076 sem-

3096 2136 3193 2189 per
3257 2118 3809 2189 irreprebensibiliter
3852 2117 4057 2182 vivere,
4109 2130 4201 2185 per
4253 2110 4679 2168 sollicitudinem

3098 2209 3817 2263 tamendistricticxaminis
3843 2222 4008 2277 opera
4060 2216 4240 2259 nostra
4295 2220 4397 2258 non
4451 2202 4676 2258 desisti-

3099 2316 3215 2353 mus
3246 2315 3521 2354 accusare.
3550 2300 3614 2353 Et
3646 2298 3938 2353 notandum
3966 2297 4217 2365 quoniam
4242 2305 4293 2351 et
4318 2295 4455 2349 Fons
4474 2292 4673 2365 judicii

3096 2399 3149 2441 et
3187 2389 3379 2449 Gades,
3415 2389 3506 2457 qui
3554 2387 3913 2441 sanctiﬁcatio
3960 2386 4173 2448 dicitur,
4236 2400 4369 2438 unus
4418 2383 4673 2451 idemque

3098 2481 3250 2534 locus
3271 2490 3371 2542 est,
3400 2480 3523 2548 quia
3554 2478 3805 2531 nimirum
3829 2478 4010 2547 justus
4040 2477 4267 2546 quisque
4294 2473 4668 2543 semetipsum,

3100 2572 3225 2625 dum
3257 2582 3440 2624 sancte
3462 2571 3615 2632 vivit,
3639 2577 3881 2633 accusat,
3903 2576 3954 2622 et
3980 2581 4036 2621 se
4064 2566 4399 2634 dijudicando
4449 2561 4531 2615 vel
4576 2574 4670 2615 ac-

3101 2663 3341 2715 cusando
3377 2661 3551 2728 magis
3618 2660 3898 2729 magisque
3955 2656 4274 2711 sanctiﬁcat.
4330 2652 4440 2708 Hoc
4486 2653 4673 2721 itaque

3102 2751 3261 2804 modo
3298 2751 3401 2802 vita
3426 2759 3737 2803 sanctorum
3760 2759 3816 2802 et
3870 2747 3922 2801 in
3980 2746 4209 2817 propriis
4262 2742 4669 2813 cogitationibus

3102 2842 3532 2909 reprehenditur,
3556 2850 3608 2895 et
3634 2850 3811 2895 tamen
3836 2840 3889 2894 in
3910 2837 4161 2908 operibus
4184 2832 4667 2897 irreprebensibilis

3103 2933 3396 2987 invenitur.

3698 3020 3922 3077 CAPUT
3947 3021 4088 3077 XIX.

3460 3114 3526 3168 In
3554 3116 3771 3181 epistola
3800 3116 3869 3167 nd
3898 3113 4325 3168 Hildebrandttm.

3182 3225 3199 3257 ι
3236 3205 3293 3259 In
3349 3207 3707 3277 quadraginta
3759 3207 3966 3260 duabus
4020 3206 4382 3261 mansionibus
4407 3218 4662 3275 pervene-

3104 3306 3233 3350 runt
3258 3297 3348 3349 ﬁlii
3381 3298 3565 3360 Israel,
3592 3312 3761 3366 usque
3783 3298 3849 3351 ad
3875 3297 4195 3366 principium
4212 3295 4477 3363 capienda:
4496 3298 4665 3351 bare-

3105 3390 3290 3443 dizatis
3324 3389 3513 3463 (Nam.
3548 3390 3764 3455 χχχιιι).
3800 3407 3817 3439 ι
3875 3388 4205 3458 Principium
4242 3402 4370 3443 vero
4397 3388 4661 3459 capienda:

3108 3482 3443 3536 hmreditatis
3473 3482 3569 3536 fuit
3602 3482 3689 3535 ubi
3722 3481 3911 3537 Ruben
3937 3489 3992 3534 et
4019 3478 4157 3541 Gad,
4184 3490 4237 3534 et
4262 3480 4475 3535 dimidia
4498 3480 4662 3534 tribus

3105 3572 3373 3637 Manasse,
3402 3574 3674 3643 accipiunt
3706 3582 3906 3626 terram
3929 3571 4131 3627 Galaad
4178 3571 4231 3625 in
4260 3570 4658 3641 possessionem.

3106 3668 3275 3721 Pot-ro
3301 3676 3503 3731 autem,
3530 3668 3671 3721 sicut
3694 3666 3766 3720 illi
3789 3664 4147 3721 ascenderunt
4187 3679 4280 3736 per
4312 3664 4656 3735 quadraginta

3107 3761 3241 3813 duas
3263 3761 3593 3824 mansiones,
3641 3758 3712 3811 ita
3750 3757 4001 3813 Salvator
4039 3766 4220 3813 noster
4272 3758 4325 3810 in
4377 3755 4655 3825 Egyptum

3108 3852 3293 3906 mundi
3322 3838 3480 3921 hujus
3501 3852 3781 3907 descendit
3806 3866 3901 3920 per
3928 3850 4145 3904 totidem
4195 3858 4392 3911 patres.
4442 3846 4583 3915 Quod
4612 3845 4655 3901 si

3102 3947 3216 4016 jam
3242 3945 3588 4013 intelligimus
3610 3957 3871 4016 quantum
3912 3945 4233 4000 sacramenti
4277 3960 4525 4000 numerus
4565 3945 4655 3998 iste

3110 4040 3409 4101 contineat,
3452 4040 3700 4093 humana:
3755 4038 3961 4093 scilicet
4008 4037 4336 4093 ascensionis
4375 4046 4429 4091 et
4478 4034 4656 4090 divina!

3110 4130 3503 4191 descensionis,
3532 4128 3851 4197 incipiamus
3879 4128 3989 4196 jam
4016 4140 4112 4195 per
4135 4140 4195 4181 ea
4243 4140 4359 4194 quae
4401 4123 4657 4203 descendit

3107 4220 3355 4274 Christus
3372 4221 3686 4281 ascendere,
3709 4218 3999 4287 ctprimam
4023 4232 4140 4270 eam
4164 4214 4654 4279 nobismansiouem,

3108 4328 3271 4382 quam
3300 4314 3412 4383 ipse
3467 4312 3815 4366 novissimam
3868 4308 4077 4371 habuit,
4118 4307 4400 4373 mdiﬁcare.
4456 4305 4510 4361 Si
4550 4306 4656 4375 quis

3108 4406 3252 4461 enim
3278 4407 3344 4459 ad
3366 4420 3466 4458 nos
3488 4419 3583 4473 per
3603 4402 3714 4457 loca
3737 4400 3985 4472 qumlibet
4012 4399 4215 4463 veniat,
4240 4407 4297 4452 ut
4324 4413 4442 4453 mox
4464 4396 4653 4451 rediens

3108 4514 3207 4567 per
3232 4497 3349 4551 loca
3374 4511 3471 4550 nos
3497 4496 3680 4550 eadem
3711 4495 3871 4547 ducat
3895 4492 3985 4547 ubi
4032 4490 4227 4546 desinit
4271 4489 4376 4551 ille,
4423 4504 4515 4543 nos
4566 4489 4655 4541 iter

3110 4587 3424 4656 incipimus;
3450 4591 3501 4639 et
3532 4586 3618 4637 ubi
3656 4583 3743 4637 ille
3773 4591 4030 4651 emperat,
4070 4597 4168 4637 nos
4223 4580 4450 4634 ﬁnimus.
4497 4577 4651 4632 Prima

3109 4680 3315 4735 scilicet
3345 4678 3624 4747 generatio
3647 4663 3850 4731 Christi
3875 4675 4040 4743 cmpit
4063 4674 4129 4727 ab
4160 4672 4456 4733 Abraham;
4487 4669 4648 4723 ultima

3110 4788 3239 4826 vero
3274 4771 3417 4825 velut
3441 4779 3708 4839 postrema
3736 4768 3943 4822 mansio
3968 4766 4274 4821 terminavit
4299 4765 4349 4820 in
4382 4752 4647 4831 Virginem.

3110 4864 3175 4917 Et
3205 4864 3458 4932 quoniam
3491 4861 3762 4916 Abraham
3796 4860 4177 4927 interpretatur
4226 4866 4372 4927 pater
4420 4853 4647 4913 ert-eisin,

3110 4973 3209 5011 nos
3240 4958 3339 5010 hoc
3378 4955 3481 5009 iter
3533 4955 3820 5022 incipimus
3861 4968 3890 5006 a
3925 4951 4161 5022 Virginis
4197 4958 4372 5019 partu,
4428 4958 4502 5010 ut,
4550 4960 4650 5015 per-

3115 5055 3374 5116 agrantes
3392 5046 3674 5115 sequentia
3697 5044 3949 5113 deinceps
3962 5042 4297 5097 mansionum
4311 5040 4443 5101 loca,
4465 5047 4649 5108 postre-

3113 5154 3202 5193 mo
3243 5138 3308 5190 ad
3359 5137 3547 5196 Deum.
3574 5135 3785 5189 Patrem
3816 5136 4067 5190 videlicet
4102 5134 4470 5203 perveniamus
4502 5131 4653 5185 excel-

3116 5243 3254 5281 Sum.
3287 5226 3480 5280 Partus
3504 5241 3632 5295 ergo
3672 5226 3904 5294 Virginis
3960 5225 4113 5279 nobis
4160 5241 4225 5279 ex
4263 5223 4484 5292 Aigvpto
4525 5222 4650 5275 exire

3115 5321 3421 5375 volentibus
3453 5320 3505 5373 in
3531 5320 3719 5387 primis
3740 5319 4001 5381 occurrit,
4023 5334 4164 5375 cum.
4192 5317 4417 5370 Verbum
4449 5312 4533 5368 Dei
4553 5327 4650 5368 ear-

3096 5426 3239 5465 .nem
3274 5411 3472 5465 factum
3511 5411 3563 5463 in
3592 5411 3734 5465 buac
3757 5410 4012 5463 mundum
4042 5411 4250 5464 venisse
4272 5408 4557 5471 credentes,
4583 5416 4651 5458 re-

3117 5500 3257 5555 lictis
3286 5501 3549 5556 omuibus
3566 5500 3784 5555 caducis
3808 5508 3864 5553 et
3888 5500 4051 5553 transi
4064 5500 4232 5562 toriis,
4280 5498 4331 5552 in
4355 5496 4443 5551 illo
4464 5497 4566 5551 loco
4584 5508 4651 5549 rc-

3119 5592 3469 5661 quiescimus,
3503 5591 3555 5645 in
3594 5590 3685 5645 illo
3726 5600 3923 5646 nostra:
3978 5590 4177 5661 quietis
4211 5598 4267 5643 et
4303 5589 4413 5659 spei
4472 5586 4645 5642 habita-

3118 5682 3294 5736 culum
3315 5683 3663 5739 collocamus.
3687 5683 3816 5737 Post
3860 5684 3975 5737 hmc
3995 5681 4106 5752 jam
4136 5682 4180 5738 si
4217 5680 4487 5753 perﬁcere.
4514 5687 4560 5731 et
4595 5676 4647 5730 ad

3121 5773 3357 5844 singulos
3393 5790 3633 5845 quosque
3672 5774 3791 5829 ﬁdei
3816 5784 3869 5829 ct
3892 5773 4152 5829 virtutum
4173 5772 4368 5843 gradus
4396 5768 4645 5825 ascendere
