5904 6600
1164 383 1191 441 1
1205 382 1320 441 053

2448 363 2516 420 IN
2557 358 2816 417 LIBRUM
2856 357 3146 414 NUMERI.

4322 343 4465 402 ιοδι

1159 499 1419 558 nitimur,
1455 492 1638 548 tandiu
1684 487 1942 542 debemus
1973 479 2269 538 immorari,
2322 478 2493 534 donec
2544 474 2759 528 valeant
2789 475 2839 533 Α
2867 470 3145 526 Phiairoth
3182 467 3528 539 interpretari
3560 463 3759 521 dicitur
3788 480 3844 517 οι
3883 460 4157 523 nobilium,
4191 474 4290 528 per
4321 456 4463 528 quod

1160 589 1408 642 virtutes
1461 583 1512 635 in
1542 575 1990 635 consuetudinem
2031 573 2194 624 verti.
2223 569 2288 623 Et
2315 577 2443 622 tunc
2471 580 2575 619 non
2605 563 2761 632 quasi

1159 688 1553 734 transcurrere
1581 669 1877 741 spiritualis
1921 666 2047 719 vita)
2103 662 2317 718 deserta
2365 657 2756 726 conspicimur,

1156 769 1266 825 sed
1292 765 1599 820 mansiones
1627 761 1826 822 facere,
1848 756 1934 810 vel
1953 756 2116 809 etiam
2142 752 2388 806 habitare
2417 749 2470 803 in
2503 747 2635 816 ipsis
2661 745 2762 798 vir-

1161 871 1351 916 tutum
1384 853 1714 926 profectibus
1736 849 2063 919 judicamur.
2096 845 2228 900 Nam
2254 843 2346 913 qui
2395 843 2601 896 bonum
2626 851 2764 906 Opus

1155 964 1281 1004 non
1320 953 1769 1016 perseveraturus
1795 940 2003 1008 incipit,
2035 938 2188 1007 quasi
2217 937 2362 990 viam
2416 931 2763 1004 properando

1158 1039 1538 1104 transcurrit;
1581 1037 1673 1107 qui
1707 1049 1836 1090 vero
1884 1034 1939 1088 in
1969 1049 2034 1088 ea
2089 1047 2253 1103 quam
2302 1013 2472 1085 semel
2525 1026 2766 1096 arripuit

1156 1140 1462 1205 permanet
1486 1129 1799 1192 sanctitate,
1825 1127 1898 1182 ibi
1926 1123 2324 1205 quodammodo
2353 1121 2588 1176 :ediﬁcat
2614 1134 2766 1173 man-

1157 1202 1408 1278 sionem.
1441 1221 1507 1275 Et
1540 1220 1834 1273 notandum
1856 1218 2004 1286 quia,
2031 1232 2153 1271 cum
2185 1202 2263 1269 ire
2289 1225 2342 1267 et
2375 1228 2615 1272 manere,
2677 1225 2760 1273 ac,

1155 1327 1272 1382 per
1293 1313 1418 1378 hoc,
1443 1312 1545 1366 iter
1568 1318 1622 1363 et
1650 1309 1860 1363 mansio
1881 1322 1909 1360 a
1933 1325 1990 1362 se
2013 1309 2121 1361 sint
2147 1305 2364 1376 penitus
2395 1305 2632 1365 dissona,
2664 1318 2763 1354 nec

1153 1403 1394 1460 sibimet
1415 1402 1643 1456 invicem
1685 1409 2006 1466 congruant,
2059 1407 2348 1466 utrumque
2377 1405 2557 1449 tamen
2596 1395 2649 1448 in
2676 1393 2764 1446 illo

1153 1492 1476 1550 Israelitico
1497 1491 1750 1562 procintu
1791 1491 2110 1543 convenisse
2141 1488 2421 1556 Scriptura
2454 1486 2762 1545 conﬁrmat,

1154 1597 1229 1642 ut
1257 1584 1332 1640 illi
1360 1598 1457 1656 per
1478 1584 1752 1638 desertum
1786 1592 1841 1636 et
1871 1582 1973 1635 iter
2003 1581 2257 1634 habuisse
2285 1578 2557 1636 dicantur,
2604 1575 2758 1648 lﬁl

1155 1685 1226 1731 ct
1260 1674 1608 1734 mansiones;
1638 1672 1762 1741 quia
1796 1671 2050 1724 nimirum
2076 1686 2194 1733 nos,
2229 1671 2320 1738 qui
2348 1679 2547 1723 terram
2578 1670 2763 1721 γίιιιιι-

1156 1766 1310 1822 tium
1345 1766 1548 1819 intrare
1571 1763 1969 1829 contendimus,
2017 1771 2072 1815 et
2105 1777 2325 1818 manere
2377 1763 2636 1814 debemus
2665 1776 2762 1830 per

1155 1855 1341 1912 ﬁxum
1379 1853 1954 1924 professionisnostraa
1983 1851 2337 1920 propositum,
2365 1861 2418 1903 et
2441 1852 2520 1903 ire
2551 1865 2766 1918 semper

1154 1959 1273 2016 per
1322 1943 1674 1998 meliorandtc
1715 1942 2150 1999 conversationis
2197 1951 2252 1996 et
2287 1941 2594 1996 cnmnlandi
2643 1956 2768 2010 pro-

1153 2033 1350 2090 fectus
1379 2041 1753 2101 augmentum.

1246 2123 1306 2177 ln
1354 2122 1544 2193 primis
1578 2137 1709 2193 ergo
1750 2123 2163 2191 proﬁciscuntur
2204 2121 2295 2174 ﬁlii
2338 2120 2502 2174 lsracl
2546 2120 2613 2175 de
2653 2118 2768 2174 Ba-

1157 2229 1342 2271 mese.
1396 2214 1662 2278 Itamcse,
1713 2214 1854 2268 sicut
1891 2214 2161 2268 nonnullis
2204 2214 2440 2278 videtur,
2479 2215 2530 2266 iu
2582 2222 2767 2267 nostra

1156 2304 1355 2378 lingua
1385 2305 1660 2359 commotio
1689 2305 1897 2358 turbida
1953 2304 2036 2358 vel
2063 2307 2339 2358 commotio
2369 2307 2523 2358 tinem
2549 2305 2766 2358 dicitur.

1156 2397 1226 2455 In
1263 2414 1371 2468 quo
1394 2398 1556 2452 datur
1584 2397 1808 2467 intelligi
1836 2398 1978 2468 quod
2001 2399 2182 2453 omnia
2213 2415 2333 2467 quae
2387 2398 2569 2452 mundi
2619 2407 2769 2461 sunt,

1161 2492 1223 2548 in
1259 2490 1710 2546 commotionibus
1751 2499 1806 2543 et
1852 2490 2350 2555 perturbationibus
2383 2489 2676 2543 constituta
2716 2496 2772 2542 et

1163 2583 1530 2652 corruptelte,
1556 2595 1719 2649 quam
1744 2581 1884 2634 tinca
1911 2581 2175 2650 designat,
2202 2580 2496 2649 probantur
2517 2579 2767 2634 obnoxia.

1160 2675 1226 2731 lu
1259 2674 1459 2743 quibus
1496 2673 1681 2744 utique
1712 2687 1818 2726 non
1850 2681 2065 2741 oportet
2101 2672 2338 2726 animam
2373 2673 2644 2738 residere,
2677 2674 2772 2726 sed

1162 2765 1560 2820 incunctanter
1587 2763 1756 2818 exire.
1798 2763 2027 2830 Quidam
2056 2779 2184 2818 vero
2224 2765 2456 2819 Ramese
2502 2766 2772 2834 interpre-

1165 2855 1278 2913 tari
1323 2855 1717 2908 commotionem
1769 2854 1853 2909 vel
1882 2858 2173 2908 tonitruum
2240 2865 2586 2924 putaverunt.
2617 2856 2772 2924 Quod

1164 2948 1364 3018 utique
1395 2947 1551 3001 nobis
1572 2946 1746 3015 aptari
1777 2960 1881 3000 non
1910 2947 2207 3015 incongrue
2232 2948 2616 3016 poterit,qnia,
2645 2947 2771 3001 dum

1168 3039 1244 3095 ad
1280 3039 1724 3108 praedicationem
1759 3039 2089 3109 evangelica:
2127 3040 2271 3094 tubae
2313 3040 2569 3108 commoti
2611 3037 2774 3093 fueri-

1167 3146 1318 3192 mus,
1353 3129 1496 3183 velut
1525 3129 1590 3183 ad
1623 3131 1922 3185 tonitruum
1950 3130 2252 3185 caelestium
2270 3132 2492 3185 nubium
2523 3131 2767 3196 excitati,

2864 565 3188 632 exprimitur
3231 561 3410 632 lingua
3442 560 3743 614 doctOrum.
3777 554 3836 608 In
3866 553 4110 608 convalle
4136 552 4332 620 quippe
4373 564 4466 618 pa-

2866 658 3068 711 tientia:
3098 656 3449 713 constitutus,
3483 668 3591 722 quo
3620 649 3840 722 gravius
3893 646 3976 700 vel
4020 644 4464 716 persecutionum

2866 748 2950 802 vel
3008 747 3308 801 carnalium
3364 743 3728 797 tentationum
3783 737 4007 808 ﬂagellis
4064 735 4346 797 atteritur,
4401 748 4468 789 eo

2865 840 3038 908 magis
3075 852 3296 892 necesse
3324 843 3496 890 estut
3535 835 3585 889 ei
3615 832 3683 887 ab
3723 845 3818 886 ore
3859 827 4157 889 nobilium.
4201 826 4254 880 id
4311 836 4392 881 est
4435 841 4465 880 a

2864 941 3177 985 sanctorum
3226 930 3509 983 doctormu
3559 923 4058 987 exhortationibus,
4090 928 4464 976 succurratur.

2867 1018 2923 1073 Si
2957 1034 3084 1073 vero
3128 1033 3233 1072 non
3269 1017 3548 1072 Phiairoth
3576 1056 3590 1078 ,
3639 1014 3733 1069 sed
3772 1012 3992 1069 Osirath
4021 1053 4036 1077 ,
4080 1008 4466 1081 proferendum

2864 1123 2972 1175 est,
3008 1123 3064 1165 nt
3099 1112 3203 1165 alia
3235 1121 3464 1165 testatur
3495 1109 3684 1172 editio,
3724 1105 4006 1161 sciendum
4037 1111 4120 1156 est
4147 1100 4289 1171 quod
4320 1099 4466 1154 lrath

2865 1205 3005 1257 vicus
3033 1204 3442 1269 interpretatur.
3473 1198 3555 1252 Ad
3583 1212 3647 1252 os
3671 1212 3823 1266 ergo,
3863 1195 3966 1249 hoc
3993 1200 4102 1256 est,
4131 1191 4196 1244 ad
4229 1190 4466 1261 primunt

2863 1295 2969 1350 vici
3006 1295 3165 1361 hujus
3197 1294 3413 1348 venitur
3453 1293 3787 1361 ingressum;
3826 1286 3973 1358 quod
4013 1284 4280 1354 signiﬁcat
4315 1295 4468 1336 nova:

2866 1384 3297 1438 conversationis
3328 1381 3562 1436 initium.
3597 1379 3751 1435 Unde
3778 1394 3886 1433 non
3915 1377 3982 1432 ad
4014 1377 4238 1439 urbem,
4275 1375 4369 1430 sed
4399 1371 4466 1428 ad

2865 1475 3044 1527 vicum
3079 1474 3334 1538 veniunt;
3373 1471 3498 1542 quia
3542 1484 3768 1526 necesse
3803 1476 3888 1524 est
3929 1477 3991 1523 ut
4033 1465 4225 1521 novitii
4268 1465 4470 1536 quiquo

2867 1565 3086 1619 interim
3117 1580 3174 1619 se
3207 1565 3351 1619 intra
3381 1564 3707 1618 suburbanae
3735 1561 3862 1615 vitae
3891 1559 4186 1615 cohibeant
4215 1557 4430 1611 modum
4450 1594 4468 1623 ,

2868 1672 2966 1710 nec
3010 1657 3412 1724 praecipitanter
3456 1653 3634 1708 adlmc
3672 1653 3908 1706 audeant
3955 1650 4244 1707 senatoria:
4287 1647 4470 1717 perfo-

2866 1750 3063 1803 ctionis
3105 1758 3376 1802 attentare
3410 1745 3708 1816 fastigium.
3744 1744 3898 1800 Unde
3928 1745 4068 1798 bene
4110 1741 4310 1797 dicitur
4337 1757 4473 1812 quo-

2800 1818 2841 1876 Β
2872 1841 3014 1893 niam
3053 1839 3242 1892 Airoth
3274 1837 3503 1907 respicit
3530 1836 3889 1905 Beelsephon.
3935 1832 4270 1902 Beelsephon
4305 1829 4473 1902 siqni-

2871 1933 2990 1987 dem
3018 1933 3412 2002 interpretatur
3433 1929 3672 1983 ascensio
3718 1926 3943 1996 specula:
3971 1923 4129 1996 142
4152 1924 4266 1976 sive
4289 1921 4470 1974 turris.

2867 2025 2914 2078 Α
2954 2025 3136 2092 parvis
3170 2024 3315 2077 enim
3358 2022 3425 2075 ad
3471 2037 3665 2092 tnagna
3706 2017 4112 2074 conscenditur.
4162 2015 4276 2068 Non
4326 2012 4473 2067 enim

2870 2117 2986 2170 haec
3035 2115 3242 2168 mansio
3282 2113 3380 2167 fuit
3426 2113 3478 2166 in
3532 2113 3646 2181 ipsa
3692 2108 3908 2179 specula
3937 2149 3952 2173 ,
4000 2108 4094 2161 sed
4143 2103 4475 2175 respiciebat

2870 2206 3166 2277 speculam.
3199 2205 3336 2274 Quia
3377 2204 3613 2259 novitius
3645 2203 3877 2272 quisque
3899 2243 3912 2265 ,
3953 2203 4053 2256 etsi
4086 2201 4153 2255 ad
4183 2198 4480 2270 speculati-

2871 2312 2994 2350 vam
3047 2299 3209 2350 vitam
3256 2295 3368 2364 jam
3421 2311 3519 2364 per
3571 2293 3902 2348 desiderium
3958 2292 4185 2354 tendat,
4239 2288 4474 2343 necduut

2873 2399 3053 2444 tamen
3101 2389 3166 2440 ad
3205 2385 3550 2455 speculativm
3593 2383 3950 2453 perfectionis
3991 2381 4206 2436 culmen
4249 2379 4476 2450 aspirat.

2873 2482 3239 2548 Quamobrem
3273 2479 3383 2532 illic
3413 2486 3539 2546 apte
3581 2476 3971 2546 subjungitur:
4017 2492 4034 2524 ι
4070 2473 4134 2527 Et
4178 2482 4476 2526 castrame-

2871 2575 2970 2628 tati
3003 2582 3126 2625 sunt
3158 2582 3286 2626 ante
3315 2569 3616 2641 Magdalum
3647 2566 3837 2640 (Num.
3862 2565 4084 2635 xxxm).
4117 2583 4134 2616 ι
4172 2561 4474 2634 Magdalus,

2872 2663 3264 2733 magniﬁcentia
3295 2661 3514 2716 dicitur.
3549 2658 3771 2712 Noviter
3796 2657 3943 2710 enim
3971 2655 4095 2724 quis
4130 2653 4196 2706 ad
4238 2651 4328 2706 Dci
4359 2636 4477 2705 scr?

2871 2753 3062 2806 vitium
3096 2751 3321 2804 veniens
3366 2747 3738 2804 ascensionem
3771 2743 4004 2815 specula:
4035 2753 4084 2798 et
4125 2738 4480 2811 magniﬁcen-

2873 2843 3003 2896 tiam
3026 2841 3137 2908 jam
3165 2841 3383 2911 quidem
3420 2843 3473 2892 in
3511 2845 3807 2905 conspectu
3849 2850 3948 2890 suo
3975 2848 4073 2904 per
4120 2830 4479 2885 intentionem

2875 2943 3042 2997 tenet,
3058 2937 3150 2989 sed
3166 2949 3262 3003 per
3274 2931 3425 2988 etfect
3436 2947 3525 2984 nm
3542 2929 3760 2983 virtutis
3772 2927 4007 2981 nondum
4033 2923 4300 2994 possidet;
4325 2920 4477 2992 quia,

2873 3029 3002 3083 licet
3038 3041 3132 3096 spe
3163 3021 3642 3093 contemplationis
3673 3028 3725 3075 et
3765 3017 4121 3088 perfectionis
4153 3015 4264 3083 jam
4291 3027 4481 3083 pasca-

2875 3127 2966 3173 tur
2995 3128 3049 3172 et
3091 3116 3384 3178 nutriatur,
3431 3113 3660 3167 necdum
3691 3122 3873 3164 tamen
3905 3113 4298 3161 consummata:
4323 3119 4484 3158 mun-

1165 3237 1239 3278 ex
1267 3178 1508 3292 iigypto
1531 3221 1713 3274 mundi
2797 3178 2843 3241 Ο
2872 3211 3018 3265 ditia!
3065 3207 3146 3261 vel
3193 3220 3441 3275 supernae
3489 3201 3678 3273 gratia:
3724 3199 3901 3253 nitore
3942 3195 4264 3292 perfruitur.
4299 3191 4401 3292 Ut,
4435 3192 4484 3248 si

1165 3325 1368 3368 mense
1411 3311 1587 3379 primo
1610 3351 1624 3374 ,
1655 3310 1844 3380 quinta
1880 3311 2087 3364 decima
2130 3311 2253 3365 luna
2277 3352 2292 3376 ,
2337 3313 2389 3366 in
2423 3313 2540 3381 ipso
2567 3310 2801 3367 scilicet

1166 3401 1477 3473 plenilunio
1503 3417 1566 3457 ac
1596 3402 1739 3456 veris
1763 3404 2007 3457 exordio.
2039 3402 2104 3456 Et
2141 3418 2261 3468 nos,
2287 3419 2408 3458 cum
2436 3417 2661 3457 summze
2688 3402 2774 3456 lu-

1170 3497 1257 3552 cis
1290 3495 1462 3551 radiis
1489 3496 1842 3559 illustramur,
1876 3512 1998 3550 cum
2033 3497 2084 3550 in
2116 3497 2272 3551 nobis
2298 3498 2452 3551 bona!
2481 3495 2776 3551 voluntatis

1169 3587 1344 3642 tiores
1370 3597 1680 3656 erumpunt,
1711 3603 1835 3641 cum
1867 3589 2048 3641 omnia
2085 3598 2436 3652 renovantur,
2465 3605 2586 3642 eum
2617 3598 2774 3657 prata

1171 3674 1416 3744 denique
1448 3685 1758 3730 nostrorum
1783 3678 2027 3731 cordium
2064 3679 2284 3746 superni
2312 3679 2440 3752 soljs
2478 3678 2664 3733 fomite
2693 3693 2776 3733 re-

1171 3764 1488 3831 calescunt,
1533 3775 1658 3820 tunc
1699 3781 1768 3821 ex
1796 3765 2016 3837 Egypti
2059 3768 2297 3822 tenebris
2325 3768 2508 3837 egredi
2547 3767 2774 3822 festina-

1174 3871 1328 3912 mus.

1250 3946 1502 4004 Secunda
1543 3947 1754 4003 mansio
1786 3946 1848 4002 ιιι
1881 3947 1935 4002 in
1973 3946 2198 4002 Soehot.
2239 3947 2440 4004 Sochot
2470 3960 2650 4004 autem
2689 3949 2774 4004 in-

1176 4045 1519 4108 terpretatur
1558 4037 1920 4093 tabernacula.
1959 4037 2175 4095 Primus
2215 4041 2379 4108 igitur
2423 4042 2617 4096 anima:
2651 4057 2776 4111 pro-

1176 4128 1359 4182 fectus
1396 4137 1480 4181 est
1513 4135 1571 4180 ιιι
1612 4143 1640 4180 a
1676 4129 1907 4183 terrenis
1941 4143 2002 4184 se
2045 4132 2498 4187 commotionibus
2527 4132 2774 4200 dividat,

1178 4218 1397 4287 sibique
1426 4228 1681 4287 tanquam
1714 4220 2016 4291 peregrina:
2043 4229 2099 4274 et
2130 4221 2321 4277 incola:
2351 4238 2458 4276 non
2493 4223 2772 4278 habitacu-

1180 4309 1292 4362 lum
1336 4308 1505 4378 ﬁgat,
1543 4309 1635 4362 sed
1671 4307 1848 4362 exsilii
1887 4310 2291 4366 tabernaculum
2331 4320 2544 4377 struat,
2589 4311 2777 4384 lugens

1181 4417 1307 4456 cum
1335 4402 1600 4472 propheta
1629 4419 1642 4455 :
1682 4419 1700 4453 ι
1732 4402 1844 4457 Heu
1875 4404 1987 4458 me!
2021 4403 2148 4474 quia
2167 4404 2445 4460 incolatus
2471 4420 2626 4460 meus
2652 4421 2780 4476 pro-

1181 4489 1443 4563 longatus
1471 4501 1555 4548 est
1581 4491 1754 4563 (Psal.
1784 4493 1887 4566 xi).
1922 4513 1942 4547 ι

1251 4584 1460 4640 Deinde
1506 4586 1729 4640 veniunt
1770 4587 1822 4640 in
1871 4587 2088 4652 Ethau,
2136 4589 2252 4645 sive
2311 4602 2368 4646 ut
2435 4592 2775 4661 septuaginta

1184 4676 1513 4747 interpretes
1559 4678 1784 4742 dicunt,
1835 4677 2047 4732 Buthan
2077 4721 2092 4741 ,
2132 4697 2251 4749 qnte
2296 4693 2378 4736 est
2421 4685 2472 4737 in
2519 4684 2782 4739 extremis

1185 4766 1388 4822 ﬁnibus
1430 4768 1755 4822 solitudinis.
1803 4769 2010 4834 Ethan,
2054 4771 2416 4839 fortitudinem
2460 4783 2637 4829 sonat.
2680 4775 2780 4842 Qui

1186 4874 1317 4928 ergo
1345 4859 1457 4928 jam
1491 4874 1587 4929 pro
1628 4859 1740 4914 Deo
1773 4861 2190 4930 peregrinantur
2230 4864 2282 4916 in
2317 4865 2554 4929 mumlo,
2595 4866 2684 4935 qni
2724 4880 2783 4919 se

1188 4950 1398 5005 incolas
1417 4960 1471 5006 et
1491 4950 1705 5006 exsules
1727 4961 2143 5020 recognoscunt,
2165 4969 2385 5008 necesse
2400 4965 2483 5009 est
2507 4965 2561 5008 ιιι
2583 4965 2787 5024 quanto

1188 5043 1366 5112 magis
1413 5057 1470 5097 se
1502 5043 1743 5112 prtehent
1775 5042 1828 5098 in
1869 5044 2101 5098 terrenis
2141 5045 2351 5099 actibus
2386 5045 2607 5110 debiles,
2635 5056 2784 5101 tanto

1189 5133 1300 5188 sint
1328 5134 1380 5188 in
1411 5136 1716 5190 humilitate
1745 5150 1810 5191 ac
1830 5137 2093 5205 patientia
2133 5137 2404 5194 fortiores.
2434 5139 2646 5194 Buthan
2683 5155 2781 5193 au-

1191 5233 1301 5280 tem
1335 5226 1489 5281 vallis
1530 5228 1943 5297 interpretatur,
1973 5229 2117 5297 quod
2153 5230 2220 5283 ab
2263 5231 2452 5284 eodem
2490 5247 2654 5285 sensu
2689 5247 2784 5286 ne-

1191 5327 1462 5387 quaquam
1505 5319 1795 5387 discrepat.
1847 5317 2073 5388 Oportet
2111 5320 2255 5374 enim
2311 5330 2371 5374 ut
2430 5322 2676 5391 quisquis
2718 5323 2784 5377 ad

1193 5412 1395 5462 terram
1434 5411 1730 5464 viventium
1773 5419 2049 5480 properat,
2071 5412 2139 5466 ad
2165 5413 2488 5481 perferenda
2529 5413 2784 5470 tentatio-

1194 5508 1324 5595 num
1365 5498 1536 5568 iacula
1571 5499 1624 5554 in
1655 5499 1975 5557 humilitatis
2003 5509 2056 5556 et
2088 5504 2364 5573 patientiae
2389 5505 2631 5561 convalle
2657 5521 2780 5578 per-

1192 5595 1370 5640 llstat.

1267 5678 1391 5733 Inde
1443 5680 1666 5750 profecti
1731 5690 1857 5737 sunt
1910 5681 1961 5736 in
2014 5682 2332 5749 l’ltiairoth,
2387 5702 2509 5756 ιιιιιι³
2563 5687 2784 5758 respicit

1197 5764 1543 5847 Beelphegor,
1590 5786 1644 5831 et
1693 5779 2061 5835 castramctati
2110 5790 2235 5836 sunt
2283 5788 2410 5838 ante
2457 5779 2778 5851 Magdalmn.

2802 4533 2857 4594 D

2874 3301 3202 3370 Beclsephor
3247 3299 3636 3364 interpretatur
3668 3291 3915 3344 dominus
3941 3285 4225 3357 aquilonis,
4268 3283 4409 3338 sicut
4451 3298 4483 3339 a

2875 3392 3198 3464 quibusdam
3233 3389 3466 3452 dicitur;
3509 3383 3635 3454 quid
3679 3399 3776 3452 per
3809 3382 3953 3435 hunc
3997 3377 4266 3449 aquilonis
4309 3374 4488 3430 domi-

2876 3501 3030 3546 num,
3070 3483 3172 3536 nisi
3213 3481 3473 3549 antiquus
3505 3476 3678 3531 hostis
3703 3470 4158 3542 exprituitnr,qui
4193 3467 4404 3536 frigidis
4429 3473 4486 3522 et

2877 3576 2945 3630 ab
2993 3589 3178 3629 amore
3227 3571 3321 3626 Dei
3363 3552 3562 3624 alienis
3608 3563 3867 3619 cordibus
3913 3558 4288 3631 principatur?
4340 3557 4482 3610 Ante

2878 3668 3020 3722 hunc
3046 3679 3196 3733 ergo,
3230 3663 3282 3717 id
3309 3670 3395 3716 est
3425 3668 3614 3715 contra
3643 3657 3812 3717 hunc,
3845 3659 4325 3712 castrametamur,
4356 3663 4480 3702 cum

2877 3761 3138 3815 adversus
3176 3772 3300 3811 eum
3330 3750 3695 3808 infmderabili
3730 3744 4084 3801 dimicatione
4118 3740 4482 3810 conﬂigimus.

2948 3851 3077 3907 Inde
3106 3847 3332 3919 profecti
3364 3859 3460 3914 per
3483 3857 3633 3896 mare
3661 3840 3906 3894 Rubrum
3940 3843 4205 3890 venerunt
4234 3833 4284 3885 in
4311 3829 4483 3897 Mara,

2879 3957 2999 4014 qua:
3042 3943 3432 4009 interpretatur
3477 3933 3802 3988 amaritudo.
3849 3931 4050 3983 Rectus
4100 3926 4308 3982 scilicet
4351 3922 4488 3980 ordo
4549 3959 4562 3966 -

2879 4044 2963 4088 est
3001 4042 3059 4085 ut
3091 4030 3182 4100 qui
3212 4028 3279 4082 ad
3319 4039 3519 4080 terram
3557 4017 4030 4093 properantmclle
4056 4024 4392 4080 manantem,
4432 4031 4486 4068 ιιι

2880 4125 3096 4180 deserto
3130 4121 3257 4175 vita:
3285 4118 3446 4188 hujus
3484 4113 3686 4169 laboris
3713 4108 3793 4166 et‘
3812 4107 4129 4165 tentationis
4165 4103 4488 4159 amaritudi-

2879 4233 3004 4273 nem
3037 4215 3323 4277 hauriant,
3355 4220 3410 4264 et
3436 4224 3534 4278 per
3565 4203 3866 4272 disciplina:
3895 4200 4183 4270 praesentis
4223 4194 4492 4266 asperita-

2880 4321 2987 4365 tem
3041 4306 3360 4378 perveniant
3403 4302 3471 4355 ad
3525 4294 3985 4353 remunerationis
4039 4294 4265 4346 internae
4307 4286 4490 4341 dulce-

2880 4401 3081 4456 dinem.
3135 4396 3293 4454 Unde
3341 4392 3475 4448 dicit
3520 4387 3815 4460 Apostolns
3865 4402 3880 4440 :
3938 4405 3955 4436 ι
3993 4383 4222 4444 Omnis,
4272 4378 4486 4450 inquit,

2881 4490 3167 4558 disciplina
3199 4489 3252 4542 in
3288 4483 3544 4557 praesenti
3577 4480 3796 4551 quidem
3826 4493 3934 4531 non
3965 4475 4179 4530 videtur
4200 4485 4325 4527 esse
4355 4485 4490 4541 gau-

2883 4584 2980 4644 dii,
3011 4581 3102 4636 sed
3135 4577 3418 4637 mmroris;
3447 4581 3570 4644 post
3596 4579 3777 4626 autem
3809 4568 4042 4622 fructum
4075 4562 4486 4635 pacatissimam

2883 4673 3196 4729 exercitatis
3246 4686 3344 4741 per
3390 4683 3510 4723 eam
3562 4665 3752 4720 reddet
3791 4661 4018 4731 justitim
4058 4657 4245 4728 (Hebr.
4298 4655 4422 4727 xu).
4462 4673 4483 4708 ι

2883 4768 2942 4824 1η
2974 4767 3254 4837 procinctu
3291 4760 3557 4832 siquidem
3590 4755 3888 4828 spiritualis
3915 4753 4123 4808 militi:e
4154 4749 4484 4814 constitutis,

2887 4859 3050 4914 modo
3079 4868 3259 4912 amara
3292 4853 3562 4915 dulcibus,
3603 4849 3765 4904 modo
3791 4847 3965 4902 dulcia
3993 4845 4293 4900 miscentur
4335 4855 4488 4894 ama-

2890 4953 2987 5016 ris,
3018 4960 3074 5004 ut
3101 4964 3198 5018 per
3232 4949 3346 5002 haec
3375 4944 3690 5016 experiatur
3717 4942 3953 4995 lmmana
3985 4936 4246 4997 conditio,
4279 4942 4334 4986 et
4359 4931 4488 5001 quid

2887 5063 2916 5100 a
2948 5062 3004 5100 se
3034 5045 3274 5113 patiatur
3307 5037 3670 5100 infirmitatis,
3700 5042 3756 5090 et
3783 5033 3911 5104 quid
3941 5049 3968 5085 a
4002 5031 4114 5086 Deo
4144 5028 4341 5084 delicat
4367 5041 4477 5098 spe-

2886 5150 3010 5190 rare
3044 5132 3278 5186 virtutis.
3313 5128 3466 5184 Sicut
3505 5128 3680 5182 eidem
3711 5124 3910 5194 populo
3938 5122 4140 5176 dicitur
4170 5139 4182 5173 :
4223 5138 4239 5170 ι
4281 5117 4488 5172 Aillixit

2891 5237 2941 5282 te
2970 5236 3024 5281 ct
3051 5224 3252 5279 cibavit
3283 5234 3336 5277 te
3375 5235 3572 5275 manna
3608 5219 3659 5272 in
3704 5218 3959 5273 deserto.
3997 5214 4139 5284 quod
4174 5211 4490 5265 nesciebant

2887 5329 3071 5389 patres
3104 5317 3209 5376 tui,
3243 5315 3414 5368 donec
3446 5311 3858 5380 diguosccretur
3883 5307 4026 5377 quod
4057 5311 4201 5357 esset
4229 5304 4279 5354 in
4325 5301 4493 5355 cordo

2893 5420 2984 5465 tuo
3016 5411 3193 5479 (Deut.
3231 5407 3373 5474 vin).
3413 5425 3430 5458 ι

2965 5504 3116 5560 Unde
3153 5503 3401 5572 sequitur
3437 5500 3590 5570 quia,
3635 5497 3863 5569 profecti
3903 5495 3970 5550 de
4011 5493 4182 5560 Mara,
4220 5501 4490 5548 venerunt

2889 5597 2944 5650 in
2999 5595 3134 5649 Elim
3164 5635 3178 5656 ,
3231 5595 3318 5646 ubi
3369 5592 3652 5646 duodecim
3699 5598 3858 5643 erant
3907 5587 4082 5642 fontes
4132 5600 4392 5654 aquarum
4435 5593 4488 5638 et

2890 5691 3227 5760 septuaginta
3256 5687 3466 5757 paluue.
3497 5684 3680 5746 Vides,
3713 5691 3834 5752 post
3883 5679 4198 5736 tentationis
4229 5678 4488 5731 amaritu-

2888 5779 3095 5847 dinem,
3126 5778 3190 5831 ad
3234 5785 3494 5850 quautam
3515 5773 3807 5831 deveniunt
3840 5783 3890 5826 ct
3924 5770 4158 5826 dulcium
4201 5781 4488 5841 pomorum
