  <div class='ocr_page' id='page_1' title='image "/cluster/home/n/w/nwhite01/storage/ocr_20150623/144-145/uc1.31175001639262/1067.png"; bbox 0 0 5904 6606; ppageno 0'>
   <div class='ocr_carea' id='block_1_1' title="bbox 1510 359 1646 415">
    <p class='ocr_par' dir='ltr' id='par_1_1' title="bbox 1510 359 1646 415">
     <span class='ocr_line' id='line_1_1' title="bbox 1510 359 1646 415; baseline 0.007 -1"><span class='ocrx_word' id='word_1_1' title='bbox 1510 359 1646 415; x_wconf 73' lang='grc'><strong>1055</strong></span> 
     </span>
    </p>
   </div>
   <div class='ocr_carea' id='block_1_2' title="bbox 2386 371 3825 434">
    <p class='ocr_par' dir='ltr' id='par_1_2' title="bbox 2386 371 3825 434">
     <span class='ocr_line' id='line_1_2' title="bbox 2386 371 3825 434; baseline 0.001 -3"><span class='ocrx_word' id='word_1_2' title='bbox 2386 371 2880 432; x_wconf 58' lang='grc' dir='ltr'><strong>εοιιεετλκελ</strong></span> <span class='ocrx_word' id='word_1_3' title='bbox 2922 374 2989 431; x_wconf 74' lang='lat' dir='ltr'><strong>IN</strong></span> <span class='ocrx_word' id='word_1_4' title='bbox 3019 374 3248 434; x_wconf 78' lang='lat' dir='ltr'><strong>VETUS</strong></span> <span class='ocrx_word' id='word_1_5' title='bbox 3287 374 3825 432; x_wconf 60' lang='lat' dir='ltr'><strong>TESTAMEVTU“.</strong></span> 
     </span>
    </p>
   </div>
   <div class='ocr_carea' id='block_1_3' title="bbox 4631 368 4748 425">
    <p class='ocr_par' dir='ltr' id='par_1_3' title="bbox 4631 368 4748 425">
     <span class='ocr_line' id='line_1_3' title="bbox 4631 368 4748 425; baseline -0.017 0"><span class='ocrx_word' id='word_1_6' title='bbox 4631 368 4748 425; x_wconf 72' lang='lat' dir='ltr'><strong>l056</strong></span> 
     </span>
    </p>
   </div>
   <div class='ocr_carea' id='block_1_4' title="bbox 1502 485 4819 577">
    <p class='ocr_par' dir='ltr' id='par_1_4' title="bbox 1502 485 4819 577">
     <span class='ocr_line' id='line_1_4' title="bbox 1502 485 4819 577; baseline 0 -43"><span class='ocrx_word' id='word_1_7' title='bbox 1502 490 1558 533; x_wconf 78' lang='lat' dir='ltr'><strong>et</strong></span> <span class='ocrx_word' id='word_1_8' title='bbox 1604 496 1864 552; x_wconf 82' lang='lat' dir='ltr'><strong>aquarum</strong></span> <span class='ocrx_word' id='word_1_9' title='bbox 1912 485 2285 556; x_wconf 80' lang='lat' dir='ltr'><strong>proﬂuentium</strong></span> <span class='ocrx_word' id='word_1_10' title='bbox 2327 492 2716 547; x_wconf 65' lang='lat' dir='ltr'><strong>amoenitatem.</strong></span> <span class='ocrx_word' id='word_1_11' title='bbox 2762 494 2865 547; x_wconf 67' lang='lat' dir='ltr'><strong>Per</strong></span> <span class='ocrx_word' id='word_1_12' title='bbox 2915 503 3090 549; x_wconf 79' lang='lat' dir='ltr'><strong>tenta—</strong></span> <span class='ocrx_word' id='word_1_13' title='bbox 3116 496 3161 555; x_wconf 78' lang='grc' dir='ltr'><strong>Α</strong></span> <span class='ocrx_word' id='word_1_14' title='bbox 3263 490 3369 545; x_wconf 89' lang='lat' dir='ltr'><strong>Sed</strong></span> <span class='ocrx_word' id='word_1_15' title='bbox 3396 502 3449 546; x_wconf 89' lang='lat' dir='ltr'><strong>et</strong></span> <span class='ocrx_word' id='word_1_16' title='bbox 3484 491 3607 546; x_wconf 88' lang='lat' dir='ltr'><strong>inde</strong></span> <span class='ocrx_word' id='word_1_17' title='bbox 3642 490 3908 562; x_wconf 75' lang='lat' dir='ltr'><strong>progressi</strong></span> <span class='ocrx_word' id='word_1_18' title='bbox 3939 498 4196 544; x_wconf 82' lang='lat' dir='ltr'><strong>venerunt</strong></span> <span class='ocrx_word' id='word_1_19' title='bbox 4224 490 4275 546; x_wconf 89' lang='lat' dir='ltr'><strong>in</strong></span> <span class='ocrx_word' id='word_1_20' title='bbox 4305 488 4607 559; x_wconf 64' lang='lat' dir='ltr'><strong>Deptheca.</strong></span> <span class='ocrx_word' id='word_1_21' title='bbox 4638 501 4746 547; x_wconf 77' lang='lat' dir='ltr'><strong>sm,</strong></span> 
     </span>
    </p>
   </div>
   <div class='ocr_carea' id='block_1_5' title="bbox 1504 569 3087 653">
    <p class='ocr_par' dir='ltr' id='par_1_5' title="bbox 1504 569 3087 653">
     <span class='ocr_line' id='line_1_5' title="bbox 1504 569 3087 653; baseline 0.012 -32"><span class='ocrx_word' id='word_1_22' title='bbox 1504 569 1669 625; x_wconf 78' lang='lat' dir='ltr'><strong>t&#39;onis</strong></span> <span class='ocrx_word' id='word_1_23' title='bbox 1717 573 1896 641; x_wconf 84' lang='lat' dir='ltr'><strong>itaque</strong></span> <span class='ocrx_word' id='word_1_24' title='bbox 1946 592 2176 644; x_wconf 76' lang='lat' dir='ltr'><strong>pugnam</strong></span> <span class='ocrx_word' id='word_1_25' title='bbox 2236 580 2606 647; x_wconf 63' lang='lat' dir='ltr'><strong>perducuntur</strong></span> <span class='ocrx_word' id='word_1_26' title='bbox 2650 583 2717 637; x_wconf 87' lang='lat' dir='ltr'><strong>ad</strong></span> <span class='ocrx_word' id='word_1_27' title='bbox 2762 585 2988 653; x_wconf 59' lang='lat' dir='ltr'><strong>palmas,</strong></span> <span class='ocrx_word' id='word_1_28' title='bbox 3031 597 3087 640; x_wconf 90' lang='lat' dir='ltr'><strong>et</strong></span> 
     </span>
    </p>
   </div>
   <div class='ocr_carea' id='block_1_6' title="bbox 1504 662 3089 743">
    <p class='ocr_par' dir='ltr' id='par_1_6' title="bbox 1504 662 3089 743">
     <span class='ocr_line' id='line_1_6' title="bbox 1504 662 3089 743; baseline 0.012 -32"><span class='ocrx_word' id='word_1_29' title='bbox 1504 673 1600 726; x_wconf 74' lang='lat' dir='ltr'><strong>per</strong></span> <span class='ocrx_word' id='word_1_30' title='bbox 1628 662 1748 716; x_wconf 88' lang='lat' dir='ltr'><strong>sitis</strong></span> <span class='ocrx_word' id='word_1_31' title='bbox 1774 663 2123 721; x_wconf 77' lang='lat' dir='ltr'><strong>intoleranda:</strong></span> <span class='ocrx_word' id='word_1_32' title='bbox 2155 670 2432 736; x_wconf 82' lang='lat' dir='ltr'><strong>penuriam</strong></span> <span class='ocrx_word' id='word_1_33' title='bbox 2474 675 2541 725; x_wconf 25' lang='lat' dir='ltr'><strong>nil</strong></span> <span class='ocrx_word' id='word_1_34' title='bbox 2570 674 2827 743; x_wconf 75' lang='lat' dir='ltr'><strong>irriguam</strong></span> <span class='ocrx_word' id='word_1_35' title='bbox 2868 676 3089 730; x_wconf 84' lang='lat' dir='ltr'><strong>veniunt</strong></span> 
     </span>
    </p>
   </div>
   <div class='ocr_carea' id='block_1_7' title="bbox 1504 756 3088 839">
    <p class='ocr_par' dir='ltr' id='par_1_7' title="bbox 1504 756 3088 839">
     <span class='ocr_line' id='line_1_7' title="bbox 1504 756 3088 839; baseline 0.012 -39"><span class='ocrx_word' id='word_1_36' title='bbox 1504 763 1764 816; x_wconf 50' lang='lat' dir='ltr'><strong>amarum</strong></span> <span class='ocrx_word' id='word_1_37' title='bbox 1807 756 2099 809; x_wconf 70' lang='lat' dir='ltr'><strong>viventium</strong></span> <span class='ocrx_word' id='word_1_38' title='bbox 2138 758 2485 817; x_wconf 83' lang='lat' dir='ltr'><strong>allluentiam.</strong></span> <span class='ocrx_word' id='word_1_39' title='bbox 2536 766 2852 819; x_wconf 79' lang='lat' dir='ltr'><strong>Animarum</strong></span> <span class='ocrx_word' id='word_1_40' title='bbox 2890 769 3088 839; x_wconf 83' lang='lat' dir='ltr'><strong>quippe</strong></span> 
     </span>
    </p>
   </div>
   <div class='ocr_carea' id='block_1_8' title="bbox 1503 840 3087 925">
    <p class='ocr_par' dir='ltr' id='par_1_8' title="bbox 1503 840 3087 925">
     <span class='ocr_line' id='line_1_8' title="bbox 1503 840 3087 925; baseline 0.013 -33"><span class='ocrx_word' id='word_1_41' title='bbox 1503 840 1745 895; x_wconf 87' lang='lat' dir='ltr'><strong>medicus</strong></span> <span class='ocrx_word' id='word_1_42' title='bbox 1766 847 2108 913; x_wconf 88' lang='lat' dir='ltr'><strong>omnipotens</strong></span> <span class='ocrx_word' id='word_1_43' title='bbox 2132 848 2271 904; x_wconf 86' lang='lat' dir='ltr'><strong>Deus</strong></span> <span class='ocrx_word' id='word_1_44' title='bbox 2294 853 2373 904; x_wconf 86' lang='lat' dir='ltr'><strong>sic</strong></span> <span class='ocrx_word' id='word_1_45' title='bbox 2400 855 2576 907; x_wconf 81' lang='lat' dir='ltr'><strong>omnia</strong></span> <span class='ocrx_word' id='word_1_46' title='bbox 2602 858 2847 911; x_wconf 82' lang='lat' dir='ltr'><strong>ordinate</strong></span> <span class='ocrx_word' id='word_1_47' title='bbox 2872 860 3087 925; x_wconf 77' lang='lat' dir='ltr'><strong>dispen-</strong></span> 
     </span>
    </p>
   </div>
   <div class='ocr_carea' id='block_1_9' title="bbox 1502 940 3087 1011">
    <p class='ocr_par' dir='ltr' id='par_1_9' title="bbox 1502 940 3087 1011">
     <span class='ocr_line' id='line_1_9' title="bbox 1502 940 3087 1011; baseline 0.015 -30"><span class='ocrx_word' id='word_1_48' title='bbox 1502 942 1607 993; x_wconf 76' lang='lat' dir='ltr'><strong>sat,</strong></span> <span class='ocrx_word' id='word_1_49' title='bbox 1633 944 1709 996; x_wconf 87' lang='lat' dir='ltr'><strong>ut,</strong></span> <span class='ocrx_word' id='word_1_50' title='bbox 1740 944 1991 1004; x_wconf 83' lang='lat' dir='ltr'><strong>tanquam</strong></span> <span class='ocrx_word' id='word_1_51' title='bbox 2023 940 2178 994; x_wconf 85' lang='lat' dir='ltr'><strong>melle</strong></span> <span class='ocrx_word' id='word_1_52' title='bbox 2206 943 2495 1011; x_wconf 72' lang='lat' dir='ltr'><strong>pigmentis</strong></span> <span class='ocrx_word' id='word_1_53' title='bbox 2525 945 2721 1011; x_wconf 73' lang='lat' dir='ltr'><strong>infuso,</strong></span> <span class='ocrx_word' id='word_1_54' title='bbox 2762 959 2813 1001; x_wconf 67' lang='lat' dir='ltr'><strong>et</strong></span> <span class='ocrx_word' id='word_1_55' title='bbox 2845 950 3087 1004; x_wconf 75' lang='lat' dir='ltr'><strong>tristibus</strong></span> 
     </span>
    </p>
   </div>
   <div class='ocr_carea' id='block_1_10' title="bbox 1507 1020 3086 1105">
    <p class='ocr_par' dir='ltr' id='par_1_10' title="bbox 1507 1020 3086 1105">
     <span class='ocr_line' id='line_1_10' title="bbox 1507 1020 3086 1105; baseline 0.015 -33"><span class='ocrx_word' id='word_1_56' title='bbox 1507 1020 1623 1074; x_wconf 66' lang='lat' dir='ltr'><strong>lieta</strong></span> <span class='ocrx_word' id='word_1_57' title='bbox 1653 1034 1706 1077; x_wconf 84' lang='lat' dir='ltr'><strong>et</strong></span> <span class='ocrx_word' id='word_1_58' title='bbox 1752 1026 1886 1080; x_wconf 65' lang='lat' dir='ltr'><strong>netis</strong></span> <span class='ocrx_word' id='word_1_59' title='bbox 1916 1030 2086 1083; x_wconf 78' lang='lat' dir='ltr'><strong>tristia</strong></span> <span class='ocrx_word' id='word_1_60' title='bbox 2115 1034 2359 1097; x_wconf 57' lang='lat' dir='ltr'><strong>misceat,</strong></span> <span class='ocrx_word' id='word_1_61' title='bbox 2404 1048 2666 1105; x_wconf 70' lang='lat' dir='ltr'><strong>quatenus</strong></span> <span class='ocrx_word' id='word_1_62' title='bbox 2700 1056 2849 1095; x_wconf 82' lang='lat' dir='ltr'><strong>mens</strong></span> <span class='ocrx_word' id='word_1_63' title='bbox 2874 1041 3086 1096; x_wconf 74' lang='lat' dir='ltr'><strong>infirma</strong></span> 
     </span>
    </p>
   </div>
   <div class='ocr_carea' id='block_1_11' title="bbox 1502 1114 3087 1198">
    <p class='ocr_par' dir='ltr' id='par_1_11' title="bbox 1502 1114 3087 1198">
     <span class='ocr_line' id='line_1_11' title="bbox 1502 1114 3087 1198; baseline 0.014 -35"><span class='ocrx_word' id='word_1_64' title='bbox 1502 1121 1557 1164; x_wconf 90' lang='lat' dir='ltr'><strong>et</strong></span> <span class='ocrx_word' id='word_1_65' title='bbox 1609 1114 1898 1182; x_wconf 80' lang='lat' dir='ltr'><strong>aliquando</strong></span> <span class='ocrx_word' id='word_1_66' title='bbox 1972 1135 2221 1187; x_wconf 78' lang='lat' dir='ltr'><strong>percussa</strong></span> <span class='ocrx_word' id='word_1_67' title='bbox 2290 1141 2562 1193; x_wconf 86' lang='lat' dir='ltr'><strong>nunquam</strong></span> <span class='ocrx_word' id='word_1_68' title='bbox 2614 1129 2678 1181; x_wconf 87' lang='lat' dir='ltr'><strong>de</strong></span> <span class='ocrx_word' id='word_1_69' title='bbox 2726 1132 3087 1198; x_wconf 64' lang='lat' dir='ltr'><strong>prosperitate</strong></span> 
     </span>
    </p>
   </div>
   <div class='ocr_carea' id='block_1_12' title="bbox 1504 1205 3085 1279">
    <p class='ocr_par' dir='ltr' id='par_1_12' title="bbox 1504 1205 3085 1279">
     <span class='ocr_line' id='line_1_12' title="bbox 1504 1205 3085 1279; baseline 0.014 -26"><span class='ocrx_word' id='word_1_70' title='bbox 1504 1205 1801 1270; x_wconf 63' lang='lat' dir='ltr'><strong>superbiat,</strong></span> <span class='ocrx_word' id='word_1_71' title='bbox 1837 1219 1887 1261; x_wconf 91' lang='lat' dir='ltr'><strong>et</strong></span> <span class='ocrx_word' id='word_1_72' title='bbox 1920 1210 2207 1279; x_wconf 74' lang='lat' dir='ltr'><strong>aliquando</strong></span> <span class='ocrx_word' id='word_1_73' title='bbox 2235 1212 2405 1268; x_wconf 73' lang='lat' dir='ltr'><strong>refota</strong></span> <span class='ocrx_word' id='word_1_74' title='bbox 2452 1219 2501 1268; x_wconf 93' lang='lat' dir='ltr'><strong>in</strong></span> <span class='ocrx_word' id='word_1_75' title='bbox 2531 1219 2950 1275; x_wconf 67' lang='lat' dir='ltr'><strong>adversitatibus</strong></span> <span class='ocrx_word' id='word_1_76' title='bbox 2979 1236 3085 1275; x_wconf 89' lang='lat' dir='ltr'><strong>non</strong></span> 
     </span>
    </p>
   </div>
   <div class='ocr_carea' id='block_1_13' title="bbox 1502 1296 3084 1379">
    <p class='ocr_par' dir='ltr' id='par_1_13' title="bbox 1502 1296 3084 1379">
     <span class='ocr_line' id='line_1_13' title="bbox 1502 1296 3084 1379; baseline 0.014 -36"><span class='ocrx_word' id='word_1_77' title='bbox 1502 1296 1839 1349; x_wconf 61' lang='lat' dir='ltr'><strong>succumbat.</strong></span> <span class='ocrx_word' id='word_1_78' title='bbox 1878 1298 2013 1352; x_wconf 85' lang='lat' dir='ltr'><strong>Elim</strong></span> <span class='ocrx_word' id='word_1_79' title='bbox 2045 1313 2302 1369; x_wconf 64' lang='lat' dir='ltr'><strong>praeterea</strong></span> <span class='ocrx_word' id='word_1_80' title='bbox 2338 1306 2726 1375; x_wconf 66' lang='grc' dir='ltr'>ὶιιιι,ιιίπριυιιιι·</span> <span class='ocrx_word' id='word_1_81' title='bbox 2748 1313 2967 1373; x_wconf 65' lang='lat' dir='ltr'><strong>(tricies,</strong></span> <span class='ocrx_word' id='word_1_82' title='bbox 2996 1313 3084 1379; x_wconf 89' lang='lat' dir='ltr'><strong>qui</strong></span> 
     </span>
    </p>
   </div>
   <div class='ocr_carea' id='block_1_14' title="bbox 1500 1381 3086 1465">
    <p class='ocr_par' dir='ltr' id='par_1_14' title="bbox 1500 1381 3086 1465">
     <span class='ocr_line' id='line_1_14' title="bbox 1500 1381 3086 1465; baseline 0.013 -32"><span class='ocrx_word' id='word_1_83' title='bbox 1500 1381 1754 1436; x_wconf 80' lang='lat' dir='ltr'><strong>nimirum</strong></span> <span class='ocrx_word' id='word_1_84' title='bbox 1800 1399 1925 1440; x_wconf 90' lang='lat' dir='ltr'><strong>sunt</strong></span> <span class='ocrx_word' id='word_1_85' title='bbox 1956 1404 2177 1459; x_wconf 80' lang='lat' dir='ltr'><strong>gregum</strong></span> <span class='ocrx_word' id='word_1_86' title='bbox 2225 1397 2563 1463; x_wconf 72' lang='lat' dir='ltr'><strong>sequentium</strong></span> <span class='ocrx_word' id='word_1_87' title='bbox 2613 1400 2794 1451; x_wconf 78' lang='lat' dir='ltr'><strong>duces.</strong></span> <span class='ocrx_word' id='word_1_88' title='bbox 2828 1401 2927 1465; x_wconf 79' lang='lat' dir='ltr'><strong>Qui</strong></span> <span class='ocrx_word' id='word_1_89' title='bbox 2960 1412 3086 1454; x_wconf 84' lang='lat' dir='ltr'><strong>vero</strong></span> 
     </span>
    </p>
   </div>
   <div class='ocr_carea' id='block_1_15' title="bbox 1500 1473 3086 1559">
    <p class='ocr_par' dir='ltr' id='par_1_15' title="bbox 1500 1473 3086 1559">
     <span class='ocr_line' id='line_1_15' title="bbox 1500 1473 3086 1559; baseline 0.014 -38"><span class='ocrx_word' id='word_1_90' title='bbox 1500 1479 1627 1523; x_wconf 87' lang='lat' dir='ltr'><strong>sunt</strong></span> <span class='ocrx_word' id='word_1_91' title='bbox 1665 1473 1829 1528; x_wconf 88' lang='lat' dir='ltr'><strong>duces</strong></span> <span class='ocrx_word' id='word_1_92' title='bbox 1874 1480 2149 1535; x_wconf 89' lang='lat' dir='ltr'><strong>rationalis</strong></span> <span class='ocrx_word' id='word_1_93' title='bbox 2180 1486 2388 1552; x_wconf 78' lang='lat' dir='ltr'><strong>gregis,</strong></span> <span class='ocrx_word' id='word_1_94' title='bbox 2435 1487 2535 1540; x_wconf 86' lang='lat' dir='ltr'><strong>hoc</strong></span> <span class='ocrx_word' id='word_1_95' title='bbox 2580 1498 2661 1541; x_wconf 88' lang='lat' dir='ltr'><strong>est</strong></span> <span class='ocrx_word' id='word_1_96' title='bbox 2720 1490 2896 1559; x_wconf 57' lang='lat' dir='ltr'><strong>populi</strong></span> <span class='ocrx_word' id='word_1_97' title='bbox 2930 1487 3086 1544; x_wconf 78' lang='lat' dir='ltr'><strong>Chri-</strong></span> 
     </span>
    </p>
   </div>
   <div class='ocr_carea' id='block_1_16' title="bbox 1502 1564 3087 1641">
    <p class='ocr_par' dir='ltr' id='par_1_16' title="bbox 1502 1564 3087 1641">
     <span class='ocr_line' id='line_1_16' title="bbox 1502 1564 3087 1641; baseline 0.016 -26"><span class='ocrx_word' id='word_1_98' title='bbox 1502 1564 1684 1624; x_wconf 85' lang='lat' dir='ltr'><strong>stiani,</strong></span> <span class='ocrx_word' id='word_1_99' title='bbox 1726 1568 1829 1620; x_wconf 86' lang='lat' dir='ltr'><strong>nisi</strong></span> <span class='ocrx_word' id='word_1_100' title='bbox 1862 1572 2031 1623; x_wconf 90' lang='lat' dir='ltr'><strong>sancti</strong></span> <span class='ocrx_word' id='word_1_101' title='bbox 2064 1576 2327 1641; x_wconf 79' lang='lat' dir='ltr'><strong>apostoli?</strong></span> <span class='ocrx_word' id='word_1_102' title='bbox 2361 1578 2422 1631; x_wconf 92' lang='lat' dir='ltr'><strong>lli</strong></span> <span class='ocrx_word' id='word_1_103' title='bbox 2456 1581 2707 1635; x_wconf 86' lang='lat' dir='ltr'><strong>nimirum</strong></span> <span class='ocrx_word' id='word_1_104' title='bbox 2738 1593 2861 1637; x_wconf 83' lang='lat' dir='ltr'><strong>sunt</strong></span> <span class='ocrx_word' id='word_1_105' title='bbox 2889 1584 3087 1639; x_wconf 78' lang='lat' dir='ltr'><strong>duode-</strong></span> 
     </span>
    </p>
   </div>
   <div class='ocr_carea' id='block_1_17' title="bbox 1501 1654 3087 1731">
    <p class='ocr_par' dir='ltr' id='par_1_17' title="bbox 1501 1654 3087 1731">
     <span class='ocr_line' id='line_1_17' title="bbox 1501 1654 3087 1731; baseline 0.015 -24"><span class='ocrx_word' id='word_1_106' title='bbox 1501 1654 1605 1707; x_wconf 89' lang='lat' dir='ltr'><strong>cim</strong></span> <span class='ocrx_word' id='word_1_107' title='bbox 1650 1656 1840 1723; x_wconf 82' lang='lat' dir='ltr'><strong>fontes,</strong></span> <span class='ocrx_word' id='word_1_108' title='bbox 1892 1662 2197 1717; x_wconf 86' lang='lat' dir='ltr'><strong>ariditatem</strong></span> <span class='ocrx_word' id='word_1_109' title='bbox 2244 1670 2503 1722; x_wconf 82' lang='lat' dir='ltr'><strong>mentium</strong></span> <span class='ocrx_word' id='word_1_110' title='bbox 2550 1672 2806 1726; x_wconf 61' lang='lat' dir='ltr'><strong>doctrinm,</strong></span> <span class='ocrx_word' id='word_1_111' title='bbox 2851 1676 3087 1731; x_wconf 75' lang='lat' dir='ltr'><strong>ccnlestis</strong></span> 
     </span>
    </p>
   </div>
   <div class='ocr_carea' id='block_1_18' title="bbox 1499 1744 3082 1828">
    <p class='ocr_par' dir='ltr' id='par_1_18' title="bbox 1499 1744 3082 1828">
     <span class='ocr_line' id='line_1_18' title="bbox 1499 1744 3082 1828; baseline 0.016 -31"><span class='ocrx_word' id='word_1_112' title='bbox 1499 1744 1761 1801; x_wconf 77' lang='lat' dir='ltr'><strong>littoribus</strong></span> <span class='ocrx_word' id='word_1_113' title='bbox 1793 1750 2097 1821; x_wconf 78' lang='lat' dir='ltr'><strong>irrigantcs.</strong></span> <span class='ocrx_word' id='word_1_114' title='bbox 2130 1755 2325 1810; x_wconf 84' lang='lat' dir='ltr'><strong>Verum</strong></span> <span class='ocrx_word' id='word_1_115' title='bbox 2358 1762 2481 1828; x_wconf 85' lang='lat' dir='ltr'><strong>quia</strong></span> <span class='ocrx_word' id='word_1_116' title='bbox 2512 1777 2617 1815; x_wconf 89' lang='lat' dir='ltr'><strong>non</strong></span> <span class='ocrx_word' id='word_1_117' title='bbox 2656 1765 2771 1817; x_wconf 63' lang='lat' dir='ltr'><strong>illos</strong></span> <span class='ocrx_word' id='word_1_118' title='bbox 2801 1768 3082 1822; x_wconf 72' lang='lat' dir='ltr'><strong>duodcc&#39;m</strong></span> 
     </span>
    </p>
   </div>
   <div class='ocr_carea' id='block_1_19' title="bbox 3190 579 4819 653">
    <p class='ocr_par' dir='ltr' id='par_1_19' title="bbox 3190 579 4819 653">
     <span class='ocr_line' id='line_1_19' title="bbox 3190 579 4819 653; baseline -0.005 -15"><span class='ocrx_word' id='word_1_119' title='bbox 3190 591 3251 638; x_wconf 88' lang='lat' dir='ltr'><strong>ut</strong></span> <span class='ocrx_word' id='word_1_120' title='bbox 3277 583 3377 639; x_wconf 90' lang='lat' dir='ltr'><strong>alia</strong></span> <span class='ocrx_word' id='word_1_121' title='bbox 3407 584 3688 639; x_wconf 81' lang='lat' dir='ltr'><strong>translatio</strong></span> <span class='ocrx_word' id='word_1_122' title='bbox 3713 584 3979 653; x_wconf 84' lang='lat' dir='ltr'><strong>perbibet,</strong></span> <span class='ocrx_word' id='word_1_123' title='bbox 4010 582 4279 653; x_wconf 74' lang='lat' dir='ltr'><strong>Rapliaca.</strong></span> <span class='ocrx_word' id='word_1_124' title='bbox 4310 581 4591 652; x_wconf 68' lang='lat' dir='ltr'><strong>Deptheca</strong></span> <span class='ocrx_word' id='word_1_125' title='bbox 4621 579 4746 631; x_wconf 80' lang='lat' dir='ltr'><strong>deci-</strong></span> <span class='ocrx_word' id='word_1_126' title='bbox 4818 582 4819 589; x_wconf 77' lang='lat'>‘</span> 
     </span>
    </p>
   </div>
   <div class='ocr_carea' id='block_1_20' title="bbox 3189 670 4747 744">
    <p class='ocr_par' dir='ltr' id='par_1_20' title="bbox 3189 670 4747 744">
     <span class='ocr_line' id='line_1_20' title="bbox 3189 670 4747 744; baseline -0.004 -17"><span class='ocrx_word' id='word_1_127' title='bbox 3189 691 3294 744; x_wconf 76' lang='lat' dir='ltr'><strong>quo</strong></span> <span class='ocrx_word' id='word_1_128' title='bbox 3332 675 3559 742; x_wconf 74' lang='lat' dir='ltr'><strong>pulsatio</strong></span> <span class='ocrx_word' id='word_1_129' title='bbox 3590 676 3801 729; x_wconf 83' lang='lat' dir='ltr'><strong>dicitur.</strong></span> <span class='ocrx_word' id='word_1_130' title='bbox 3835 674 3894 728; x_wconf 86' lang='lat' dir='ltr'><strong>Et</strong></span> <span class='ocrx_word' id='word_1_131' title='bbox 3934 690 4052 739; x_wconf 90' lang='lat' dir='ltr'><strong>nos,</strong></span> <span class='ocrx_word' id='word_1_132' title='bbox 4089 686 4367 742; x_wconf 76' lang='lat' dir='ltr'><strong>pos:quam</strong></span> <span class='ocrx_word' id='word_1_133' title='bbox 4411 670 4747 740; x_wconf 70' lang='lat' dir='ltr'><strong>pertingimus</strong></span> 
     </span>
    </p>
   </div>
   <div class='ocr_carea' id='block_1_21' title="bbox 3190 763 4745 836">
    <p class='ocr_par' dir='ltr' id='par_1_21' title="bbox 3190 763 4745 836">
     <span class='ocr_line' id='line_1_21' title="bbox 3190 763 4745 836; baseline -0.005 -15"><span class='ocrx_word' id='word_1_134' title='bbox 3190 770 3256 822; x_wconf 91' lang='lat' dir='ltr'><strong>ad</strong></span> <span class='ocrx_word' id='word_1_135' title='bbox 3294 769 3624 832; x_wconf 87' lang='lat' dir='ltr'><strong>Ecclesiam,</strong></span> <span class='ocrx_word' id='word_1_136' title='bbox 3666 783 3824 836; x_wconf 88' lang='lat' dir='ltr'><strong>quam</strong></span> <span class='ocrx_word' id='word_1_137' title='bbox 3866 768 4113 822; x_wconf 72' lang='lat' dir='ltr'><strong>videlicet</strong></span> <span class='ocrx_word' id='word_1_138' title='bbox 4146 767 4309 824; x_wconf 85' lang='lat' dir='ltr'><strong>rubus</strong></span> <span class='ocrx_word' id='word_1_139' title='bbox 4338 765 4423 819; x_wconf 79' lang='lat' dir='ltr'><strong>ille</strong></span> <span class='ocrx_word' id='word_1_140' title='bbox 4474 763 4745 834; x_wconf 71' lang='lat' dir='ltr'><strong>signiﬁcat,</strong></span> 
     </span>
    </p>
   </div>
   <div class='ocr_carea' id='block_1_22' title="bbox 3190 854 4746 927">
    <p class='ocr_par' dir='ltr' id='par_1_22' title="bbox 3190 854 4746 927">
     <span class='ocr_line' id='line_1_22' title="bbox 3190 854 4746 927; baseline -0.004 -14"><span class='ocrx_word' id='word_1_141' title='bbox 3190 860 3280 914; x_wconf 76' lang='lat' dir='ltr'><strong>ubi</strong></span> <span class='ocrx_word' id='word_1_142' title='bbox 3311 860 3403 913; x_wconf 88' lang='lat' dir='ltr'><strong>Dei</strong></span> <span class='ocrx_word' id='word_1_143' title='bbox 3432 870 3671 915; x_wconf 71' lang='lat' dir='ltr'><strong>meretur</strong></span> <span class='ocrx_word' id='word_1_144' title='bbox 3697 859 3859 913; x_wconf 74' lang='lat' dir='ltr'><strong>homo</strong></span> <span class='ocrx_word' id='word_1_145' title='bbox 3882 854 4233 927; x_wconf 71' lang='lat' dir='ltr'><strong>colloquium,</strong></span> <span class='ocrx_word' id='word_1_146' title='bbox 4264 857 4354 911; x_wconf 87' lang='lat' dir='ltr'><strong>ubi</strong></span> <span class='ocrx_word' id='word_1_147' title='bbox 4384 857 4531 910; x_wconf 83' lang='lat' dir='ltr'><strong>visio</strong></span> <span class='ocrx_word' id='word_1_148' title='bbox 4559 856 4746 923; x_wconf 79' lang='lat' dir='ltr'><strong>conspi-</strong></span> 
     </span>
    </p>
   </div>
   <div class='ocr_carea' id='block_1_23' title="bbox 3190 949 4746 1018">
    <p class='ocr_par' dir='ltr' id='par_1_23' title="bbox 3190 949 4746 1018">
     <span class='ocr_line' id='line_1_23' title="bbox 3190 949 4746 1018; baseline -0.005 -14"><span class='ocrx_word' id='word_1_149' title='bbox 3190 951 3333 1004; x_wconf 75' lang='lat' dir='ltr'><strong>citur</strong></span> <span class='ocrx_word' id='word_1_150' title='bbox 3376 951 3725 1018; x_wconf 63' lang='lat' dir='ltr'><strong>angelorum,</strong></span> <span class='ocrx_word' id='word_1_151' title='bbox 3776 960 3903 1004; x_wconf 85' lang='lat' dir='ltr'><strong>tunc</strong></span> <span class='ocrx_word' id='word_1_152' title='bbox 3932 949 4215 1018; x_wconf 82' lang='lat' dir='ltr'><strong>incipimus</strong></span> <span class='ocrx_word' id='word_1_153' title='bbox 4243 957 4460 1017; x_wconf 87' lang='lat' dir='ltr'><strong>petere.</strong></span> <span class='ocrx_word' id='word_1_154' title='bbox 4505 958 4746 1016; x_wconf 69' lang='lat' dir='ltr'><strong>quaerere,</strong></span> 
     </span>
    </p>
   </div>
   <div class='ocr_carea' id='block_1_24' title="bbox 3189 1036 4746 1113">
    <p class='ocr_par' dir='ltr' id='par_1_24' title="bbox 3189 1036 4746 1113">
     <span class='ocr_line' id='line_1_24' title="bbox 3189 1036 4746 1113; baseline -0.003 -16"><span class='ocrx_word' id='word_1_155' title='bbox 3189 1058 3254 1097; x_wconf 88' lang='lat' dir='ltr'><strong>ac</strong></span> <span class='ocrx_word' id='word_1_156' title='bbox 3298 1044 3452 1113; x_wconf 63' lang='lat' dir='ltr'><strong>regni</strong></span> <span class='ocrx_word' id='word_1_157' title='bbox 3494 1042 3728 1096; x_wconf 75' lang='lat' dir='ltr'><strong>rmlestis</strong></span> <span class='ocrx_word' id='word_1_158' title='bbox 3776 1056 3971 1096; x_wconf 88' lang='lat' dir='ltr'><strong>arcana</strong></span> <span class='ocrx_word' id='word_1_159' title='bbox 4021 1040 4256 1111; x_wconf 75' lang='lat' dir='ltr'><strong>pulsare;</strong></span> <span class='ocrx_word' id='word_1_160' title='bbox 4301 1039 4535 1097; x_wconf 84' lang='lat' dir='ltr'><strong>Domino</strong></span> <span class='ocrx_word' id='word_1_161' title='bbox 4582 1036 4746 1107; x_wconf 67' lang='lat' dir='ltr'><strong>pmi-</strong></span> 
     </span>
    </p>
   </div>
   <div class='ocr_carea' id='block_1_25' title="bbox 3187 1130 4748 1204">
    <p class='ocr_par' dir='ltr' id='par_1_25' title="bbox 3187 1130 4748 1204">
     <span class='ocr_line' id='line_1_25' title="bbox 3187 1130 4748 1204; baseline -0.003 -19"><span class='ocrx_word' id='word_1_162' title='bbox 3187 1131 3371 1204; x_wconf 71' lang='lat' dir='ltr'><strong>pii-nte</strong></span> <span class='ocrx_word' id='word_1_163' title='bbox 3424 1146 3476 1187; x_wconf 84' lang='lat' dir='ltr'><strong>et</strong></span> <span class='ocrx_word' id='word_1_164' title='bbox 3505 1133 3812 1202; x_wconf 83' lang='lat' dir='ltr'><strong>pollicente,</strong></span> <span class='ocrx_word' id='word_1_165' title='bbox 3837 1134 3929 1201; x_wconf 89' lang='lat' dir='ltr'><strong>qui</strong></span> <span class='ocrx_word' id='word_1_166' title='bbox 3955 1132 4029 1185; x_wconf 87' lang='lat' dir='ltr'><strong>ait</strong></span> <span class='ocrx_word' id='word_1_167' title='bbox 4055 1152 4068 1185; x_wconf 85' lang='grc'>;</span> <span class='ocrx_word' id='word_1_168' title='bbox 4104 1150 4121 1183; x_wconf 84' lang='grc' dir='ltr'><strong>ι</strong></span> <span class='ocrx_word' id='word_1_169' title='bbox 4151 1130 4384 1190; x_wconf 87' lang='lat' dir='ltr'><strong>Pnlsate.</strong></span> <span class='ocrx_word' id='word_1_170' title='bbox 4411 1139 4469 1185; x_wconf 89' lang='lat' dir='ltr'><strong>et</strong></span> <span class='ocrx_word' id='word_1_171' title='bbox 4498 1131 4748 1200; x_wconf 77' lang='lat' dir='ltr'><strong>aperietur</strong></span> 
     </span>
    </p>
   </div>
   <div class='ocr_carea' id='block_1_26' title="bbox 3190 1219 4745 1294">
    <p class='ocr_par' dir='ltr' id='par_1_26' title="bbox 3190 1219 4745 1294">
     <span class='ocr_line' id='line_1_26' title="bbox 3190 1219 4745 1294; baseline -0.003 -15"><span class='ocrx_word' id='word_1_172' title='bbox 3190 1226 3342 1279; x_wconf 74' lang='lat' dir='ltr'><strong>Vobis</strong></span> <span class='ocrx_word' id='word_1_173' title='bbox 3372 1222 3582 1294; x_wconf 61' lang='grc' dir='ltr'><strong>(Μίετι.</strong></span> <span class='ocrx_word' id='word_1_174' title='bbox 3616 1238 3721 1289; x_wconf 88' lang='lat' dir='ltr'><strong>vn;</strong></span> <span class='ocrx_word' id='word_1_175' title='bbox 3755 1221 3883 1277; x_wconf 83' lang='lat' dir='ltr'><strong>Luc.</strong></span> <span class='ocrx_word' id='word_1_176' title='bbox 3917 1223 4017 1293; x_wconf 78' lang='lat' dir='ltr'><strong>XI).</strong></span> <span class='ocrx_word' id='word_1_177' title='bbox 4059 1241 4077 1274; x_wconf 70' lang='grc' dir='ltr'><strong>ι</strong></span> <span class='ocrx_word' id='word_1_178' title='bbox 4123 1222 4178 1277; x_wconf 93' lang='lat' dir='ltr'><strong>Si</strong></span> <span class='ocrx_word' id='word_1_179' title='bbox 4205 1237 4331 1275; x_wconf 86' lang='lat' dir='ltr'><strong>vero</strong></span> <span class='ocrx_word' id='word_1_180' title='bbox 4362 1219 4622 1289; x_wconf 76' lang='lat' dir='ltr'><strong>Rapbae:</strong></span> <span class='ocrx_word' id='word_1_181' title='bbox 4648 1224 4745 1290; x_wconf 81' lang='lat' dir='ltr'><strong>quis</strong></span> 
     </span>
    </p>
   </div>
   <div class='ocr_carea' id='block_1_27' title="bbox 3190 1314 4745 1384">
    <p class='ocr_par' dir='ltr' id='par_1_27' title="bbox 3190 1314 4745 1384">
     <span class='ocr_line' id='line_1_27' title="bbox 3190 1314 4745 1384; baseline -0.003 -15"><span class='ocrx_word' id='word_1_182' title='bbox 3190 1316 3339 1369; x_wconf 79' lang='lat' dir='ltr'><strong>mali:</strong></span> <span class='ocrx_word' id='word_1_183' title='bbox 3378 1314 3696 1378; x_wconf 76' lang='lat' dir='ltr'><strong>admittere,</strong></span> <span class='ocrx_word' id='word_1_184' title='bbox 3744 1330 3864 1384; x_wconf 70' lang='lat' dir='ltr'><strong>qua:</strong></span> <span class='ocrx_word' id='word_1_185' title='bbox 3906 1315 4106 1369; x_wconf 76' lang='lat' dir='ltr'><strong>sanitas</strong></span> <span class='ocrx_word' id='word_1_186' title='bbox 4155 1316 4367 1378; x_wconf 89' lang='lat' dir='ltr'><strong>dicitur,</strong></span> <span class='ocrx_word' id='word_1_187' title='bbox 4417 1315 4527 1367; x_wconf 83' lang='lat' dir='ltr'><strong>hoc</strong></span> <span class='ocrx_word' id='word_1_188' title='bbox 4576 1330 4745 1367; x_wconf 81' lang='lat' dir='ltr'><strong>nomen</strong></span> 
     </span>
    </p>
   </div>
   <div class='ocr_carea' id='block_1_28' title="bbox 3190 1404 4742 1475">
    <p class='ocr_par' dir='ltr' id='par_1_28' title="bbox 3190 1404 4742 1475">
     <span class='ocr_line' id='line_1_28' title="bbox 3190 1404 4742 1475; baseline -0.001 -16"><span class='ocrx_word' id='word_1_189' title='bbox 3190 1406 3382 1459; x_wconf 62' lang='lat' dir='ltr'><strong>animm</strong></span> <span class='ocrx_word' id='word_1_190' title='bbox 3421 1404 3533 1473; x_wconf 90' lang='lat' dir='ltr'><strong>jam</strong></span> <span class='ocrx_word' id='word_1_191' title='bbox 3578 1405 3775 1459; x_wconf 90' lang='lat' dir='ltr'><strong>dudum</strong></span> <span class='ocrx_word' id='word_1_192' title='bbox 3820 1405 4109 1475; x_wconf 61' lang='lat' dir='ltr'><strong>languida).</strong></span> <span class='ocrx_word' id='word_1_193' title='bbox 4146 1406 4238 1459; x_wconf 88' lang='lat' dir='ltr'><strong>sed</strong></span> <span class='ocrx_word' id='word_1_194' title='bbox 4271 1406 4379 1475; x_wconf 83' lang='lat' dir='ltr'><strong>jam</strong></span> <span class='ocrx_word' id='word_1_195' title='bbox 4426 1420 4532 1474; x_wconf 89' lang='lat' dir='ltr'><strong>per</strong></span> <span class='ocrx_word' id='word_1_196' title='bbox 4575 1406 4742 1459; x_wconf 83' lang='lat' dir='ltr'><strong>donum</strong></span> 
     </span>
    </p>
   </div>
   <div class='ocr_carea' id='block_1_29' title="bbox 3188 1493 4740 1565">
    <p class='ocr_par' dir='ltr' id='par_1_29' title="bbox 3188 1493 4740 1565">
     <span class='ocr_line' id='line_1_29' title="bbox 3188 1493 4740 1565; baseline -0.005 -15"><span class='ocrx_word' id='word_1_197' title='bbox 3188 1506 3389 1550; x_wconf 63' lang='lat' dir='ltr'><strong>sanctae</strong></span> <span class='ocrx_word' id='word_1_198' title='bbox 3421 1494 3675 1550; x_wconf 68' lang='lat' dir='ltr'><strong>Ecclesia:</strong></span> <span class='ocrx_word' id='word_1_199' title='bbox 3708 1495 3980 1565; x_wconf 79' lang='lat' dir='ltr'><strong>languoris</strong></span> <span class='ocrx_word' id='word_1_200' title='bbox 4022 1496 4244 1549; x_wconf 75' lang='lat' dir='ltr'><strong>nexiluts</strong></span> <span class='ocrx_word' id='word_1_201' title='bbox 4271 1493 4533 1547; x_wconf 75' lang='lat' dir='ltr'><strong>absolntm</strong></span> <span class='ocrx_word' id='word_1_202' title='bbox 4570 1508 4740 1546; x_wconf 72' lang='lat' dir='ltr'><strong>conre-</strong></span> 
     </span>
    </p>
   </div>
   <div class='ocr_carea' id='block_1_30' title="bbox 3189 1582 4742 1654">
    <p class='ocr_par' dir='ltr' id='par_1_30' title="bbox 3189 1582 4742 1654">
     <span class='ocr_line' id='line_1_30' title="bbox 3189 1582 4742 1654; baseline -0.003 -15"><span class='ocrx_word' id='word_1_203' title='bbox 3189 1586 3404 1640; x_wconf 88' lang='lat' dir='ltr'><strong>nienter</strong></span> <span class='ocrx_word' id='word_1_204' title='bbox 3450 1594 3683 1654; x_wconf 88' lang='lat' dir='ltr'><strong>aptatur.</strong></span> <span class='ocrx_word' id='word_1_205' title='bbox 3719 1586 3843 1640; x_wconf 67' lang='lat' dir='ltr'><strong>llmc</strong></span> <span class='ocrx_word' id='word_1_206' title='bbox 3886 1595 3965 1638; x_wconf 83' lang='lat' dir='ltr'><strong>est</strong></span> <span class='ocrx_word' id='word_1_207' title='bbox 3997 1586 4138 1639; x_wconf 89' lang='lat' dir='ltr'><strong>enim</strong></span> <span class='ocrx_word' id='word_1_208' title='bbox 4185 1584 4357 1637; x_wconf 89' lang='lat' dir='ltr'><strong>anima</strong></span> <span class='ocrx_word' id='word_1_209' title='bbox 4395 1582 4485 1636; x_wconf 88' lang='lat' dir='ltr'><strong>cui</strong></span> <span class='ocrx_word' id='word_1_210' title='bbox 4533 1582 4742 1637; x_wconf 77' lang='lat' dir='ltr'><strong>dicitur:</strong></span> 
     </span>
    </p>
   </div>
   <div class='ocr_carea' id='block_1_31' title="bbox 3196 1673 4742 1745">
    <p class='ocr_par' dir='ltr' id='par_1_31' title="bbox 3196 1673 4742 1745">
     <span class='ocr_line' id='line_1_31' title="bbox 3196 1673 4742 1745; baseline -0.006 -16"><span class='ocrx_word' id='word_1_211' title='bbox 3196 1696 3214 1729; x_wconf 82' lang='grc' dir='ltr'><strong>ι</strong></span> <span class='ocrx_word' id='word_1_212' title='bbox 3249 1678 3500 1740; x_wconf 85' lang='lat' dir='ltr'><strong>Benedic,</strong></span> <span class='ocrx_word' id='word_1_213' title='bbox 3535 1678 3713 1730; x_wconf 85' lang='lat' dir='ltr'><strong>aniua</strong></span> <span class='ocrx_word' id='word_1_214' title='bbox 3747 1693 3887 1739; x_wconf 87' lang='lat' dir='ltr'><strong>mea,</strong></span> <span class='ocrx_word' id='word_1_215' title='bbox 3934 1676 4181 1739; x_wconf 88' lang='lat' dir='ltr'><strong>Domino,</strong></span> <span class='ocrx_word' id='word_1_216' title='bbox 4213 1684 4264 1728; x_wconf 92' lang='lat' dir='ltr'><strong>et</strong></span> <span class='ocrx_word' id='word_1_217' title='bbox 4291 1673 4471 1745; x_wconf 84' lang='lat' dir='ltr'><strong>omnia</strong></span> <span class='ocrx_word' id='word_1_218' title='bbox 4515 1673 4742 1727; x_wconf 77' lang='lat' dir='ltr'><strong>interiora</strong></span> 
     </span>
    </p>
   </div>
   <div class='ocr_carea' id='block_1_32' title="bbox 3191 1763 4739 1837">
    <p class='ocr_par' dir='ltr' id='par_1_32' title="bbox 3191 1763 4739 1837">
     <span class='ocr_line' id='line_1_32' title="bbox 3191 1763 4739 1837; baseline -0.001 -16"><span class='ocrx_word' id='word_1_219' title='bbox 3191 1786 3331 1831; x_wconf 78' lang='lat' dir='ltr'><strong>mea.</strong></span> <span class='ocrx_word' id='word_1_220' title='bbox 3364 1769 3566 1822; x_wconf 82' lang='lat' dir='ltr'><strong>nomini</strong></span> <span class='ocrx_word' id='word_1_221' title='bbox 3591 1778 3778 1821; x_wconf 90' lang='lat' dir='ltr'><strong>sancto</strong></span> <span class='ocrx_word' id='word_1_222' title='bbox 3804 1768 3920 1835; x_wconf 80' lang='lat' dir='ltr'><strong>ejus</strong></span> <span class='ocrx_word' id='word_1_223' title='bbox 3945 1765 4117 1837; x_wconf 80' lang='lat' dir='ltr'><strong>(Psal.</strong></span> <span class='ocrx_word' id='word_1_224' title='bbox 4146 1766 4260 1833; x_wconf 85' lang='lat' dir='ltr'><strong>cn).</strong></span> <span class='ocrx_word' id='word_1_225' title='bbox 4292 1784 4309 1816; x_wconf 72' lang='grc' dir='ltr'><strong>ι</strong></span> <span class='ocrx_word' id='word_1_226' title='bbox 4340 1763 4537 1830; x_wconf 84' lang='lat' dir='ltr'><strong>Quem,</strong></span> <span class='ocrx_word' id='word_1_227' title='bbox 4567 1778 4739 1832; x_wconf 66' lang='lat' dir='ltr'><strong>quase.</strong></span> 
     </span>
    </p>
   </div>
   <div class='ocr_carea' id='block_1_33' title="bbox 1500 1834 4741 1926">
    <p class='ocr_par' dir='ltr' id='par_1_33' title="bbox 1500 1834 4741 1926">
     <span class='ocr_line' id='line_1_33' title="bbox 1500 1834 4741 1926; baseline 0.006 -39"><span class='ocrx_word' id='word_1_228' title='bbox 1500 1834 1762 1892; x_wconf 64' lang='lat' dir='ltr'><strong>dumtaxat</strong></span> <span class='ocrx_word' id='word_1_229' title='bbox 1810 1844 2081 1909; x_wconf 89' lang='lat' dir='ltr'><strong>apostolos</strong></span> <span class='ocrx_word' id='word_1_230' title='bbox 2123 1846 2369 1903; x_wconf 80' lang='lat' dir='ltr'><strong>Salvator</strong></span> <span class='ocrx_word' id='word_1_231' title='bbox 2417 1863 2602 1907; x_wconf 87' lang='lat' dir='ltr'><strong>noster</strong></span> <span class='ocrx_word' id='word_1_232' title='bbox 2646 1857 2844 1926; x_wconf 69' lang='lat' dir='ltr'><strong>elegit,</strong></span> <span class='ocrx_word' id='word_1_233' title='bbox 2896 1860 2988 1913; x_wconf 92' lang='lat' dir='ltr'><strong>scd</strong></span> <span class='ocrx_word' id='word_1_234' title='bbox 3031 1872 3084 1915; x_wconf 90' lang='lat' dir='ltr'><strong>et</strong></span> <span class='ocrx_word' id='word_1_235' title='bbox 3116 1849 3158 1906; x_wconf 77' lang='grc' dir='ltr'><strong>Β</strong></span> <span class='ocrx_word' id='word_1_236' title='bbox 3192 1859 3522 1912; x_wconf 84' lang='lat' dir='ltr'><strong>Dominum?</strong></span> <span class='ocrx_word' id='word_1_237' title='bbox 3568 1878 3585 1910; x_wconf 79' lang='grc' dir='ltr'><strong>ι</strong></span> <span class='ocrx_word' id='word_1_238' title='bbox 3618 1859 3717 1924; x_wconf 88' lang='lat' dir='ltr'><strong>Qui</strong></span> <span class='ocrx_word' id='word_1_239' title='bbox 3766 1867 3949 1919; x_wconf 83' lang='lat' dir='ltr'><strong>sanat,</strong></span> <span class='ocrx_word' id='word_1_240' title='bbox 4000 1857 4201 1925; x_wconf 80' lang='lat' dir='ltr'><strong>inquit,</strong></span> <span class='ocrx_word' id='word_1_241' title='bbox 4232 1864 4431 1910; x_wconf 63' lang='lat' dir='ltr'><strong>Omnes</strong></span> <span class='ocrx_word' id='word_1_242' title='bbox 4483 1854 4741 1920; x_wconf 59' lang='lat' dir='ltr'><strong>languoris</strong></span> 
     </span>
    </p>
   </div>
   <div class='ocr_carea' id='block_1_34' title="bbox 1500 1926 3085 2005">
    <p class='ocr_par' dir='ltr' id='par_1_34' title="bbox 1500 1926 3085 2005">
     <span class='ocr_line' id='line_1_34' title="bbox 1500 1926 3085 2005; baseline 0.017 -27"><span class='ocrx_word' id='word_1_243' title='bbox 1500 1926 1636 1980; x_wconf 84' lang='lat' dir='ltr'><strong>alios</strong></span> <span class='ocrx_word' id='word_1_244' title='bbox 1667 1934 2005 2001; x_wconf 74' lang='lat' dir='ltr'><strong>septuaginta</strong></span> <span class='ocrx_word' id='word_1_245' title='bbox 2040 1942 2337 2004; x_wconf 90' lang='lat' dir='ltr'><strong>constituit,</strong></span> <span class='ocrx_word' id='word_1_246' title='bbox 2378 1943 2579 2000; x_wconf 81' lang='lat' dir='ltr'><strong>idcirco</strong></span> <span class='ocrx_word' id='word_1_247' title='bbox 2611 1963 2715 2000; x_wconf 90' lang='lat' dir='ltr'><strong>non</strong></span> <span class='ocrx_word' id='word_1_248' title='bbox 2751 1951 2921 2003; x_wconf 89' lang='lat' dir='ltr'><strong>solum</strong></span> <span class='ocrx_word' id='word_1_249' title='bbox 2951 1952 3085 2005; x_wconf 86' lang='lat' dir='ltr'><strong>duo-</strong></span> 
     </span>
    </p>
   </div>
   <div class='ocr_carea' id='block_1_35' title="bbox 1499 2016 3086 2104">
    <p class='ocr_par' dir='ltr' id='par_1_35' title="bbox 1499 2016 3086 2104">
     <span class='ocr_line' id='line_1_35' title="bbox 1499 2016 3086 2104; baseline 0.02 -36"><span class='ocrx_word' id='word_1_250' title='bbox 1499 2016 1671 2071; x_wconf 82' lang='lat' dir='ltr'><strong>decim</strong></span> <span class='ocrx_word' id='word_1_251' title='bbox 1712 2022 1921 2087; x_wconf 79' lang='lat' dir='ltr'><strong>fontes,</strong></span> <span class='ocrx_word' id='word_1_252' title='bbox 1954 2028 2045 2079; x_wconf 89' lang='lat' dir='ltr'><strong>sed</strong></span> <span class='ocrx_word' id='word_1_253' title='bbox 2088 2039 2140 2082; x_wconf 89' lang='lat' dir='ltr'><strong>et</strong></span> <span class='ocrx_word' id='word_1_254' title='bbox 2181 2038 2519 2104; x_wconf 75' lang='lat' dir='ltr'><strong>septuaginta</strong></span> <span class='ocrx_word' id='word_1_255' title='bbox 2558 2040 2939 2097; x_wconf 63' lang='lat' dir='ltr'><strong>describuntur</strong></span> <span class='ocrx_word' id='word_1_256' title='bbox 2979 2045 3086 2099; x_wconf 92' lang='lat' dir='ltr'><strong>illic</strong></span> 
     </span>
    </p>
   </div>
   <div class='ocr_carea' id='block_1_36' title="bbox 1498 2108 3084 2200">
    <p class='ocr_par' dir='ltr' id='par_1_36' title="bbox 1498 2108 3084 2200">
     <span class='ocr_line' id='line_1_36' title="bbox 1498 2108 3084 2200; baseline 0.019 -41"><span class='ocrx_word' id='word_1_257' title='bbox 1498 2108 1721 2164; x_wconf 77' lang='lat' dir='ltr'><strong>arbores</strong></span> <span class='ocrx_word' id='word_1_258' title='bbox 1750 2113 1912 2169; x_wconf 88' lang='lat' dir='ltr'><strong>fuisse</strong></span> <span class='ocrx_word' id='word_1_259' title='bbox 1936 2119 2254 2185; x_wconf 75' lang='lat' dir='ltr'><strong>palmarum.</strong></span> <span class='ocrx_word' id='word_1_260' title='bbox 2288 2125 2419 2179; x_wconf 84' lang='lat' dir='ltr'><strong>Nam</strong></span> <span class='ocrx_word' id='word_1_261' title='bbox 2451 2138 2504 2182; x_wconf 85' lang='lat' dir='ltr'><strong>et</strong></span> <span class='ocrx_word' id='word_1_262' title='bbox 2532 2132 2626 2198; x_wconf 88' lang='lat' dir='ltr'><strong>ipsi</strong></span> <span class='ocrx_word' id='word_1_263' title='bbox 2653 2136 2876 2200; x_wconf 86' lang='lat' dir='ltr'><strong>apostoli</strong></span> <span class='ocrx_word' id='word_1_264' title='bbox 2908 2138 3084 2189; x_wconf 59' lang='lat' dir='ltr'><strong>nonni-</strong></span> 
     </span>
    </p>
   </div>
   <div class='ocr_carea' id='block_1_37' title="bbox 1500 2204 3087 2295">
    <p class='ocr_par' dir='ltr' id='par_1_37' title="bbox 1500 2204 3087 2295">
     <span class='ocr_line' id='line_1_37' title="bbox 1500 2204 3087 2295; baseline 0.02 -47"><span class='ocrx_word' id='word_1_265' title='bbox 1500 2209 1701 2252; x_wconf 88' lang='lat' dir='ltr'><strong>nantnr</strong></span> <span class='ocrx_word' id='word_1_266' title='bbox 1744 2204 1929 2275; x_wconf 63' lang='grc'><strong>143.</strong></span> <span class='ocrx_word' id='word_1_267' title='bbox 1965 2212 2102 2265; x_wconf 77' lang='lat' dir='ltr'><strong>s&#39;cut</strong></span> <span class='ocrx_word' id='word_1_268' title='bbox 2131 2224 2184 2266; x_wconf 90' lang='lat' dir='ltr'><strong>et</strong></span> <span class='ocrx_word' id='word_1_269' title='bbox 2224 2216 2277 2269; x_wconf 92' lang='lat' dir='ltr'><strong>in</strong></span> <span class='ocrx_word' id='word_1_270' title='bbox 2315 2216 2374 2269; x_wconf 83' lang='grc' dir='ltr'><strong>Β.</strong></span> <span class='ocrx_word' id='word_1_271' title='bbox 2428 2219 2574 2274; x_wconf 84' lang='lat' dir='ltr'><strong>Pauli</strong></span> <span class='ocrx_word' id='word_1_272' title='bbox 2615 2228 2792 2277; x_wconf 77' lang='lat' dir='ltr'><strong>Verbis</strong></span> <span class='ocrx_word' id='word_1_273' title='bbox 2840 2229 3087 2295; x_wconf 75' lang='lat' dir='ltr'><strong>agnosci-</strong></span> 
     </span>
    </p>
   </div>
   <div class='ocr_carea' id='block_1_38' title="bbox 1498 2289 3081 2382">
    <p class='ocr_par' dir='ltr' id='par_1_38' title="bbox 1498 2289 3081 2382">
     <span class='ocr_line' id='line_1_38' title="bbox 1498 2289 3081 2382; baseline 0.021 -46"><span class='ocrx_word' id='word_1_274' title='bbox 1498 2294 1604 2338; x_wconf 88' lang='lat' dir='ltr'><strong>tur.</strong></span> <span class='ocrx_word' id='word_1_275' title='bbox 1646 2289 1775 2343; x_wconf 91' lang='lat' dir='ltr'><strong>Cum</strong></span> <span class='ocrx_word' id='word_1_276' title='bbox 1807 2298 1950 2348; x_wconf 89' lang='lat' dir='ltr'><strong>enim</strong></span> <span class='ocrx_word' id='word_1_277' title='bbox 1996 2300 2060 2351; x_wconf 88' lang='lat' dir='ltr'><strong>de</strong></span> <span class='ocrx_word' id='word_1_278' title='bbox 2099 2309 2491 2361; x_wconf 88' lang='lat' dir='ltr'><strong>resurrectione</strong></span> <span class='ocrx_word' id='word_1_279' title='bbox 2531 2310 2826 2366; x_wconf 72' lang='lat' dir='ltr'><strong>Salvatoris</strong></span> <span class='ocrx_word' id='word_1_280' title='bbox 2857 2326 3081 2382; x_wconf 77' lang='lat' dir='ltr'><strong>ageret:</strong></span> 
     </span>
    </p>
   </div>
   <div class='ocr_carea' id='block_1_39' title="bbox 1502 2378 3084 2470">
    <p class='ocr_par' dir='ltr' id='par_1_39' title="bbox 1502 2378 3084 2470">
     <span class='ocr_line' id='line_1_39' title="bbox 1502 2378 3084 2470; baseline 0.022 -43"><span class='ocrx_word' id='word_1_281' title='bbox 1502 2394 1520 2427; x_wconf 77' lang='grc' dir='ltr'><strong>ι</strong></span> <span class='ocrx_word' id='word_1_282' title='bbox 1560 2378 1714 2437; x_wconf 73' lang='lat' dir='ltr'><strong>Visus</strong></span> <span class='ocrx_word' id='word_1_283' title='bbox 1744 2399 1855 2449; x_wconf 89' lang='lat' dir='ltr'><strong>est,</strong></span> <span class='ocrx_word' id='word_1_284' title='bbox 1898 2390 2087 2458; x_wconf 89' lang='lat' dir='ltr'><strong>inquit,</strong></span> <span class='ocrx_word' id='word_1_285' title='bbox 2118 2394 2347 2463; x_wconf 85' lang='lat' dir='ltr'><strong>Cephac,</strong></span> <span class='ocrx_word' id='word_1_286' title='bbox 2376 2410 2429 2453; x_wconf 90' lang='lat' dir='ltr'><strong>et</strong></span> <span class='ocrx_word' id='word_1_287' title='bbox 2472 2413 2589 2470; x_wconf 80' lang='lat' dir='ltr'><strong>post</strong></span> <span class='ocrx_word' id='word_1_288' title='bbox 2637 2406 2748 2458; x_wconf 69' lang='lat' dir='ltr'><strong>lucc</strong></span> <span class='ocrx_word' id='word_1_289' title='bbox 2782 2408 2883 2457; x_wconf 66' lang='lat' dir='ltr'><strong>illis</strong></span> <span class='ocrx_word' id='word_1_290' title='bbox 2916 2411 3084 2461; x_wconf 81' lang='lat' dir='ltr'><strong>nm&#39;e-</strong></span> 
     </span>
    </p>
   </div>
   <div class='ocr_carea' id='block_1_40' title="bbox 1498 2472 3083 2567">
    <p class='ocr_par' dir='ltr' id='par_1_40' title="bbox 1498 2472 3083 2567">
     <span class='ocr_line' id='line_1_40' title="bbox 1498 2472 3083 2567; baseline 0.019 -44"><span class='ocrx_word' id='word_1_291' title='bbox 1498 2472 1705 2541; x_wconf 68' lang='lat' dir='ltr'><strong>decim;</strong></span> <span class='ocrx_word' id='word_1_292' title='bbox 1752 2480 1942 2535; x_wconf 87' lang='lat' dir='ltr'><strong>deimle</strong></span> <span class='ocrx_word' id='word_1_293' title='bbox 1991 2490 2237 2553; x_wconf 84' lang='lat' dir='ltr'><strong>apparuit</strong></span> <span class='ocrx_word' id='word_1_294' title='bbox 2280 2495 2536 2559; x_wconf 81' lang='lat' dir='ltr'><strong>apostolis</strong></span> <span class='ocrx_word' id='word_1_295' title='bbox 2578 2499 2827 2551; x_wconf 90' lang='lat' dir='ltr'><strong>omnibus</strong></span> <span class='ocrx_word' id='word_1_296' title='bbox 2868 2500 2913 2567; x_wconf 87' lang='grc' dir='ltr'><strong>(Ι</strong></span> <span class='ocrx_word' id='word_1_297' title='bbox 2961 2500 3083 2555; x_wconf 87' lang='lat' dir='ltr'><strong>Cor.</strong></span> 
     </span>
    </p>
   </div>
   <div class='ocr_carea' id='block_1_41' title="bbox 1495 2564 3080 2660">
    <p class='ocr_par' dir='ltr' id='par_1_41' title="bbox 1495 2564 3080 2660">
     <span class='ocr_line' id='line_1_41' title="bbox 1495 2564 3080 2660; baseline 0.02 -46"><span class='ocrx_word' id='word_1_298' title='bbox 1495 2564 1609 2631; x_wconf 73' lang='lat' dir='ltr'><strong>xv).</strong></span> <span class='ocrx_word' id='word_1_299' title='bbox 1648 2583 1665 2616; x_wconf 73' lang='grc' dir='ltr'><strong>ι</strong></span> <span class='ocrx_word' id='word_1_300' title='bbox 1725 2567 1799 2621; x_wconf 79' lang='lat' dir='ltr'><strong>Ex</strong></span> <span class='ocrx_word' id='word_1_301' title='bbox 1844 2573 2037 2639; x_wconf 82' lang='lat' dir='ltr'><strong>quibus</strong></span> <span class='ocrx_word' id='word_1_302' title='bbox 2076 2580 2256 2633; x_wconf 83' lang='lat' dir='ltr'><strong>verbis</strong></span> <span class='ocrx_word' id='word_1_303' title='bbox 2289 2584 2572 2639; x_wconf 80' lang='lat' dir='ltr'><strong>manifeste</strong></span> <span class='ocrx_word' id='word_1_304' title='bbox 2614 2564 2884 2657; x_wconf 64' lang='lat' dir='ltr'><strong>colligitur</strong></span> <span class='ocrx_word' id='word_1_305' title='bbox 2918 2594 3080 2660; x_wconf 91' lang='lat' dir='ltr'><strong>quod,</strong></span> 
     </span>
    </p>
   </div>
   <div class='ocr_carea' id='block_1_42' title="bbox 1496 2658 3085 2745">
    <p class='ocr_par' dir='ltr' id='par_1_42' title="bbox 1496 2658 3085 2745">
     <span class='ocr_line' id='line_1_42' title="bbox 1496 2658 3085 2745; baseline 0.022 -42"><span class='ocrx_word' id='word_1_306' title='bbox 1496 2662 1694 2721; x_wconf 76' lang='lat' dir='ltr'><strong>praeter</strong></span> <span class='ocrx_word' id='word_1_307' title='bbox 1726 2658 1845 2712; x_wconf 81' lang='lat' dir='ltr'><strong>illos</strong></span> <span class='ocrx_word' id='word_1_308' title='bbox 1877 2663 2187 2731; x_wconf 82' lang='lat' dir='ltr'><strong>duodecim,</strong></span> <span class='ocrx_word' id='word_1_309' title='bbox 2220 2680 2273 2723; x_wconf 92' lang='lat' dir='ltr'><strong>et</strong></span> <span class='ocrx_word' id='word_1_310' title='bbox 2297 2672 2385 2725; x_wconf 92' lang='lat' dir='ltr'><strong>alii</strong></span> <span class='ocrx_word' id='word_1_311' title='bbox 2420 2675 2663 2745; x_wconf 75' lang='lat' dir='ltr'><strong>discipuli</strong></span> <span class='ocrx_word' id='word_1_312' title='bbox 2691 2694 2795 2732; x_wconf 90' lang='lat' dir='ltr'><strong>non</strong></span> <span class='ocrx_word' id='word_1_313' title='bbox 2827 2681 3085 2738; x_wconf 81' lang='lat' dir='ltr'><strong>inconve—</strong></span> 
     </span>
    </p>
   </div>
   <div class='ocr_carea' id='block_1_43' title="bbox 1498 2743 2337 2817">
    <p class='ocr_par' dir='ltr' id='par_1_43' title="bbox 1498 2743 2337 2817">
     <span class='ocr_line' id='line_1_43' title="bbox 1498 2743 2337 2817; baseline 0.021 -20"><span class='ocrx_word' id='word_1_314' title='bbox 1498 2743 1711 2799; x_wconf 85' lang='lat' dir='ltr'><strong>nienter</strong></span> <span class='ocrx_word' id='word_1_315' title='bbox 1737 2752 1959 2817; x_wconf 81' lang='lat' dir='ltr'><strong>apostoli</strong></span> <span class='ocrx_word' id='word_1_316' title='bbox 1992 2758 2337 2814; x_wconf 89' lang='lat' dir='ltr'><strong>nominentur</strong></span> 
     </span>
    </p>
   </div>
   <div class='ocr_carea' id='block_1_44' title="bbox 1566 2831 3084 2917">
    <p class='ocr_par' dir='ltr' id='par_1_44' title="bbox 1566 2831 3084 2917">
     <span class='ocr_line' id='line_1_44' title="bbox 1566 2831 3084 2917; baseline 0.02 -31"><span class='ocrx_word' id='word_1_317' title='bbox 1566 2831 1671 2888; x_wconf 86' lang='lat' dir='ltr'><strong>Sed</strong></span> <span class='ocrx_word' id='word_1_318' title='bbox 1712 2841 1916 2905; x_wconf 79' lang='lat' dir='ltr'><strong>egressi</strong></span> <span class='ocrx_word' id='word_1_319' title='bbox 1962 2842 2025 2897; x_wconf 91' lang='lat' dir='ltr'><strong>de</strong></span> <span class='ocrx_word' id='word_1_320' title='bbox 2064 2844 2225 2912; x_wconf 84' lang='lat' dir='ltr'><strong>Elim,</strong></span> <span class='ocrx_word' id='word_1_321' title='bbox 2266 2847 2420 2916; x_wconf 72' lang='lat' dir='ltr'><strong>juxta</strong></span> <span class='ocrx_word' id='word_1_322' title='bbox 2461 2868 2610 2909; x_wconf 88' lang='lat' dir='ltr'><strong>mare</strong></span> <span class='ocrx_word' id='word_1_323' title='bbox 2631 2855 2868 2911; x_wconf 80' lang='lat' dir='ltr'><strong>Rubrum</strong></span> <span class='ocrx_word' id='word_1_324' title='bbox 2917 2860 3084 2917; x_wconf 78' lang='lat' dir='ltr'><strong>fixere</strong></span> 
     </span>
    </p>
   </div>
   <div class='ocr_carea' id='block_1_45' title="bbox 1492 2926 3081 3017">
    <p class='ocr_par' dir='ltr' id='par_1_45' title="bbox 1492 2926 3081 3017">
     <span class='ocr_line' id='line_1_45' title="bbox 1492 2926 3081 3017; baseline 0.018 -40"><span class='ocrx_word' id='word_1_325' title='bbox 1492 2926 1749 2980; x_wconf 88' lang='lat' dir='ltr'><strong>tentoria.</strong></span> <span class='ocrx_word' id='word_1_326' title='bbox 1796 2927 1929 2983; x_wconf 85' lang='lat' dir='ltr'><strong>Nota</strong></span> <span class='ocrx_word' id='word_1_327' title='bbox 1968 2935 2093 3001; x_wconf 89' lang='lat' dir='ltr'><strong>quia</strong></span> <span class='ocrx_word' id='word_1_328' title='bbox 2129 2952 2234 2990; x_wconf 92' lang='lat' dir='ltr'><strong>non</strong></span> <span class='ocrx_word' id='word_1_329' title='bbox 2276 2954 2423 2995; x_wconf 91' lang='lat' dir='ltr'><strong>mare</strong></span> <span class='ocrx_word' id='word_1_330' title='bbox 2459 2958 2645 3001; x_wconf 88' lang='lat' dir='ltr'><strong>rursus</strong></span> <span class='ocrx_word' id='word_1_331' title='bbox 2689 2948 3081 3017; x_wconf 60' lang='lat' dir='ltr'><strong>ingrediuntur,</strong></span> 
     </span>
    </p>
   </div>
   <div class='ocr_carea' id='block_1_46' title="bbox 1504 3014 3081 3100">
    <p class='ocr_par' dir='ltr' id='par_1_46' title="bbox 1504 3014 3081 3100">
     <span class='ocr_line' id='line_1_46' title="bbox 1504 3014 3081 3100; baseline 0.018 -33"><span class='ocrx_word' id='word_1_332' title='bbox 1504 3015 1598 3067; x_wconf 83' lang='lat' dir='ltr'><strong>sed</strong></span> <span class='ocrx_word' id='word_1_333' title='bbox 1620 3014 1775 3082; x_wconf 81' lang='lat' dir='ltr'><strong>juxta</strong></span> <span class='ocrx_word' id='word_1_334' title='bbox 1804 3035 1949 3073; x_wconf 86' lang='lat' dir='ltr'><strong>mare</strong></span> <span class='ocrx_word' id='word_1_335' title='bbox 1974 3025 2379 3081; x_wconf 86' lang='lat' dir='ltr'><strong>tabernaculum</strong></span> <span class='ocrx_word' id='word_1_336' title='bbox 2406 3032 2596 3100; x_wconf 78' lang='lat' dir='ltr'><strong>figunt,</strong></span> <span class='ocrx_word' id='word_1_337' title='bbox 2624 3048 2675 3087; x_wconf 82' lang='lat' dir='ltr'><strong>ut</strong></span> <span class='ocrx_word' id='word_1_338' title='bbox 2703 3055 2849 3093; x_wconf 87' lang='lat' dir='ltr'><strong>mare</strong></span> <span class='ocrx_word' id='word_1_339' title='bbox 2877 3048 2988 3094; x_wconf 69' lang='lat' dir='ltr'><strong>tam</strong></span> <span class='ocrx_word' id='word_1_340' title='bbox 3030 3058 3081 3095; x_wconf 92' lang='lat' dir='ltr'><strong>m</strong></span> 
     </span>
    </p>
   </div>
   <div class='ocr_carea' id='block_1_47' title="bbox 1494 3110 3079 3199">
    <p class='ocr_par' dir='ltr' id='par_1_47' title="bbox 1494 3110 3079 3199">
     <span class='ocr_line' id='line_1_47' title="bbox 1494 3110 3079 3199; baseline 0.018 -40"><span class='ocrx_word' id='word_1_341' title='bbox 1494 3115 1549 3159; x_wconf 80' lang='lat' dir='ltr'><strong>et</strong></span> <span class='ocrx_word' id='word_1_342' title='bbox 1572 3110 1928 3174; x_wconf 90' lang='lat' dir='ltr'><strong>procellarum</strong></span> <span class='ocrx_word' id='word_1_343' title='bbox 1954 3117 2197 3173; x_wconf 81' lang='lat' dir='ltr'><strong>cuinnlos</strong></span> <span class='ocrx_word' id='word_1_344' title='bbox 2221 3122 2403 3188; x_wconf 90' lang='lat' dir='ltr'><strong>procul</strong></span> <span class='ocrx_word' id='word_1_345' title='bbox 2427 3126 2710 3193; x_wconf 82' lang='lat' dir='ltr'><strong>aspiciant,</strong></span> <span class='ocrx_word' id='word_1_346' title='bbox 2740 3145 3079 3199; x_wconf 62' lang='lat' dir='ltr'><strong>nequaquam</strong></span> 
     </span>
    </p>
   </div>
   <div class='ocr_carea' id='block_1_48' title="bbox 1496 3193 3151 3285">
    <p class='ocr_par' dir='ltr' id='par_1_48' title="bbox 1496 3193 3151 3285">
     <span class='ocr_line' id='line_1_48' title="bbox 1496 3193 3151 3285; baseline 0.017 -35"><span class='ocrx_word' id='word_1_347' title='bbox 1496 3207 1675 3254; x_wconf 86' lang='lat' dir='ltr'><strong>tamen</strong></span> <span class='ocrx_word' id='word_1_348' title='bbox 1721 3212 1899 3257; x_wconf 90' lang='lat' dir='ltr'><strong>motus</strong></span> <span class='ocrx_word' id='word_1_349' title='bbox 1943 3204 2058 3272; x_wconf 81' lang='lat' dir='ltr'><strong>ejus</strong></span> <span class='ocrx_word' id='word_1_350' title='bbox 2105 3220 2197 3262; x_wconf 87' lang='lat' dir='ltr'><strong>aut</strong></span> <span class='ocrx_word' id='word_1_351' title='bbox 2241 3212 2472 3281; x_wconf 89' lang='lat' dir='ltr'><strong>impetus</strong></span> <span class='ocrx_word' id='word_1_352' title='bbox 2522 3219 2923 3285; x_wconf 84' lang='lat' dir='ltr'><strong>pertimescant.</strong></span> <span class='ocrx_word' id='word_1_353' title='bbox 2974 3223 3080 3277; x_wconf 74' lang='lat' dir='ltr'><strong>Nos</strong></span> <span class='ocrx_word' id='word_1_354' title='bbox 3108 3193 3151 3256; x_wconf 66' lang='grc' dir='ltr'>Ο</span> 
     </span>
    </p>
   </div>
   <div class='ocr_carea' id='block_1_49' title="bbox 1491 3289 3082 3373">
    <p class='ocr_par' dir='ltr' id='par_1_49' title="bbox 1491 3289 3082 3373">
     <span class='ocr_line' id='line_1_49' title="bbox 1491 3289 3082 3373; baseline 0.015 -31"><span class='ocrx_word' id='word_1_355' title='bbox 1491 3289 1656 3342; x_wconf 90' lang='lat' dir='ltr'><strong>etiam</strong></span> <span class='ocrx_word' id='word_1_356' title='bbox 1689 3301 1809 3359; x_wconf 92' lang='lat' dir='ltr'><strong>post</strong></span> <span class='ocrx_word' id='word_1_357' title='bbox 1842 3297 2195 3353; x_wconf 83' lang='lat' dir='ltr'><strong>tentationum</strong></span> <span class='ocrx_word' id='word_1_358' title='bbox 2233 3300 2442 3365; x_wconf 86' lang='lat' dir='ltr'><strong>fluctus,</strong></span> <span class='ocrx_word' id='word_1_359' title='bbox 2484 3316 2603 3373; x_wconf 78' lang='lat' dir='ltr'><strong>post</strong></span> <span class='ocrx_word' id='word_1_360' title='bbox 2637 3311 2881 3363; x_wconf 91' lang='lat' dir='ltr'><strong>undisoni</strong></span> <span class='ocrx_word' id='word_1_361' title='bbox 2916 3314 3082 3367; x_wconf 73' lang='lat' dir='ltr'><strong>maris</strong></span> 
     </span>
    </p>
   </div>
   <div class='ocr_carea' id='block_1_50' title="bbox 1491 3381 3081 3474">
    <p class='ocr_par' dir='ltr' id='par_1_50' title="bbox 1491 3381 3081 3474">
     <span class='ocr_line' id='line_1_50' title="bbox 1491 3381 3081 3474; baseline 0.018 -40"><span class='ocrx_word' id='word_1_362' title='bbox 1491 3381 1842 3441; x_wconf 77' lang='lat' dir='ltr'><strong>formidolosa</strong></span> <span class='ocrx_word' id='word_1_363' title='bbox 1873 3390 2169 3463; x_wconf 60' lang='lat' dir='ltr'><strong>naufragia,</strong></span> <span class='ocrx_word' id='word_1_364' title='bbox 2202 3396 2387 3450; x_wconf 87' lang='lat' dir='ltr'><strong>eadem</strong></span> <span class='ocrx_word' id='word_1_365' title='bbox 2420 3414 2558 3466; x_wconf 67' lang='lat' dir='ltr'><strong>swpe</strong></span> <span class='ocrx_word' id='word_1_366' title='bbox 2576 3403 2709 3455; x_wconf 83' lang='lat' dir='ltr'><strong>mala</strong></span> <span class='ocrx_word' id='word_1_367' title='bbox 2742 3420 2861 3474; x_wconf 73' lang='lat' dir='ltr'><strong>qua:</strong></span> <span class='ocrx_word' id='word_1_368' title='bbox 2892 3421 3081 3473; x_wconf 84' lang='lat' dir='ltr'><strong>pertu-</strong></span> 
     </span>
    </p>
   </div>
   <div class='ocr_carea' id='block_1_51' title="bbox 1493 3473 3084 3558">
    <p class='ocr_par' dir='ltr' id='par_1_51' title="bbox 1493 3473 3084 3558">
     <span class='ocr_line' id='line_1_51' title="bbox 1493 3473 3084 3558; baseline 0.017 -30"><span class='ocrx_word' id='word_1_369' title='bbox 1493 3473 1655 3533; x_wconf 80' lang='lat' dir='ltr'><strong>limus</strong></span> <span class='ocrx_word' id='word_1_370' title='bbox 1695 3489 1821 3533; x_wconf 87' lang='lat' dir='ltr'><strong>ante</strong></span> <span class='ocrx_word' id='word_1_371' title='bbox 1848 3482 2032 3537; x_wconf 87' lang='lat' dir='ltr'><strong>ocnlos</strong></span> <span class='ocrx_word' id='word_1_372' title='bbox 2069 3488 2334 3554; x_wconf 88' lang='lat' dir='ltr'><strong>poninms,</strong></span> <span class='ocrx_word' id='word_1_373' title='bbox 2367 3500 2421 3543; x_wconf 92' lang='lat' dir='ltr'><strong>ut</strong></span> <span class='ocrx_word' id='word_1_374' title='bbox 2458 3492 2591 3558; x_wconf 87' lang='lat' dir='ltr'><strong>jam,</strong></span> <span class='ocrx_word' id='word_1_375' title='bbox 2628 3495 2772 3548; x_wconf 83' lang='lat' dir='ltr'><strong>velut</strong></span> <span class='ocrx_word' id='word_1_376' title='bbox 2810 3498 2860 3551; x_wconf 83' lang='lat' dir='ltr'><strong>in</strong></span> <span class='ocrx_word' id='word_1_377' title='bbox 2905 3500 3084 3556; x_wconf 85' lang='lat' dir='ltr'><strong>littore</strong></span> 
     </span>
    </p>
   </div>
   <div class='ocr_carea' id='block_1_52' title="bbox 1493 3568 3082 3656">
    <p class='ocr_par' dir='ltr' id='par_1_52' title="bbox 1493 3568 3082 3656">
     <span class='ocr_line' id='line_1_52' title="bbox 1493 3568 3082 3656; baseline 0.017 -36"><span class='ocrx_word' id='word_1_378' title='bbox 1493 3568 1793 3636; x_wconf 77' lang='lat' dir='ltr'><strong>constituti,</strong></span> <span class='ocrx_word' id='word_1_379' title='bbox 1824 3573 2013 3644; x_wconf 76' lang='lat' dir='ltr'><strong>dignas</strong></span> <span class='ocrx_word' id='word_1_380' title='bbox 2046 3580 2280 3646; x_wconf 83' lang='lat' dir='ltr'><strong>erepturi</strong></span> <span class='ocrx_word' id='word_1_381' title='bbox 2310 3593 2495 3635; x_wconf 86' lang='lat' dir='ltr'><strong>nostro</strong></span> <span class='ocrx_word' id='word_1_382' title='bbox 2526 3585 2632 3638; x_wconf 90' lang='lat' dir='ltr'><strong>Deo</strong></span> <span class='ocrx_word' id='word_1_383' title='bbox 2660 3589 2861 3656; x_wconf 65' lang='lat' dir='ltr'><strong>gratias</strong></span> <span class='ocrx_word' id='word_1_384' title='bbox 2882 3590 3082 3646; x_wconf 86' lang='lat' dir='ltr'><strong>refera-</strong></span> 
     </span>
    </p>
   </div>
   <div class='ocr_carea' id='block_1_53' title="bbox 1494 3673 1636 3713">
    <p class='ocr_par' dir='ltr' id='par_1_53' title="bbox 1494 3673 1636 3713">
     <span class='ocr_line' id='line_1_53' title="bbox 1494 3673 1636 3713; baseline 0.007 0"><span class='ocrx_word' id='word_1_385' title='bbox 1494 3673 1636 3713; x_wconf 67' lang='lat' dir='ltr'><strong>&quot;IIIS.</strong></span> 
     </span>
    </p>
   </div>
   <div class='ocr_carea' id='block_1_54' title="bbox 1565 3753 3081 3843">
    <p class='ocr_par' dir='ltr' id='par_1_54' title="bbox 1565 3753 3081 3843">
     <span class='ocr_line' id='line_1_54' title="bbox 1565 3753 3081 3843; baseline 0.016 -35"><span class='ocrx_word' id='word_1_386' title='bbox 1565 3753 2050 3830; x_wconf 75' lang='lat' dir='ltr'><strong>Profecti&#39;qumpie</strong></span> <span class='ocrx_word' id='word_1_387' title='bbox 2095 3764 2160 3819; x_wconf 88' lang='lat' dir='ltr'><strong>de</strong></span> <span class='ocrx_word' id='word_1_388' title='bbox 2204 3765 2339 3819; x_wconf 86' lang='lat' dir='ltr'><strong>mari</strong></span> <span class='ocrx_word' id='word_1_389' title='bbox 2369 3766 2573 3834; x_wconf 84' lang='lat' dir='ltr'><strong>Rubro,</strong></span> <span class='ocrx_word' id='word_1_390' title='bbox 2615 3770 2988 3843; x_wconf 86' lang='lat' dir='ltr'><strong>applicuerunt</strong></span> <span class='ocrx_word' id='word_1_391' title='bbox 3026 3776 3081 3832; x_wconf 81' lang='lat' dir='ltr'><strong>in</strong></span> 
     </span>
    </p>
   </div>
   <div class='ocr_carea' id='block_1_55' title="bbox 1432 3842 3078 3925">
    <p class='ocr_par' dir='ltr' id='par_1_55' title="bbox 1432 3842 3078 3925">
     <span class='ocr_line' id='line_1_55' title="bbox 1432 3842 3078 3925; baseline 0.013 -28"><span class='ocrx_word' id='word_1_392' title='bbox 1432 3896 1435 3897; x_wconf 65' lang='lat'>,</span> <span class='ocrx_word' id='word_1_393' title='bbox 1495 3842 1768 3901; x_wconf 85' lang='lat' dir='ltr'><strong>desertum</strong></span> <span class='ocrx_word' id='word_1_394' title='bbox 1799 3846 1917 3904; x_wconf 80' lang='lat' dir='ltr'><strong>Sin.</strong></span> <span class='ocrx_word' id='word_1_395' title='bbox 1948 3850 2045 3906; x_wconf 87' lang='lat' dir='ltr'><strong>Sin</strong></span> <span class='ocrx_word' id='word_1_396' title='bbox 2072 3852 2458 3925; x_wconf 87' lang='lat' dir='ltr'><strong>interpretatur</strong></span> <span class='ocrx_word' id='word_1_397' title='bbox 2488 3859 2647 3914; x_wconf 80' lang='lat' dir='ltr'><strong>rubus</strong></span> <span class='ocrx_word' id='word_1_398' title='bbox 2700 3861 2813 3915; x_wconf 86' lang='lat' dir='ltr'><strong>sive</strong></span> <span class='ocrx_word' id='word_1_399' title='bbox 2840 3866 3078 3921; x_wconf 52' lang='lat' dir='ltr'><strong>teutrxiu.</strong></span> 
     </span>
    </p>
   </div>
   <div class='ocr_carea' id='block_1_56' title="bbox 1406 3934 3082 4026">
    <p class='ocr_par' dir='ltr' id='par_1_56' title="bbox 1406 3934 3082 4026">
     <span class='ocr_line' id='line_1_56' title="bbox 1406 3934 3082 4026; baseline 0.013 -37"><span class='ocrx_word' id='word_1_400' title='bbox 1406 3950 1413 3955; x_wconf 89' lang='grc'>·</span> <span class='ocrx_word' id='word_1_401' title='bbox 1499 3934 1689 4008; x_wconf 84' lang='lat' dir='ltr'><strong>Incipit</strong></span> <span class='ocrx_word' id='word_1_402' title='bbox 1719 3956 1849 4012; x_wconf 78' lang='lat' dir='ltr'><strong>ergo</strong></span> <span class='ocrx_word' id='word_1_403' title='bbox 1878 3942 2191 4000; x_wconf 75' lang='lat' dir='ltr'><strong>Christiano</strong></span> <span class='ocrx_word' id='word_1_404' title='bbox 2224 3948 2377 4003; x_wconf 88' lang='lat' dir='ltr'><strong>militi</strong></span> <span class='ocrx_word' id='word_1_405' title='bbox 2400 3948 2512 4017; x_wconf 84' lang='lat' dir='ltr'><strong>jam</strong></span> <span class='ocrx_word' id='word_1_406' title='bbox 2550 3955 2925 4021; x_wconf 83' lang='lat' dir='ltr'><strong>prosperitatis</strong></span> <span class='ocrx_word' id='word_1_407' title='bbox 2959 3972 3082 4026; x_wconf 54' lang='lat' dir='ltr'><strong>spes</strong></span> 
     </span>
    </p>
   </div>
   <div class='ocr_carea' id='block_1_57' title="bbox 1495 4028 3081 4110">
    <p class='ocr_par' dir='ltr' id='par_1_57' title="bbox 1495 4028 3081 4110">
     <span class='ocr_line' id='line_1_57' title="bbox 1495 4028 3081 4110; baseline 0.014 -30"><span class='ocrx_word' id='word_1_408' title='bbox 1495 4028 1766 4095; x_wconf 79' lang='lat' dir='ltr'><strong>arridere,</strong></span> <span class='ocrx_word' id='word_1_409' title='bbox 1806 4033 2178 4091; x_wconf 87' lang='lat' dir='ltr'><strong>collocutionis</strong></span> <span class='ocrx_word' id='word_1_410' title='bbox 2204 4039 2398 4094; x_wconf 77' lang='lat' dir='ltr'><strong>divina:</strong></span> <span class='ocrx_word' id='word_1_411' title='bbox 2444 4042 2606 4095; x_wconf 87' lang='lat' dir='ltr'><strong>verba</strong></span> <span class='ocrx_word' id='word_1_412' title='bbox 2640 4046 2973 4110; x_wconf 85' lang='lat' dir='ltr'><strong>promit:ere.</strong></span> <span class='ocrx_word' id='word_1_413' title='bbox 3007 4048 3081 4101; x_wconf 83' lang='lat' dir='ltr'><strong>De</strong></span> 
     </span>
    </p>
   </div>
   <div class='ocr_carea' id='block_1_58' title="bbox 1492 4117 3081 4205">
    <p class='ocr_par' dir='ltr' id='par_1_58' title="bbox 1492 4117 3081 4205">
     <span class='ocr_line' id='line_1_58' title="bbox 1492 4117 3081 4205; baseline 0.015 -36"><span class='ocrx_word' id='word_1_414' title='bbox 1492 4117 1631 4173; x_wconf 87' lang='lat' dir='ltr'><strong>rubo</strong></span> <span class='ocrx_word' id='word_1_415' title='bbox 1664 4120 1928 4191; x_wconf 83' lang='lat' dir='ltr'><strong>siquidem</strong></span> <span class='ocrx_word' id='word_1_416' title='bbox 1962 4124 2221 4183; x_wconf 89' lang='lat' dir='ltr'><strong>Dominus</strong></span> <span class='ocrx_word' id='word_1_417' title='bbox 2252 4132 2533 4198; x_wconf 86' lang='lat' dir='ltr'><strong>apparuit,</strong></span> <span class='ocrx_word' id='word_1_418' title='bbox 2568 4142 2622 4185; x_wconf 91' lang='lat' dir='ltr'><strong>et</strong></span> <span class='ocrx_word' id='word_1_419' title='bbox 2652 4133 2815 4205; x_wconf 79' lang='lat' dir='ltr'><strong>Moysi</strong></span> <span class='ocrx_word' id='word_1_420' title='bbox 2848 4138 2911 4190; x_wconf 85' lang='lat' dir='ltr'><strong>ad</strong></span> <span class='ocrx_word' id='word_1_421' title='bbox 2944 4138 3081 4193; x_wconf 87' lang='lat' dir='ltr'><strong>filios</strong></span> 
     </span>
    </p>
   </div>
   <div class='ocr_carea' id='block_1_59' title="bbox 1490 4207 3080 4294">
    <p class='ocr_par' dir='ltr' id='par_1_59' title="bbox 1490 4207 3080 4294">
     <span class='ocr_line' id='line_1_59' title="bbox 1490 4207 3080 4294; baseline 0.015 -33"><span class='ocrx_word' id='word_1_422' title='bbox 1490 4207 1655 4266; x_wconf 84' lang='lat' dir='ltr'><strong>lsrael</strong></span> <span class='ocrx_word' id='word_1_423' title='bbox 1694 4212 1933 4281; x_wconf 83' lang='lat' dir='ltr'><strong>perferre</strong></span> <span class='ocrx_word' id='word_1_424' title='bbox 1976 4218 2226 4273; x_wconf 79' lang='lat' dir='ltr'><strong>mandata</strong></span> <span class='ocrx_word' id='word_1_425' title='bbox 2277 4224 2529 4292; x_wconf 69' lang='lat' dir='ltr'><strong>praecepit</strong></span> <span class='ocrx_word' id='word_1_426' title='bbox 2572 4224 2766 4294; x_wconf 73' lang='lat' dir='ltr'><strong>(Exod.</strong></span> <span class='ocrx_word' id='word_1_427' title='bbox 2816 4232 2923 4284; x_wconf 78' lang='lat' dir='ltr'><strong>m‘.</strong></span> <span class='ocrx_word' id='word_1_428' title='bbox 2968 4230 3080 4286; x_wconf 90' lang='lat' dir='ltr'><strong>lllic</strong></span> 
     </span>
    </p>
   </div>
   <div class='ocr_carea' id='block_1_60' title="bbox 1490 4301 3079 4387">
    <p class='ocr_par' dir='ltr' id='par_1_60' title="bbox 1490 4301 3079 4387">
     <span class='ocr_line' id='line_1_60' title="bbox 1490 4301 3079 4387; baseline 0.014 -36"><span class='ocrx_word' id='word_1_429' title='bbox 1490 4314 1623 4370; x_wconf 81' lang='lat' dir='ltr'><strong>ergo</strong></span> <span class='ocrx_word' id='word_1_430' title='bbox 1655 4301 1749 4357; x_wconf 88' lang='lat' dir='ltr'><strong>tibi</strong></span> <span class='ocrx_word' id='word_1_431' title='bbox 1774 4304 1933 4360; x_wconf 72' lang='lat' dir='ltr'><strong>datur</strong></span> <span class='ocrx_word' id='word_1_432' title='bbox 1961 4310 2239 4376; x_wconf 70' lang='lat' dir='ltr'><strong>speranda:</strong></span> <span class='ocrx_word' id='word_1_433' title='bbox 2275 4311 2573 4369; x_wconf 72' lang='lat' dir='ltr'><strong>clementia:</strong></span> <span class='ocrx_word' id='word_1_434' title='bbox 2611 4317 2844 4387; x_wconf 81' lang='lat' dir='ltr'><strong>signum,</strong></span> <span class='ocrx_word' id='word_1_435' title='bbox 2880 4321 2966 4374; x_wconf 82' lang='lat' dir='ltr'><strong>ubi</strong></span> <span class='ocrx_word' id='word_1_436' title='bbox 3003 4320 3079 4373; x_wconf 80' lang='lat' dir='ltr'><strong>fa-</strong></span> 
     </span>
    </p>
   </div>
   <div class='ocr_carea' id='block_1_61' title="bbox 1494 4394 3074 4467">
    <p class='ocr_par' dir='ltr' id='par_1_61' title="bbox 1494 4394 3074 4467">
     <span class='ocr_line' id='line_1_61' title="bbox 1494 4394 3074 4467; baseline 0.015 -24"><span class='ocrx_word' id='word_1_437' title='bbox 1494 4399 1641 4443; x_wconf 83' lang='lat' dir='ltr'><strong>ctum</strong></span> <span class='ocrx_word' id='word_1_438' title='bbox 1686 4402 1771 4447; x_wconf 87' lang='lat' dir='ltr'><strong>est</strong></span> <span class='ocrx_word' id='word_1_439' title='bbox 1810 4394 2119 4453; x_wconf 72' lang='lat' dir='ltr'><strong>Israelitica:</strong></span> <span class='ocrx_word' id='word_1_440' title='bbox 2167 4401 2490 4459; x_wconf 73' lang='lat' dir='ltr'><strong>visitaticnis</strong></span> <span class='ocrx_word' id='word_1_441' title='bbox 2536 4406 2767 4462; x_wconf 90' lang='lat' dir='ltr'><strong>initium.</strong></span> <span class='ocrx_word' id='word_1_442' title='bbox 2815 4409 2920 4464; x_wconf 85' lang='lat' dir='ltr'><strong>Sed</strong></span> <span class='ocrx_word' id='word_1_443' title='bbox 2970 4429 3074 4467; x_wconf 91' lang='lat' dir='ltr'><strong>non</strong></span> 
     </span>
    </p>
   </div>
   <div class='ocr_carea' id='block_1_62' title="bbox 1492 4478 3077 4569">
    <p class='ocr_par' dir='ltr' id='par_1_62' title="bbox 1492 4478 3077 4569">
     <span class='ocr_line' id='line_1_62' title="bbox 1492 4478 3077 4569; baseline 0.018 -40"><span class='ocrx_word' id='word_1_444' title='bbox 1492 4478 1669 4535; x_wconf 89' lang='lat' dir='ltr'><strong>otiose</strong></span> <span class='ocrx_word' id='word_1_445' title='bbox 1699 4479 1794 4535; x_wconf 89' lang='lat' dir='ltr'><strong>Sin</strong></span> <span class='ocrx_word' id='word_1_446' title='bbox 1835 4486 1998 4540; x_wconf 79' lang='lat' dir='ltr'><strong>etiam</strong></span> <span class='ocrx_word' id='word_1_447' title='bbox 2026 4492 2251 4547; x_wconf 87' lang='lat' dir='ltr'><strong>tentatio</strong></span> <span class='ocrx_word' id='word_1_448' title='bbox 2279 4493 2493 4548; x_wconf 70' lang='lat' dir='ltr'><strong>dicitur.</strong></span> <span class='ocrx_word' id='word_1_449' title='bbox 2528 4494 2673 4551; x_wconf 90' lang='lat' dir='ltr'><strong>Solet</strong></span> <span class='ocrx_word' id='word_1_450' title='bbox 2701 4500 2843 4552; x_wconf 88' lang='lat' dir='ltr'><strong>enim</strong></span> <span class='ocrx_word' id='word_1_451' title='bbox 2882 4502 3077 4569; x_wconf 70' lang='lat' dir='ltr'><strong>smpius</strong></span> 
     </span>
    </p>
   </div>
   <div class='ocr_carea' id='block_1_63' title="bbox 1489 4574 3081 4655">
    <p class='ocr_par' dir='ltr' id='par_1_63' title="bbox 1489 4574 3081 4655">
     <span class='ocr_line' id='line_1_63' title="bbox 1489 4574 3081 4655; baseline 0.013 -28"><span class='ocrx_word' id='word_1_452' title='bbox 1489 4584 1543 4627; x_wconf 91' lang='lat' dir='ltr'><strong>et</strong></span> <span class='ocrx_word' id='word_1_453' title='bbox 1574 4574 1627 4628; x_wconf 92' lang='lat' dir='ltr'><strong>in</strong></span> <span class='ocrx_word' id='word_1_454' title='bbox 1668 4576 1968 4635; x_wconf 76' lang='lat' dir='ltr'><strong>visionibus</strong></span> <span class='ocrx_word' id='word_1_455' title='bbox 1995 4582 2325 4641; x_wconf 86' lang='lat' dir='ltr'><strong>intervenire</strong></span> <span class='ocrx_word' id='word_1_456' title='bbox 2360 4590 2617 4655; x_wconf 84' lang='lat' dir='ltr'><strong>tentatio,</strong></span> <span class='ocrx_word' id='word_1_457' title='bbox 2664 4591 2789 4645; x_wconf 91' lang='lat' dir='ltr'><strong>dum</strong></span> <span class='ocrx_word' id='word_1_458' title='bbox 2833 4611 3081 4648; x_wconf 87' lang='lat' dir='ltr'><strong>nonnun-</strong></span> 
     </span>
    </p>
   </div>
   <div class='ocr_carea' id='block_1_64' title="bbox 1492 4668 3075 4754">
    <p class='ocr_par' dir='ltr' id='par_1_64' title="bbox 1492 4668 3075 4754">
     <span class='ocr_line' id='line_1_64' title="bbox 1492 4668 3075 4754; baseline 0.016 -41"><span class='ocrx_word' id='word_1_459' title='bbox 1492 4679 1654 4731; x_wconf 86' lang='lat' dir='ltr'><strong>quam</strong></span> <span class='ocrx_word' id='word_1_460' title='bbox 1684 4668 1910 4733; x_wconf 89' lang='lat' dir='ltr'><strong>spiritus</strong></span> <span class='ocrx_word' id='word_1_461' title='bbox 1941 4670 2240 4740; x_wconf 89' lang='lat' dir='ltr'><strong>iniquitatis</strong></span> <span class='ocrx_word' id='word_1_462' title='bbox 2274 4678 2622 4744; x_wconf 67' lang='lat' dir='ltr'><strong>transfigurat</strong></span> <span class='ocrx_word' id='word_1_463' title='bbox 2650 4697 2706 4736; x_wconf 88' lang='lat' dir='ltr'><strong>se</strong></span> <span class='ocrx_word' id='word_1_464' title='bbox 2736 4684 2787 4736; x_wconf 90' lang='lat' dir='ltr'><strong>in</strong></span> <span class='ocrx_word' id='word_1_465' title='bbox 2827 4685 3075 4754; x_wconf 75' lang='lat' dir='ltr'><strong>angelum</strong></span> 
     </span>
    </p>
   </div>
   <div class='ocr_carea' id='block_1_65' title="bbox 1494 4752 3075 4841">
    <p class='ocr_par' dir='ltr' id='par_1_65' title="bbox 1494 4752 3075 4841">
     <span class='ocr_line' id='line_1_65' title="bbox 1494 4752 3075 4841; baseline 0.016 -36"><span class='ocrx_word' id='word_1_466' title='bbox 1494 4752 1630 4808; x_wconf 87' lang='lat' dir='ltr'><strong>lucis</strong></span> <span class='ocrx_word' id='word_1_467' title='bbox 1667 4755 1755 4826; x_wconf 89' lang='lat' dir='ltr'><strong>(II</strong></span> <span class='ocrx_word' id='word_1_468' title='bbox 1791 4755 1915 4811; x_wconf 85' lang='lat' dir='ltr'><strong>Cor.</strong></span> <span class='ocrx_word' id='word_1_469' title='bbox 1961 4761 2059 4831; x_wconf 64' lang='lat' dir='ltr'><strong>tu).</strong></span> <span class='ocrx_word' id='word_1_470' title='bbox 2099 4763 2165 4817; x_wconf 86' lang='lat' dir='ltr'><strong>Et</strong></span> <span class='ocrx_word' id='word_1_471' title='bbox 2196 4765 2315 4819; x_wconf 83' lang='lat' dir='ltr'><strong>ideo</strong></span> <span class='ocrx_word' id='word_1_472' title='bbox 2351 4768 2621 4823; x_wconf 87' lang='lat' dir='ltr'><strong>subtiliter</strong></span> <span class='ocrx_word' id='word_1_473' title='bbox 2649 4781 2730 4826; x_wconf 85' lang='lat' dir='ltr'><strong>est</strong></span> <span class='ocrx_word' id='word_1_474' title='bbox 2769 4752 3032 4841; x_wconf 69' lang='lat' dir='ltr'><strong>agendum</strong></span> <span class='ocrx_word' id='word_1_475' title='bbox 3060 4818 3075 4841; x_wconf 94' lang='lat'><strong>,</strong></span> 
     </span>
    </p>
   </div>
   <div class='ocr_carea' id='block_1_66' title="bbox 1499 4845 3074 4931">
    <p class='ocr_par' dir='ltr' id='par_1_66' title="bbox 1499 4845 3074 4931">
     <span class='ocr_line' id='line_1_66' title="bbox 1499 4845 3074 4931; baseline 0.014 -34"><span class='ocrx_word' id='word_1_476' title='bbox 1499 4854 1557 4897; x_wconf 88' lang='lat' dir='ltr'><strong>ut</strong></span> <span class='ocrx_word' id='word_1_477' title='bbox 1583 4845 1961 4904; x_wconf 79' lang='lat' dir='ltr'><strong>discernantur</strong></span> <span class='ocrx_word' id='word_1_478' title='bbox 1977 4867 2173 4923; x_wconf 78' lang='lat' dir='ltr'><strong>genera</strong></span> <span class='ocrx_word' id='word_1_479' title='bbox 2197 4857 2482 4911; x_wconf 86' lang='lat' dir='ltr'><strong>visionum.</strong></span> <span class='ocrx_word' id='word_1_480' title='bbox 2514 4860 2669 4915; x_wconf 63' lang='lat' dir='ltr'><strong>Sicut</strong></span> <span class='ocrx_word' id='word_1_481' title='bbox 2692 4874 2743 4915; x_wconf 87' lang='lat' dir='ltr'><strong>c:</strong></span> <span class='ocrx_word' id='word_1_482' title='bbox 2765 4862 2888 4918; x_wconf 73' lang='lat' dir='ltr'><strong>Jesu</strong></span> <span class='ocrx_word' id='word_1_483' title='bbox 2908 4862 3074 4931; x_wconf 85' lang='lat' dir='ltr'><strong>Nave,</strong></span> 
     </span>
    </p>
   </div>
   <div class='ocr_carea' id='block_1_67' title="bbox 1496 4944 3077 5024">
    <p class='ocr_par' dir='ltr' id='par_1_67' title="bbox 1496 4944 3077 5024">
     <span class='ocr_line' id='line_1_67' title="bbox 1496 4944 3077 5024; baseline 0.014 -32"><span class='ocrx_word' id='word_1_484' title='bbox 1496 4953 1620 4992; x_wconf 88' lang='lat' dir='ltr'><strong>cum</strong></span> <span class='ocrx_word' id='word_1_485' title='bbox 1650 4944 1897 5012; x_wconf 76' lang='lat' dir='ltr'><strong>angelum</strong></span> <span class='ocrx_word' id='word_1_486' title='bbox 1920 4959 2191 5014; x_wconf 86' lang='lat' dir='ltr'><strong>cerneret,</strong></span> <span class='ocrx_word' id='word_1_487' title='bbox 2213 4961 2267 5003; x_wconf 84' lang='lat' dir='ltr'><strong>e:</strong></span> <span class='ocrx_word' id='word_1_488' title='bbox 2298 4955 2621 5009; x_wconf 78' lang='lat' dir='ltr'><strong>tentationes</strong></span> <span class='ocrx_word' id='word_1_489' title='bbox 2652 4955 2941 5024; x_wconf 83' lang='lat' dir='ltr'><strong>aliquando</strong></span> <span class='ocrx_word' id='word_1_490' title='bbox 2977 4959 3077 5013; x_wconf 78' lang='lat' dir='ltr'><strong>ltu-</strong></span> 
     </span>
    </p>
   </div>
   <div class='ocr_carea' id='block_1_68' title="bbox 1482 5026 3073 5118">
    <p class='ocr_par' dir='ltr' id='par_1_68' title="bbox 1482 5026 3073 5118">
     <span class='ocr_line' id='line_1_68' title="bbox 1482 5026 3073 5118; baseline 0.017 -39"><span class='ocrx_word' id='word_1_491' title='bbox 1482 5026 1724 5095; x_wconf 83' lang='lat' dir='ltr'><strong>jusmodi</strong></span> <span class='ocrx_word' id='word_1_492' title='bbox 1756 5033 2050 5091; x_wconf 78' lang='lat' dir='ltr'><strong>visionibus</strong></span> <span class='ocrx_word' id='word_1_493' title='bbox 2083 5039 2258 5095; x_wconf 87' lang='lat' dir='ltr'><strong>inesse</strong></span> <span class='ocrx_word' id='word_1_494' title='bbox 2288 5042 2591 5101; x_wconf 74' lang='lat' dir='ltr'><strong>nullatenus</strong></span> <span class='ocrx_word' id='word_1_495' title='bbox 2618 5046 2718 5102; x_wconf 69' lang='lat' dir='ltr'><strong>dot.</strong></span> <span class='ocrx_word' id='word_1_496' title='bbox 2732 5048 2919 5113; x_wconf 77' lang='lat' dir='ltr'><strong>itaret,</strong></span> <span class='ocrx_word' id='word_1_497' title='bbox 2948 5065 3073 5118; x_wconf 80' lang='lat' dir='ltr'><strong>pro-</strong></span> 
     </span>
    </p>
   </div>
   <div class='ocr_carea' id='block_1_69' title="bbox 1491 5120 3075 5203">
    <p class='ocr_par' dir='ltr' id='par_1_69' title="bbox 1491 5120 3075 5203">
     <span class='ocr_line' id='line_1_69' title="bbox 1491 5120 3075 5203; baseline 0.013 -31"><span class='ocrx_word' id='word_1_498' title='bbox 1491 5120 1638 5175; x_wconf 81' lang='lat' dir='ltr'><strong>tinus</strong></span> <span class='ocrx_word' id='word_1_499' title='bbox 1664 5121 1733 5176; x_wconf 91' lang='lat' dir='ltr'><strong>ab</strong></span> <span class='ocrx_word' id='word_1_500' title='bbox 1760 5138 1826 5177; x_wconf 92' lang='lat' dir='ltr'><strong>eo</strong></span> <span class='ocrx_word' id='word_1_501' title='bbox 1849 5125 1941 5194; x_wconf 91' lang='lat' dir='ltr'><strong>qui</strong></span> <span class='ocrx_word' id='word_1_502' title='bbox 1973 5131 2264 5197; x_wconf 80' lang='lat' dir='ltr'><strong>apparebat</strong></span> <span class='ocrx_word' id='word_1_503' title='bbox 2306 5135 2585 5203; x_wconf 69' lang='lat' dir='ltr'><strong>requisivi?</strong></span> <span class='ocrx_word' id='word_1_504' title='bbox 2606 5179 2618 5201; x_wconf 94' lang='lat'><strong>,</strong></span> <span class='ocrx_word' id='word_1_505' title='bbox 2649 5140 2833 5193; x_wconf 78' lang='lat' dir='ltr'><strong>dicens</strong></span> <span class='ocrx_word' id='word_1_506' title='bbox 2862 5158 2875 5194; x_wconf 90' lang='lat'><strong>:</strong></span> <span class='ocrx_word' id='word_1_507' title='bbox 2910 5159 2928 5191; x_wconf 81' lang='grc' dir='ltr'><strong>ι</strong></span> <span class='ocrx_word' id='word_1_508' title='bbox 2967 5139 3075 5193; x_wconf 77' lang='lat' dir='ltr'><strong>i‘la-</strong></span> 
     </span>
    </p>
   </div>
   <div class='ocr_carea' id='block_1_70' title="bbox 1492 5217 3079 5301">
    <p class='ocr_par' dir='ltr' id='par_1_70' title="bbox 1492 5217 3079 5301">
     <span class='ocr_line' id='line_1_70' title="bbox 1492 5217 3079 5301; baseline 0.014 -38"><span class='ocrx_word' id='word_1_509' title='bbox 1492 5219 1605 5264; x_wconf 80' lang='lat' dir='ltr'><strong>ster</strong></span> <span class='ocrx_word' id='word_1_510' title='bbox 1638 5226 1699 5266; x_wconf 84' lang='lat' dir='ltr'><strong>es</strong></span> <span class='ocrx_word' id='word_1_511' title='bbox 1723 5254 1738 5277; x_wconf 94' lang='lat'><strong>,</strong></span> <span class='ocrx_word' id='word_1_512' title='bbox 1788 5230 1855 5269; x_wconf 93' lang='lat' dir='ltr'><strong>an</strong></span> <span class='ocrx_word' id='word_1_513' title='bbox 1899 5217 2368 5277; x_wconf 82' lang='lat' dir='ltr'><strong>adversariorum?</strong></span> <span class='ocrx_word' id='word_1_514' title='bbox 2404 5246 2422 5277; x_wconf 75' lang='grc' dir='ltr'><strong>ι</strong></span> <span class='ocrx_word' id='word_1_515' title='bbox 2460 5227 2596 5294; x_wconf 74' lang='lat' dir='ltr'><strong>(los.</strong></span> <span class='ocrx_word' id='word_1_516' title='bbox 2622 5230 2697 5299; x_wconf 80' lang='grc' dir='ltr'><strong>ν.)</strong></span> <span class='ocrx_word' id='word_1_517' title='bbox 2732 5229 2866 5285; x_wconf 83' lang='lat' dir='ltr'><strong>Nam</strong></span> <span class='ocrx_word' id='word_1_518' title='bbox 2897 5239 2952 5285; x_wconf 93' lang='lat' dir='ltr'><strong>et</strong></span> <span class='ocrx_word' id='word_1_519' title='bbox 2982 5247 3079 5301; x_wconf 81' lang='lat' dir='ltr'><strong>per</strong></span> 
     </span>
    </p>
   </div>
   <div class='ocr_carea' id='block_1_71' title="bbox 1450 5299 3077 5388">
    <p class='ocr_par' dir='ltr' id='par_1_71' title="bbox 1450 5299 3077 5388">
     <span class='ocr_line' id='line_1_71' title="bbox 1450 5299 3077 5388; baseline 0.015 -39"><span class='ocrx_word' id='word_1_520' title='bbox 1450 5346 1453 5349; x_wconf 22' lang='grc' dir='ltr'><strong>Α</strong></span> <span class='ocrx_word' id='word_1_521' title='bbox 1493 5299 1811 5368; x_wconf 82' lang='lat' dir='ltr'><strong>Apostolum</strong></span> <span class='ocrx_word' id='word_1_522' title='bbox 1838 5306 2095 5363; x_wconf 87' lang='lat' dir='ltr'><strong>discretio</strong></span> <span class='ocrx_word' id='word_1_523' title='bbox 2110 5310 2397 5380; x_wconf 88' lang='lat' dir='ltr'><strong>spirituum</strong></span> <span class='ocrx_word' id='word_1_524' title='bbox 2427 5316 2565 5370; x_wconf 87' lang='lat' dir='ltr'><strong>inter</strong></span> <span class='ocrx_word' id='word_1_525' title='bbox 2588 5318 2725 5372; x_wconf 88' lang='lat' dir='ltr'><strong>dona</strong></span> <span class='ocrx_word' id='word_1_526' title='bbox 2749 5320 2921 5375; x_wconf 87' lang='lat' dir='ltr'><strong>sancti</strong></span> <span class='ocrx_word' id='word_1_527' title='bbox 2954 5299 3077 5388; x_wconf 87' lang='lat' dir='ltr'><strong>Spi-</strong></span> 
     </span>
    </p>
   </div>
   <div class='ocr_carea' id='block_1_72' title="bbox 1493 5390 3074 5472">
    <p class='ocr_par' dir='ltr' id='par_1_72' title="bbox 1493 5390 3074 5472">
     <span class='ocr_line' id='line_1_72' title="bbox 1493 5390 3074 5472; baseline 0.013 -27"><span class='ocrx_word' id='word_1_528' title='bbox 1493 5390 1633 5445; x_wconf 86' lang='lat' dir='ltr'><strong>ritus</strong></span> <span class='ocrx_word' id='word_1_529' title='bbox 1654 5405 2004 5450; x_wconf 89' lang='lat' dir='ltr'><strong>enumeratur</strong></span> <span class='ocrx_word' id='word_1_530' title='bbox 2028 5398 2079 5469; x_wconf 85' lang='grc' dir='ltr'><strong>(Ι</strong></span> <span class='ocrx_word' id='word_1_531' title='bbox 2105 5398 2227 5454; x_wconf 84' lang='lat' dir='ltr'><strong>Cor.</strong></span> <span class='ocrx_word' id='word_1_532' title='bbox 2257 5402 2374 5472; x_wconf 84' lang='lat' dir='ltr'><strong>xu).</strong></span> <span class='ocrx_word' id='word_1_533' title='bbox 2405 5402 2557 5471; x_wconf 86' lang='lat' dir='ltr'><strong>Quod</strong></span> <span class='ocrx_word' id='word_1_534' title='bbox 2583 5416 2756 5463; x_wconf 84' lang='lat' dir='ltr'><strong>autem</strong></span> <span class='ocrx_word' id='word_1_535' title='bbox 2784 5409 2879 5464; x_wconf 87' lang='lat' dir='ltr'><strong>Sin</strong></span> <span class='ocrx_word' id='word_1_536' title='bbox 2908 5412 3074 5466; x_wconf 87' lang='lat' dir='ltr'><strong>etiam</strong></span> 
     </span>
    </p>
   </div>
   <div class='ocr_carea' id='block_1_73' title="bbox 1492 5482 3077 5573">
    <p class='ocr_par' dir='ltr' id='par_1_73' title="bbox 1492 5482 3077 5573">
     <span class='ocr_line' id='line_1_73' title="bbox 1492 5482 3077 5573; baseline 0.015 -38"><span class='ocrx_word' id='word_1_537' title='bbox 1492 5482 1673 5536; x_wconf 78' lang='lat' dir='ltr'><strong>odium</strong></span> <span class='ocrx_word' id='word_1_538' title='bbox 1700 5483 2046 5556; x_wconf 88' lang='lat' dir='ltr'><strong>interpretari</strong></span> <span class='ocrx_word' id='word_1_539' title='bbox 2070 5491 2289 5558; x_wconf 90' lang='lat' dir='ltr'><strong>dicitur,</strong></span> <span class='ocrx_word' id='word_1_540' title='bbox 2334 5510 2509 5565; x_wconf 87' lang='lat' dir='ltr'><strong>neque</strong></span> <span class='ocrx_word' id='word_1_541' title='bbox 2540 5498 2641 5553; x_wconf 84' lang='lat' dir='ltr'><strong>hoc</strong></span> <span class='ocrx_word' id='word_1_542' title='bbox 2666 5501 2880 5569; x_wconf 67' lang='lat' dir='ltr'><strong>quidem</strong></span> <span class='ocrx_word' id='word_1_543' title='bbox 2907 5517 2936 5555; x_wconf 93' lang='lat' dir='ltr'><strong>a</strong></span> <span class='ocrx_word' id='word_1_544' title='bbox 2963 5502 3077 5573; x_wconf 89' lang='lat' dir='ltr'><strong>spi-</strong></span> 
     </span>
    </p>
   </div>
   <div class='ocr_carea' id='block_1_74' title="bbox 1492 5572 3081 5660">
    <p class='ocr_par' dir='ltr' id='par_1_74' title="bbox 1492 5572 3081 5660">
     <span class='ocr_line' id='line_1_74' title="bbox 1492 5572 3081 5660; baseline 0.014 -36"><span class='ocrx_word' id='word_1_545' title='bbox 1492 5572 1673 5627; x_wconf 86' lang='lat' dir='ltr'><strong>rituali</strong></span> <span class='ocrx_word' id='word_1_546' title='bbox 1704 5577 1977 5633; x_wconf 83' lang='lat' dir='ltr'><strong>exorbitat</strong></span> <span class='ocrx_word' id='word_1_547' title='bbox 2022 5579 2317 5637; x_wconf 84' lang='lat' dir='ltr'><strong>intellectu.</strong></span> <span class='ocrx_word' id='word_1_548' title='bbox 2352 5584 2608 5657; x_wconf 87' lang='lat' dir='ltr'><strong>Quisquis</strong></span> <span class='ocrx_word' id='word_1_549' title='bbox 2648 5590 2790 5643; x_wconf 89' lang='lat' dir='ltr'><strong>enim</strong></span> <span class='ocrx_word' id='word_1_550' title='bbox 2832 5572 3081 5660; x_wconf 78' lang='lat' dir='ltr'><strong>pervenit</strong></span> 
     </span>
    </p>
   </div>
   <div class='ocr_carea' id='block_1_75' title="bbox 1493 5662 3075 5745">
    <p class='ocr_par' dir='ltr' id='par_1_75' title="bbox 1493 5662 3075 5745">
     <span class='ocr_line' id='line_1_75' title="bbox 1493 5662 3075 5745; baseline 0.015 -30"><span class='ocrx_word' id='word_1_551' title='bbox 1493 5662 1558 5715; x_wconf 83' lang='lat' dir='ltr'><strong>al</strong></span> <span class='ocrx_word' id='word_1_552' title='bbox 1617 5663 1879 5722; x_wconf 82' lang='lat' dir='ltr'><strong>visionem</strong></span> <span class='ocrx_word' id='word_1_553' title='bbox 1917 5671 1999 5725; x_wconf 89' lang='lat' dir='ltr'><strong>vel</strong></span> <span class='ocrx_word' id='word_1_554' title='bbox 2035 5672 2413 5733; x_wconf 86' lang='lat' dir='ltr'><strong>allocutionem</strong></span> <span class='ocrx_word' id='word_1_555' title='bbox 2446 5677 2574 5745; x_wconf 86' lang='lat' dir='ltr'><strong>Dei,</strong></span> <span class='ocrx_word' id='word_1_556' title='bbox 2616 5681 2898 5738; x_wconf 81' lang='lat' dir='ltr'><strong>confestim</strong></span> <span class='ocrx_word' id='word_1_557' title='bbox 2944 5700 3075 5741; x_wconf 87' lang='lat' dir='ltr'><strong>con-</strong></span> 
     </span>
    </p>
   </div>
   <div class='ocr_carea' id='block_1_76' title="bbox 1496 5758 2079 5827">
    <p class='ocr_par' dir='ltr' id='par_1_76' title="bbox 1496 5758 2079 5827">
     <span class='ocr_line' id='line_1_76' title="bbox 1496 5758 2079 5827; baseline 0.012 -16"><span class='ocrx_word' id='word_1_558' title='bbox 1496 5758 1627 5827; x_wconf 87' lang='lat' dir='ltr'><strong>cipit</strong></span> <span class='ocrx_word' id='word_1_559' title='bbox 1658 5760 1841 5815; x_wconf 77' lang='lat' dir='ltr'><strong>odium</strong></span> <span class='ocrx_word' id='word_1_560' title='bbox 1875 5763 2079 5820; x_wconf 85' lang='lat' dir='ltr'><strong>mundi.</strong></span> 
     </span>
    </p>
   </div>
   <div class='ocr_carea' id='block_1_77' title="bbox 3109 4545 3157 4603">
    <p class='ocr_par' dir='ltr' id='par_1_77' title="bbox 3109 4545 3157 4603">
     <span class='ocr_line' id='line_1_77' title="bbox 3109 4545 3157 4603; baseline 0 0"><span class='ocrx_word' id='word_1_561' title='bbox 3109 4545 3157 4603; x_wconf 90' lang='lat' dir='ltr'><strong>D</strong></span> 
     </span>
    </p>
   </div>
   <div class='ocr_carea' id='block_1_78' title="bbox 3191 1944 4735 2018">
    <p class='ocr_par' dir='ltr' id='par_1_78' title="bbox 3191 1944 4735 2018">
     <span class='ocr_line' id='line_1_78' title="bbox 3191 1944 4735 2018; baseline -0.006 -15"><span class='ocrx_word' id='word_1_562' title='bbox 3191 1959 3344 2012; x_wconf 86' lang='lat' dir='ltr'><strong>tuos,</strong></span> <span class='ocrx_word' id='word_1_563' title='bbox 3376 1950 3465 2018; x_wconf 88' lang='lat' dir='ltr'><strong>qui</strong></span> <span class='ocrx_word' id='word_1_564' title='bbox 3509 1949 3722 2003; x_wconf 83' lang='lat' dir='ltr'><strong>redimit</strong></span> <span class='ocrx_word' id='word_1_565' title='bbox 3752 1951 3815 2003; x_wconf 89' lang='lat' dir='ltr'><strong>de</strong></span> <span class='ocrx_word' id='word_1_566' title='bbox 3861 1949 4080 2003; x_wconf 88' lang='lat' dir='ltr'><strong>interitu</strong></span> <span class='ocrx_word' id='word_1_567' title='bbox 4111 1949 4271 2001; x_wconf 89' lang='lat' dir='ltr'><strong>vitam</strong></span> <span class='ocrx_word' id='word_1_568' title='bbox 4318 1956 4461 1999; x_wconf 90' lang='lat' dir='ltr'><strong>tuam</strong></span> <span class='ocrx_word' id='word_1_569' title='bbox 4496 1944 4690 2015; x_wconf 58' lang='grc' dir='ltr'>(ιω).</span> <span class='ocrx_word' id='word_1_570' title='bbox 4720 1962 4735 1993; x_wconf 77' lang='grc' dir='ltr'><strong>ι</strong></span> 
     </span>
    </p>
   </div>
   <div class='ocr_carea' id='block_1_79' title="bbox 3187 2035 4736 2110">
    <p class='ocr_par' dir='ltr' id='par_1_79' title="bbox 3187 2035 4736 2110">
     <span class='ocr_line' id='line_1_79' title="bbox 3187 2035 4736 2110; baseline -0.006 -16"><span class='ocrx_word' id='word_1_571' title='bbox 3187 2040 3437 2110; x_wconf 78' lang='lat' dir='ltr'><strong>Languor</strong></span> <span class='ocrx_word' id='word_1_572' title='bbox 3465 2041 3672 2093; x_wconf 77' lang='lat' dir='ltr'><strong>scilicet</strong></span> <span class='ocrx_word' id='word_1_573' title='bbox 3715 2041 3936 2104; x_wconf 66' lang='lat' dir='ltr'><strong>animm,</strong></span> <span class='ocrx_word' id='word_1_574' title='bbox 3971 2039 4097 2092; x_wconf 87' lang='lat' dir='ltr'><strong>vitia</strong></span> <span class='ocrx_word' id='word_1_575' title='bbox 4142 2046 4302 2103; x_wconf 89' lang='lat' dir='ltr'><strong>sunt;</strong></span> <span class='ocrx_word' id='word_1_576' title='bbox 4345 2052 4493 2091; x_wconf 85' lang='lat' dir='ltr'><strong>mors</strong></span> <span class='ocrx_word' id='word_1_577' title='bbox 4528 2035 4736 2091; x_wconf 65' lang='lat' dir='ltr'><strong>animm,</strong></span> 
     </span>
    </p>
   </div>
   <div class='ocr_carea' id='block_1_80' title="bbox 3191 2128 4737 2198">
    <p class='ocr_par' dir='ltr' id='par_1_80' title="bbox 3191 2128 4737 2198">
     <span class='ocr_line' id='line_1_80' title="bbox 3191 2128 4737 2198; baseline -0.005 -16"><span class='ocrx_word' id='word_1_578' title='bbox 3191 2139 3411 2198; x_wconf 81' lang='lat' dir='ltr'><strong>peccata</strong></span> <span class='ocrx_word' id='word_1_579' title='bbox 3440 2129 3740 2182; x_wconf 87' lang='lat' dir='ltr'><strong>criminalia</strong></span> <span class='ocrx_word' id='word_1_580' title='bbox 3767 2137 3915 2182; x_wconf 86' lang='lat' dir='ltr'><strong>sunt.</strong></span> <span class='ocrx_word' id='word_1_581' title='bbox 3950 2146 3967 2178; x_wconf 81' lang='grc' dir='ltr'><strong>ι</strong></span> <span class='ocrx_word' id='word_1_582' title='bbox 3996 2128 4277 2182; x_wconf 82' lang='lat' dir='ltr'><strong>Peccatum</strong></span> <span class='ocrx_word' id='word_1_583' title='bbox 4304 2128 4467 2189; x_wconf 89' lang='lat' dir='ltr'><strong>enim,</strong></span> <span class='ocrx_word' id='word_1_584' title='bbox 4496 2142 4613 2180; x_wconf 81' lang='lat' dir='ltr'><strong>cum</strong></span> <span class='ocrx_word' id='word_1_585' title='bbox 4636 2140 4737 2177; x_wconf 85' lang='lat' dir='ltr'><strong>cou-</strong></span> 
     </span>
    </p>
   </div>
   <div class='ocr_carea' id='block_1_81' title="bbox 3187 2217 4551 2289">
    <p class='ocr_par' dir='ltr' id='par_1_81' title="bbox 3187 2217 4551 2289">
     <span class='ocr_line' id='line_1_81' title="bbox 3187 2217 4551 2289; baseline -0.004 -15"><span class='ocrx_word' id='word_1_586' title='bbox 3187 2231 3511 2274; x_wconf 88' lang='lat' dir='ltr'><strong>summatum</strong></span> <span class='ocrx_word' id='word_1_587' title='bbox 3543 2220 3729 2281; x_wconf 82' lang='lat' dir='ltr'><strong>fuerit,</strong></span> <span class='ocrx_word' id='word_1_588' title='bbox 3760 2229 3981 2289; x_wconf 80' lang='lat' dir='ltr'><strong>generat</strong></span> <span class='ocrx_word' id='word_1_589' title='bbox 4010 2231 4234 2273; x_wconf 88' lang='lat' dir='ltr'><strong>mortem</strong></span> <span class='ocrx_word' id='word_1_590' title='bbox 4263 2217 4399 2289; x_wconf 83' lang='lat' dir='ltr'><strong>(lac.</strong></span> <span class='ocrx_word' id='word_1_591' title='bbox 4432 2219 4495 2287; x_wconf 83' lang='grc' dir='ltr'><strong>ι).</strong></span> <span class='ocrx_word' id='word_1_592' title='bbox 4533 2237 4551 2269; x_wconf 73' lang='grc' dir='ltr'><strong>ι</strong></span> 
     </span>
    </p>
   </div>
   <div class='ocr_carea' id='block_1_82' title="bbox 3257 2306 4733 2377">
    <p class='ocr_par' dir='ltr' id='par_1_82' title="bbox 3257 2306 4733 2377">
     <span class='ocr_line' id='line_1_82' title="bbox 3257 2306 4733 2377; baseline -0.003 -14"><span class='ocrx_word' id='word_1_593' title='bbox 3257 2311 3459 2364; x_wconf 81' lang='lat' dir='ltr'><strong>Deinde</strong></span> <span class='ocrx_word' id='word_1_594' title='bbox 3496 2312 3717 2365; x_wconf 85' lang='lat' dir='ltr'><strong>veniunt</strong></span> <span class='ocrx_word' id='word_1_595' title='bbox 3754 2312 3804 2364; x_wconf 91' lang='lat' dir='ltr'><strong>iu</strong></span> <span class='ocrx_word' id='word_1_596' title='bbox 3840 2309 4027 2365; x_wconf 81' lang='lat' dir='ltr'><strong>Ilalus.</strong></span> <span class='ocrx_word' id='word_1_597' title='bbox 4074 2310 4234 2364; x_wconf 88' lang='lat' dir='ltr'><strong>llalus</strong></span> <span class='ocrx_word' id='word_1_598' title='bbox 4268 2311 4645 2377; x_wconf 83' lang='lat' dir='ltr'><strong>interpretatur</strong></span> <span class='ocrx_word' id='word_1_599' title='bbox 4670 2306 4733 2355; x_wconf 85' lang='lat' dir='ltr'><strong>ln-</strong></span> 
     </span>
    </p>
   </div>
   <div class='ocr_carea' id='block_1_83' title="bbox 3187 2398 4733 2470">
    <p class='ocr_par' dir='ltr' id='par_1_83' title="bbox 3187 2398 4733 2470">
     <span class='ocr_line' id='line_1_83' title="bbox 3187 2398 4733 2470; baseline -0.005 -16"><span class='ocrx_word' id='word_1_600' title='bbox 3187 2402 3332 2454; x_wconf 81' lang='lat' dir='ltr'><strong>bores</strong></span> <span class='ocrx_word' id='word_1_601' title='bbox 3386 2402 3501 2454; x_wconf 84' lang='lat' dir='ltr'><strong>sive</strong></span> <span class='ocrx_word' id='word_1_602' title='bbox 3542 2401 3871 2470; x_wconf 73' lang='lat' dir='ltr'><strong>fornicatum.</strong></span> <span class='ocrx_word' id='word_1_603' title='bbox 3940 2400 4004 2454; x_wconf 86' lang='lat' dir='ltr'><strong>Et</strong></span> <span class='ocrx_word' id='word_1_604' title='bbox 4044 2410 4190 2454; x_wconf 87' lang='lat' dir='ltr'><strong>certe</strong></span> <span class='ocrx_word' id='word_1_605' title='bbox 4235 2400 4517 2454; x_wconf 82' lang='lat' dir='ltr'><strong>sanitatem</strong></span> <span class='ocrx_word' id='word_1_606' title='bbox 4549 2398 4733 2451; x_wconf 80' lang='lat' dir='ltr'><strong>labores</strong></span> 
     </span>
    </p>
   </div>
   <div class='ocr_carea' id='block_1_84' title="bbox 3187 2492 4731 2563">
    <p class='ocr_par' dir='ltr' id='par_1_84' title="bbox 3187 2492 4731 2563">
     <span class='ocr_line' id='line_1_84' title="bbox 3187 2492 4731 2563; baseline -0.008 -14"><span class='ocrx_word' id='word_1_607' title='bbox 3187 2502 3513 2561; x_wconf 85' lang='lat' dir='ltr'><strong>sequuntur;</strong></span> <span class='ocrx_word' id='word_1_608' title='bbox 3560 2494 3813 2563; x_wconf 88' lang='lat' dir='ltr'><strong>quoniam</strong></span> <span class='ocrx_word' id='word_1_609' title='bbox 3844 2492 3912 2547; x_wconf 88' lang='lat' dir='ltr'><strong>ad</strong></span> <span class='ocrx_word' id='word_1_610' title='bbox 3955 2493 4027 2547; x_wconf 90' lang='lat' dir='ltr'><strong>nil</strong></span> <span class='ocrx_word' id='word_1_611' title='bbox 4062 2493 4203 2547; x_wconf 84' lang='lat' dir='ltr'><strong>aliud</strong></span> <span class='ocrx_word' id='word_1_612' title='bbox 4246 2492 4529 2546; x_wconf 89' lang='lat' dir='ltr'><strong>sanitatem</strong></span> <span class='ocrx_word' id='word_1_613' title='bbox 4574 2497 4731 2544; x_wconf 73' lang='lat' dir='ltr'><strong>sancta</strong></span> 
     </span>
    </p>
   </div>
   <div class='ocr_carea' id='block_1_85' title="bbox 3187 2580 4731 2654">
    <p class='ocr_par' dir='ltr' id='par_1_85' title="bbox 3187 2580 4731 2654">
     <span class='ocr_line' id='line_1_85' title="bbox 3187 2580 4731 2654; baseline -0.005 -17"><span class='ocrx_word' id='word_1_614' title='bbox 3187 2586 3366 2639; x_wconf 91' lang='lat' dir='ltr'><strong>anima</strong></span> <span class='ocrx_word' id='word_1_615' title='bbox 3397 2584 3557 2638; x_wconf 88' lang='lat' dir='ltr'><strong>debet</strong></span> <span class='ocrx_word' id='word_1_616' title='bbox 3586 2585 3991 2654; x_wconf 87' lang='lat' dir='ltr'><strong>concupiscere,</strong></span> <span class='ocrx_word' id='word_1_617' title='bbox 4024 2584 4124 2638; x_wconf 89' lang='lat' dir='ltr'><strong>nisi</strong></span> <span class='ocrx_word' id='word_1_618' title='bbox 4158 2592 4215 2637; x_wconf 91' lang='lat' dir='ltr'><strong>ut</strong></span> <span class='ocrx_word' id='word_1_619' title='bbox 4247 2580 4401 2654; x_wconf 62' lang='grc' dir='ltr'><strong>ιω,</strong></span> <span class='ocrx_word' id='word_1_620' title='bbox 4427 2581 4631 2635; x_wconf 80' lang='lat' dir='ltr'><strong>labores</strong></span> <span class='ocrx_word' id='word_1_621' title='bbox 4655 2594 4731 2647; x_wconf 84' lang='lat' dir='ltr'><strong>pro</strong></span> 
     </span>
    </p>
   </div>
   <div class='ocr_carea' id='block_1_86' title="bbox 3186 2672 4727 2743">
    <p class='ocr_par' dir='ltr' id='par_1_86' title="bbox 3186 2672 4727 2743">
     <span class='ocr_line' id='line_1_86' title="bbox 3186 2672 4727 2743; baseline -0.005 -16"><span class='ocrx_word' id='word_1_622' title='bbox 3186 2674 3297 2727; x_wconf 88' lang='lat' dir='ltr'><strong>Deo</strong></span> <span class='ocrx_word' id='word_1_623' title='bbox 3336 2674 3511 2728; x_wconf 84' lang='lat' dir='ltr'><strong>valeat</strong></span> <span class='ocrx_word' id='word_1_624' title='bbox 3546 2689 3939 2743; x_wconf 89' lang='lat' dir='ltr'><strong>pressurasque</strong></span> <span class='ocrx_word' id='word_1_625' title='bbox 3977 2672 4236 2743; x_wconf 88' lang='lat' dir='ltr'><strong>perferre.</strong></span> <span class='ocrx_word' id='word_1_626' title='bbox 4288 2672 4406 2727; x_wconf 87' lang='lat' dir='ltr'><strong>Ideo</strong></span> <span class='ocrx_word' id='word_1_627' title='bbox 4441 2685 4628 2740; x_wconf 84' lang='lat' dir='ltr'><strong>nempe</strong></span> <span class='ocrx_word' id='word_1_628' title='bbox 4661 2686 4727 2720; x_wconf 81' lang='lat' dir='ltr'><strong>so-</strong></span> 
     </span>
    </p>
   </div>
   <div class='ocr_carea' id='block_1_87' title="bbox 3184 2756 4729 2831">
    <p class='ocr_par' dir='ltr' id='par_1_87' title="bbox 3184 2756 4729 2831">
     <span class='ocr_line' id='line_1_87' title="bbox 3184 2756 4729 2831; baseline -0.006 -12"><span class='ocrx_word' id='word_1_629' title='bbox 3184 2781 3308 2819; x_wconf 78' lang='lat' dir='ltr'><strong>crus</strong></span> <span class='ocrx_word' id='word_1_630' title='bbox 3335 2764 3480 2819; x_wconf 82' lang='lat' dir='ltr'><strong>Petri</strong></span> <span class='ocrx_word' id='word_1_631' title='bbox 3518 2766 3582 2818; x_wconf 86' lang='lat' dir='ltr'><strong>de</strong></span> <span class='ocrx_word' id='word_1_632' title='bbox 3607 2765 3757 2819; x_wconf 81' lang='lat' dir='ltr'><strong>febre</strong></span> <span class='ocrx_word' id='word_1_633' title='bbox 3786 2763 4080 2828; x_wconf 86' lang='lat' dir='ltr'><strong>convaluit,</strong></span> <span class='ocrx_word' id='word_1_634' title='bbox 4113 2773 4166 2815; x_wconf 90' lang='lat' dir='ltr'><strong>ut</strong></span> <span class='ocrx_word' id='word_1_635' title='bbox 4197 2762 4413 2817; x_wconf 87' lang='lat' dir='ltr'><strong>Domino</strong></span> <span class='ocrx_word' id='word_1_636' title='bbox 4438 2775 4537 2831; x_wconf 89' lang='lat' dir='ltr'><strong>per</strong></span> <span class='ocrx_word' id='word_1_637' title='bbox 4562 2756 4729 2813; x_wconf 83' lang='lat' dir='ltr'><strong>seduli-</strong></span> 
     </span>
    </p>
   </div>
   <div class='ocr_carea' id='block_1_88' title="bbox 3186 2852 4727 2927">
    <p class='ocr_par' dir='ltr' id='par_1_88' title="bbox 3186 2852 4727 2927">
     <span class='ocr_line' id='line_1_88' title="bbox 3186 2852 4727 2927; baseline -0.003 -17"><span class='ocrx_word' id='word_1_638' title='bbox 3186 2860 3313 2917; x_wconf 67' lang='grc' dir='ltr'>ιτιτὲς</span> <span class='ocrx_word' id='word_1_639' title='bbox 3350 2858 3667 2927; x_wconf 88' lang='lat' dir='ltr'><strong>obsequium</strong></span> <span class='ocrx_word' id='word_1_640' title='bbox 3711 2857 4042 2911; x_wconf 86' lang='lat' dir='ltr'><strong>ministraret</strong></span> <span class='ocrx_word' id='word_1_641' title='bbox 4079 2854 4286 2927; x_wconf 76' lang='lat' dir='ltr'><strong>(Matth.</strong></span> <span class='ocrx_word' id='word_1_642' title='bbox 4330 2854 4461 2920; x_wconf 77' lang='lat' dir='ltr'><strong>\m).</strong></span> <span class='ocrx_word' id='word_1_643' title='bbox 4503 2852 4621 2907; x_wconf 86' lang='lat' dir='ltr'><strong>Ideo</strong></span> <span class='ocrx_word' id='word_1_644' title='bbox 4652 2862 4727 2917; x_wconf 78' lang='lat' dir='ltr'><strong>per</strong></span> 
     </span>
    </p>
   </div>
   <div class='ocr_carea' id='block_1_89' title="bbox 3185 2943 4725 3013">
    <p class='ocr_par' dir='ltr' id='par_1_89' title="bbox 3185 2943 4725 3013">
     <span class='ocr_line' id='line_1_89' title="bbox 3185 2943 4725 3013; baseline -0.007 -12"><span class='ocrx_word' id='word_1_645' title='bbox 3185 2948 3452 3001; x_wconf 78' lang='lat' dir='ltr'><strong>Aaaniam</strong></span> <span class='ocrx_word' id='word_1_646' title='bbox 3484 2957 3707 3001; x_wconf 87' lang='lat' dir='ltr'><strong>sanatus</strong></span> <span class='ocrx_word' id='word_1_647' title='bbox 3734 2956 3817 3001; x_wconf 88' lang='lat' dir='ltr'><strong>est</strong></span> <span class='ocrx_word' id='word_1_648' title='bbox 3855 2946 4085 3009; x_wconf 84' lang='lat' dir='ltr'><strong>Paulus,</strong></span> <span class='ocrx_word' id='word_1_649' title='bbox 4127 2955 4182 2998; x_wconf 91' lang='lat' dir='ltr'><strong>ut</strong></span> <span class='ocrx_word' id='word_1_650' title='bbox 4223 2943 4485 2999; x_wconf 88' lang='lat' dir='ltr'><strong>continuis</strong></span> <span class='ocrx_word' id='word_1_651' title='bbox 4521 2949 4725 3013; x_wconf 79' lang='lat' dir='ltr'><strong>postmo-</strong></span> 
     </span>
    </p>
   </div>
   <div class='ocr_carea' id='block_1_90' title="bbox 3187 3030 4722 3125">
    <p class='ocr_par' dir='ltr' id='par_1_90' title="bbox 3187 3030 4722 3125">
     <span class='ocr_line' id='line_1_90' title="bbox 3187 3030 4722 3125; baseline -0.007 -34"><span class='ocrx_word' id='word_1_652' title='bbox 3187 3037 3311 3103; x_wconf 80' lang='lat' dir='ltr'><strong>dum</strong></span> <span class='ocrx_word' id='word_1_653' title='bbox 3371 3036 3645 3091; x_wconf 86' lang='lat' dir='ltr'><strong>laboribus</strong></span> <span class='ocrx_word' id='word_1_654' title='bbox 3696 3037 3993 3090; x_wconf 88' lang='lat' dir='ltr'><strong>insudaret.</strong></span> <span class='ocrx_word' id='word_1_655' title='bbox 4053 3034 4187 3089; x_wconf 87' lang='lat' dir='ltr'><strong>Hinc</strong></span> <span class='ocrx_word' id='word_1_656' title='bbox 4247 3042 4325 3088; x_wconf 87' lang='lat' dir='ltr'><strong>est</strong></span> <span class='ocrx_word' id='word_1_657' title='bbox 4391 3032 4543 3125; x_wconf 75' lang='lat' dir='ltr'><strong>quod</strong></span> <span class='ocrx_word' id='word_1_658' title='bbox 4578 3030 4722 3125; x_wconf 71' lang='lat' dir='ltr'><strong>eidettt</strong></span> 
     </span>
    </p>
   </div>
   <div class='ocr_carea' id='block_1_91' title="bbox 3184 3118 4720 3195">
    <p class='ocr_par' dir='ltr' id='par_1_91' title="bbox 3184 3118 4720 3195">
     <span class='ocr_line' id='line_1_91' title="bbox 3184 3118 4720 3195; baseline -0.007 -16"><span class='ocrx_word' id='word_1_659' title='bbox 3184 3126 3407 3181; x_wconf 66' lang='lat' dir='ltr'><strong>Ananiae</strong></span> <span class='ocrx_word' id='word_1_660' title='bbox 3441 3126 3507 3181; x_wconf 92' lang='lat' dir='ltr'><strong>de</strong></span> <span class='ocrx_word' id='word_1_661' title='bbox 3547 3128 3637 3181; x_wconf 92' lang='lat' dir='ltr'><strong>illo</strong></span> <span class='ocrx_word' id='word_1_662' title='bbox 3682 3128 3883 3181; x_wconf 90' lang='lat' dir='ltr'><strong>dictum</strong></span> <span class='ocrx_word' id='word_1_663' title='bbox 3927 3147 3939 3179; x_wconf 89' lang='lat'>:</span> <span class='ocrx_word' id='word_1_664' title='bbox 3984 3146 4001 3177; x_wconf 81' lang='grc' dir='ltr'><strong>ι</strong></span> <span class='ocrx_word' id='word_1_665' title='bbox 4036 3126 4146 3195; x_wconf 79' lang='lat' dir='ltr'><strong>Ego</strong></span> <span class='ocrx_word' id='word_1_666' title='bbox 4174 3125 4311 3179; x_wconf 88' lang='lat' dir='ltr'><strong>enim</strong></span> <span class='ocrx_word' id='word_1_667' title='bbox 4359 3122 4627 3177; x_wconf 87' lang='lat' dir='ltr'><strong>ostendam</strong></span> <span class='ocrx_word' id='word_1_668' title='bbox 4663 3118 4720 3172; x_wconf 86' lang='lat' dir='ltr'><strong>illi</strong></span> 
     </span>
    </p>
   </div>
   <div class='ocr_carea' id='block_1_92' title="bbox 3184 3209 4716 3307">
    <p class='ocr_par' dir='ltr' id='par_1_92' title="bbox 3184 3209 4716 3307">
     <span class='ocr_line' id='line_1_92' title="bbox 3184 3209 4716 3307; baseline -0.006 -38"><span class='ocrx_word' id='word_1_669' title='bbox 3184 3226 3386 3285; x_wconf 55' lang='lat' dir='ltr'><strong>quanta</strong></span> <span class='ocrx_word' id='word_1_670' title='bbox 3410 3226 3654 3286; x_wconf 81' lang='lat' dir='ltr'><strong>oporteat</strong></span> <span class='ocrx_word' id='word_1_671' title='bbox 3676 3232 3796 3270; x_wconf 90' lang='lat' dir='ltr'><strong>eum</strong></span> <span class='ocrx_word' id='word_1_672' title='bbox 3823 3232 3919 3285; x_wconf 81' lang='lat' dir='ltr'><strong>pro</strong></span> <span class='ocrx_word' id='word_1_673' title='bbox 3944 3216 4158 3270; x_wconf 89' lang='lat' dir='ltr'><strong>nomine</strong></span> <span class='ocrx_word' id='word_1_674' title='bbox 4189 3230 4305 3269; x_wconf 86' lang='lat' dir='ltr'><strong>meo</strong></span> <span class='ocrx_word' id='word_1_675' title='bbox 4328 3214 4432 3284; x_wconf 85' lang='lat' dir='ltr'><strong>pati</strong></span> <span class='ocrx_word' id='word_1_676' title='bbox 4455 3214 4589 3283; x_wconf 79' lang='lat' dir='ltr'><strong>(Act.</strong></span> <span class='ocrx_word' id='word_1_677' title='bbox 4610 3209 4716 3307; x_wconf 34' lang='lat' dir='ltr'><strong>is)...»</strong></span> 
     </span>
    </p>
   </div>
   <div class='ocr_carea' id='block_1_93' title="bbox 3185 3299 4721 3375">
    <p class='ocr_par' dir='ltr' id='par_1_93' title="bbox 3185 3299 4721 3375">
     <span class='ocr_line' id='line_1_93' title="bbox 3185 3299 4721 3375; baseline -0.006 -14"><span class='ocrx_word' id='word_1_678' title='bbox 3185 3306 3338 3374; x_wconf 79' lang='lat' dir='ltr'><strong>Quod</strong></span> <span class='ocrx_word' id='word_1_679' title='bbox 3369 3316 3548 3361; x_wconf 88' lang='lat' dir='ltr'><strong>autem</strong></span> <span class='ocrx_word' id='word_1_680' title='bbox 3582 3306 3745 3361; x_wconf 84' lang='lat' dir='ltr'><strong>llalus</strong></span> <span class='ocrx_word' id='word_1_681' title='bbox 3774 3307 3940 3361; x_wconf 89' lang='lat' dir='ltr'><strong>etiam</strong></span> <span class='ocrx_word' id='word_1_682' title='bbox 3972 3306 4278 3375; x_wconf 68' lang='lat' dir='ltr'><strong>fornicatum</strong></span> <span class='ocrx_word' id='word_1_683' title='bbox 4307 3302 4634 3374; x_wconf 79' lang='lat' dir='ltr'><strong>interpretari</strong></span> <span class='ocrx_word' id='word_1_684' title='bbox 4658 3299 4721 3351; x_wconf 87' lang='lat' dir='ltr'><strong>di-</strong></span> 
     </span>
    </p>
   </div>
   <div class='ocr_carea' id='block_1_94' title="bbox 3186 3390 4721 3468">
    <p class='ocr_par' dir='ltr' id='par_1_94' title="bbox 3186 3390 4721 3468">
     <span class='ocr_line' id='line_1_94' title="bbox 3186 3390 4721 3468; baseline -0.007 -16"><span class='ocrx_word' id='word_1_685' title='bbox 3186 3400 3348 3463; x_wconf 79' lang='lat' dir='ltr'><strong>citur,</strong></span> <span class='ocrx_word' id='word_1_686' title='bbox 3384 3406 3439 3451; x_wconf 92' lang='lat' dir='ltr'><strong>et</strong></span> <span class='ocrx_word' id='word_1_687' title='bbox 3476 3399 3603 3452; x_wconf 80' lang='lat' dir='ltr'><strong>hinc</strong></span> <span class='ocrx_word' id='word_1_688' title='bbox 3634 3398 3773 3452; x_wconf 82' lang='lat' dir='ltr'><strong>nobi:</strong></span> <span class='ocrx_word' id='word_1_689' title='bbox 3828 3413 4078 3468; x_wconf 71' lang='lat' dir='ltr'><strong>congrua:</strong></span> <span class='ocrx_word' id='word_1_690' title='bbox 4115 3394 4512 3467; x_wconf 76' lang='lat' dir='ltr'><strong>significationis</strong></span> <span class='ocrx_word' id='word_1_691' title='bbox 4544 3390 4721 3447; x_wconf 73' lang='lat' dir='ltr'><strong>intelle-</strong></span> 
     </span>
    </p>
   </div>
   <div class='ocr_carea' id='block_1_95' title="bbox 3184 3479 4717 3550">
    <p class='ocr_par' dir='ltr' id='par_1_95' title="bbox 3184 3479 4717 3550">
     <span class='ocr_line' id='line_1_95' title="bbox 3184 3479 4717 3550; baseline -0.005 -8"><span class='ocrx_word' id='word_1_692' title='bbox 3184 3497 3304 3542; x_wconf 86' lang='lat' dir='ltr'><strong>ctus</strong></span> <span class='ocrx_word' id='word_1_693' title='bbox 3350 3486 3594 3543; x_wconf 71' lang='lat' dir='ltr'><strong>offertur.</strong></span> <span class='ocrx_word' id='word_1_694' title='bbox 3642 3487 3757 3543; x_wconf 79' lang='lat' dir='ltr'><strong>Hoc</strong></span> <span class='ocrx_word' id='word_1_695' title='bbox 3801 3496 3887 3543; x_wconf 89' lang='lat' dir='ltr'><strong>est</strong></span> <span class='ocrx_word' id='word_1_696' title='bbox 3920 3487 4062 3543; x_wconf 87' lang='lat' dir='ltr'><strong>enim</strong></span> <span class='ocrx_word' id='word_1_697' title='bbox 4098 3486 4412 3542; x_wconf 78' lang='lat' dir='ltr'><strong>fermentum</strong></span> <span class='ocrx_word' id='word_1_698' title='bbox 4454 3483 4575 3539; x_wconf 89' lang='lat' dir='ltr'><strong>illud</strong></span> <span class='ocrx_word' id='word_1_699' title='bbox 4605 3479 4717 3550; x_wconf 63' lang='lat' dir='ltr'><strong>quoi</strong></span> 
     </span>
    </p>
   </div>
   <div class='ocr_carea' id='block_1_96' title="bbox 3184 3572 4717 3633">
    <p class='ocr_par' dir='ltr' id='par_1_96' title="bbox 3184 3572 4717 3633">
     <span class='ocr_line' id='line_1_96' title="bbox 3184 3572 4717 3633; baseline -0.003 -2"><span class='ocrx_word' id='word_1_700' title='bbox 3184 3578 3381 3633; x_wconf 87' lang='lat' dir='ltr'><strong>tollens</strong></span> <span class='ocrx_word' id='word_1_701' title='bbox 3423 3577 3619 3632; x_wconf 88' lang='lat' dir='ltr'><strong>mulier</strong></span> <span class='ocrx_word' id='word_1_702' title='bbox 3665 3576 4007 3632; x_wconf 87' lang='lat' dir='ltr'><strong>commiscuit</strong></span> <span class='ocrx_word' id='word_1_703' title='bbox 4049 3577 4102 3631; x_wconf 91' lang='lat' dir='ltr'><strong>in</strong></span> <span class='ocrx_word' id='word_1_704' title='bbox 4142 3576 4325 3631; x_wconf 65' lang='lat' dir='ltr'><strong>farinae</strong></span> <span class='ocrx_word' id='word_1_705' title='bbox 4369 3574 4495 3628; x_wconf 86' lang='lat' dir='ltr'><strong>satis</strong></span> <span class='ocrx_word' id='word_1_706' title='bbox 4538 3572 4717 3627; x_wconf 75' lang='lat' dir='ltr'><strong>tribus.</strong></span> 
     </span>
    </p>
   </div>
   <div class='ocr_carea' id='block_1_97' title="bbox 3183 3663 4708 3737">
    <p class='ocr_par' dir='ltr' id='par_1_97' title="bbox 3183 3663 4708 3737">
     <span class='ocr_line' id='line_1_97' title="bbox 3183 3663 4708 3737; baseline -0.008 -16"><span class='ocrx_word' id='word_1_707' title='bbox 3183 3667 3355 3721; x_wconf 63' lang='lat' dir='ltr'><strong>donec</strong></span> <span class='ocrx_word' id='word_1_708' title='bbox 3415 3665 3834 3722; x_wconf 82' lang='lat' dir='ltr'><strong>fermentaretur</strong></span> <span class='ocrx_word' id='word_1_709' title='bbox 3889 3675 4056 3722; x_wconf 90' lang='lat' dir='ltr'><strong>totum</strong></span> <span class='ocrx_word' id='word_1_710' title='bbox 4103 3665 4313 3737; x_wconf 65' lang='grc' dir='ltr'><strong>(Μαιώ.</strong></span> <span class='ocrx_word' id='word_1_711' title='bbox 4360 3664 4515 3733; x_wconf 75' lang='lat' dir='ltr'><strong>xm),</strong></span> <span class='ocrx_word' id='word_1_712' title='bbox 4560 3663 4708 3717; x_wconf 80' lang='lat' dir='ltr'><strong>idest</strong></span> 
     </span>
    </p>
   </div>
   <div class='ocr_carea' id='block_1_98' title="bbox 3182 3754 4715 3827">
    <p class='ocr_par' dir='ltr' id='par_1_98' title="bbox 3182 3754 4715 3827">
     <span class='ocr_line' id='line_1_98' title="bbox 3182 3754 4715 3827; baseline -0.005 -14"><span class='ocrx_word' id='word_1_713' title='bbox 3182 3768 3430 3813; x_wconf 86' lang='lat' dir='ltr'><strong>sanctum</strong></span> <span class='ocrx_word' id='word_1_714' title='bbox 3455 3757 3827 3827; x_wconf 83' lang='lat' dir='ltr'><strong>Evangelium.</strong></span> <span class='ocrx_word' id='word_1_715' title='bbox 3861 3757 3916 3811; x_wconf 92' lang='lat' dir='ltr'><strong>lu</strong></span> <span class='ocrx_word' id='word_1_716' title='bbox 3944 3757 4044 3813; x_wconf 83' lang='lat' dir='ltr'><strong>hac</strong></span> <span class='ocrx_word' id='word_1_717' title='bbox 4066 3756 4325 3826; x_wconf 89' lang='lat' dir='ltr'><strong>siquidem</strong></span> <span class='ocrx_word' id='word_1_718' title='bbox 4352 3754 4623 3809; x_wconf 85' lang='lat' dir='ltr'><strong>solitudine</strong></span> <span class='ocrx_word' id='word_1_719' title='bbox 4642 3766 4715 3819; x_wconf 80' lang='lat' dir='ltr'><strong>po-</strong></span> 
     </span>
    </p>
   </div>
   <div class='ocr_carea' id='block_1_99' title="bbox 3182 3842 4716 3921">
    <p class='ocr_par' dir='ltr' id='par_1_99' title="bbox 3182 3842 4716 3921">
     <span class='ocr_line' id='line_1_99' title="bbox 3182 3842 4716 3921; baseline -0.005 -18"><span class='ocrx_word' id='word_1_720' title='bbox 3182 3849 3341 3921; x_wconf 89' lang='lat' dir='ltr'><strong>pulus</strong></span> <span class='ocrx_word' id='word_1_721' title='bbox 3382 3851 3760 3916; x_wconf 78' lang='lat' dir='ltr'><strong>murm‘uravit,</strong></span> <span class='ocrx_word' id='word_1_722' title='bbox 3794 3857 3847 3906; x_wconf 90' lang='lat' dir='ltr'><strong>et</strong></span> <span class='ocrx_word' id='word_1_723' title='bbox 3897 3864 4091 3903; x_wconf 86' lang='lat' dir='ltr'><strong>manna</strong></span> <span class='ocrx_word' id='word_1_724' title='bbox 4140 3846 4295 3902; x_wconf 90' lang='lat' dir='ltr'><strong>simul</strong></span> <span class='ocrx_word' id='word_1_725' title='bbox 4343 3856 4396 3902; x_wconf 88' lang='lat' dir='ltr'><strong>et</strong></span> <span class='ocrx_word' id='word_1_726' title='bbox 4443 3842 4716 3901; x_wconf 73' lang='lat' dir='ltr'><strong>cotumicet</strong></span> 
     </span>
    </p>
   </div>
   <div class='ocr_carea' id='block_1_100' title="bbox 3184 3936 4711 4010">
    <p class='ocr_par' dir='ltr' id='par_1_100' title="bbox 3184 3936 4711 4010">
     <span class='ocr_line' id='line_1_100' title="bbox 3184 3936 4711 4010; baseline -0.006 -15"><span class='ocrx_word' id='word_1_727' title='bbox 3184 3940 3415 4010; x_wconf 87' lang='lat' dir='ltr'><strong>accepit.</strong></span> <span class='ocrx_word' id='word_1_728' title='bbox 3446 3939 3513 3993; x_wconf 80' lang='lat' dir='ltr'><strong>Et</strong></span> <span class='ocrx_word' id='word_1_729' title='bbox 3543 3954 3665 3996; x_wconf 86' lang='lat' dir='ltr'><strong>cum</strong></span> <span class='ocrx_word' id='word_1_730' title='bbox 3704 3955 3812 3995; x_wconf 85' lang='lat' dir='ltr'><strong>non</strong></span> <span class='ocrx_word' id='word_1_731' title='bbox 3841 3939 4001 3993; x_wconf 86' lang='lat' dir='ltr'><strong>modo</strong></span> <span class='ocrx_word' id='word_1_732' title='bbox 4026 3938 4372 3999; x_wconf 80' lang='lat' dir='ltr'><strong>fermentum,</strong></span> <span class='ocrx_word' id='word_1_733' title='bbox 4396 3936 4488 3991; x_wconf 89' lang='lat' dir='ltr'><strong>sed</strong></span> <span class='ocrx_word' id='word_1_734' title='bbox 4513 3942 4566 3989; x_wconf 87' lang='lat' dir='ltr'><strong>et</strong></span> <span class='ocrx_word' id='word_1_735' title='bbox 4585 3945 4711 3991; x_wconf 63' lang='lat' dir='ltr'><strong>manv</strong></span> 
     </span>
    </p>
   </div>
   <div class='ocr_carea' id='block_1_101' title="bbox 3183 4025 4712 4125">
    <p class='ocr_par' dir='ltr' id='par_1_101' title="bbox 3183 4025 4712 4125">
     <span class='ocr_line' id='line_1_101' title="bbox 3183 4025 4712 4125; baseline -0.001 -41"><span class='ocrx_word' id='word_1_736' title='bbox 3183 4046 3250 4084; x_wconf 88' lang='lat' dir='ltr'><strong>na</strong></span> <span class='ocrx_word' id='word_1_737' title='bbox 3300 4047 3514 4086; x_wconf 88' lang='lat' dir='ltr'><strong>sacrum</strong></span> <span class='ocrx_word' id='word_1_738' title='bbox 3551 4030 3817 4099; x_wconf 78' lang='lat' dir='ltr'><strong>significet</strong></span> <span class='ocrx_word' id='word_1_739' title='bbox 3867 4028 4243 4100; x_wconf 75' lang='lat' dir='ltr'><strong>Evangelium,</strong></span> <span class='ocrx_word' id='word_1_740' title='bbox 4281 4028 4413 4084; x_wconf 87' lang='lat' dir='ltr'><strong>miro</strong></span> <span class='ocrx_word' id='word_1_741' title='bbox 4445 4025 4712 4125; x_wconf 83' lang='lat' dir='ltr'><strong>modo</strong></span> 
     </span>
    </p>
   </div>
   <div class='ocr_carea' id='block_1_102' title="bbox 3182 4116 4711 4189">
    <p class='ocr_par' dir='ltr' id='par_1_102' title="bbox 3182 4116 4711 4189">
     <span class='ocr_line' id='line_1_102' title="bbox 3182 4116 4711 4189; baseline -0.004 -10"><span class='ocrx_word' id='word_1_742' title='bbox 3182 4124 3343 4179; x_wconf 85' lang='lat' dir='ltr'><strong>simul</strong></span> <span class='ocrx_word' id='word_1_743' title='bbox 3372 4125 3424 4178; x_wconf 92' lang='lat' dir='ltr'><strong>in</strong></span> <span class='ocrx_word' id='word_1_744' title='bbox 3455 4124 3661 4179; x_wconf 83' lang='lat' dir='ltr'><strong>decima</strong></span> <span class='ocrx_word' id='word_1_745' title='bbox 3692 4123 3972 4179; x_wconf 86' lang='lat' dir='ltr'><strong>mansione</strong></span> <span class='ocrx_word' id='word_1_746' title='bbox 3996 4121 4352 4183; x_wconf 84' lang='lat' dir='ltr'><strong>conveniunt,</strong></span> <span class='ocrx_word' id='word_1_747' title='bbox 4383 4130 4438 4173; x_wconf 91' lang='lat' dir='ltr'><strong>nt</strong></span> <span class='ocrx_word' id='word_1_748' title='bbox 4470 4128 4583 4189; x_wconf 88' lang='lat' dir='ltr'><strong>post</strong></span> <span class='ocrx_word' id='word_1_749' title='bbox 4604 4116 4711 4186; x_wconf 67' lang='lat' dir='ltr'><strong>legis</strong></span> 
     </span>
    </p>
   </div>
   <div class='ocr_carea' id='block_1_103' title="bbox 3180 4205 4712 4287">
    <p class='ocr_par' dir='ltr' id='par_1_103' title="bbox 3180 4205 4712 4287">
     <span class='ocr_line' id='line_1_103' title="bbox 3180 4205 4712 4287; baseline -0.004 -18"><span class='ocrx_word' id='word_1_750' title='bbox 3180 4216 3475 4286; x_wconf 71' lang='lat' dir='ltr'><strong>przemissa:</strong></span> <span class='ocrx_word' id='word_1_751' title='bbox 3509 4215 3830 4287; x_wconf 67' lang='lat' dir='ltr'><strong>Decalogum</strong></span> <span class='ocrx_word' id='word_1_752' title='bbox 3864 4214 4021 4287; x_wconf 87' lang='lat' dir='ltr'><strong>panis</strong></span> <span class='ocrx_word' id='word_1_753' title='bbox 4046 4213 4314 4283; x_wconf 73' lang='lat' dir='ltr'><strong>Evangelii</strong></span> <span class='ocrx_word' id='word_1_754' title='bbox 4347 4211 4621 4267; x_wconf 84' lang='lat' dir='ltr'><strong>succedere</strong></span> <span class='ocrx_word' id='word_1_755' title='bbox 4651 4205 4712 4257; x_wconf 79' lang='lat' dir='ltr'><strong>vi-</strong></span> 
     </span>
    </p>
   </div>
   <div class='ocr_carea' id='block_1_104' title="bbox 3178 4307 3389 4362">
    <p class='ocr_par' dir='ltr' id='par_1_104' title="bbox 3178 4307 3389 4362">
     <span class='ocr_line' id='line_1_104' title="bbox 3178 4307 3389 4362; baseline 0 -1"><span class='ocrx_word' id='word_1_756' title='bbox 3178 4307 3389 4362; x_wconf 82' lang='lat' dir='ltr'><strong>deatur.</strong></span> 
     </span>
    </p>
   </div>
   <div class='ocr_carea' id='block_1_105' title="bbox 3251 4391 4709 4469">
    <p class='ocr_par' dir='ltr' id='par_1_105' title="bbox 3251 4391 4709 4469">
     <span class='ocr_line' id='line_1_105' title="bbox 3251 4391 4709 4469; baseline -0.007 -14"><span class='ocrx_word' id='word_1_757' title='bbox 3251 4401 3381 4456; x_wconf 81' lang='lat' dir='ltr'><strong>Post</strong></span> <span class='ocrx_word' id='word_1_758' title='bbox 3413 4402 3529 4457; x_wconf 72' lang='lat' dir='ltr'><strong>lucc</strong></span> <span class='ocrx_word' id='word_1_759' title='bbox 3567 4400 3790 4455; x_wconf 85' lang='lat' dir='ltr'><strong>veniunt</strong></span> <span class='ocrx_word' id='word_1_760' title='bbox 3824 4400 3876 4455; x_wconf 91' lang='lat' dir='ltr'><strong>in</strong></span> <span class='ocrx_word' id='word_1_761' title='bbox 3912 4398 4200 4469; x_wconf 82' lang='lat' dir='ltr'><strong>Rapbidin.</strong></span> <span class='ocrx_word' id='word_1_762' title='bbox 4230 4397 4607 4466; x_wconf 79' lang='lat' dir='ltr'><strong>interpretatur</strong></span> <span class='ocrx_word' id='word_1_763' title='bbox 4634 4391 4709 4445; x_wconf 72' lang='lat' dir='ltr'><strong>ita-</strong></span> 
     </span>
    </p>
   </div>
   <div class='ocr_carea' id='block_1_106' title="bbox 3182 4482 4709 4563">
    <p class='ocr_par' dir='ltr' id='par_1_106' title="bbox 3182 4482 4709 4563">
     <span class='ocr_line' id='line_1_106' title="bbox 3182 4482 4709 4563; baseline -0.009 -15"><span class='ocrx_word' id='word_1_764' title='bbox 3182 4509 3287 4563; x_wconf 81' lang='lat' dir='ltr'><strong>que</strong></span> <span class='ocrx_word' id='word_1_765' title='bbox 3316 4492 3586 4562; x_wconf 82' lang='lat' dir='ltr'><strong>Rapbidin</strong></span> <span class='ocrx_word' id='word_1_766' title='bbox 3617 4491 3734 4545; x_wconf 79' lang='lat' dir='ltr'><strong>laus</strong></span> <span class='ocrx_word' id='word_1_767' title='bbox 3755 4491 3968 4560; x_wconf 80' lang='lat' dir='ltr'><strong>judicii.</strong></span> <span class='ocrx_word' id='word_1_768' title='bbox 4001 4489 4066 4544; x_wconf 83' lang='lat' dir='ltr'><strong>Et</strong></span> <span class='ocrx_word' id='word_1_769' title='bbox 4094 4496 4239 4544; x_wconf 83' lang='lat' dir='ltr'><strong>certe</strong></span> <span class='ocrx_word' id='word_1_770' title='bbox 4264 4487 4395 4542; x_wconf 86' lang='lat' dir='ltr'><strong>satis</strong></span> <span class='ocrx_word' id='word_1_771' title='bbox 4419 4482 4644 4554; x_wconf 80' lang='lat' dir='ltr'><strong>congruit</strong></span> <span class='ocrx_word' id='word_1_772' title='bbox 4666 4486 4709 4531; x_wconf 80' lang='lat' dir='ltr'><strong>ut</strong></span> 
     </span>
    </p>
   </div>
   <div class='ocr_carea' id='block_1_107' title="bbox 3184 4574 4706 4669">
    <p class='ocr_par' dir='ltr' id='par_1_107' title="bbox 3184 4574 4706 4669">
     <span class='ocr_line' id='line_1_107' title="bbox 3184 4574 4706 4669; baseline -0.007 -32"><span class='ocrx_word' id='word_1_773' title='bbox 3184 4593 3239 4638; x_wconf 88' lang='lat' dir='ltr'><strong>et</strong></span> <span class='ocrx_word' id='word_1_774' title='bbox 3284 4582 3437 4635; x_wconf 80' lang='lat' dir='ltr'><strong>labor</strong></span> <span class='ocrx_word' id='word_1_775' title='bbox 3477 4582 3764 4635; x_wconf 89' lang='lat' dir='ltr'><strong>antecedat</strong></span> <span class='ocrx_word' id='word_1_776' title='bbox 3806 4580 4037 4642; x_wconf 83' lang='lat' dir='ltr'><strong>laudem,</strong></span> <span class='ocrx_word' id='word_1_777' title='bbox 4082 4586 4137 4633; x_wconf 89' lang='lat' dir='ltr'><strong>et</strong></span> <span class='ocrx_word' id='word_1_778' title='bbox 4179 4578 4293 4632; x_wconf 90' lang='lat' dir='ltr'><strong>laus</strong></span> <span class='ocrx_word' id='word_1_779' title='bbox 4315 4574 4706 4669; x_wconf 81' lang='lat' dir='ltr'><strong>proveniat</strong></span> 
     </span>
    </p>
   </div>
   <div class='ocr_carea' id='block_1_108' title="bbox 3181 4659 4708 4741">
    <p class='ocr_par' dir='ltr' id='par_1_108' title="bbox 3181 4659 4708 4741">
     <span class='ocr_line' id='line_1_108' title="bbox 3181 4659 4708 4741; baseline -0.01 -15"><span class='ocrx_word' id='word_1_780' title='bbox 3181 4672 3442 4727; x_wconf 88' lang='lat' dir='ltr'><strong>laborem.</strong></span> <span class='ocrx_word' id='word_1_781' title='bbox 3474 4669 3670 4725; x_wconf 87' lang='lat' dir='ltr'><strong>Verum</strong></span> <span class='ocrx_word' id='word_1_782' title='bbox 3702 4687 3807 4727; x_wconf 91' lang='lat' dir='ltr'><strong>non</strong></span> <span class='ocrx_word' id='word_1_783' title='bbox 3838 4670 4201 4741; x_wconf 86' lang='lat' dir='ltr'><strong>cujuscunque</strong></span> <span class='ocrx_word' id='word_1_784' title='bbox 4228 4668 4325 4733; x_wconf 88' lang='lat' dir='ltr'><strong>rei,</strong></span> <span class='ocrx_word' id='word_1_785' title='bbox 4352 4667 4441 4721; x_wconf 88' lang='lat' dir='ltr'><strong>sed</strong></span> <span class='ocrx_word' id='word_1_786' title='bbox 4470 4666 4580 4718; x_wconf 81' lang='lat' dir='ltr'><strong>laus</strong></span> <span class='ocrx_word' id='word_1_787' title='bbox 4598 4659 4708 4732; x_wconf 83' lang='lat' dir='ltr'><strong>judi-</strong></span> 
     </span>
    </p>
   </div>
   <div class='ocr_carea' id='block_1_109' title="bbox 3184 4752 4707 4851">
    <p class='ocr_par' dir='ltr' id='par_1_109' title="bbox 3184 4752 4707 4851">
     <span class='ocr_line' id='line_1_109' title="bbox 3184 4752 4707 4851; baseline -0.013 -29"><span class='ocrx_word' id='word_1_788' title='bbox 3184 4766 3275 4830; x_wconf 78' lang='lat' dir='ltr'><strong>cii,</strong></span> <span class='ocrx_word' id='word_1_789' title='bbox 3309 4764 3559 4819; x_wconf 85' lang='lat' dir='ltr'><strong>videlicet</strong></span> <span class='ocrx_word' id='word_1_790' title='bbox 3594 4764 3659 4825; x_wconf 85' lang='lat' dir='ltr'><strong>de</strong></span> <span class='ocrx_word' id='word_1_791' title='bbox 3698 4763 3924 4817; x_wconf 86' lang='lat' dir='ltr'><strong>rationis</strong></span> <span class='ocrx_word' id='word_1_792' title='bbox 3951 4760 4155 4829; x_wconf 78' lang='lat' dir='ltr'><strong>judicio</strong></span> <span class='ocrx_word' id='word_1_793' title='bbox 4185 4760 4403 4831; x_wconf 85' lang='lat' dir='ltr'><strong>prodeat</strong></span> <span class='ocrx_word' id='word_1_794' title='bbox 4424 4772 4577 4851; x_wconf 31' lang='lat' dir='ltr'><strong>{non</strong></span> <span class='ocrx_word' id='word_1_795' title='bbox 4619 4752 4707 4851; x_wconf 69' lang='lat' dir='ltr'><strong>laus</strong></span> 
     </span>
    </p>
   </div>
   <div class='ocr_carea' id='block_1_110' title="bbox 3184 4840 4707 4927">
    <p class='ocr_par' dir='ltr' id='par_1_110' title="bbox 3184 4840 4707 4927">
     <span class='ocr_line' id='line_1_110' title="bbox 3184 4840 4707 4927; baseline -0.014 -13"><span class='ocrx_word' id='word_1_796' title='bbox 3184 4872 3304 4927; x_wconf 76' lang='lat' dir='ltr'><strong>qme</strong></span> <span class='ocrx_word' id='word_1_797' title='bbox 3353 4856 3418 4912; x_wconf 90' lang='lat' dir='ltr'><strong>de</strong></span> <span class='ocrx_word' id='word_1_798' title='bbox 3457 4855 3725 4927; x_wconf 82' lang='lat' dir='ltr'><strong>superbiae</strong></span> <span class='ocrx_word' id='word_1_799' title='bbox 3760 4854 4001 4909; x_wconf 78' lang='lat' dir='ltr'><strong>vanitate</strong></span> <span class='ocrx_word' id='word_1_800' title='bbox 4038 4854 4294 4924; x_wconf 80' lang='lat' dir='ltr'><strong>procedat</strong></span> <span class='ocrx_word' id='word_1_801' title='bbox 4330 4869 4343 4904; x_wconf 86' lang='lat'><strong>:</strong></span> <span class='ocrx_word' id='word_1_802' title='bbox 4388 4869 4407 4900; x_wconf 81' lang='grc' dir='ltr'><strong>ι</strong></span> <span class='ocrx_word' id='word_1_803' title='bbox 4442 4840 4707 4918; x_wconf 80' lang='lat' dir='ltr'><strong>Spiritualit</strong></span> 
     </span>
    </p>
   </div>
   <div class='ocr_carea' id='block_1_111' title="bbox 3182 4938 4705 5018">
    <p class='ocr_par' dir='ltr' id='par_1_111' title="bbox 3182 4938 4705 5018">
     <span class='ocr_line' id='line_1_111' title="bbox 3182 4938 4705 5018; baseline -0.01 -15"><span class='ocrx_word' id='word_1_804' title='bbox 3182 4950 3326 5003; x_wconf 86' lang='lat' dir='ltr'><strong>enim</strong></span> <span class='ocrx_word' id='word_1_805' title='bbox 3376 4948 3540 5004; x_wconf 83' lang='lat' dir='ltr'><strong>homo</strong></span> <span class='ocrx_word' id='word_1_806' title='bbox 3579 4947 3785 5018; x_wconf 74' lang='lat' dir='ltr'><strong>iudicat</strong></span> <span class='ocrx_word' id='word_1_807' title='bbox 3827 4946 4030 5007; x_wconf 85' lang='lat' dir='ltr'><strong>omnia,</strong></span> <span class='ocrx_word' id='word_1_808' title='bbox 4055 4955 4107 4999; x_wconf 89' lang='lat' dir='ltr'><strong>et</strong></span> <span class='ocrx_word' id='word_1_809' title='bbox 4153 4960 4183 4998; x_wconf 92' lang='lat' dir='ltr'><strong>a</strong></span> <span class='ocrx_word' id='word_1_810' title='bbox 4231 4941 4439 4999; x_wconf 88' lang='lat' dir='ltr'><strong>nemine</strong></span> <span class='ocrx_word' id='word_1_811' title='bbox 4474 4938 4705 5008; x_wconf 74' lang='lat' dir='ltr'><strong>iudicatur</strong></span> 
     </span>
    </p>
   </div>
   <div class='ocr_carea' id='block_1_112' title="bbox 3181 5029 4706 5112">
    <p class='ocr_par' dir='ltr' id='par_1_112' title="bbox 3181 5029 4706 5112">
     <span class='ocr_line' id='line_1_112' title="bbox 3181 5029 4706 5112; baseline -0.01 -20"><span class='ocrx_word' id='word_1_812' title='bbox 3181 5040 3232 5112; x_wconf 87' lang='grc' dir='ltr'><strong>(Ι</strong></span> <span class='ocrx_word' id='word_1_813' title='bbox 3264 5038 3389 5094; x_wconf 83' lang='lat' dir='ltr'><strong>Cor.</strong></span> <span class='ocrx_word' id='word_1_814' title='bbox 3426 5040 3511 5110; x_wconf 83' lang='lat' dir='ltr'><strong>lt).</strong></span> <span class='ocrx_word' id='word_1_815' title='bbox 3543 5057 3562 5091; x_wconf 74' lang='grc' dir='ltr'><strong>ι</strong></span> <span class='ocrx_word' id='word_1_816' title='bbox 3606 5037 3971 5107; x_wconf 83' lang='lat' dir='ltr'><strong>Reperiuntur</strong></span> <span class='ocrx_word' id='word_1_817' title='bbox 4008 5045 4064 5090; x_wconf 91' lang='lat' dir='ltr'><strong>et</strong></span> <span class='ocrx_word' id='word_1_818' title='bbox 4090 5035 4207 5089; x_wconf 68' lang='lat' dir='ltr'><strong>aliae</strong></span> <span class='ocrx_word' id='word_1_819' title='bbox 4246 5034 4429 5088; x_wconf 72' lang='lat' dir='ltr'><strong>borum</strong></span> <span class='ocrx_word' id='word_1_820' title='bbox 4474 5029 4706 5084; x_wconf 79' lang='lat' dir='ltr'><strong>nominum</strong></span> 
     </span>
    </p>
   </div>
   <div class='ocr_carea' id='block_1_113' title="bbox 3181 5118 4706 5202">
    <p class='ocr_par' dir='ltr' id='par_1_113' title="bbox 3181 5118 4706 5202">
     <span class='ocr_line' id='line_1_113' title="bbox 3181 5118 4706 5202; baseline -0.009 -16"><span class='ocrx_word' id='word_1_821' title='bbox 3181 5132 3674 5202; x_wconf 79' lang='lat' dir='ltr'><strong>interpretationes.</strong></span> <span class='ocrx_word' id='word_1_822' title='bbox 3720 5130 3824 5185; x_wconf 89' lang='lat' dir='ltr'><strong>Sed</strong></span> <span class='ocrx_word' id='word_1_823' title='bbox 3863 5131 3908 5184; x_wconf 87' lang='lat' dir='ltr'><strong>si</strong></span> <span class='ocrx_word' id='word_1_824' title='bbox 3945 5138 4136 5185; x_wconf 86' lang='lat' dir='ltr'><strong>cuncta</strong></span> <span class='ocrx_word' id='word_1_825' title='bbox 4162 5170 4177 5192; x_wconf 95' lang='lat'><strong>,</strong></span> <span class='ocrx_word' id='word_1_826' title='bbox 4214 5142 4330 5197; x_wconf 65' lang='lat' dir='ltr'><strong>qua:</strong></span> <span class='ocrx_word' id='word_1_827' title='bbox 4370 5123 4518 5178; x_wconf 82' lang='lat' dir='ltr'><strong>nobis</strong></span> <span class='ocrx_word' id='word_1_828' title='bbox 4552 5123 4602 5175; x_wconf 91' lang='lat' dir='ltr'><strong>in</strong></span> <span class='ocrx_word' id='word_1_829' title='bbox 4632 5118 4706 5172; x_wconf 65' lang='lat' dir='ltr'><strong>hic</strong></span> 
     </span>
    </p>
   </div>
   <div class='ocr_carea' id='block_1_114' title="bbox 3180 5214 4706 5311">
    <p class='ocr_par' dir='ltr' id='par_1_114' title="bbox 3180 5214 4706 5311">
     <span class='ocr_line' id='line_1_114' title="bbox 3180 5214 4706 5311; baseline -0.01 -34"><span class='ocrx_word' id='word_1_830' title='bbox 3180 5224 3401 5277; x_wconf 87' lang='lat' dir='ltr'><strong>materia</strong></span> <span class='ocrx_word' id='word_1_831' title='bbox 3442 5231 3825 5292; x_wconf 72' lang='lat' dir='ltr'><strong>suggeruntur,</strong></span> <span class='ocrx_word' id='word_1_832' title='bbox 3861 5218 4252 5290; x_wconf 89' lang='lat' dir='ltr'><strong>amplectimur,</strong></span> <span class='ocrx_word' id='word_1_833' title='bbox 4274 5214 4293 5283; x_wconf 84' lang='lat' dir='ltr'>j</span> <span class='ocrx_word' id='word_1_834' title='bbox 4317 5231 4383 5268; x_wconf 70' lang='lat' dir='ltr'><strong>.m</strong></span> <span class='ocrx_word' id='word_1_835' title='bbox 4420 5228 4523 5266; x_wconf 81' lang='lat' dir='ltr'><strong>ann</strong></span> <span class='ocrx_word' id='word_1_836' title='bbox 4555 5219 4706 5311; x_wconf 63' lang='lat' dir='ltr'><strong>serva-</strong></span> 
     </span>
    </p>
   </div>
   <div class='ocr_carea' id='block_1_115' title="bbox 3179 5306 4703 5400">
    <p class='ocr_par' dir='ltr' id='par_1_115' title="bbox 3179 5306 4703 5400">
     <span class='ocr_line' id='line_1_115' title="bbox 3179 5306 4703 5400; baseline -0.014 -30"><span class='ocrx_word' id='word_1_837' title='bbox 3179 5316 3325 5370; x_wconf 89' lang='lat' dir='ltr'><strong>bitur</strong></span> <span class='ocrx_word' id='word_1_838' title='bbox 3361 5312 3672 5383; x_wconf 48' lang='lat' dir='ltr'><strong>egistolaris</strong></span> <span class='ocrx_word' id='word_1_839' title='bbox 3704 5312 3836 5365; x_wconf 90' lang='lat' dir='ltr'><strong>ordo</strong></span> <span class='ocrx_word' id='word_1_840' title='bbox 3864 5308 4195 5379; x_wconf 88' lang='lat' dir='ltr'><strong>compendii,</strong></span> <span class='ocrx_word' id='word_1_841' title='bbox 4240 5306 4331 5360; x_wconf 84' lang='lat' dir='ltr'><strong>sed</strong></span> <span class='ocrx_word' id='word_1_842' title='bbox 4372 5306 4703 5400; x_wconf 42' lang='lat' dir='ltr'><strong>onerosi-con:</strong></span> 
     </span>
    </p>
   </div>
   <div class='ocr_carea' id='block_1_116' title="bbox 3183 5394 4705 5474">
    <p class='ocr_par' dir='ltr' id='par_1_116' title="bbox 3183 5394 4705 5474">
     <span class='ocr_line' id='line_1_116' title="bbox 3183 5394 4705 5474; baseline -0.016 -15"><span class='ocrx_word' id='word_1_843' title='bbox 3183 5414 3364 5474; x_wconf 67' lang='lat' dir='ltr'><strong>surget</strong></span> <span class='ocrx_word' id='word_1_844' title='bbox 3393 5401 3693 5457; x_wconf 74' lang='lat' dir='ltr'><strong>enormitas</strong></span> <span class='ocrx_word' id='word_1_845' title='bbox 3722 5399 3865 5453; x_wconf 91' lang='lat' dir='ltr'><strong>libri.</strong></span> <span class='ocrx_word' id='word_1_846' title='bbox 3898 5397 4255 5454; x_wconf 84' lang='lat' dir='ltr'><strong>lsraelitarum</strong></span> <span class='ocrx_word' id='word_1_847' title='bbox 4286 5407 4409 5462; x_wconf 66' lang='lat' dir='ltr'><strong>ergo</strong></span> <span class='ocrx_word' id='word_1_848' title='bbox 4441 5394 4705 5445; x_wconf 67' lang='lat' dir='ltr'><strong>mansiones</strong></span> 
     </span>
    </p>
   </div>
   <div class='ocr_carea' id='block_1_117' title="bbox 3184 5484 4705 5554">
    <p class='ocr_par' dir='ltr' id='par_1_117' title="bbox 3184 5484 4705 5554">
     <span class='ocr_line' id='line_1_117' title="bbox 3184 5484 4705 5554; baseline -0.013 -4"><span class='ocrx_word' id='word_1_849' title='bbox 3184 5495 3461 5550; x_wconf 80' lang='lat' dir='ltr'><strong>succincte</strong></span> <span class='ocrx_word' id='word_1_850' title='bbox 3498 5489 3952 5554; x_wconf 86' lang='lat' dir='ltr'><strong>transcurrimus,</strong></span> <span class='ocrx_word' id='word_1_851' title='bbox 3992 5503 4099 5543; x_wconf 89' lang='lat' dir='ltr'><strong>non</strong></span> <span class='ocrx_word' id='word_1_852' title='bbox 4135 5495 4190 5539; x_wconf 90' lang='lat' dir='ltr'><strong>ut</strong></span> <span class='ocrx_word' id='word_1_853' title='bbox 4224 5498 4405 5539; x_wconf 86' lang='lat' dir='ltr'><strong>earum</strong></span> <span class='ocrx_word' id='word_1_854' title='bbox 4447 5484 4705 5534; x_wconf 74' lang='lat' dir='ltr'><strong>scrutemur</strong></span> 
     </span>
    </p>
   </div>
   <div class='ocr_carea' id='block_1_118' title="bbox 3185 5571 4703 5646">
    <p class='ocr_par' dir='ltr' id='par_1_118' title="bbox 3185 5571 4703 5646">
     <span class='ocr_line' id='line_1_118' title="bbox 3185 5571 4703 5646; baseline -0.013 -8"><span class='ocrx_word' id='word_1_855' title='bbox 3185 5598 3381 5639; x_wconf 84' lang='lat' dir='ltr'><strong>arcana</strong></span> <span class='ocrx_word' id='word_1_856' title='bbox 3415 5582 3698 5646; x_wconf 88' lang='lat' dir='ltr'><strong>cubicula,</strong></span> <span class='ocrx_word' id='word_1_857' title='bbox 3745 5580 3838 5637; x_wconf 86' lang='lat' dir='ltr'><strong>sed</strong></span> <span class='ocrx_word' id='word_1_858' title='bbox 3876 5588 3933 5633; x_wconf 91' lang='lat' dir='ltr'><strong>ut</strong></span> <span class='ocrx_word' id='word_1_859' title='bbox 3970 5580 4021 5633; x_wconf 88' lang='lat' dir='ltr'><strong>in</strong></span> <span class='ocrx_word' id='word_1_860' title='bbox 4065 5591 4249 5631; x_wconf 84' lang='lat' dir='ltr'><strong>earum</strong></span> <span class='ocrx_word' id='word_1_861' title='bbox 4293 5571 4588 5629; x_wconf 85' lang='lat' dir='ltr'><strong>nominibus</strong></span> <span class='ocrx_word' id='word_1_862' title='bbox 4621 5578 4703 5621; x_wconf 76' lang='lat' dir='ltr'><strong>[an</strong></span> 
     </span>
    </p>
   </div>
   <div class='ocr_carea' id='block_1_119' title="bbox 3185 5662 4652 5747">
    <p class='ocr_par' dir='ltr' id='par_1_119' title="bbox 3185 5662 4652 5747">
     <span class='ocr_line' id='line_1_119' title="bbox 3185 5662 4652 5747; baseline -0.014 -15"><span class='ocrx_word' id='word_1_863' title='bbox 3185 5691 3344 5747; x_wconf 85' lang='lat' dir='ltr'><strong>quam</strong></span> <span class='ocrx_word' id='word_1_864' title='bbox 3382 5675 3649 5731; x_wconf 81' lang='lat' dir='ltr'><strong>exteriora</strong></span> <span class='ocrx_word' id='word_1_865' title='bbox 3682 5673 3949 5745; x_wconf 88' lang='lat' dir='ltr'><strong>parietum</strong></span> <span class='ocrx_word' id='word_1_866' title='bbox 3977 5668 4289 5740; x_wconf 82' lang='lat' dir='ltr'><strong>simpliciter</strong></span> <span class='ocrx_word' id='word_1_867' title='bbox 4316 5662 4652 5719; x_wconf 68' lang='lat' dir='ltr'><strong>ostendamus</strong></span> 
     </span>
    </p>
   </div>
   <div class='ocr_carea' id='block_1_120' title="bbox 3260 5752 4702 5827">
    <p class='ocr_par' dir='ltr' id='par_1_120' title="bbox 3260 5752 4702 5827">
     <span class='ocr_line' id='line_1_120' title="bbox 3260 5752 4702 5827; baseline -0.021 1"><span class='ocrx_word' id='word_1_868' title='bbox 3260 5770 3458 5827; x_wconf 81' lang='lat' dir='ltr'><strong>Deinde</strong></span> <span class='ocrx_word' id='word_1_869' title='bbox 3484 5752 3703 5825; x_wconf 24' lang='lat' dir='ltr'><strong>.rcniunt</strong></span> <span class='ocrx_word' id='word_1_870' title='bbox 3732 5768 3784 5823; x_wconf 90' lang='lat' dir='ltr'><strong>in</strong></span> <span class='ocrx_word' id='word_1_871' title='bbox 3817 5766 4086 5820; x_wconf 82' lang='lat' dir='ltr'><strong>desertum</strong></span> <span class='ocrx_word' id='word_1_872' title='bbox 4117 5759 4285 5815; x_wconf 79' lang='lat' dir='ltr'><strong>Sin-ai.</strong></span> <span class='ocrx_word' id='word_1_873' title='bbox 4318 5758 4429 5821; x_wconf 84' lang='lat' dir='ltr'><strong>Sin,</strong></span> <span class='ocrx_word' id='word_1_874' title='bbox 4467 5771 4616 5823; x_wconf 78' lang='lat' dir='ltr'><strong>quam</strong></span> <span class='ocrx_word' id='word_1_875' title='bbox 4641 5761 4702 5801; x_wconf 73' lang='lat' dir='ltr'><strong>stt-</strong></span> 
     </span>
    </p>
   </div>
  </div>
