  <div class='ocr_page' id='page_1' title='image "/cluster/home/n/w/nwhite01/storage/ocr_20150623/144-145/uc1.31175001639262/1068.png"; bbox 0 0 5904 6606; ppageno 0'>
   <div class='ocr_carea' id='block_1_1' title="bbox 1213 452 1361 510">
    <p class='ocr_par' dir='ltr' id='par_1_1' title="bbox 1213 452 1361 510">
     <span class='ocr_line' id='line_1_1' title="bbox 1213 452 1361 510; baseline 0.007 -1"><span class='ocrx_word' id='word_1_1' title='bbox 1213 452 1361 510; x_wconf 69' lang='grc'><strong>1057</strong></span> 
     </span>
    </p>
   </div>
   <div class='ocr_carea' id='block_1_2' title="bbox 2497 433 3183 501">
    <p class='ocr_par' dir='ltr' id='par_1_2' title="bbox 2497 433 3183 501">
     <span class='ocr_line' id='line_1_2' title="bbox 2497 433 3183 501; baseline -0.016 0"><span class='ocrx_word' id='word_1_2' title='bbox 2497 445 2560 501; x_wconf 72' lang='grc' dir='ltr'><strong>ΙΝ</strong></span> <span class='ocrx_word' id='word_1_3' title='bbox 2602 437 2862 498; x_wconf 67' lang='grc' dir='ltr'>ιιιιιιιῖιι</span> <span class='ocrx_word' id='word_1_4' title='bbox 2897 433 3183 494; x_wconf 62' lang='lat' dir='ltr'><strong>NUMERI.</strong></span> 
     </span>
    </p>
   </div>
   <div class='ocr_carea' id='block_1_3' title="bbox 4379 417 4519 477">
    <p class='ocr_par' dir='ltr' id='par_1_3' title="bbox 4379 417 4519 477">
     <span class='ocr_line' id='line_1_3' title="bbox 4379 417 4519 477; baseline 0.021 -3"><span class='ocrx_word' id='word_1_5' title='bbox 4379 417 4519 477; x_wconf 67' lang='lat'><strong>£058</strong></span> 
     </span>
    </p>
   </div>
   <div class='ocr_carea' id='block_1_4' title="bbox 1208 535 3540 648">
    <p class='ocr_par' dir='ltr' id='par_1_4' title="bbox 1208 543 3540 648">
     <span class='ocr_line' id='line_1_4' title="bbox 1208 543 3540 648; baseline -0.015 -17"><span class='ocrx_word' id='word_1_6' title='bbox 1208 575 1407 648; x_wconf 76' lang='lat' dir='ltr'><strong>peritis</strong></span> <span class='ocrx_word' id='word_1_7' title='bbox 1433 574 1700 638; x_wconf 78' lang='lat' dir='ltr'><strong>diximus,</strong></span> <span class='ocrx_word' id='word_1_8' title='bbox 1735 584 1788 627; x_wconf 89' lang='lat' dir='ltr'><strong>et</strong></span> <span class='ocrx_word' id='word_1_9' title='bbox 1819 569 1966 626; x_wconf 87' lang='lat' dir='ltr'><strong>Sinai</strong></span> <span class='ocrx_word' id='word_1_10' title='bbox 2015 584 2179 622; x_wconf 90' lang='lat' dir='ltr'><strong>unum</strong></span> <span class='ocrx_word' id='word_1_11' title='bbox 2214 581 2317 620; x_wconf 93' lang='lat' dir='ltr'><strong>non</strong></span> <span class='ocrx_word' id='word_1_12' title='bbox 2362 564 2655 632; x_wconf 83' lang='lat' dir='ltr'><strong>ambigitur</strong></span> <span class='ocrx_word' id='word_1_13' title='bbox 2684 570 2805 614; x_wconf 88' lang='lat' dir='ltr'><strong>esse</strong></span> <span class='ocrx_word' id='word_1_14' title='bbox 2833 559 2881 616; x_wconf 77' lang='grc' dir='ltr'><strong>Α</strong></span> <span class='ocrx_word' id='word_1_15' title='bbox 2912 562 3188 622; x_wconf 79' lang='lat' dir='ltr'><strong>perpetuis</strong></span> <span class='ocrx_word' id='word_1_16' title='bbox 3217 560 3494 616; x_wconf 84' lang='lat' dir='ltr'><strong>separare.</strong></span> <span class='ocrx_word' id='word_1_17' title='bbox 3523 543 3540 597; x_wconf 71' lang='grc' dir='ltr'>ξ</span> 
     </span>
    </p>
   </div>
   <div class='ocr_carea' id='block_1_5' title="bbox 2181 535 4513 648">
    <p class='ocr_par' dir='ltr' id='par_1_5' title="bbox 2214 535 4513 632">
     <span class='ocr_line' id='line_1_5' title="bbox 2214 535 4513 632; baseline -0.013 -12"><span class='ocrx_word' id='word_1_18' title='bbox 2214 581 2317 620; x_wconf 92' lang='lat' dir='ltr'><strong>non</strong></span> <span class='ocrx_word' id='word_1_19' title='bbox 2362 564 2655 632; x_wconf 70' lang='lat' dir='ltr'><strong>ambigitur</strong></span> <span class='ocrx_word' id='word_1_20' title='bbox 2684 570 2805 614; x_wconf 89' lang='lat' dir='ltr'><strong>esse</strong></span> <span class='ocrx_word' id='word_1_21' title='bbox 2833 559 2881 616; x_wconf 76' lang='grc' dir='ltr'><strong>Α</strong></span> <span class='ocrx_word' id='word_1_22' title='bbox 2912 562 3188 622; x_wconf 78' lang='lat' dir='ltr'><strong>perpetuis</strong></span> <span class='ocrx_word' id='word_1_23' title='bbox 3217 560 3494 616; x_wconf 83' lang='lat' dir='ltr'><strong>separare.</strong></span> <span class='ocrx_word' id='word_1_24' title='bbox 3523 543 3580 598; x_wconf 81' lang='lat' dir='ltr'><strong>Si</strong></span> <span class='ocrx_word' id='word_1_25' title='bbox 3609 558 3736 598; x_wconf 85' lang='lat' dir='ltr'><strong>vero</strong></span> <span class='ocrx_word' id='word_1_26' title='bbox 3771 541 4019 596; x_wconf 70' lang='lat' dir='ltr'><strong>Ithemon</strong></span> <span class='ocrx_word' id='word_1_27' title='bbox 4043 538 4269 601; x_wconf 77' lang='lat' dir='ltr'><strong>Phares,</strong></span> <span class='ocrx_word' id='word_1_28' title='bbox 4299 546 4359 590; x_wconf 88' lang='lat' dir='ltr'><strong>ut</strong></span> <span class='ocrx_word' id='word_1_29' title='bbox 4379 535 4513 590; x_wconf 85' lang='lat' dir='ltr'><strong>alibi</strong></span> 
     </span>
    </p>
   </div>
   <div class='ocr_carea' id='block_1_6' title="bbox 1209 652 2810 734">
    <p class='ocr_par' dir='ltr' id='par_1_6' title="bbox 1209 652 2810 734">
     <span class='ocr_line' id='line_1_6' title="bbox 1209 652 2810 734; baseline -0.014 -9"><span class='ocrx_word' id='word_1_30' title='bbox 1209 667 1526 734; x_wconf 84' lang='lat' dir='ltr'><strong>desertum;</strong></span> <span class='ocrx_word' id='word_1_31' title='bbox 1559 669 1650 721; x_wconf 89' lang='lat' dir='ltr'><strong>sed</strong></span> <span class='ocrx_word' id='word_1_32' title='bbox 1681 667 1774 720; x_wconf 85' lang='lat' dir='ltr'><strong>Sin</strong></span> <span class='ocrx_word' id='word_1_33' title='bbox 1805 663 2005 717; x_wconf 88' lang='lat' dir='ltr'><strong>dicitur</strong></span> <span class='ocrx_word' id='word_1_34' title='bbox 2037 663 2152 730; x_wconf 86' lang='lat' dir='ltr'><strong>ipsa</strong></span> <span class='ocrx_word' id='word_1_35' title='bbox 2199 656 2471 728; x_wconf 85' lang='lat' dir='ltr'><strong>planities,</strong></span> <span class='ocrx_word' id='word_1_36' title='bbox 2502 652 2653 708; x_wconf 88' lang='lat' dir='ltr'><strong>Sinai</strong></span> <span class='ocrx_word' id='word_1_37' title='bbox 2682 665 2810 704; x_wconf 85' lang='lat' dir='ltr'><strong>vero</strong></span> 
     </span>
    </p>
   </div>
   <div class='ocr_carea' id='block_1_7' title="bbox 1211 745 2810 824">
    <p class='ocr_par' dir='ltr' id='par_1_7' title="bbox 1211 745 2810 824">
     <span class='ocr_line' id='line_1_7' title="bbox 1211 745 2810 824; baseline -0.014 -8"><span class='ocrx_word' id='word_1_38' title='bbox 1211 774 1376 816; x_wconf 85' lang='lat' dir='ltr'><strong>mons</strong></span> <span class='ocrx_word' id='word_1_39' title='bbox 1405 771 1488 815; x_wconf 87' lang='lat' dir='ltr'><strong>est</strong></span> <span class='ocrx_word' id='word_1_40' title='bbox 1519 760 1570 814; x_wconf 89' lang='lat' dir='ltr'><strong>in</strong></span> <span class='ocrx_word' id='word_1_41' title='bbox 1608 757 1794 811; x_wconf 89' lang='lat' dir='ltr'><strong>eadem</strong></span> <span class='ocrx_word' id='word_1_42' title='bbox 1827 753 2234 824; x_wconf 74' lang='lat' dir='ltr'><strong>supereminens</strong></span> <span class='ocrx_word' id='word_1_43' title='bbox 2267 747 2594 802; x_wconf 82' lang='lat' dir='ltr'><strong>solitudine:</strong></span> <span class='ocrx_word' id='word_1_44' title='bbox 2622 745 2676 797; x_wconf 89' lang='lat' dir='ltr'><strong>in</strong></span> <span class='ocrx_word' id='word_1_45' title='bbox 2700 756 2810 811; x_wconf 87' lang='lat' dir='ltr'><strong>quo</strong></span> 
     </span>
    </p>
   </div>
   <div class='ocr_carea' id='block_1_8' title="bbox 1210 833 2811 914">
    <p class='ocr_par' dir='ltr' id='par_1_8' title="bbox 1210 833 2811 914">
     <span class='ocr_line' id='line_1_8' title="bbox 1210 833 2811 914; baseline -0.012 -9"><span class='ocrx_word' id='word_1_46' title='bbox 1210 848 1480 905; x_wconf 85' lang='lat' dir='ltr'><strong>nimirum</strong></span> <span class='ocrx_word' id='word_1_47' title='bbox 1527 846 1787 901; x_wconf 88' lang='lat' dir='ltr'><strong>Dominus</strong></span> <span class='ocrx_word' id='word_1_48' title='bbox 1811 844 1942 914; x_wconf 85' lang='lat' dir='ltr'><strong>legis</strong></span> <span class='ocrx_word' id='word_1_49' title='bbox 1973 841 2150 896; x_wconf 83' lang='lat' dir='ltr'><strong>edicta</strong></span> <span class='ocrx_word' id='word_1_50' title='bbox 2166 837 2489 909; x_wconf 83' lang='lat' dir='ltr'><strong>promulgat,</strong></span> <span class='ocrx_word' id='word_1_51' title='bbox 2515 845 2570 889; x_wconf 88' lang='lat' dir='ltr'><strong>et</strong></span> <span class='ocrx_word' id='word_1_52' title='bbox 2602 833 2811 902; x_wconf 83' lang='lat' dir='ltr'><strong>Moyses</strong></span> 
     </span>
    </p>
   </div>
   <div class='ocr_carea' id='block_1_9' title="bbox 1211 920 2813 1001">
    <p class='ocr_par' dir='ltr' id='par_1_9' title="bbox 1211 920 2813 1001">
     <span class='ocr_line' id='line_1_9' title="bbox 1211 920 2813 1001; baseline -0.011 -11"><span class='ocrx_word' id='word_1_53' title='bbox 1211 924 1634 991; x_wconf 77' lang='lat' dir='ltr'><strong>tabernaculum</strong></span> <span class='ocrx_word' id='word_1_54' title='bbox 1670 934 1900 988; x_wconf 66' lang='lat' dir='ltr'><strong>fabricat</strong></span> <span class='ocrx_word' id='word_1_55' title='bbox 1930 931 2127 1001; x_wconf 78' lang='lat' dir='ltr'><strong>(Exod.</strong></span> <span class='ocrx_word' id='word_1_56' title='bbox 2173 943 2274 991; x_wconf 78' lang='lat' dir='ltr'><strong>xx,</strong></span> <span class='ocrx_word' id='word_1_57' title='bbox 2311 941 2413 979; x_wconf 79' lang='lat' dir='ltr'><strong>xxv</strong></span> <span class='ocrx_word' id='word_1_58' title='bbox 2454 934 2508 978; x_wconf 89' lang='lat' dir='ltr'><strong>et</strong></span> <span class='ocrx_word' id='word_1_59' title='bbox 2542 929 2712 991; x_wconf 71' lang='lat' dir='ltr'><strong>xxvi).</strong></span> <span class='ocrx_word' id='word_1_60' title='bbox 2747 920 2813 973; x_wconf 82' lang='lat' dir='ltr'><strong>Et</strong></span> 
     </span>
    </p>
   </div>
   <div class='ocr_carea' id='block_1_10' title="bbox 1212 1011 2814 1098">
    <p class='ocr_par' dir='ltr' id='par_1_10' title="bbox 1212 1011 2814 1098">
     <span class='ocr_line' id='line_1_10' title="bbox 1212 1011 2814 1098; baseline -0.013 -14"><span class='ocrx_word' id='word_1_61' title='bbox 1212 1027 1325 1084; x_wconf 83' lang='lat' dir='ltr'><strong>hoc</strong></span> <span class='ocrx_word' id='word_1_62' title='bbox 1367 1027 1650 1098; x_wconf 82' lang='lat' dir='ltr'><strong>aptissime</strong></span> <span class='ocrx_word' id='word_1_63' title='bbox 1690 1023 1958 1094; x_wconf 82' lang='lat' dir='ltr'><strong>congruit,</strong></span> <span class='ocrx_word' id='word_1_64' title='bbox 2010 1029 2087 1082; x_wconf 89' lang='lat' dir='ltr'><strong>ut,</strong></span> <span class='ocrx_word' id='word_1_65' title='bbox 2137 1021 2423 1088; x_wconf 77' lang='lat' dir='ltr'><strong>postquam</strong></span> <span class='ocrx_word' id='word_1_66' title='bbox 2475 1011 2814 1069; x_wconf 72' lang='lat' dir='ltr'><strong>rationabilis</strong></span> 
     </span>
    </p>
   </div>
   <div class='ocr_carea' id='block_1_11' title="bbox 1212 1103 2813 1184">
    <p class='ocr_par' dir='ltr' id='par_1_11' title="bbox 1212 1103 2813 1184">
     <span class='ocr_line' id='line_1_11' title="bbox 1212 1103 2813 1184; baseline -0.01 -12"><span class='ocrx_word' id='word_1_67' title='bbox 1212 1118 1400 1172; x_wconf 77' lang='lat' dir='ltr'><strong>anitna</strong></span> <span class='ocrx_word' id='word_1_68' title='bbox 1435 1126 1640 1172; x_wconf 91' lang='lat' dir='ltr'><strong>rectum</strong></span> <span class='ocrx_word' id='word_1_69' title='bbox 1682 1132 1745 1170; x_wconf 89' lang='lat' dir='ltr'><strong>ac</strong></span> <span class='ocrx_word' id='word_1_70' title='bbox 1775 1130 1869 1184; x_wconf 84' lang='lat' dir='ltr'><strong>per</strong></span> <span class='ocrx_word' id='word_1_71' title='bbox 1899 1115 2000 1166; x_wconf 93' lang='lat' dir='ltr'><strong>hoc</strong></span> <span class='ocrx_word' id='word_1_72' title='bbox 2050 1109 2316 1163; x_wconf 83' lang='lat' dir='ltr'><strong>la’udabile</strong></span> <span class='ocrx_word' id='word_1_73' title='bbox 2347 1106 2573 1175; x_wconf 80' lang='lat' dir='ltr'><strong>coeperit</strong></span> <span class='ocrx_word' id='word_1_74' title='bbox 2611 1103 2813 1158; x_wconf 86' lang='lat' dir='ltr'><strong>habere</strong></span> 
     </span>
    </p>
   </div>
   <div class='ocr_carea' id='block_1_12' title="bbox 1207 1197 2810 1280">
    <p class='ocr_par' dir='ltr' id='par_1_12' title="bbox 1207 1197 2810 1280">
     <span class='ocr_line' id='line_1_12' title="bbox 1207 1197 2810 1280; baseline -0.01 -18"><span class='ocrx_word' id='word_1_75' title='bbox 1207 1210 1514 1280; x_wconf 76' lang='lat' dir='ltr'><strong>judicium,</strong></span> <span class='ocrx_word' id='word_1_76' title='bbox 1549 1219 1677 1262; x_wconf 84' lang='lat' dir='ltr'><strong>tunc</strong></span> <span class='ocrx_word' id='word_1_77' title='bbox 1717 1208 1768 1260; x_wconf 93' lang='lat' dir='ltr'><strong>in</strong></span> <span class='ocrx_word' id='word_1_78' title='bbox 1810 1221 1866 1259; x_wconf 84' lang='lat' dir='ltr'><strong>se</strong></span> <span class='ocrx_word' id='word_1_79' title='bbox 1897 1205 2006 1258; x_wconf 87' lang='lat' dir='ltr'><strong>Deo</strong></span> <span class='ocrx_word' id='word_1_80' title='bbox 2043 1218 2142 1257; x_wconf 90' lang='lat' dir='ltr'><strong>suo</strong></span> <span class='ocrx_word' id='word_1_81' title='bbox 2177 1208 2459 1256; x_wconf 81' lang='lat' dir='ltr'><strong>constt-nat</strong></span> <span class='ocrx_word' id='word_1_82' title='bbox 2483 1197 2810 1249; x_wconf 80' lang='lat' dir='ltr'><strong>tabernacu-</strong></span> 
     </span>
    </p>
   </div>
   <div class='ocr_carea' id='block_1_13' title="bbox 1213 1290 2813 1372">
    <p class='ocr_par' dir='ltr' id='par_1_13' title="bbox 1213 1290 2813 1372">
     <span class='ocr_line' id='line_1_13' title="bbox 1213 1290 2813 1372; baseline -0.01 -19"><span class='ocrx_word' id='word_1_83' title='bbox 1213 1298 1448 1366; x_wconf 85' lang='lat' dir='ltr'><strong>lnm,et,</strong></span> <span class='ocrx_word' id='word_1_84' title='bbox 1471 1301 1630 1372; x_wconf 86' lang='lat' dir='ltr'><strong>digna</strong></span> <span class='ocrx_word' id='word_1_85' title='bbox 1647 1301 1759 1370; x_wconf 85' lang='lat' dir='ltr'><strong>jam</strong></span> <span class='ocrx_word' id='word_1_86' title='bbox 1783 1296 2058 1352; x_wconf 77' lang='lat' dir='ltr'><strong>Creatoris</strong></span> <span class='ocrx_word' id='word_1_87' title='bbox 2083 1293 2344 1362; x_wconf 85' lang='lat' dir='ltr'><strong>alloquio,</strong></span> <span class='ocrx_word' id='word_1_88' title='bbox 2361 1290 2660 1344; x_wconf 72' lang='lat' dir='ltr'><strong>cmlcstinm</strong></span> <span class='ocrx_word' id='word_1_89' title='bbox 2689 1300 2813 1356; x_wconf 83' lang='lat' dir='ltr'><strong>per-</strong></span> 
     </span>
    </p>
   </div>
   <div class='ocr_carea' id='block_1_14' title="bbox 1216 1388 2119 1462">
    <p class='ocr_par' dir='ltr' id='par_1_14' title="bbox 1216 1388 2119 1462">
     <span class='ocr_line' id='line_1_14' title="bbox 1216 1388 2119 1462; baseline -0.007 -18"><span class='ocrx_word' id='word_1_90' title='bbox 1216 1392 1388 1460; x_wconf 68' lang='lat' dir='ltr'><strong>cipiat</strong></span> <span class='ocrx_word' id='word_1_91' title='bbox 1422 1391 1678 1462; x_wconf 85' lang='lat' dir='ltr'><strong>mysteria</strong></span> <span class='ocrx_word' id='word_1_92' title='bbox 1715 1388 2119 1443; x_wconf 80' lang='lat' dir='ltr'><strong>mandatorum.</strong></span> 
     </span>
    </p>
   </div>
   <div class='ocr_carea' id='block_1_15' title="bbox 1290 1466 2810 1552">
    <p class='ocr_par' dir='ltr' id='par_1_15' title="bbox 1290 1466 2810 1552">
     <span class='ocr_line' id='line_1_15' title="bbox 1290 1466 2810 1552; baseline -0.011 -17"><span class='ocrx_word' id='word_1_93' title='bbox 1290 1479 1420 1552; x_wconf 76' lang='lat' dir='ltr'><strong>Post</strong></span> <span class='ocrx_word' id='word_1_94' title='bbox 1444 1481 1560 1534; x_wconf 67' lang='lat' dir='ltr'><strong>haec</strong></span> <span class='ocrx_word' id='word_1_95' title='bbox 1579 1476 1806 1548; x_wconf 88' lang='lat' dir='ltr'><strong>profecti</strong></span> <span class='ocrx_word' id='word_1_96' title='bbox 1832 1486 1958 1531; x_wconf 79' lang='lat' dir='ltr'><strong>Sunt</strong></span> <span class='ocrx_word' id='word_1_97' title='bbox 1978 1475 2044 1528; x_wconf 87' lang='lat' dir='ltr'><strong>ad</strong></span> <span class='ocrx_word' id='word_1_98' title='bbox 2069 1473 2314 1543; x_wconf 86' lang='lat' dir='ltr'><strong>sepulcra</strong></span> <span class='ocrx_word' id='word_1_99' title='bbox 2335 1466 2810 1538; x_wconf 81' lang='lat' dir='ltr'><strong>concupiscentite,</strong></span> 
     </span>
    </p>
   </div>
   <div class='ocr_carea' id='block_1_16' title="bbox 1212 1558 2810 1640">
    <p class='ocr_par' dir='ltr' id='par_1_16' title="bbox 1212 1558 2810 1640">
     <span class='ocr_line' id='line_1_16' title="bbox 1212 1558 2810 1640; baseline -0.012 -11"><span class='ocrx_word' id='word_1_100' title='bbox 1212 1573 1313 1629; x_wconf 84' lang='lat' dir='ltr'><strong>ubi</strong></span> <span class='ocrx_word' id='word_1_101' title='bbox 1344 1572 1556 1628; x_wconf 83' lang='lat' dir='ltr'><strong>scilicet</strong></span> <span class='ocrx_word' id='word_1_102' title='bbox 1591 1570 1819 1640; x_wconf 88' lang='lat' dir='ltr'><strong>pulcher</strong></span> <span class='ocrx_word' id='word_1_103' title='bbox 1842 1570 1976 1624; x_wconf 88' lang='lat' dir='ltr'><strong>ordo</strong></span> <span class='ocrx_word' id='word_1_104' title='bbox 2001 1567 2330 1622; x_wconf 79' lang='lat' dir='ltr'><strong>contexitur.</strong></span> <span class='ocrx_word' id='word_1_105' title='bbox 2367 1563 2499 1617; x_wconf 73' lang='lat' dir='ltr'><strong>Nam</strong></span> <span class='ocrx_word' id='word_1_106' title='bbox 2530 1577 2654 1616; x_wconf 89' lang='lat' dir='ltr'><strong>cum</strong></span> <span class='ocrx_word' id='word_1_107' title='bbox 2687 1558 2810 1612; x_wconf 82' lang='lat' dir='ltr'><strong>felix</strong></span> 
     </span>
    </p>
   </div>
   <div class='ocr_carea' id='block_1_17' title="bbox 1211 1655 2814 1723">
    <p class='ocr_par' dir='ltr' id='par_1_17' title="bbox 1211 1655 2814 1723">
     <span class='ocr_line' id='line_1_17' title="bbox 1211 1655 2814 1723; baseline -0.007 0"><span class='ocrx_word' id='word_1_108' title='bbox 1211 1668 1398 1723; x_wconf 81' lang='lat' dir='ltr'><strong>anima</strong></span> <span class='ocrx_word' id='word_1_109' title='bbox 1427 1682 1526 1722; x_wconf 88' lang='lat' dir='ltr'><strong>suo</strong></span> <span class='ocrx_word' id='word_1_110' title='bbox 1550 1666 1609 1720; x_wconf 85' lang='lat' dir='ltr'><strong>fit</strong></span> <span class='ocrx_word' id='word_1_111' title='bbox 1634 1664 2038 1721; x_wconf 82' lang='lat' dir='ltr'><strong>tabernaculum</strong></span> <span class='ocrx_word' id='word_1_112' title='bbox 2068 1661 2343 1722; x_wconf 85' lang='lat' dir='ltr'><strong>Creatori,</strong></span> <span class='ocrx_word' id='word_1_113' title='bbox 2373 1675 2520 1723; x_wconf 88' lang='lat' dir='ltr'><strong>cum,</strong></span> <span class='ocrx_word' id='word_1_114' title='bbox 2543 1655 2814 1713; x_wconf 84' lang='lat' dir='ltr'><strong>mandatis</strong></span> 
     </span>
    </p>
   </div>
   <div class='ocr_carea' id='block_1_18' title="bbox 1220 1752 2812 1829">
    <p class='ocr_par' dir='ltr' id='par_1_18' title="bbox 1220 1752 2812 1829">
     <span class='ocr_line' id='line_1_18' title="bbox 1220 1752 2812 1829; baseline -0.008 -14"><span class='ocrx_word' id='word_1_115' title='bbox 1220 1759 1423 1815; x_wconf 63' lang='lat' dir='ltr'><strong>divinat</strong></span> <span class='ocrx_word' id='word_1_116' title='bbox 1453 1758 1589 1829; x_wconf 86' lang='lat' dir='ltr'><strong>legis</strong></span> <span class='ocrx_word' id='word_1_117' title='bbox 1625 1760 1858 1820; x_wconf 88' lang='lat' dir='ltr'><strong>intenta,</strong></span> <span class='ocrx_word' id='word_1_118' title='bbox 1880 1756 1992 1824; x_wconf 85' lang='lat' dir='ltr'><strong>jam</strong></span> <span class='ocrx_word' id='word_1_119' title='bbox 2017 1753 2244 1823; x_wconf 75' lang='lat' dir='ltr'><strong>cmperit</strong></span> <span class='ocrx_word' id='word_1_120' title='bbox 2278 1752 2521 1808; x_wconf 60' lang='lat' dir='ltr'><strong>celestia</strong></span> <span class='ocrx_word' id='word_1_121' title='bbox 2564 1759 2812 1805; x_wconf 88' lang='lat' dir='ltr'><strong>contem-</strong></span> 
     </span>
    </p>
   </div>
   <div class='ocr_carea' id='block_1_19' title="bbox 1216 1840 2809 1919">
    <p class='ocr_par' dir='ltr' id='par_1_19' title="bbox 1216 1840 2809 1919">
     <span class='ocr_line' id='line_1_19' title="bbox 1216 1840 2809 1919; baseline -0.006 -18"><span class='ocrx_word' id='word_1_122' title='bbox 1216 1849 1394 1919; x_wconf 81' lang='lat' dir='ltr'><strong>plari,</strong></span> <span class='ocrx_word' id='word_1_123' title='bbox 1428 1863 1552 1903; x_wconf 81' lang='lat' dir='ltr'><strong>mox</strong></span> <span class='ocrx_word' id='word_1_124' title='bbox 1583 1846 1925 1902; x_wconf 70' lang='lat' dir='ltr'><strong>aestuantinm</strong></span> <span class='ocrx_word' id='word_1_125' title='bbox 1955 1845 2210 1900; x_wconf 91' lang='lat' dir='ltr'><strong>vitiorum</strong></span> <span class='ocrx_word' id='word_1_126' title='bbox 2237 1843 2402 1897; x_wconf 90' lang='lat' dir='ltr'><strong>ardor</strong></span> <span class='ocrx_word' id='word_1_127' title='bbox 2422 1840 2809 1910; x_wconf 77' lang='lat' dir='ltr'><strong>exstinguitur,</strong></span> 
     </span>
    </p>
   </div>
   <div class='ocr_carea' id='block_1_20' title="bbox 2915 627 4516 712">
    <p class='ocr_par' dir='ltr' id='par_1_20' title="bbox 2915 627 4516 712">
     <span class='ocr_line' id='line_1_20' title="bbox 2915 627 4516 712; baseline -0.011 -13"><span class='ocrx_word' id='word_1_128' title='bbox 2915 642 3211 712; x_wconf 88' lang='lat' dir='ltr'><strong>reperitur,</strong></span> <span class='ocrx_word' id='word_1_129' title='bbox 3242 639 3372 693; x_wconf 84' lang='lat' dir='ltr'><strong>ntali</strong></span> <span class='ocrx_word' id='word_1_130' title='bbox 3393 639 3571 708; x_wconf 72' lang='lat' dir='ltr'><strong>punici</strong></span> <span class='ocrx_word' id='word_1_131' title='bbox 3587 637 3773 692; x_wconf 76' lang='lat' dir='ltr'><strong>divisio</strong></span> <span class='ocrx_word' id='word_1_132' title='bbox 3797 634 4015 696; x_wconf 90' lang='lat' dir='ltr'><strong>dicitur,</strong></span> <span class='ocrx_word' id='word_1_133' title='bbox 4046 648 4143 702; x_wconf 90' lang='lat' dir='ltr'><strong>per</strong></span> <span class='ocrx_word' id='word_1_134' title='bbox 4180 632 4281 685; x_wconf 89' lang='lat' dir='ltr'><strong>hoc</strong></span> <span class='ocrx_word' id='word_1_135' title='bbox 4327 627 4516 698; x_wconf 81' lang='lat' dir='ltr'><strong>procul</strong></span> 
     </span>
    </p>
   </div>
   <div class='ocr_carea' id='block_1_21' title="bbox 2917 715 4519 800">
    <p class='ocr_par' dir='ltr' id='par_1_21' title="bbox 2917 715 4519 800">
     <span class='ocr_line' id='line_1_21' title="bbox 2917 715 4519 800; baseline -0.011 -10"><span class='ocrx_word' id='word_1_136' title='bbox 2917 735 3084 790; x_wconf 89' lang='lat' dir='ltr'><strong>dubio</strong></span> <span class='ocrx_word' id='word_1_137' title='bbox 3111 741 3296 788; x_wconf 88' lang='lat' dir='ltr'><strong>sancta</strong></span> <span class='ocrx_word' id='word_1_138' title='bbox 3322 731 3639 800; x_wconf 78' lang='lat' dir='ltr'><strong>designatur</strong></span> <span class='ocrx_word' id='word_1_139' title='bbox 3660 715 3922 789; x_wconf 75' lang='lat' dir='ltr'><strong>Ecclesia.</strong></span> <span class='ocrx_word' id='word_1_140' title='bbox 3950 742 4070 795; x_wconf 83' lang='lat' dir='ltr'><strong>qua:</strong></span> <span class='ocrx_word' id='word_1_141' title='bbox 4097 733 4355 792; x_wconf 86' lang='lat' dir='ltr'><strong>tanquam</strong></span> <span class='ocrx_word' id='word_1_142' title='bbox 4373 719 4519 775; x_wconf 84' lang='lat' dir='ltr'><strong>mul—</strong></span> 
     </span>
    </p>
   </div>
   <div class='ocr_carea' id='block_1_22' title="bbox 2917 812 4520 896">
    <p class='ocr_par' dir='ltr' id='par_1_22' title="bbox 2917 812 4520 896">
     <span class='ocr_line' id='line_1_22' title="bbox 2917 812 4520 896; baseline -0.01 -16"><span class='ocrx_word' id='word_1_143' title='bbox 2917 836 2969 880; x_wconf 92' lang='lat' dir='ltr'><strong>ta</strong></span> <span class='ocrx_word' id='word_1_144' title='bbox 3002 841 3167 896; x_wconf 91' lang='lat' dir='ltr'><strong>grana</strong></span> <span class='ocrx_word' id='word_1_145' title='bbox 3193 838 3301 877; x_wconf 87' lang='lat' dir='ltr'><strong>uno</strong></span> <span class='ocrx_word' id='word_1_146' title='bbox 3340 823 3542 876; x_wconf 83' lang='lat' dir='ltr'><strong>cortice</strong></span> <span class='ocrx_word' id='word_1_147' title='bbox 3574 820 3835 889; x_wconf 84' lang='lat' dir='ltr'><strong>contegit,</strong></span> <span class='ocrx_word' id='word_1_148' title='bbox 3873 819 4000 872; x_wconf 88' lang='lat' dir='ltr'><strong>dum</strong></span> <span class='ocrx_word' id='word_1_149' title='bbox 4032 830 4250 871; x_wconf 82' lang='lat' dir='ltr'><strong>onmem</strong></span> <span class='ocrx_word' id='word_1_150' title='bbox 4284 812 4520 868; x_wconf 79' lang='lat' dir='ltr'><strong>creden-</strong></span> 
     </span>
    </p>
   </div>
   <div class='ocr_carea' id='block_1_23' title="bbox 2917 904 4518 983">
    <p class='ocr_par' dir='ltr' id='par_1_23' title="bbox 2917 904 4518 983">
     <span class='ocr_line' id='line_1_23' title="bbox 2917 904 4518 983; baseline -0.009 -13"><span class='ocrx_word' id='word_1_151' title='bbox 2917 904 3048 970; x_wconf 80' lang='lat' dir='ltr'><strong>tium</strong></span> <span class='ocrx_word' id='word_1_152' title='bbox 3080 912 3661 983; x_wconf 85' lang='lat' dir='ltr'><strong>turbaminseparabili</strong></span> <span class='ocrx_word' id='word_1_153' title='bbox 3683 909 3968 967; x_wconf 68' lang='lat' dir='ltr'><strong>catholicae</strong></span> <span class='ocrx_word' id='word_1_154' title='bbox 3995 907 4120 963; x_wconf 85' lang='lat' dir='ltr'><strong>lidci</strong></span> <span class='ocrx_word' id='word_1_155' title='bbox 4149 907 4359 961; x_wconf 90' lang='lat' dir='ltr'><strong>unitate</strong></span> <span class='ocrx_word' id='word_1_156' title='bbox 4383 919 4518 960; x_wconf 89' lang='lat' dir='ltr'><strong>con-</strong></span> 
     </span>
    </p>
   </div>
   <div class='ocr_carea' id='block_1_24' title="bbox 2917 1007 3106 1062">
    <p class='ocr_par' dir='ltr' id='par_1_24' title="bbox 2917 1007 3106 1062">
     <span class='ocr_line' id='line_1_24' title="bbox 2917 1007 3106 1062; baseline -0.005 0"><span class='ocrx_word' id='word_1_157' title='bbox 2917 1007 3106 1062; x_wconf 79' lang='lat' dir='ltr'><strong>cludit.</strong></span> 
     </span>
    </p>
   </div>
   <div class='ocr_carea' id='block_1_25' title="bbox 2987 1090 4514 1162">
    <p class='ocr_par' dir='ltr' id='par_1_25' title="bbox 2987 1090 4514 1162">
     <span class='ocr_line' id='line_1_25' title="bbox 2987 1090 4514 1162; baseline -0.007 -10"><span class='ocrx_word' id='word_1_158' title='bbox 2987 1097 3188 1152; x_wconf 79' lang='lat' dir='ltr'><strong>Deinde</strong></span> <span class='ocrx_word' id='word_1_159' title='bbox 3241 1103 3528 1151; x_wconf 88' lang='lat' dir='ltr'><strong>transeunt</strong></span> <span class='ocrx_word' id='word_1_160' title='bbox 3579 1095 3632 1148; x_wconf 90' lang='lat' dir='ltr'><strong>in</strong></span> <span class='ocrx_word' id='word_1_161' title='bbox 3667 1094 3888 1154; x_wconf 86' lang='lat' dir='ltr'><strong>Lebna,</strong></span> <span class='ocrx_word' id='word_1_162' title='bbox 3921 1091 4068 1162; x_wconf 84' lang='lat' dir='ltr'><strong>quod</strong></span> <span class='ocrx_word' id='word_1_163' title='bbox 4119 1090 4514 1159; x_wconf 87' lang='lat' dir='ltr'><strong>interpretatur</strong></span> 
     </span>
    </p>
   </div>
   <div class='ocr_carea' id='block_1_26' title="bbox 2915 1179 4511 1253">
    <p class='ocr_par' dir='ltr' id='par_1_26' title="bbox 2915 1179 4511 1253">
     <span class='ocr_line' id='line_1_26' title="bbox 2915 1179 4511 1253; baseline -0.005 -13"><span class='ocrx_word' id='word_1_164' title='bbox 2915 1187 3201 1240; x_wconf 75' lang='lat' dir='ltr'><strong>dealbutio.</strong></span> <span class='ocrx_word' id='word_1_165' title='bbox 3236 1185 3353 1240; x_wconf 77' lang='lat' dir='ltr'><strong>Non</strong></span> <span class='ocrx_word' id='word_1_166' title='bbox 3391 1195 3572 1239; x_wconf 89' lang='lat' dir='ltr'><strong>autem</strong></span> <span class='ocrx_word' id='word_1_167' title='bbox 3613 1185 3929 1253; x_wconf 67' lang='lat' dir='ltr'><strong>ignoramus</strong></span> <span class='ocrx_word' id='word_1_168' title='bbox 3959 1179 4360 1235; x_wconf 84' lang='lat' dir='ltr'><strong>dealbationem</strong></span> <span class='ocrx_word' id='word_1_169' title='bbox 4406 1179 4511 1232; x_wconf 83' lang='lat' dir='ltr'><strong>ali-</strong></span> 
     </span>
    </p>
   </div>
   <div class='ocr_carea' id='block_1_27' title="bbox 2914 1273 4514 1346">
    <p class='ocr_par' dir='ltr' id='par_1_27' title="bbox 2914 1273 4514 1346">
     <span class='ocr_line' id='line_1_27' title="bbox 2914 1273 4514 1346; baseline -0.004 -19"><span class='ocrx_word' id='word_1_170' title='bbox 2914 1277 3130 1346; x_wconf 75' lang='lat' dir='ltr'><strong>quando</strong></span> <span class='ocrx_word' id='word_1_171' title='bbox 3159 1290 3257 1344; x_wconf 91' lang='lat' dir='ltr'><strong>pro</strong></span> <span class='ocrx_word' id='word_1_172' title='bbox 3285 1276 3514 1329; x_wconf 88' lang='lat' dir='ltr'><strong>crimine</strong></span> <span class='ocrx_word' id='word_1_173' title='bbox 3545 1274 3690 1342; x_wconf 77' lang='lat' dir='ltr'><strong>poni,</strong></span> <span class='ocrx_word' id='word_1_174' title='bbox 3719 1275 3858 1326; x_wconf 82' lang='lat' dir='ltr'><strong>sicut</strong></span> <span class='ocrx_word' id='word_1_175' title='bbox 3881 1273 4138 1325; x_wconf 88' lang='lat' dir='ltr'><strong>dicuntur</strong></span> <span class='ocrx_word' id='word_1_176' title='bbox 4159 1276 4514 1322; x_wconf 86' lang='lat' dir='ltr'><strong>monumenta</strong></span> 
     </span>
    </p>
   </div>
   <div class='ocr_carea' id='block_1_28' title="bbox 2917 1361 4516 1436">
    <p class='ocr_par' dir='ltr' id='par_1_28' title="bbox 2917 1361 4516 1436">
     <span class='ocr_line' id='line_1_28' title="bbox 2917 1361 4516 1436; baseline -0.004 -15"><span class='ocrx_word' id='word_1_177' title='bbox 2917 1367 3164 1421; x_wconf 75' lang='lat' dir='ltr'><strong>dealbata</strong></span> <span class='ocrx_word' id='word_1_178' title='bbox 3197 1378 3251 1420; x_wconf 89' lang='lat' dir='ltr'><strong>et</strong></span> <span class='ocrx_word' id='word_1_179' title='bbox 3282 1368 3462 1436; x_wconf 87' lang='lat' dir='ltr'><strong>paries</strong></span> <span class='ocrx_word' id='word_1_180' title='bbox 3499 1367 3819 1428; x_wconf 83' lang='lat' dir='ltr'><strong>dealbatus;</strong></span> <span class='ocrx_word' id='word_1_181' title='bbox 3881 1365 3974 1419; x_wconf 89' lang='lat' dir='ltr'><strong>sed</strong></span> <span class='ocrx_word' id='word_1_182' title='bbox 4007 1364 4094 1418; x_wconf 92' lang='lat' dir='ltr'><strong>hic</strong></span> <span class='ocrx_word' id='word_1_183' title='bbox 4125 1362 4212 1416; x_wconf 88' lang='lat' dir='ltr'><strong>illa</strong></span> <span class='ocrx_word' id='word_1_184' title='bbox 4244 1361 4516 1416; x_wconf 72' lang='lat' dir='ltr'><strong>dealbatio</strong></span> 
     </span>
    </p>
   </div>
   <div class='ocr_carea' id='block_1_29' title="bbox 2915 1448 4512 1523">
    <p class='ocr_par' dir='ltr' id='par_1_29' title="bbox 2915 1448 4512 1523">
     <span class='ocr_line' id='line_1_29' title="bbox 2915 1448 4512 1523; baseline -0.005 -13"><span class='ocrx_word' id='word_1_185' title='bbox 2915 1455 3077 1510; x_wconf 80' lang='lat' dir='ltr'><strong>debet</strong></span> <span class='ocrx_word' id='word_1_186' title='bbox 3135 1453 3388 1523; x_wconf 84' lang='lat' dir='ltr'><strong>intelligi,</strong></span> <span class='ocrx_word' id='word_1_187' title='bbox 3431 1454 3498 1508; x_wconf 89' lang='lat' dir='ltr'><strong>de</strong></span> <span class='ocrx_word' id='word_1_188' title='bbox 3549 1470 3651 1522; x_wconf 86' lang='lat' dir='ltr'><strong>qua</strong></span> <span class='ocrx_word' id='word_1_189' title='bbox 3714 1469 3810 1522; x_wconf 85' lang='lat' dir='ltr'><strong>per</strong></span> <span class='ocrx_word' id='word_1_190' title='bbox 3861 1451 4058 1505; x_wconf 82' lang='lat' dir='ltr'><strong>Isaiam</strong></span> <span class='ocrx_word' id='word_1_191' title='bbox 4114 1448 4314 1504; x_wconf 90' lang='lat' dir='ltr'><strong>dicitur</strong></span> <span class='ocrx_word' id='word_1_192' title='bbox 4349 1465 4362 1501; x_wconf 93' lang='lat'><strong>:</strong></span> <span class='ocrx_word' id='word_1_193' title='bbox 4401 1467 4418 1498; x_wconf 74' lang='grc' dir='ltr'><strong>ι</strong></span> <span class='ocrx_word' id='word_1_194' title='bbox 4454 1448 4512 1502; x_wconf 81' lang='lat' dir='ltr'><strong>Si</strong></span> 
     </span>
    </p>
   </div>
   <div class='ocr_carea' id='block_1_30' title="bbox 2915 1539 4516 1617">
    <p class='ocr_par' dir='ltr' id='par_1_30' title="bbox 2915 1539 4516 1617">
     <span class='ocr_line' id='line_1_30' title="bbox 2915 1539 4516 1617; baseline -0.006 -15"><span class='ocrx_word' id='word_1_195' title='bbox 2915 1547 3118 1603; x_wconf 77' lang='lat' dir='ltr'><strong>fuerint</strong></span> <span class='ocrx_word' id='word_1_196' title='bbox 3151 1560 3379 1617; x_wconf 86' lang='lat' dir='ltr'><strong>peccata</strong></span> <span class='ocrx_word' id='word_1_197' title='bbox 3411 1557 3587 1600; x_wconf 81' lang='lat' dir='ltr'><strong>vestra</strong></span> <span class='ocrx_word' id='word_1_198' title='bbox 3624 1556 3683 1599; x_wconf 92' lang='lat' dir='ltr'><strong>ut</strong></span> <span class='ocrx_word' id='word_1_199' title='bbox 3708 1544 4013 1608; x_wconf 90' lang='lat' dir='ltr'><strong>coccinum,</strong></span> <span class='ocrx_word' id='word_1_200' title='bbox 4041 1542 4197 1612; x_wconf 88' lang='lat' dir='ltr'><strong>quasi</strong></span> <span class='ocrx_word' id='word_1_201' title='bbox 4238 1541 4332 1595; x_wconf 81' lang='lat' dir='ltr'><strong>nix</strong></span> <span class='ocrx_word' id='word_1_202' title='bbox 4364 1539 4516 1593; x_wconf 75' lang='lat' dir='ltr'><strong>deal-</strong></span> 
     </span>
    </p>
   </div>
   <div class='ocr_carea' id='block_1_31' title="bbox 2916 1632 4518 1704">
    <p class='ocr_par' dir='ltr' id='par_1_31' title="bbox 2916 1632 4518 1704">
     <span class='ocr_line' id='line_1_31' title="bbox 2916 1632 4518 1704; baseline -0.003 -12"><span class='ocrx_word' id='word_1_203' title='bbox 2916 1637 3210 1700; x_wconf 85' lang='lat' dir='ltr'><strong>babuntur,</strong></span> <span class='ocrx_word' id='word_1_204' title='bbox 3241 1645 3296 1692; x_wconf 88' lang='lat' dir='ltr'><strong>et</strong></span> <span class='ocrx_word' id='word_1_205' title='bbox 3329 1636 3375 1691; x_wconf 90' lang='lat' dir='ltr'><strong>si</strong></span> <span class='ocrx_word' id='word_1_206' title='bbox 3428 1636 3629 1690; x_wconf 84' lang='lat' dir='ltr'><strong>fuerint</strong></span> <span class='ocrx_word' id='word_1_207' title='bbox 3675 1635 3840 1689; x_wconf 88' lang='lat' dir='ltr'><strong>rubra</strong></span> <span class='ocrx_word' id='word_1_208' title='bbox 3870 1634 4033 1704; x_wconf 77' lang='lat' dir='ltr'><strong>quasi</strong></span> <span class='ocrx_word' id='word_1_209' title='bbox 4063 1632 4415 1695; x_wconf 84' lang='lat' dir='ltr'><strong>vermiculus,</strong></span> <span class='ocrx_word' id='word_1_210' title='bbox 4455 1639 4518 1687; x_wconf 86' lang='lat' dir='ltr'><strong>ut</strong></span> 
     </span>
    </p>
   </div>
   <div class='ocr_carea' id='block_1_32' title="bbox 2916 1724 4520 1798">
    <p class='ocr_par' dir='ltr' id='par_1_32' title="bbox 2916 1724 4520 1798">
     <span class='ocr_line' id='line_1_32' title="bbox 2916 1724 4520 1798; baseline -0.003 -16"><span class='ocrx_word' id='word_1_211' title='bbox 2916 1728 3038 1782; x_wconf 84' lang='lat' dir='ltr'><strong>lana</strong></span> <span class='ocrx_word' id='word_1_212' title='bbox 3065 1728 3186 1783; x_wconf 77' lang='lat' dir='ltr'><strong>alba</strong></span> <span class='ocrx_word' id='word_1_213' title='bbox 3213 1737 3372 1784; x_wconf 76' lang='lat' dir='ltr'><strong>eruti:</strong></span> <span class='ocrx_word' id='word_1_214' title='bbox 3401 1727 3536 1798; x_wconf 79' lang='grc' dir='ltr'><strong>(1εαί</strong></span> <span class='ocrx_word' id='word_1_215' title='bbox 3567 1730 3671 1798; x_wconf 62' lang='lat'><strong>1);»</strong></span> <span class='ocrx_word' id='word_1_216' title='bbox 3705 1739 3760 1781; x_wconf 89' lang='lat' dir='ltr'><strong>et</strong></span> <span class='ocrx_word' id='word_1_217' title='bbox 3784 1729 3835 1781; x_wconf 92' lang='lat' dir='ltr'><strong>in</strong></span> <span class='ocrx_word' id='word_1_218' title='bbox 3867 1725 4084 1781; x_wconf 82' lang='lat' dir='ltr'><strong>Psalmo</strong></span> <span class='ocrx_word' id='word_1_219' title='bbox 4115 1743 4169 1778; x_wconf 82' lang='lat' dir='ltr'><strong>:t</strong></span> <span class='ocrx_word' id='word_1_220' title='bbox 4206 1724 4343 1780; x_wconf 79' lang='lat' dir='ltr'><strong>Nive</strong></span> <span class='ocrx_word' id='word_1_221' title='bbox 4369 1724 4520 1779; x_wconf 83' lang='lat' dir='ltr'><strong>deal-</strong></span> 
     </span>
    </p>
   </div>
   <div class='ocr_carea' id='block_1_33' title="bbox 2916 1816 4519 1890">
    <p class='ocr_par' dir='ltr' id='par_1_33' title="bbox 2916 1816 4519 1890">
     <span class='ocr_line' id='line_1_33' title="bbox 2916 1816 4519 1890; baseline -0.004 -16"><span class='ocrx_word' id='word_1_222' title='bbox 2916 1819 3194 1878; x_wconf 85' lang='lat' dir='ltr'><strong>babuntur</strong></span> <span class='ocrx_word' id='word_1_223' title='bbox 3243 1821 3296 1874; x_wconf 91' lang='lat' dir='ltr'><strong>in</strong></span> <span class='ocrx_word' id='word_1_224' title='bbox 3346 1821 3569 1874; x_wconf 86' lang='lat' dir='ltr'><strong>Seltnon</strong></span> <span class='ocrx_word' id='word_1_225' title='bbox 3619 1817 3792 1890; x_wconf 70' lang='lat' dir='ltr'><strong>(Ptol.</strong></span> <span class='ocrx_word' id='word_1_226' title='bbox 3837 1820 4030 1886; x_wconf 79' lang='lat' dir='ltr'><strong>van).</strong></span> <span class='ocrx_word' id='word_1_227' title='bbox 4073 1835 4092 1868; x_wconf 75' lang='grc' dir='ltr'><strong>ι</strong></span> <span class='ocrx_word' id='word_1_228' title='bbox 4125 1816 4194 1871; x_wconf 85' lang='grc' dir='ltr'>Ει</span> <span class='ocrx_word' id='word_1_229' title='bbox 4223 1816 4279 1870; x_wconf 92' lang='lat' dir='ltr'><strong>in</strong></span> <span class='ocrx_word' id='word_1_230' title='bbox 4302 1816 4519 1885; x_wconf 82' lang='lat' dir='ltr'><strong>Apoca-</strong></span> 
     </span>
    </p>
   </div>
   <div class='ocr_carea' id='block_1_34' title="bbox 1211 1905 4521 2003">
    <p class='ocr_par' dir='ltr' id='par_1_34' title="bbox 1211 1905 4521 2003">
     <span class='ocr_line' id='line_1_34' title="bbox 1211 1905 4521 2003; baseline -0.006 -7"><span class='ocrx_word' id='word_1_231' title='bbox 1211 1905 1270 1996; x_wconf 53' lang='grc' dir='ltr'>ἐι</span> <span class='ocrx_word' id='word_1_232' title='bbox 1296 1939 1472 1995; x_wconf 87' lang='lat' dir='ltr'><strong>omnis</strong></span> <span class='ocrx_word' id='word_1_233' title='bbox 1498 1938 1730 1994; x_wconf 84' lang='lat' dir='ltr'><strong>carnalis</strong></span> <span class='ocrx_word' id='word_1_234' title='bbox 1753 1937 2020 1992; x_wconf 76' lang='lat' dir='ltr'><strong>illecebrae</strong></span> <span class='ocrx_word' id='word_1_235' title='bbox 2049 1934 2486 2003; x_wconf 87' lang='lat' dir='ltr'><strong>concupiscentia</strong></span> <span class='ocrx_word' id='word_1_236' title='bbox 2516 1905 2809 2002; x_wconf 69' lang='lat' dir='ltr'><strong>sepelitur;</strong></span> <span class='ocrx_word' id='word_1_237' title='bbox 2844 1926 2890 1987; x_wconf 82' lang='grc' dir='ltr'><strong>Β</strong></span> <span class='ocrx_word' id='word_1_238' title='bbox 2919 1909 3057 1980; x_wconf 69' lang='grc' dir='ltr'><strong>¹Υνδί</strong></span> <span class='ocrx_word' id='word_1_239' title='bbox 3090 1928 3102 1964; x_wconf 74' lang='grc' dir='ltr'>ε</span> <span class='ocrx_word' id='word_1_240' title='bbox 3143 1928 3161 1960; x_wconf 75' lang='grc'><strong><em>⁸</em></strong></span> <span class='ocrx_word' id='word_1_241' title='bbox 3195 1909 3383 1980; x_wconf 61' lang='lat' dir='ltr'><strong>Capilli</strong></span> <span class='ocrx_word' id='word_1_242' title='bbox 3413 1907 3540 1964; x_wconf 59' lang='lat'><strong>’95“</strong></span> <span class='ocrx_word' id='word_1_243' title='bbox 3576 1920 3832 1978; x_wconf 64' lang='grc' dir='ltr'>ιθηίιυειιη</span> <span class='ocrx_word' id='word_1_244' title='bbox 3879 1908 4004 2003; x_wconf 10' lang='lat' dir='ltr'><strong>lilii”</strong></span> <span class='ocrx_word' id='word_1_245' title='bbox 4047 1906 4157 1966; x_wconf 63' lang='lat' dir='ltr'><strong>albi</strong></span> <span class='ocrx_word' id='word_1_246' title='bbox 4201 1905 4521 2003; x_wconf 32' lang='lat' dir='ltr'><strong>factum&quot;?</strong></span> 
     </span>
    </p>
   </div>
   <div class='ocr_carea' id='block_1_35' title="bbox 1212 2027 2812 2099">
    <p class='ocr_par' dir='ltr' id='par_1_35' title="bbox 1212 2027 2812 2099">
     <span class='ocr_line' id='line_1_35' title="bbox 1212 2027 2812 2099; baseline -0.004 -14"><span class='ocrx_word' id='word_1_247' title='bbox 1212 2041 1277 2085; x_wconf 89' lang='grc' dir='ltr'><strong>ιιι</strong></span> <span class='ocrx_word' id='word_1_248' title='bbox 1309 2047 1415 2086; x_wconf 90' lang='lat' dir='ltr'><strong>non</strong></span> <span class='ocrx_word' id='word_1_249' title='bbox 1442 2029 1557 2099; x_wconf 87' lang='lat' dir='ltr'><strong>jam</strong></span> <span class='ocrx_word' id='word_1_250' title='bbox 1583 2045 1712 2085; x_wconf 88' lang='lat' dir='ltr'><strong>caro</strong></span> <span class='ocrx_word' id='word_1_251' title='bbox 1741 2043 1800 2084; x_wconf 89' lang='lat' dir='ltr'><strong>se</strong></span> <span class='ocrx_word' id='word_1_252' title='bbox 1836 2028 2098 2082; x_wconf 87' lang='lat' dir='ltr'><strong>adversus</strong></span> <span class='ocrx_word' id='word_1_253' title='bbox 2134 2027 2382 2096; x_wconf 74' lang='lat' dir='ltr'><strong>spiritum</strong></span> <span class='ocrx_word' id='word_1_254' title='bbox 2426 2034 2671 2090; x_wconf 76' lang='lat' dir='ltr'><strong>moveat,</strong></span> <span class='ocrx_word' id='word_1_255' title='bbox 2705 2039 2812 2080; x_wconf 89' lang='lat' dir='ltr'><strong>non</strong></span> 
     </span>
    </p>
   </div>
   <div class='ocr_carea' id='block_1_36' title="bbox 1213 2118 2383 2190">
    <p class='ocr_par' dir='ltr' id='par_1_36' title="bbox 1213 2118 2383 2190">
     <span class='ocr_line' id='line_1_36' title="bbox 1213 2118 2383 2190; baseline -0.006 -14"><span class='ocrx_word' id='word_1_256' title='bbox 1213 2123 1482 2180; x_wconf 83' lang='lat' dir='ltr'><strong>adversus</strong></span> <span class='ocrx_word' id='word_1_257' title='bbox 1507 2136 1728 2176; x_wconf 83' lang='lat' dir='ltr'><strong>carnem</strong></span> <span class='ocrx_word' id='word_1_258' title='bbox 1761 2120 1984 2190; x_wconf 68' lang='lat' dir='ltr'><strong>spiritus</strong></span> <span class='ocrx_word' id='word_1_259' title='bbox 2011 2118 2383 2188; x_wconf 69' lang='lat' dir='ltr'><strong>concupiscat.</strong></span> 
     </span>
    </p>
   </div>
   <div class='ocr_carea' id='block_1_37' title="bbox 1293 2206 2813 2279">
    <p class='ocr_par' dir='ltr' id='par_1_37' title="bbox 1293 2206 2813 2279">
     <span class='ocr_line' id='line_1_37' title="bbox 1293 2206 2813 2279; baseline -0.006 -11"><span class='ocrx_word' id='word_1_260' title='bbox 1293 2215 1419 2269; x_wconf 86' lang='lat' dir='ltr'><strong>lude</strong></span> <span class='ocrx_word' id='word_1_261' title='bbox 1445 2213 1707 2267; x_wconf 85' lang='lat' dir='ltr'><strong>transitur</strong></span> <span class='ocrx_word' id='word_1_262' title='bbox 1733 2212 1783 2265; x_wconf 87' lang='lat' dir='ltr'><strong>itt</strong></span> <span class='ocrx_word' id='word_1_263' title='bbox 1809 2211 2060 2275; x_wconf 79' lang='lat' dir='ltr'><strong>Aseroth,</strong></span> <span class='ocrx_word' id='word_1_264' title='bbox 2087 2210 2230 2279; x_wconf 85' lang='lat' dir='ltr'><strong>quod</strong></span> <span class='ocrx_word' id='word_1_265' title='bbox 2257 2209 2650 2278; x_wconf 83' lang='lat' dir='ltr'><strong>interpretatur</strong></span> <span class='ocrx_word' id='word_1_266' title='bbox 2675 2206 2813 2261; x_wconf 81' lang='lat' dir='ltr'><strong>atria</strong></span> 
     </span>
    </p>
   </div>
   <div class='ocr_carea' id='block_1_38' title="bbox 1217 2297 2813 2378">
    <p class='ocr_par' dir='ltr' id='par_1_38' title="bbox 1217 2297 2813 2378">
     <span class='ocr_line' id='line_1_38' title="bbox 1217 2297 2813 2378; baseline -0.004 -19"><span class='ocrx_word' id='word_1_267' title='bbox 1217 2305 1478 2378; x_wconf 73' lang='lat' dir='ltr'><strong>perfecta,</strong></span> <span class='ocrx_word' id='word_1_268' title='bbox 1519 2303 1601 2358; x_wconf 89' lang='lat' dir='ltr'><strong>vel</strong></span> <span class='ocrx_word' id='word_1_269' title='bbox 1652 2302 1939 2355; x_wconf 76' lang='lat' dir='ltr'><strong>beatitudo.</strong></span> <span class='ocrx_word' id='word_1_270' title='bbox 1991 2301 2101 2363; x_wconf 85' lang='lat' dir='ltr'><strong>Et,</strong></span> <span class='ocrx_word' id='word_1_271' title='bbox 2142 2316 2174 2354; x_wconf 91' lang='grc' dir='ltr'>ο</span> <span class='ocrx_word' id='word_1_272' title='bbox 2220 2315 2380 2368; x_wconf 89' lang='lat' dir='ltr'><strong>quam</strong></span> <span class='ocrx_word' id='word_1_273' title='bbox 2427 2297 2652 2368; x_wconf 80' lang='lat' dir='ltr'><strong>pulcher</strong></span> <span class='ocrx_word' id='word_1_274' title='bbox 2679 2297 2813 2352; x_wconf 68' lang='lat' dir='ltr'><strong>ordo</strong></span> 
     </span>
    </p>
   </div>
   <div class='ocr_carea' id='block_1_39' title="bbox 1215 2387 2812 2465">
    <p class='ocr_par' dir='ltr' id='par_1_39' title="bbox 1215 2387 2812 2465">
     <span class='ocr_line' id='line_1_39' title="bbox 1215 2387 2812 2465; baseline -0.006 -14"><span class='ocrx_word' id='word_1_275' title='bbox 1215 2395 1496 2465; x_wconf 76' lang='lat' dir='ltr'><strong>mysterii,</strong></span> <span class='ocrx_word' id='word_1_276' title='bbox 1527 2408 1690 2463; x_wconf 90' lang='lat' dir='ltr'><strong>quam</strong></span> <span class='ocrx_word' id='word_1_277' title='bbox 1716 2393 1914 2446; x_wconf 84' lang='lat' dir='ltr'><strong>decora</strong></span> <span class='ocrx_word' id='word_1_278' title='bbox 1946 2390 2116 2445; x_wconf 84' lang='lat' dir='ltr'><strong>series</strong></span> <span class='ocrx_word' id='word_1_279' title='bbox 2142 2389 2437 2458; x_wconf 77' lang='lat' dir='ltr'><strong>spiritualis</strong></span> <span class='ocrx_word' id='word_1_280' title='bbox 2467 2387 2812 2453; x_wconf 88' lang='lat' dir='ltr'><strong>incrementi,</strong></span> 
     </span>
    </p>
   </div>
   <div class='ocr_carea' id='block_1_40' title="bbox 1218 2481 2815 2556">
    <p class='ocr_par' dir='ltr' id='par_1_40' title="bbox 1218 2481 2815 2556">
     <span class='ocr_line' id='line_1_40' title="bbox 1218 2481 2815 2556; baseline -0.004 -17"><span class='ocrx_word' id='word_1_281' title='bbox 1218 2495 1303 2549; x_wconf 92' lang='grc' dir='ltr'>ιιι,</span> <span class='ocrx_word' id='word_1_282' title='bbox 1331 2496 1611 2556; x_wconf 83' lang='lat' dir='ltr'><strong>postquam</strong></span> <span class='ocrx_word' id='word_1_283' title='bbox 1642 2484 1919 2552; x_wconf 85' lang='lat' dir='ltr'><strong>sepelieris</strong></span> <span class='ocrx_word' id='word_1_284' title='bbox 1945 2483 2283 2550; x_wconf 70' lang='lat' dir='ltr'><strong>concupiscet</strong></span> <span class='ocrx_word' id='word_1_285' title='bbox 2311 2482 2414 2534; x_wconf 84' lang='lat' dir='ltr'><strong>tias</strong></span> <span class='ocrx_word' id='word_1_286' title='bbox 2443 2481 2644 2542; x_wconf 78' lang='lat' dir='ltr'><strong>carnis,</strong></span> <span class='ocrx_word' id='word_1_287' title='bbox 2673 2495 2815 2550; x_wconf 83' lang='lat' dir='ltr'><strong>prte-</strong></span> 
     </span>
    </p>
   </div>
   <div class='ocr_carea' id='block_1_41' title="bbox 1215 2570 2812 2645">
    <p class='ocr_par' dir='ltr' id='par_1_41' title="bbox 1215 2570 2812 2645">
     <span class='ocr_line' id='line_1_41' title="bbox 1215 2570 2812 2645; baseline -0.007 -12"><span class='ocrx_word' id='word_1_288' title='bbox 1215 2585 1308 2633; x_wconf 80' lang='lat' dir='ltr'><strong>sto</strong></span> <span class='ocrx_word' id='word_1_289' title='bbox 1355 2575 1639 2645; x_wconf 84' lang='lat' dir='ltr'><strong>pervenias</strong></span> <span class='ocrx_word' id='word_1_290' title='bbox 1684 2573 1748 2625; x_wconf 87' lang='lat' dir='ltr'><strong>ad</strong></span> <span class='ocrx_word' id='word_1_291' title='bbox 1794 2574 1991 2626; x_wconf 81' lang='lat' dir='ltr'><strong>atrium</strong></span> <span class='ocrx_word' id='word_1_292' title='bbox 2039 2570 2388 2641; x_wconf 74' lang='lat' dir='ltr'><strong>perfectionis</strong></span> <span class='ocrx_word' id='word_1_293' title='bbox 2431 2579 2485 2623; x_wconf 83' lang='lat' dir='ltr'><strong>et</strong></span> <span class='ocrx_word' id='word_1_294' title='bbox 2532 2570 2812 2637; x_wconf 56' lang='lat' dir='ltr'><strong>premium</strong></span> 
     </span>
    </p>
   </div>
   <div class='ocr_carea' id='block_1_42' title="bbox 1217 2660 2818 2732">
    <p class='ocr_par' dir='ltr' id='par_1_42' title="bbox 1217 2660 2818 2732">
     <span class='ocr_line' id='line_1_42' title="bbox 1217 2660 2818 2732; baseline -0.006 -12"><span class='ocrx_word' id='word_1_295' title='bbox 1217 2665 1601 2720; x_wconf 74' lang='lat' dir='ltr'><strong>beatitudinis!</strong></span> <span class='ocrx_word' id='word_1_296' title='bbox 1634 2663 1784 2717; x_wconf 71' lang='lat' dir='ltr'><strong>Felix</strong></span> <span class='ocrx_word' id='word_1_297' title='bbox 1823 2663 1999 2715; x_wconf 84' lang='lat' dir='ltr'><strong>anima</strong></span> <span class='ocrx_word' id='word_1_298' title='bbox 2029 2678 2149 2732; x_wconf 84' lang='lat' dir='ltr'><strong>qme</strong></span> <span class='ocrx_word' id='word_1_299' title='bbox 2186 2662 2346 2714; x_wconf 86' lang='lat' dir='ltr'><strong>nullis</strong></span> <span class='ocrx_word' id='word_1_300' title='bbox 2371 2661 2477 2730; x_wconf 78' lang='lat' dir='ltr'><strong>jam</strong></span> <span class='ocrx_word' id='word_1_301' title='bbox 2511 2660 2657 2714; x_wconf 54' lang='lat' dir='ltr'><strong>viﬁis&#39;</strong></span> <span class='ocrx_word' id='word_1_302' title='bbox 2695 2675 2818 2713; x_wconf 80' lang='lat' dir='ltr'><strong>car-</strong></span> 
     </span>
    </p>
   </div>
   <div class='ocr_carea' id='block_1_43' title="bbox 1221 2750 2815 2824">
    <p class='ocr_par' dir='ltr' id='par_1_43' title="bbox 1221 2750 2815 2824">
     <span class='ocr_line' id='line_1_43' title="bbox 1221 2750 2815 2824; baseline -0.003 -15"><span class='ocrx_word' id='word_1_303' title='bbox 1221 2753 1312 2809; x_wconf 85' lang='lat' dir='ltr'><strong>nis</strong></span> <span class='ocrx_word' id='word_1_304' title='bbox 1339 2763 1580 2824; x_wconf 85' lang='lat' dir='ltr'><strong>urgetur,</strong></span> <span class='ocrx_word' id='word_1_305' title='bbox 1614 2755 1737 2822; x_wconf 88' lang='lat' dir='ltr'><strong>quia</strong></span> <span class='ocrx_word' id='word_1_306' title='bbox 1776 2768 1899 2806; x_wconf 75' lang='lat' dir='ltr'><strong>mox</strong></span> <span class='ocrx_word' id='word_1_307' title='bbox 1930 2752 1998 2805; x_wconf 90' lang='lat' dir='ltr'><strong>ad</strong></span> <span class='ocrx_word' id='word_1_308' title='bbox 2039 2751 2426 2805; x_wconf 83' lang='lat' dir='ltr'><strong>beatitudinem</strong></span> <span class='ocrx_word' id='word_1_309' title='bbox 2455 2750 2815 2820; x_wconf 73' lang='lat' dir='ltr'><strong>percipiendae</strong></span> 
     </span>
    </p>
   </div>
   <div class='ocr_carea' id='block_1_44' title="bbox 1219 2829 2038 2913">
    <p class='ocr_par' dir='ltr' id='par_1_44' title="bbox 1219 2829 2038 2913">
     <span class='ocr_line' id='line_1_44' title="bbox 1219 2829 2038 2913; baseline -0.005 -13"><span class='ocrx_word' id='word_1_310' title='bbox 1219 2829 1682 2900; x_wconf 79' lang='lat' dir='ltr'><strong>remunerationis</strong></span> <span class='ocrx_word' id='word_1_311' title='bbox 1711 2844 2038 2913; x_wconf 73' lang='lat' dir='ltr'><strong>ingreditur!</strong></span> 
     </span>
    </p>
   </div>
   <div class='ocr_carea' id='block_1_45' title="bbox 1295 2933 2808 2997">
    <p class='ocr_par' dir='ltr' id='par_1_45' title="bbox 1295 2933 2808 2997">
     <span class='ocr_line' id='line_1_45' title="bbox 1295 2933 2808 2997; baseline 0 -9"><span class='ocrx_word' id='word_1_312' title='bbox 1295 2935 1425 2990; x_wconf 79' lang='lat' dir='ltr'><strong>Post</strong></span> <span class='ocrx_word' id='word_1_313' title='bbox 1477 2936 1591 2988; x_wconf 61' lang='lat' dir='ltr'><strong>haec</strong></span> <span class='ocrx_word' id='word_1_314' title='bbox 1650 2944 1913 2988; x_wconf 82' lang='lat' dir='ltr'><strong>venerunt</strong></span> <span class='ocrx_word' id='word_1_315' title='bbox 1959 2935 2010 2987; x_wconf 92' lang='lat' dir='ltr'><strong>iu</strong></span> <span class='ocrx_word' id='word_1_316' title='bbox 2057 2933 2284 2988; x_wconf 79' lang='lat' dir='ltr'><strong>Rethma</strong></span> <span class='ocrx_word' id='word_1_317' title='bbox 2313 2974 2326 2997; x_wconf 95' lang='lat'><strong>,</strong></span> <span class='ocrx_word' id='word_1_318' title='bbox 2387 2933 2502 2988; x_wconf 82' lang='lat' dir='ltr'><strong>sive</strong></span> <span class='ocrx_word' id='word_1_319' title='bbox 2551 2933 2808 2988; x_wconf 84' lang='lat' dir='ltr'><strong>Pharam.</strong></span> 
     </span>
    </p>
   </div>
   <div class='ocr_carea' id='block_1_46' title="bbox 1227 3022 2811 3096">
    <p class='ocr_par' dir='ltr' id='par_1_46' title="bbox 1227 3022 2811 3096">
     <span class='ocr_line' id='line_1_46' title="bbox 1227 3022 2811 3096; baseline -0.002 -18"><span class='ocrx_word' id='word_1_320' title='bbox 1227 3022 1390 3096; x_wconf 52' lang='lat'><strong>1&amp;5</strong></span> <span class='ocrx_word' id='word_1_321' title='bbox 1439 3022 1706 3086; x_wconf 79' lang='lat' dir='ltr'><strong>Rethma,</strong></span> <span class='ocrx_word' id='word_1_322' title='bbox 1758 3031 1814 3075; x_wconf 91' lang='lat' dir='ltr'><strong>ut</strong></span> <span class='ocrx_word' id='word_1_323' title='bbox 1864 3024 2183 3092; x_wconf 86' lang='lat' dir='ltr'><strong>opinamur,</strong></span> <span class='ocrx_word' id='word_1_324' title='bbox 2235 3023 2629 3092; x_wconf 77' lang='lat' dir='ltr'><strong>interpretatur</strong></span> <span class='ocrx_word' id='word_1_325' title='bbox 2683 3023 2811 3076; x_wconf 68' lang='lat' dir='ltr'><strong>cisio</strong></span> 
     </span>
    </p>
   </div>
   <div class='ocr_carea' id='block_1_47' title="bbox 1223 3112 2814 3182">
    <p class='ocr_par' dir='ltr' id='par_1_47' title="bbox 1223 3112 2814 3182">
     <span class='ocr_line' id='line_1_47' title="bbox 1223 3112 2814 3182; baseline -0.002 -13"><span class='ocrx_word' id='word_1_326' title='bbox 1223 3125 1624 3178; x_wconf 75' lang='lat' dir='ltr'><strong>consummata;</strong></span> <span class='ocrx_word' id='word_1_327' title='bbox 1667 3114 1898 3168; x_wconf 78' lang='lat' dir='ltr'><strong>Pharam</strong></span> <span class='ocrx_word' id='word_1_328' title='bbox 1951 3128 2098 3178; x_wconf 91' lang='lat' dir='ltr'><strong>vero,</strong></span> <span class='ocrx_word' id='word_1_329' title='bbox 2141 3112 2341 3166; x_wconf 80' lang='lat' dir='ltr'><strong>risibile</strong></span> <span class='ocrx_word' id='word_1_330' title='bbox 2383 3130 2460 3167; x_wconf 85' lang='lat' dir='ltr'><strong>os.</strong></span> <span class='ocrx_word' id='word_1_331' title='bbox 2516 3113 2571 3166; x_wconf 82' lang='lat' dir='ltr'><strong>In</strong></span> <span class='ocrx_word' id='word_1_332' title='bbox 2614 3113 2814 3182; x_wconf 87' lang='lat' dir='ltr'><strong>quibus</strong></span> 
     </span>
    </p>
   </div>
   <div class='ocr_carea' id='block_1_48' title="bbox 1224 3203 2808 3276">
    <p class='ocr_par' dir='ltr' id='par_1_48' title="bbox 1224 3203 2808 3276">
     <span class='ocr_line' id='line_1_48' title="bbox 1224 3203 2808 3276; baseline -0.003 -18"><span class='ocrx_word' id='word_1_333' title='bbox 1224 3206 1359 3276; x_wconf 83' lang='lat' dir='ltr'><strong>quid</strong></span> <span class='ocrx_word' id='word_1_334' title='bbox 1377 3205 1522 3260; x_wconf 82' lang='lat' dir='ltr'><strong>aliud</strong></span> <span class='ocrx_word' id='word_1_335' title='bbox 1542 3204 1881 3274; x_wconf 74' lang='lat' dir='ltr'><strong>intelligitur,</strong></span> <span class='ocrx_word' id='word_1_336' title='bbox 1906 3204 2005 3256; x_wconf 75' lang='lat' dir='ltr'><strong>nisi</strong></span> <span class='ocrx_word' id='word_1_337' title='bbox 2031 3213 2089 3256; x_wconf 89' lang='lat' dir='ltr'><strong>ut</strong></span> <span class='ocrx_word' id='word_1_338' title='bbox 2111 3213 2298 3257; x_wconf 74' lang='lat' dir='ltr'><strong>sancta</strong></span> <span class='ocrx_word' id='word_1_339' title='bbox 2325 3204 2575 3271; x_wconf 75' lang='lat' dir='ltr'><strong>quzulibct</strong></span> <span class='ocrx_word' id='word_1_340' title='bbox 2602 3203 2808 3267; x_wconf 81' lang='lat' dir='ltr'><strong>anima,</strong></span> 
     </span>
    </p>
   </div>
   <div class='ocr_carea' id='block_1_49' title="bbox 2919 1999 4516 2076">
    <p class='ocr_par' dir='ltr' id='par_1_49' title="bbox 2919 1999 4516 2076">
     <span class='ocr_line' id='line_1_49' title="bbox 2919 1999 4516 2076; baseline -0.003 -19"><span class='ocrx_word' id='word_1_341' title='bbox 2919 2006 3104 2076; x_wconf 65' lang='lat' dir='ltr'><strong>(Apoc.</strong></span> <span class='ocrx_word' id='word_1_342' title='bbox 3148 2007 3211 2074; x_wconf 87' lang='grc' dir='ltr'><strong>ι).</strong></span> <span class='ocrx_word' id='word_1_343' title='bbox 3246 2024 3264 2056; x_wconf 81' lang='grc' dir='ltr'><strong>ι</strong></span> <span class='ocrx_word' id='word_1_344' title='bbox 3297 2006 3642 2074; x_wconf 77' lang='lat' dir='ltr'><strong>Quapropter</strong></span> <span class='ocrx_word' id='word_1_345' title='bbox 3672 2003 3762 2058; x_wconf 89' lang='lat' dir='ltr'><strong>hic</strong></span> <span class='ocrx_word' id='word_1_346' title='bbox 3799 2001 4078 2056; x_wconf 89' lang='lat' dir='ltr'><strong>dealbatio</strong></span> <span class='ocrx_word' id='word_1_347' title='bbox 4121 1999 4516 2055; x_wconf 84' lang='lat' dir='ltr'><strong>convenienter</strong></span> 
     </span>
    </p>
   </div>
   <div class='ocr_carea' id='block_1_50' title="bbox 2917 2090 4518 2169">
    <p class='ocr_par' dir='ltr' id='par_1_50' title="bbox 2917 2090 4518 2169">
     <span class='ocr_line' id='line_1_50' title="bbox 2917 2090 4518 2169; baseline -0.007 -15"><span class='ocrx_word' id='word_1_348' title='bbox 2917 2098 3240 2169; x_wconf 71' lang='lat' dir='ltr'><strong>intelligitur</strong></span> <span class='ocrx_word' id='word_1_349' title='bbox 3278 2099 3344 2154; x_wconf 82' lang='lat' dir='ltr'><strong>de</strong></span> <span class='ocrx_word' id='word_1_350' title='bbox 3390 2113 3533 2152; x_wconf 74' lang='lat' dir='ltr'><strong>vera:</strong></span> <span class='ocrx_word' id='word_1_351' title='bbox 3580 2096 3718 2151; x_wconf 89' lang='lat' dir='ltr'><strong>lucis</strong></span> <span class='ocrx_word' id='word_1_352' title='bbox 3761 2095 4048 2164; x_wconf 75' lang='lat' dir='ltr'><strong>Splendorc</strong></span> <span class='ocrx_word' id='word_1_353' title='bbox 4091 2093 4311 2161; x_wconf 89' lang='lat' dir='ltr'><strong>prodire</strong></span> <span class='ocrx_word' id='word_1_354' title='bbox 4350 2103 4406 2145; x_wconf 91' lang='lat' dir='ltr'><strong>et</strong></span> <span class='ocrx_word' id='word_1_355' title='bbox 4449 2090 4518 2143; x_wconf 82' lang='lat' dir='ltr'><strong>de</strong></span> 
     </span>
    </p>
   </div>
   <div class='ocr_carea' id='block_1_51' title="bbox 2917 2182 4515 2254">
    <p class='ocr_par' dir='ltr' id='par_1_51' title="bbox 2917 2182 4515 2254">
     <span class='ocr_line' id='line_1_51' title="bbox 2917 2182 4515 2254; baseline -0.007 -10"><span class='ocrx_word' id='word_1_356' title='bbox 2917 2205 3144 2244; x_wconf 73' lang='lat' dir='ltr'><strong>summa:</strong></span> <span class='ocrx_word' id='word_1_357' title='bbox 3169 2190 3392 2254; x_wconf 83' lang='lat' dir='ltr'><strong>visionis</strong></span> <span class='ocrx_word' id='word_1_358' title='bbox 3413 2188 3666 2244; x_wconf 88' lang='lat' dir='ltr'><strong>claritate</strong></span> <span class='ocrx_word' id='word_1_359' title='bbox 3684 2187 4038 2240; x_wconf 86' lang='lat' dir='ltr'><strong>descendere.</strong></span> <span class='ocrx_word' id='word_1_360' title='bbox 4062 2184 4214 2251; x_wconf 81' lang='lat' dir='ltr'><strong>Quod</strong></span> <span class='ocrx_word' id='word_1_361' title='bbox 4239 2184 4283 2238; x_wconf 84' lang='lat' dir='ltr'><strong>si</strong></span> <span class='ocrx_word' id='word_1_362' title='bbox 4306 2182 4515 2248; x_wconf 83' lang='lat' dir='ltr'><strong>chna,</strong></span> 
     </span>
    </p>
   </div>
   <div class='ocr_carea' id='block_1_52' title="bbox 2916 2272 4516 2348">
    <p class='ocr_par' dir='ltr' id='par_1_52' title="bbox 2916 2272 4516 2348">
     <span class='ocr_line' id='line_1_52' title="bbox 2916 2272 4516 2348; baseline -0.006 -16"><span class='ocrx_word' id='word_1_363' title='bbox 2916 2287 2976 2332; x_wconf 84' lang='lat' dir='ltr'><strong>u‘.</strong></span> <span class='ocrx_word' id='word_1_364' title='bbox 3003 2278 3225 2348; x_wconf 87' lang='lat' dir='ltr'><strong>quidam</strong></span> <span class='ocrx_word' id='word_1_365' title='bbox 3249 2279 3459 2343; x_wconf 88' lang='lat' dir='ltr'><strong>dicunt,</strong></span> <span class='ocrx_word' id='word_1_366' title='bbox 3494 2277 3545 2330; x_wconf 89' lang='lat' dir='ltr'><strong>in</strong></span> <span class='ocrx_word' id='word_1_367' title='bbox 3576 2275 3791 2330; x_wconf 81' lang='lat' dir='ltr'><strong>laterem</strong></span> <span class='ocrx_word' id='word_1_368' title='bbox 3826 2275 4077 2338; x_wconf 85' lang='lat' dir='ltr'><strong>vertitur,</strong></span> <span class='ocrx_word' id='word_1_369' title='bbox 4127 2275 4180 2328; x_wconf 90' lang='lat' dir='ltr'><strong>in</strong></span> <span class='ocrx_word' id='word_1_370' title='bbox 4227 2288 4336 2343; x_wconf 90' lang='lat' dir='ltr'><strong>quo</strong></span> <span class='ocrx_word' id='word_1_371' title='bbox 4363 2272 4516 2327; x_wconf 81' lang='lat' dir='ltr'><strong>vitle-</strong></span> 
     </span>
    </p>
   </div>
   <div class='ocr_carea' id='block_1_53' title="bbox 2916 2365 4516 2439">
    <p class='ocr_par' dir='ltr' id='par_1_53' title="bbox 2916 2365 4516 2439">
     <span class='ocr_line' id='line_1_53' title="bbox 2916 2365 4516 2439; baseline -0.004 -15"><span class='ocrx_word' id='word_1_372' title='bbox 2916 2369 3045 2424; x_wconf 88' lang='lat' dir='ltr'><strong>licet</strong></span> <span class='ocrx_word' id='word_1_373' title='bbox 3074 2385 3238 2439; x_wconf 90' lang='lat' dir='ltr'><strong>opere</strong></span> <span class='ocrx_word' id='word_1_374' title='bbox 3266 2367 3603 2424; x_wconf 86' lang='lat' dir='ltr'><strong>lsraelitieus</strong></span> <span class='ocrx_word' id='word_1_375' title='bbox 3641 2367 3693 2422; x_wconf 91' lang='lat' dir='ltr'><strong>in</strong></span> <span class='ocrx_word' id='word_1_376' title='bbox 3722 2365 3962 2436; x_wconf 62' lang='lat' dir='ltr'><strong>Egypto</strong></span> <span class='ocrx_word' id='word_1_377' title='bbox 4011 2365 4240 2436; x_wconf 88' lang='lat' dir='ltr'><strong>populus</strong></span> <span class='ocrx_word' id='word_1_378' title='bbox 4289 2373 4516 2420; x_wconf 74' lang='lat' dir='ltr'><strong>coactus</strong></span> 
     </span>
    </p>
   </div>
   <div class='ocr_carea' id='block_1_54' title="bbox 2915 2452 4517 2525">
    <p class='ocr_par' dir='ltr' id='par_1_54' title="bbox 2915 2452 4517 2525">
     <span class='ocr_line' id='line_1_54' title="bbox 2915 2452 4517 2525; baseline -0.002 -11"><span class='ocrx_word' id='word_1_379' title='bbox 2915 2470 3000 2514; x_wconf 86' lang='lat' dir='ltr'><strong>est</strong></span> <span class='ocrx_word' id='word_1_380' title='bbox 3023 2460 3295 2521; x_wconf 82' lang='lat' dir='ltr'><strong>laborare.</strong></span> <span class='ocrx_word' id='word_1_381' title='bbox 3334 2459 3438 2513; x_wconf 90' lang='lat' dir='ltr'><strong>hoc</strong></span> <span class='ocrx_word' id='word_1_382' title='bbox 3469 2458 3628 2512; x_wconf 89' lang='lat' dir='ltr'><strong>datur</strong></span> <span class='ocrx_word' id='word_1_383' title='bbox 3659 2456 3887 2524; x_wconf 78' lang='lat' dir='ltr'><strong>intelligi</strong></span> <span class='ocrx_word' id='word_1_384' title='bbox 3922 2456 4074 2525; x_wconf 74' lang='lat' dir='ltr'><strong>quia,</strong></span> <span class='ocrx_word' id='word_1_385' title='bbox 4119 2457 4261 2510; x_wconf 88' lang='lat' dir='ltr'><strong>sicut</strong></span> <span class='ocrx_word' id='word_1_386' title='bbox 4290 2452 4365 2510; x_wconf 80' lang='lat' dir='ltr'><strong>iiii</strong></span> <span class='ocrx_word' id='word_1_387' title='bbox 4392 2466 4517 2524; x_wconf 83' lang='lat' dir='ltr'><strong>post</strong></span> 
     </span>
    </p>
   </div>
   <div class='ocr_carea' id='block_1_55' title="bbox 2920 2548 4512 2613">
    <p class='ocr_par' dir='ltr' id='par_1_55' title="bbox 2920 2548 4512 2613">
     <span class='ocr_line' id='line_1_55' title="bbox 2920 2548 4512 2613; baseline -0.003 -8"><span class='ocrx_word' id='word_1_388' title='bbox 2920 2562 3026 2606; x_wconf 87' lang='lat' dir='ltr'><strong>tam</strong></span> <span class='ocrx_word' id='word_1_389' title='bbox 3056 2551 3303 2606; x_wconf 57' lang='lat' dir='ltr'><strong>sublimia</strong></span> <span class='ocrx_word' id='word_1_390' title='bbox 3333 2550 3448 2604; x_wconf 89' lang='lat' dir='ltr'><strong>loca</strong></span> <span class='ocrx_word' id='word_1_391' title='bbox 3473 2562 3665 2610; x_wconf 61' lang='lat' dir='ltr'><strong>rure-ts</strong></span> <span class='ocrx_word' id='word_1_392' title='bbox 3689 2549 3744 2602; x_wconf 90' lang='lat' dir='ltr'><strong>in</strong></span> <span class='ocrx_word' id='word_1_393' title='bbox 3774 2548 3998 2606; x_wconf 65' lang='lat' dir='ltr'><strong>Latet-cm</strong></span> <span class='ocrx_word' id='word_1_394' title='bbox 4022 2548 4263 2613; x_wconf 70' lang='lat' dir='ltr'><strong>veniant,</strong></span> <span class='ocrx_word' id='word_1_395' title='bbox 4294 2549 4364 2601; x_wconf 87' lang='lat' dir='ltr'><strong>ita</strong></span> <span class='ocrx_word' id='word_1_396' title='bbox 4392 2564 4512 2609; x_wconf 61' lang='lat' dir='ltr'><strong>nos.</strong></span> 
     </span>
    </p>
   </div>
   <div class='ocr_carea' id='block_1_56' title="bbox 2917 2638 4510 2711">
    <p class='ocr_par' dir='ltr' id='par_1_56' title="bbox 2917 2638 4510 2711">
     <span class='ocr_line' id='line_1_56' title="bbox 2917 2638 4510 2711; baseline -0.001 -19"><span class='ocrx_word' id='word_1_397' title='bbox 2917 2642 3156 2711; x_wconf 70' lang='lat' dir='ltr'><strong>quaadiu</strong></span> <span class='ocrx_word' id='word_1_398' title='bbox 3200 2641 3253 2693; x_wconf 89' lang='lat' dir='ltr'><strong>in</strong></span> <span class='ocrx_word' id='word_1_399' title='bbox 3294 2638 3455 2708; x_wconf 81' lang='lat' dir='ltr'><strong>hujus</strong></span> <span class='ocrx_word' id='word_1_400' title='bbox 3487 2639 3675 2696; x_wconf 69' lang='lat' dir='ltr'><strong>mea</strong></span> <span class='ocrx_word' id='word_1_401' title='bbox 3703 2641 3922 2692; x_wconf 74' lang='lat' dir='ltr'><strong>deserto</strong></span> <span class='ocrx_word' id='word_1_402' title='bbox 3951 2638 4388 2708; x_wconf 76' lang='lat' dir='ltr'><strong>peregrinantur,</strong></span> <span class='ocrx_word' id='word_1_403' title='bbox 4422 2653 4510 2694; x_wconf 88' lang='lat' dir='ltr'><strong>uc-</strong></span> 
     </span>
    </p>
   </div>
   <div class='ocr_carea' id='block_1_57' title="bbox 2923 2727 4516 2799">
    <p class='ocr_par' dir='ltr' id='par_1_57' title="bbox 2923 2727 4516 2799">
     <span class='ocr_line' id='line_1_57' title="bbox 2923 2727 4516 2799; baseline -0.003 -13"><span class='ocrx_word' id='word_1_404' title='bbox 2923 2728 3878 2799; x_wconf 67' lang='lat' dir='ltr'><strong>ccssitatecompellimt;ralii&#39;ptaado</strong></span> <span class='ocrx_word' id='word_1_405' title='bbox 3906 2740 3935 2782; x_wconf 74' lang='grc' dir='ltr'>τι</span> <span class='ocrx_word' id='word_1_406' title='bbox 3953 2727 4184 2780; x_wconf 82' lang='lat' dir='ltr'><strong>summis</strong></span> <span class='ocrx_word' id='word_1_407' title='bbox 4207 2729 4272 2781; x_wconf 79' lang='lat' dir='ltr'><strong>ad</strong></span> <span class='ocrx_word' id='word_1_408' title='bbox 4289 2729 4397 2782; x_wconf 87' lang='lat' dir='ltr'><strong>ima</strong></span> <span class='ocrx_word' id='word_1_409' title='bbox 4421 2727 4516 2782; x_wconf 84' lang='lat' dir='ltr'><strong>de-</strong></span> 
     </span>
    </p>
   </div>
   <div class='ocr_carea' id='block_1_58' title="bbox 2916 2819 4513 2894">
    <p class='ocr_par' dir='ltr' id='par_1_58' title="bbox 2916 2819 4513 2894">
     <span class='ocr_line' id='line_1_58' title="bbox 2916 2819 4513 2894; baseline -0.001 -15"><span class='ocrx_word' id='word_1_410' title='bbox 2916 2822 3202 2886; x_wconf 76' lang='lat' dir='ltr'><strong>scendere,</strong></span> <span class='ocrx_word' id='word_1_411' title='bbox 3225 2831 3279 2876; x_wconf 90' lang='lat' dir='ltr'><strong>et</strong></span> <span class='ocrx_word' id='word_1_412' title='bbox 3299 2839 3328 2876; x_wconf 84' lang='lat' dir='ltr'><strong>a</strong></span> <span class='ocrx_word' id='word_1_413' title='bbox 3345 2819 3718 2892; x_wconf 74' lang='lat' dir='ltr'><strong>spiz-itaalibus</strong></span> <span class='ocrx_word' id='word_1_414' title='bbox 3742 2819 3809 2876; x_wconf 87' lang='lat' dir='ltr'><strong>ad</strong></span> <span class='ocrx_word' id='word_1_415' title='bbox 3835 2829 4066 2875; x_wconf 72' lang='lat' dir='ltr'><strong>terrente</strong></span> <span class='ocrx_word' id='word_1_416' title='bbox 4088 2819 4324 2877; x_wconf 85' lang='lat' dir='ltr'><strong>actionis</strong></span> <span class='ocrx_word' id='word_1_417' title='bbox 4346 2833 4513 2894; x_wconf 69' lang='lat' dir='ltr'><strong>opera</strong></span> 
     </span>
    </p>
   </div>
   <div class='ocr_carea' id='block_1_59' title="bbox 2917 2913 3332 2980">
    <p class='ocr_par' dir='ltr' id='par_1_59' title="bbox 2917 2913 3332 2980">
     <span class='ocr_line' id='line_1_59' title="bbox 2917 2913 3332 2980; baseline -0.005 -14"><span class='ocrx_word' id='word_1_418' title='bbox 2917 2913 3246 2980; x_wconf 56' lang='lat' dir='ltr'><strong>trattsazigra</strong></span> <span class='ocrx_word' id='word_1_419' title='bbox 3256 2927 3332 2965; x_wconf 90' lang='lat' dir='ltr'><strong>re.</strong></span> 
     </span>
    </p>
   </div>
   <div class='ocr_carea' id='block_1_60' title="bbox 2988 3003 4509 3073">
    <p class='ocr_par' dir='ltr' id='par_1_60' title="bbox 2988 3003 4509 3073">
     <span class='ocr_line' id='line_1_60' title="bbox 2988 3003 4509 3073; baseline 0.001 -15"><span class='ocrx_word' id='word_1_420' title='bbox 2988 3004 3121 3060; x_wconf 81' lang='lat' dir='ltr'><strong>Post</strong></span> <span class='ocrx_word' id='word_1_421' title='bbox 3147 3005 3262 3060; x_wconf 70' lang='lat' dir='ltr'><strong>hate</strong></span> <span class='ocrx_word' id='word_1_422' title='bbox 3285 3005 3510 3060; x_wconf 79' lang='lat' dir='ltr'><strong>veniunt</strong></span> <span class='ocrx_word' id='word_1_423' title='bbox 3561 3005 3611 3058; x_wconf 89' lang='lat' dir='ltr'><strong>in</strong></span> <span class='ocrx_word' id='word_1_424' title='bbox 3641 3003 3811 3057; x_wconf 72' lang='lat' dir='ltr'><strong>Ressa</strong></span> <span class='ocrx_word' id='word_1_425' title='bbox 3833 3043 3847 3068; x_wconf 95' lang='lat'><strong>,</strong></span> <span class='ocrx_word' id='word_1_426' title='bbox 3877 3003 4022 3073; x_wconf 87' lang='lat' dir='ltr'><strong>quod</strong></span> <span class='ocrx_word' id='word_1_427' title='bbox 4055 3003 4290 3073; x_wconf 75' lang='lat' dir='ltr'><strong>infrenos</strong></span> <span class='ocrx_word' id='word_1_428' title='bbox 4341 3004 4509 3060; x_wconf 81' lang='lat' dir='ltr'><strong>verti-</strong></span> 
     </span>
    </p>
   </div>
   <div class='ocr_carea' id='block_1_61' title="bbox 2923 3091 4518 3162">
    <p class='ocr_par' dir='ltr' id='par_1_61' title="bbox 2923 3091 4518 3162">
     <span class='ocr_line' id='line_1_61' title="bbox 2923 3091 4518 3162; baseline -0.001 -14"><span class='ocrx_word' id='word_1_429' title='bbox 2923 3103 3036 3159; x_wconf 91' lang='lat' dir='ltr'><strong>tur,</strong></span> <span class='ocrx_word' id='word_1_430' title='bbox 3059 3103 3115 3149; x_wconf 86' lang='lat' dir='ltr'><strong>ct</strong></span> <span class='ocrx_word' id='word_1_431' title='bbox 3141 3109 3245 3148; x_wconf 90' lang='lat' dir='ltr'><strong>non</strong></span> <span class='ocrx_word' id='word_1_432' title='bbox 3276 3094 3594 3162; x_wconf 74' lang='lat' dir='ltr'><strong>incongrue.</strong></span> <span class='ocrx_word' id='word_1_433' title='bbox 3623 3093 3678 3147; x_wconf 88' lang='lat' dir='ltr'><strong>Si</strong></span> <span class='ocrx_word' id='word_1_434' title='bbox 3703 3093 3848 3147; x_wconf 88' lang='lat' dir='ltr'><strong>enim</strong></span> <span class='ocrx_word' id='word_1_435' title='bbox 3873 3101 3990 3162; x_wconf 88' lang='lat' dir='ltr'><strong>post</strong></span> <span class='ocrx_word' id='word_1_436' title='bbox 4016 3091 4367 3161; x_wconf 87' lang='lat' dir='ltr'><strong>perfectionis</strong></span> <span class='ocrx_word' id='word_1_437' title='bbox 4403 3093 4518 3146; x_wconf 82' lang='lat' dir='ltr'><strong>cul-</strong></span> 
     </span>
    </p>
   </div>
   <div class='ocr_carea' id='block_1_62' title="bbox 2920 3182 4517 3253">
    <p class='ocr_par' dir='ltr' id='par_1_62' title="bbox 2920 3182 4517 3253">
     <span class='ocr_line' id='line_1_62' title="bbox 2920 3182 4517 3253; baseline -0.001 -14"><span class='ocrx_word' id='word_1_438' title='bbox 2920 3201 3040 3239; x_wconf 84' lang='lat' dir='ltr'><strong>men</strong></span> <span class='ocrx_word' id='word_1_439' title='bbox 3101 3189 3169 3238; x_wconf 87' lang='lat' dir='ltr'><strong>ad</strong></span> <span class='ocrx_word' id='word_1_440' title='bbox 3232 3199 3397 3253; x_wconf 87' lang='lat' dir='ltr'><strong>opera</strong></span> <span class='ocrx_word' id='word_1_441' title='bbox 3450 3183 3710 3237; x_wconf 72' lang='lat' dir='ltr'><strong>lutulenta</strong></span> <span class='ocrx_word' id='word_1_442' title='bbox 3751 3182 4160 3244; x_wconf 85' lang='lat' dir='ltr'><strong>descendimus,</strong></span> <span class='ocrx_word' id='word_1_443' title='bbox 4214 3183 4517 3253; x_wconf 73' lang='lat' dir='ltr'><strong>disciplina:</strong></span> 
     </span>
    </p>
   </div>
   <div class='ocr_carea' id='block_1_63' title="bbox 1225 3272 3557 3366">
    <p class='ocr_par' dir='ltr' id='par_1_63' title="bbox 1225 3273 3557 3366">
     <span class='ocr_line' id='line_1_63' title="bbox 1225 3273 3557 3366; baseline -0.003 -18"><span class='ocrx_word' id='word_1_444' title='bbox 1225 3309 1349 3366; x_wconf 78' lang='lat' dir='ltr'><strong>poSt</strong></span> <span class='ocrx_word' id='word_1_445' title='bbox 1386 3295 1623 3366; x_wconf 87' lang='lat' dir='ltr'><strong>sepultas</strong></span> <span class='ocrx_word' id='word_1_446' title='bbox 1667 3295 1779 3364; x_wconf 82' lang='lat' dir='ltr'><strong>jam</strong></span> <span class='ocrx_word' id='word_1_447' title='bbox 1826 3295 2003 3346; x_wconf 83' lang='lat' dir='ltr'><strong>carnis</strong></span> <span class='ocrx_word' id='word_1_448' title='bbox 2035 3293 2522 3362; x_wconf 82' lang='lat' dir='ltr'><strong>concupiscentias,</strong></span> <span class='ocrx_word' id='word_1_449' title='bbox 2554 3298 2816 3363; x_wconf 56' lang='lat' dir='ltr'><strong>perducta</strong></span> <span class='ocrx_word' id='word_1_450' title='bbox 2841 3273 2887 3335; x_wconf 67' lang='grc' dir='ltr'>ο</span> <span class='ocrx_word' id='word_1_451' title='bbox 2919 3277 3149 3333; x_wconf 54' lang='lat' dir='ltr'><strong>&quot;exim-9</strong></span> <span class='ocrx_word' id='word_1_452' title='bbox 3196 3283 3252 3329; x_wconf 71' lang='grc' dir='ltr'>ει</span> <span class='ocrx_word' id='word_1_453' title='bbox 3298 3275 3557 3342; x_wconf 66' lang='grc' dir='ltr'><strong>Ρωηῖιθηε</strong></span> 
     </span>
    </p>
   </div>
   <div class='ocr_carea' id='block_1_64' title="bbox 2185 3272 4517 3366">
    <p class='ocr_par' dir='ltr' id='par_1_64' title="bbox 2194 3272 4517 3363">
     <span class='ocr_line' id='line_1_64' title="bbox 2194 3272 4517 3363; baseline -0.002 -30"><span class='ocrx_word' id='word_1_454' title='bbox 2194 3293 2522 3362; x_wconf 49' lang='lat' dir='ltr'><strong>miscemus,</strong></span> <span class='ocrx_word' id='word_1_455' title='bbox 2554 3273 2887 3363; x_wconf 46' lang='grc' dir='ltr'><strong>νεωκοωο</strong></span> <span class='ocrx_word' id='word_1_456' title='bbox 2919 3277 3149 3333; x_wconf 71' lang='grc' dir='ltr'>ιιοιεέιιίςι</span> <span class='ocrx_word' id='word_1_457' title='bbox 3196 3283 3252 3329; x_wconf 90' lang='lat' dir='ltr'><strong>ct</strong></span> <span class='ocrx_word' id='word_1_458' title='bbox 3298 3274 3631 3342; x_wconf 66' lang='lat' dir='ltr'><strong>pmnitcntite</strong></span> <span class='ocrx_word' id='word_1_459' title='bbox 3681 3272 4144 3326; x_wconf 86' lang='lat' dir='ltr'><strong>lorisinfrenandi</strong></span> <span class='ocrx_word' id='word_1_460' title='bbox 4193 3289 4412 3335; x_wconf 85' lang='lat' dir='ltr'><strong>sumus,</strong></span> <span class='ocrx_word' id='word_1_461' title='bbox 4449 3288 4517 3328; x_wconf 81' lang='lat' dir='ltr'><strong>ne</strong></span> 
     </span>
    </p>
   </div>
   <div class='ocr_carea' id='block_1_65' title="bbox 1219 3383 2818 3458">
    <p class='ocr_par' dir='ltr' id='par_1_65' title="bbox 1219 3383 2818 3458">
     <span class='ocr_line' id='line_1_65' title="bbox 1219 3383 2818 3458; baseline 0 -19"><span class='ocrx_word' id='word_1_462' title='bbox 1219 3391 1335 3458; x_wconf 82' lang='lat' dir='ltr'><strong>j.-.m</strong></span> <span class='ocrx_word' id='word_1_463' title='bbox 1378 3388 1445 3442; x_wconf 84' lang='lat' dir='ltr'><strong>ad</strong></span> <span class='ocrx_word' id='word_1_464' title='bbox 1489 3387 1684 3440; x_wconf 88' lang='lat' dir='ltr'><strong>atrium</strong></span> <span class='ocrx_word' id='word_1_465' title='bbox 1714 3383 2079 3454; x_wconf 82' lang='lat' dir='ltr'><strong>perfectionis,</strong></span> <span class='ocrx_word' id='word_1_466' title='bbox 2111 3400 2301 3438; x_wconf 76' lang='lat' dir='ltr'><strong>secura</strong></span> <span class='ocrx_word' id='word_1_467' title='bbox 2332 3385 2396 3437; x_wconf 92' lang='lat' dir='ltr'><strong>dc</strong></span> <span class='ocrx_word' id='word_1_468' title='bbox 2428 3385 2653 3452; x_wconf 66' lang='lat' dir='ltr'><strong>prtcmio</strong></span> <span class='ocrx_word' id='word_1_469' title='bbox 2685 3385 2818 3439; x_wconf 71' lang='lat' dir='ltr'><strong>Lea-</strong></span> 
     </span>
    </p>
   </div>
   <div class='ocr_carea' id='block_1_66' title="bbox 1227 3476 2818 3545">
    <p class='ocr_par' dir='ltr' id='par_1_66' title="bbox 1227 3476 2818 3545">
     <span class='ocr_line' id='line_1_66' title="bbox 1227 3476 2818 3545; baseline -0.004 -9"><span class='ocrx_word' id='word_1_470' title='bbox 1227 3481 1498 3545; x_wconf 70' lang='lat' dir='ltr'><strong>titudinis,</strong></span> <span class='ocrx_word' id='word_1_471' title='bbox 1549 3480 1614 3533; x_wconf 82' lang='lat' dir='ltr'><strong>ad</strong></span> <span class='ocrx_word' id='word_1_472' title='bbox 1649 3484 2078 3532; x_wconf 84' lang='lat' dir='ltr'><strong>consnnnnatam</strong></span> <span class='ocrx_word' id='word_1_473' title='bbox 2114 3492 2233 3529; x_wconf 72' lang='lat' dir='ltr'><strong>mox</strong></span> <span class='ocrx_word' id='word_1_474' title='bbox 2289 3476 2381 3530; x_wconf 87' lang='lat' dir='ltr'><strong>Dei</strong></span> <span class='ocrx_word' id='word_1_475' title='bbox 2417 3477 2678 3530; x_wconf 73' lang='lat' dir='ltr'><strong>visionem</strong></span> <span class='ocrx_word' id='word_1_476' title='bbox 2721 3493 2818 3530; x_wconf 73' lang='lat' dir='ltr'><strong>reo</strong></span> 
     </span>
    </p>
   </div>
   <div class='ocr_carea' id='block_1_67' title="bbox 1229 3566 2815 3640">
    <p class='ocr_par' dir='ltr' id='par_1_67' title="bbox 1229 3566 2815 3640">
     <span class='ocr_line' id='line_1_67' title="bbox 1229 3566 2815 3640; baseline -0.003 -15"><span class='ocrx_word' id='word_1_477' title='bbox 1229 3573 1367 3634; x_wconf 78' lang='lat' dir='ltr'><strong>niat,</strong></span> <span class='ocrx_word' id='word_1_478' title='bbox 1403 3568 1626 3640; x_wconf 84' lang='lat' dir='ltr'><strong>ejusque</strong></span> <span class='ocrx_word' id='word_1_479' title='bbox 1683 3567 1893 3621; x_wconf 75' lang='lat' dir='ltr'><strong>visibile</strong></span> <span class='ocrx_word' id='word_1_480' title='bbox 1936 3581 2018 3629; x_wconf 87' lang='lat' dir='ltr'><strong>os,</strong></span> <span class='ocrx_word' id='word_1_481' title='bbox 2076 3567 2177 3620; x_wconf 90' lang='lat' dir='ltr'><strong>hoc</strong></span> <span class='ocrx_word' id='word_1_482' title='bbox 2207 3577 2288 3619; x_wconf 88' lang='lat' dir='ltr'><strong>cst</strong></span> <span class='ocrx_word' id='word_1_483' title='bbox 2362 3575 2680 3635; x_wconf 46' lang='lat' dir='ltr'><strong>praesentem</strong></span> <span class='ocrx_word' id='word_1_484' title='bbox 2720 3566 2815 3620; x_wconf 83' lang='lat' dir='ltr'><strong>Dei</strong></span> 
     </span>
    </p>
   </div>
   <div class='ocr_carea' id='block_1_68' title="bbox 1227 3656 2818 3731">
    <p class='ocr_par' dir='ltr' id='par_1_68' title="bbox 1227 3656 2818 3731">
     <span class='ocr_line' id='line_1_68' title="bbox 1227 3656 2818 3731; baseline -0.003 -14"><span class='ocrx_word' id='word_1_485' title='bbox 1227 3662 1488 3731; x_wconf 70' lang='lat' dir='ltr'><strong>speciem,</strong></span> <span class='ocrx_word' id='word_1_486' title='bbox 1521 3658 1745 3714; x_wconf 89' lang='lat' dir='ltr'><strong>cernat?</strong></span> <span class='ocrx_word' id='word_1_487' title='bbox 1781 3678 1798 3708; x_wconf 75' lang='grc' dir='ltr'><strong>ι</strong></span> <span class='ocrx_word' id='word_1_488' title='bbox 1838 3656 1986 3712; x_wconf 72' lang='lat' dir='ltr'><strong>Nunc</strong></span> <span class='ocrx_word' id='word_1_489' title='bbox 2009 3657 2152 3712; x_wconf 90' lang='lat' dir='ltr'><strong>enim</strong></span> <span class='ocrx_word' id='word_1_490' title='bbox 2196 3657 2439 3711; x_wconf 83' lang='lat' dir='ltr'><strong>videmus</strong></span> <span class='ocrx_word' id='word_1_491' title='bbox 2487 3671 2640 3718; x_wconf 88' lang='lat' dir='ltr'><strong>eum,</strong></span> <span class='ocrx_word' id='word_1_492' title='bbox 2676 3657 2818 3712; x_wconf 84' lang='lat' dir='ltr'><strong>sicut</strong></span> 
     </span>
    </p>
   </div>
   <div class='ocr_carea' id='block_1_69' title="bbox 1226 3746 2816 3818">
    <p class='ocr_par' dir='ltr' id='par_1_69' title="bbox 1226 3746 2816 3818">
     <span class='ocr_line' id='line_1_69' title="bbox 1226 3746 2816 3818; baseline -0.004 -12"><span class='ocrx_word' id='word_1_493' title='bbox 1226 3751 1362 3806; x_wconf 73' lang='lat' dir='ltr'><strong>dicit</strong></span> <span class='ocrx_word' id='word_1_494' title='bbox 1407 3749 1716 3818; x_wconf 78' lang='lat' dir='ltr'><strong>Apostolus,</strong></span> <span class='ocrx_word' id='word_1_495' title='bbox 1767 3748 1818 3800; x_wconf 92' lang='lat' dir='ltr'><strong>in</strong></span> <span class='ocrx_word' id='word_1_496' title='bbox 1873 3746 2090 3814; x_wconf 84' lang='lat' dir='ltr'><strong>speculo</strong></span> <span class='ocrx_word' id='word_1_497' title='bbox 2138 3755 2194 3800; x_wconf 80' lang='lat' dir='ltr'><strong>et</strong></span> <span class='ocrx_word' id='word_1_498' title='bbox 2241 3746 2294 3799; x_wconf 77' lang='lat' dir='ltr'><strong>in</strong></span> <span class='ocrx_word' id='word_1_499' title='bbox 2334 3746 2644 3816; x_wconf 82' lang='lat' dir='ltr'><strong>:euigmate,</strong></span> <span class='ocrx_word' id='word_1_500' title='bbox 2689 3755 2816 3800; x_wconf 70' lang='lat' dir='ltr'><strong>tunc</strong></span> 
     </span>
    </p>
   </div>
   <div class='ocr_carea' id='block_1_70' title="bbox 1229 3837 2814 3904">
    <p class='ocr_par' dir='ltr' id='par_1_70' title="bbox 1229 3837 2814 3904">
     <span class='ocr_line' id='line_1_70' title="bbox 1229 3837 2814 3904; baseline -0.006 -10"><span class='ocrx_word' id='word_1_501' title='bbox 1229 3850 1412 3894; x_wconf 72' lang='lat' dir='ltr'><strong>autem</strong></span> <span class='ocrx_word' id='word_1_502' title='bbox 1446 3839 1583 3893; x_wconf 78' lang='lat' dir='ltr'><strong>facie</strong></span> <span class='ocrx_word' id='word_1_503' title='bbox 1607 3839 1672 3892; x_wconf 89' lang='lat' dir='ltr'><strong>ad</strong></span> <span class='ocrx_word' id='word_1_504' title='bbox 1706 3837 1932 3900; x_wconf 84' lang='lat' dir='ltr'><strong>faciem;</strong></span> <span class='ocrx_word' id='word_1_505' title='bbox 1969 3845 2024 3890; x_wconf 90' lang='lat' dir='ltr'><strong>et</strong></span> <span class='ocrx_word' id='word_1_506' title='bbox 2055 3852 2198 3888; x_wconf 81' lang='lat' dir='ltr'><strong>nutic</strong></span> <span class='ocrx_word' id='word_1_507' title='bbox 2236 3851 2508 3904; x_wconf 79' lang='lat' dir='ltr'><strong>cognosco</strong></span> <span class='ocrx_word' id='word_1_508' title='bbox 2534 3851 2600 3888; x_wconf 77' lang='lat' dir='ltr'><strong>ex</strong></span> <span class='ocrx_word' id='word_1_509' title='bbox 2633 3851 2714 3903; x_wconf 75' lang='lat' dir='ltr'><strong>pan</strong></span> <span class='ocrx_word' id='word_1_510' title='bbox 2735 3844 2814 3898; x_wconf 82' lang='lat' dir='ltr'><strong>te,</strong></span> 
     </span>
    </p>
   </div>
   <div class='ocr_carea' id='block_1_71' title="bbox 1231 3923 2815 3998">
    <p class='ocr_par' dir='ltr' id='par_1_71' title="bbox 1231 3923 2815 3998">
     <span class='ocr_line' id='line_1_71' title="bbox 1231 3923 2815 3998; baseline -0.004 -14"><span class='ocrx_word' id='word_1_511' title='bbox 1231 3943 1362 3984; x_wconf 88' lang='lat' dir='ltr'><strong>tunc</strong></span> <span class='ocrx_word' id='word_1_512' title='bbox 1414 3940 1595 3984; x_wconf 87' lang='lat' dir='ltr'><strong>autem</strong></span> <span class='ocrx_word' id='word_1_513' title='bbox 1640 3943 1963 3998; x_wconf 78' lang='lat' dir='ltr'><strong>cognoscam</strong></span> <span class='ocrx_word' id='word_1_514' title='bbox 2017 3927 2154 3980; x_wconf 90' lang='lat' dir='ltr'><strong>sicut</strong></span> <span class='ocrx_word' id='word_1_515' title='bbox 2199 3936 2252 3979; x_wconf 92' lang='lat' dir='ltr'><strong>et</strong></span> <span class='ocrx_word' id='word_1_516' title='bbox 2307 3928 2556 3992; x_wconf 77' lang='lat' dir='ltr'><strong>Cognitus</strong></span> <span class='ocrx_word' id='word_1_517' title='bbox 2601 3942 2718 3978; x_wconf 85' lang='lat' dir='ltr'><strong>sum</strong></span> <span class='ocrx_word' id='word_1_518' title='bbox 2763 3923 2815 3995; x_wconf 90' lang='grc'><strong>(1</strong></span> 
     </span>
    </p>
   </div>
   <div class='ocr_carea' id='block_1_72' title="bbox 1227 4016 2816 4085">
    <p class='ocr_par' dir='ltr' id='par_1_72' title="bbox 1227 4016 2816 4085">
     <span class='ocr_line' id='line_1_72' title="bbox 1227 4016 2816 4085; baseline -0.004 -11"><span class='ocrx_word' id='word_1_519' title='bbox 1227 4020 1355 4074; x_wconf 76' lang='lat' dir='ltr'><strong>(.‘or.</strong></span> <span class='ocrx_word' id='word_1_520' title='bbox 1389 4020 1527 4085; x_wconf 70' lang='grc' dir='ltr'>λιιι).</span> <span class='ocrx_word' id='word_1_521' title='bbox 1565 4040 1583 4072; x_wconf 77' lang='grc' dir='ltr'><strong>ι</strong></span> <span class='ocrx_word' id='word_1_522' title='bbox 1619 4020 1749 4084; x_wconf 66' lang='lat' dir='ltr'><strong>Quae</strong></span> <span class='ocrx_word' id='word_1_523' title='bbox 1779 4027 1955 4071; x_wconf 85' lang='lat' dir='ltr'><strong>tamen</strong></span> <span class='ocrx_word' id='word_1_524' title='bbox 1986 4017 2166 4070; x_wconf 88' lang='lat' dir='ltr'><strong>omnia</strong></span> <span class='ocrx_word' id='word_1_525' title='bbox 2207 4033 2332 4084; x_wconf 82' lang='lat' dir='ltr'><strong>quia</strong></span> <span class='ocrx_word' id='word_1_526' title='bbox 2363 4017 2536 4069; x_wconf 66' lang='lat' dir='ltr'><strong>saucxi</strong></span> <span class='ocrx_word' id='word_1_527' title='bbox 2569 4016 2816 4084; x_wconf 83' lang='lat' dir='ltr'><strong>quilibet,</strong></span> 
     </span>
    </p>
   </div>
   <div class='ocr_carea' id='block_1_73' title="bbox 1229 4105 2815 4173">
    <p class='ocr_par' dir='ltr' id='par_1_73' title="bbox 1229 4105 2815 4173">
     <span class='ocr_line' id='line_1_73' title="bbox 1229 4105 2815 4173; baseline -0.004 -9"><span class='ocrx_word' id='word_1_528' title='bbox 1229 4112 1286 4164; x_wconf 90' lang='lat' dir='ltr'><strong>in</strong></span> <span class='ocrx_word' id='word_1_529' title='bbox 1318 4125 1480 4163; x_wconf 85' lang='lat' dir='ltr'><strong>carne</strong></span> <span class='ocrx_word' id='word_1_530' title='bbox 1501 4109 1801 4171; x_wconf 87' lang='lat' dir='ltr'><strong>constituti,</strong></span> <span class='ocrx_word' id='word_1_531' title='bbox 1848 4108 2050 4161; x_wconf 86' lang='lat' dir='ltr'><strong>habere</strong></span> <span class='ocrx_word' id='word_1_532' title='bbox 2081 4117 2361 4172; x_wconf 74' lang='grc' dir='ltr'>ιιειιιιιιιιηι</span> <span class='ocrx_word' id='word_1_533' title='bbox 2391 4105 2624 4173; x_wconf 82' lang='lat' dir='ltr'><strong>pleniter</strong></span> <span class='ocrx_word' id='word_1_534' title='bbox 2649 4106 2700 4158; x_wconf 90' lang='lat' dir='ltr'><strong>in</strong></span> <span class='ocrx_word' id='word_1_535' title='bbox 2734 4121 2815 4170; x_wconf 93' lang='lat' dir='ltr'><strong>rc,</strong></span> 
     </span>
    </p>
   </div>
   <div class='ocr_carea' id='block_1_74' title="bbox 1207 4194 2818 4271">
    <p class='ocr_par' dir='ltr' id='par_1_74' title="bbox 1207 4194 2818 4271">
     <span class='ocr_line' id='line_1_74' title="bbox 1207 4194 2818 4271; baseline -0.004 -16"><span class='ocrx_word' id='word_1_536' title='bbox 1207 4204 1340 4271; x_wconf 58' lang='lat' dir='ltr'><strong>“jam</strong></span> <span class='ocrx_word' id='word_1_537' title='bbox 1381 4202 1581 4256; x_wconf 84' lang='lat' dir='ltr'><strong>habent</strong></span> <span class='ocrx_word' id='word_1_538' title='bbox 1609 4201 1660 4253; x_wconf 87' lang='lat' dir='ltr'><strong>itt</strong></span> <span class='ocrx_word' id='word_1_539' title='bbox 1685 4215 1816 4268; x_wconf 85' lang='lat' dir='ltr'><strong>spe;</strong></span> <span class='ocrx_word' id='word_1_540' title='bbox 1853 4214 2012 4268; x_wconf 87' lang='lat' dir='ltr'><strong>quam</strong></span> <span class='ocrx_word' id='word_1_541' title='bbox 2049 4197 2258 4250; x_wconf 73' lang='lat' dir='ltr'><strong>scilitet</strong></span> <span class='ocrx_word' id='word_1_542' title='bbox 2290 4212 2437 4263; x_wconf 77' lang='lat' dir='ltr'><strong>spem</strong></span> <span class='ocrx_word' id='word_1_543' title='bbox 2460 4195 2575 4264; x_wconf 83' lang='lat' dir='ltr'><strong>jam</strong></span> <span class='ocrx_word' id='word_1_544' title='bbox 2621 4194 2818 4250; x_wconf 85' lang='lat' dir='ltr'><strong>firmis-</strong></span> 
     </span>
    </p>
   </div>
   <div class='ocr_carea' id='block_1_75' title="bbox 1227 4289 2814 4362">
    <p class='ocr_par' dir='ltr' id='par_1_75' title="bbox 1227 4289 2814 4362">
     <span class='ocr_line' id='line_1_75' title="bbox 1227 4289 2814 4362; baseline -0.006 -11"><span class='ocrx_word' id='word_1_545' title='bbox 1227 4296 1423 4351; x_wconf 60' lang='lat' dir='ltr'><strong>simam</strong></span> <span class='ocrx_word' id='word_1_546' title='bbox 1471 4302 1673 4357; x_wconf 90' lang='lat' dir='ltr'><strong>tenent,</strong></span> <span class='ocrx_word' id='word_1_547' title='bbox 1707 4292 1835 4362; x_wconf 86' lang='lat' dir='ltr'><strong>quia</strong></span> <span class='ocrx_word' id='word_1_548' title='bbox 1879 4291 2144 4359; x_wconf 80' lang='lat' dir='ltr'><strong>Spiritum</strong></span> <span class='ocrx_word' id='word_1_549' title='bbox 2191 4302 2460 4351; x_wconf 78' lang='lat' dir='ltr'><strong>sanctum,</strong></span> <span class='ocrx_word' id='word_1_550' title='bbox 2505 4289 2593 4357; x_wconf 88' lang='lat' dir='ltr'><strong>qui</strong></span> <span class='ocrx_word' id='word_1_551' title='bbox 2639 4303 2732 4342; x_wconf 86' lang='lat' dir='ltr'><strong>eos</strong></span> <span class='ocrx_word' id='word_1_552' title='bbox 2761 4289 2814 4342; x_wconf 88' lang='lat' dir='ltr'><strong>in</strong></span> 
     </span>
    </p>
   </div>
   <div class='ocr_carea' id='block_1_76' title="bbox 1227 4381 2816 4453">
    <p class='ocr_par' dir='ltr' id='par_1_76' title="bbox 1227 4381 2816 4453">
     <span class='ocr_line' id='line_1_76' title="bbox 1227 4381 2816 4453; baseline -0.001 -13"><span class='ocrx_word' id='word_1_553' title='bbox 1227 4385 1357 4440; x_wconf 75' lang='lat' dir='ltr'><strong>vita:</strong></span> <span class='ocrx_word' id='word_1_554' title='bbox 1387 4385 1544 4453; x_wconf 75' lang='lat' dir='ltr'><strong>hujus</strong></span> <span class='ocrx_word' id='word_1_555' title='bbox 1576 4383 1848 4438; x_wconf 76' lang='lat' dir='ltr'><strong>laboribus</strong></span> <span class='ocrx_word' id='word_1_556' title='bbox 1887 4383 2125 4444; x_wconf 88' lang='lat' dir='ltr'><strong>roborat,</strong></span> <span class='ocrx_word' id='word_1_557' title='bbox 2176 4382 2372 4452; x_wconf 73' lang='lat' dir='ltr'><strong>pignus</strong></span> <span class='ocrx_word' id='word_1_558' title='bbox 2403 4385 2624 4440; x_wconf 60' lang='lat' dir='ltr'><strong>habent.</strong></span> <span class='ocrx_word' id='word_1_559' title='bbox 2665 4381 2816 4439; x_wconf 67' lang='lat' dir='ltr'><strong>[inde</strong></span> 
     </span>
    </p>
   </div>
   <div class='ocr_carea' id='block_1_77' title="bbox 1227 4473 2816 4544">
    <p class='ocr_par' dir='ltr' id='par_1_77' title="bbox 1227 4473 2816 4544">
     <span class='ocr_line' id='line_1_77' title="bbox 1227 4473 2816 4544; baseline -0.003 -12"><span class='ocrx_word' id='word_1_560' title='bbox 1227 4485 1287 4532; x_wconf 82' lang='lat' dir='ltr'><strong>et</strong></span> <span class='ocrx_word' id='word_1_561' title='bbox 1316 4474 1403 4528; x_wconf 86' lang='lat' dir='ltr'><strong>illa</strong></span> <span class='ocrx_word' id='word_1_562' title='bbox 1433 4473 1830 4541; x_wconf 79' lang='lat' dir='ltr'><strong>interpretatio,</strong></span> <span class='ocrx_word' id='word_1_563' title='bbox 1860 4488 1963 4542; x_wconf 87' lang='lat' dir='ltr'><strong>qua</strong></span> <span class='ocrx_word' id='word_1_564' title='bbox 2000 4473 2224 4527; x_wconf 67' lang='lat' dir='ltr'><strong>licthma</strong></span> <span class='ocrx_word' id='word_1_565' title='bbox 2281 4475 2484 4528; x_wconf 75' lang='lat' dir='ltr'><strong>sonitus</strong></span> <span class='ocrx_word' id='word_1_566' title='bbox 2531 4477 2644 4528; x_wconf 84' lang='lat' dir='ltr'><strong>sive</strong></span> <span class='ocrx_word' id='word_1_567' title='bbox 2670 4475 2816 4544; x_wconf 85' lang='lat' dir='ltr'><strong>juni-</strong></span> 
     </span>
    </p>
   </div>
   <div class='ocr_carea' id='block_1_78' title="bbox 1225 4561 2808 4636">
    <p class='ocr_par' dir='ltr' id='par_1_78' title="bbox 1225 4561 2808 4636">
     <span class='ocr_line' id='line_1_78' title="bbox 1225 4561 2808 4636; baseline 0.001 -18"><span class='ocrx_word' id='word_1_568' title='bbox 1225 4579 1383 4636; x_wconf 70' lang='lat' dir='ltr'><strong>peras</strong></span> <span class='ocrx_word' id='word_1_569' title='bbox 1417 4563 1634 4624; x_wconf 84' lang='lat' dir='ltr'><strong>dicitur.</strong></span> <span class='ocrx_word' id='word_1_570' title='bbox 1657 4579 1761 4615; x_wconf 92' lang='lat' dir='ltr'><strong>non</strong></span> <span class='ocrx_word' id='word_1_571' title='bbox 1789 4563 2083 4631; x_wconf 75' lang='lat' dir='ltr'><strong>incongrua</strong></span> <span class='ocrx_word' id='word_1_572' title='bbox 2104 4561 2402 4628; x_wconf 80' lang='lat' dir='ltr'><strong>judicatur.</strong></span> <span class='ocrx_word' id='word_1_573' title='bbox 2433 4564 2638 4620; x_wconf 84' lang='lat' dir='ltr'><strong>Ferunt</strong></span> <span class='ocrx_word' id='word_1_574' title='bbox 2663 4567 2808 4620; x_wconf 91' lang='lat' dir='ltr'><strong>cnim</strong></span> 
     </span>
    </p>
   </div>
   <div class='ocr_carea' id='block_1_79' title="bbox 2923 3365 4516 3437">
    <p class='ocr_par' dir='ltr' id='par_1_79' title="bbox 2923 3365 4516 3437">
     <span class='ocr_line' id='line_1_79' title="bbox 2923 3365 4516 3437; baseline -0.001 -17"><span class='ocrx_word' id='word_1_575' title='bbox 2923 3383 3181 3437; x_wconf 82' lang='lat' dir='ltr'><strong>vagentur</strong></span> <span class='ocrx_word' id='word_1_576' title='bbox 3213 3382 3309 3436; x_wconf 89' lang='lat' dir='ltr'><strong>per</strong></span> <span class='ocrx_word' id='word_1_577' title='bbox 3340 3367 3568 3434; x_wconf 85' lang='lat' dir='ltr'><strong>abrupta</strong></span> <span class='ocrx_word' id='word_1_578' title='bbox 3599 3365 3936 3434; x_wconf 70' lang='lat' dir='ltr'><strong>prmcipitcs,</strong></span> <span class='ocrx_word' id='word_1_579' title='bbox 3962 3365 4055 3417; x_wconf 82' lang='lat' dir='ltr'><strong>sed</strong></span> <span class='ocrx_word' id='word_1_580' title='bbox 4085 3365 4194 3418; x_wconf 89' lang='lat' dir='ltr'><strong>cito</strong></span> <span class='ocrx_word' id='word_1_581' title='bbox 4227 3366 4516 3419; x_wconf 77' lang='lat' dir='ltr'><strong>redeamus</strong></span> 
     </span>
    </p>
   </div>
   <div class='ocr_carea' id='block_1_80' title="bbox 2922 3453 4518 3526">
    <p class='ocr_par' dir='ltr' id='par_1_80' title="bbox 2922 3453 4518 3526">
     <span class='ocr_line' id='line_1_80' title="bbox 2922 3453 4518 3526; baseline -0.001 -14"><span class='ocrx_word' id='word_1_582' title='bbox 2922 3461 2988 3512; x_wconf 88' lang='lat' dir='ltr'><strong>ad</strong></span> <span class='ocrx_word' id='word_1_583' title='bbox 3031 3465 3306 3512; x_wconf 72' lang='lat' dir='ltr'><strong>consuette</strong></span> <span class='ocrx_word' id='word_1_584' title='bbox 3357 3456 3638 3510; x_wconf 67' lang='lat' dir='ltr'><strong>munditia:</strong></span> <span class='ocrx_word' id='word_1_585' title='bbox 3671 3453 3831 3526; x_wconf 54' lang='lat'><strong>1&amp;3</strong></span> <span class='ocrx_word' id='word_1_586' title='bbox 3883 3455 4198 3524; x_wconf 87' lang='lat' dir='ltr'><strong>puritatem.</strong></span> <span class='ocrx_word' id='word_1_587' title='bbox 4247 3455 4518 3526; x_wconf 82' lang='lat' dir='ltr'><strong>Interpre-</strong></span> 
     </span>
    </p>
   </div>
   <div class='ocr_carea' id='block_1_81' title="bbox 2920 3535 4513 3607">
    <p class='ocr_par' dir='ltr' id='par_1_81' title="bbox 2920 3535 4513 3607">
     <span class='ocr_line' id='line_1_81' title="bbox 2920 3535 4513 3607; baseline -0.001 -2"><span class='ocrx_word' id='word_1_588' title='bbox 2920 3560 3068 3605; x_wconf 82' lang='lat' dir='ltr'><strong>tatur</strong></span> <span class='ocrx_word' id='word_1_589' title='bbox 3097 3551 3262 3604; x_wconf 84' lang='lat' dir='ltr'><strong>etiam</strong></span> <span class='ocrx_word' id='word_1_590' title='bbox 3295 3549 3467 3603; x_wconf 75' lang='lat' dir='ltr'><strong>Ressa</strong></span> <span class='ocrx_word' id='word_1_591' title='bbox 3531 3549 3747 3607; x_wconf 63' lang='lat' dir='ltr'><strong>visibilis</strong></span> <span class='ocrx_word' id='word_1_592' title='bbox 3793 3549 3905 3600; x_wconf 83' lang='lat' dir='ltr'><strong>sive</strong></span> <span class='ocrx_word' id='word_1_593' title='bbox 3949 3535 4232 3601; x_wconf 67' lang='lat' dir='ltr'><strong>lttttdttbiiis</strong></span> <span class='ocrx_word' id='word_1_594' title='bbox 4271 3551 4513 3604; x_wconf 71' lang='lat' dir='ltr'><strong>tottttttio.</strong></span> 
     </span>
    </p>
   </div>
   <div class='ocr_carea' id='block_1_82' title="bbox 2921 3637 4514 3712">
    <p class='ocr_par' dir='ltr' id='par_1_82' title="bbox 2921 3637 4514 3712">
     <span class='ocr_line' id='line_1_82' title="bbox 2921 3637 4514 3712; baseline -0.002 -14"><span class='ocrx_word' id='word_1_595' title='bbox 2921 3644 3180 3712; x_wconf 88' lang='lat' dir='ltr'><strong>Quamvis</strong></span> <span class='ocrx_word' id='word_1_596' title='bbox 3207 3640 3353 3698; x_wconf 89' lang='lat' dir='ltr'><strong>cnim</strong></span> <span class='ocrx_word' id='word_1_597' title='bbox 3383 3657 3537 3696; x_wconf 92' lang='lat' dir='ltr'><strong>mens</strong></span> <span class='ocrx_word' id='word_1_598' title='bbox 3565 3641 3856 3710; x_wconf 73' lang='lat' dir='ltr'><strong>cujuslibet</strong></span> <span class='ocrx_word' id='word_1_599' title='bbox 3878 3638 4011 3708; x_wconf 87' lang='lat' dir='ltr'><strong>justi</strong></span> <span class='ocrx_word' id='word_1_600' title='bbox 4043 3640 4144 3695; x_wconf 83' lang='lat' dir='ltr'><strong>viri</strong></span> <span class='ocrx_word' id='word_1_601' title='bbox 4164 3637 4283 3707; x_wconf 86' lang='lat' dir='ltr'><strong>jam</strong></span> <span class='ocrx_word' id='word_1_602' title='bbox 4309 3641 4376 3694; x_wconf 89' lang='lat' dir='ltr'><strong>ad</strong></span> <span class='ocrx_word' id='word_1_603' title='bbox 4402 3642 4514 3696; x_wconf 88' lang='lat' dir='ltr'><strong>al:a</strong></span> 
     </span>
    </p>
   </div>
   <div class='ocr_carea' id='block_1_83' title="bbox 2919 3731 4510 3808">
    <p class='ocr_par' dir='ltr' id='par_1_83' title="bbox 2919 3731 4510 3808">
     <span class='ocr_line' id='line_1_83' title="bbox 2919 3731 4510 3808; baseline -0.003 -16"><span class='ocrx_word' id='word_1_604' title='bbox 2919 3737 3189 3808; x_wconf 87' lang='lat' dir='ltr'><strong>proficiat,</strong></span> <span class='ocrx_word' id='word_1_605' title='bbox 3216 3735 3515 3790; x_wconf 89' lang='lat' dir='ltr'><strong>tentatione</strong></span> <span class='ocrx_word' id='word_1_606' title='bbox 3545 3743 3724 3788; x_wconf 92' lang='lat' dir='ltr'><strong>tamen</strong></span> <span class='ocrx_word' id='word_1_607' title='bbox 3749 3733 3927 3786; x_wconf 88' lang='lat' dir='ltr'><strong>adhuc</strong></span> <span class='ocrx_word' id='word_1_608' title='bbox 3950 3732 4006 3786; x_wconf 92' lang='lat' dir='ltr'><strong>in</strong></span> <span class='ocrx_word' id='word_1_609' title='bbox 4034 3731 4142 3786; x_wconf 88' lang='lat' dir='ltr'><strong>ima</strong></span> <span class='ocrx_word' id='word_1_610' title='bbox 4172 3732 4510 3802; x_wconf 88' lang='lat' dir='ltr'><strong>deprimitur.</strong></span> 
     </span>
    </p>
   </div>
   <div class='ocr_carea' id='block_1_84' title="bbox 2919 3821 4511 3898">
    <p class='ocr_par' dir='ltr' id='par_1_84' title="bbox 2919 3821 4511 3898">
     <span class='ocr_line' id='line_1_84' title="bbox 2919 3821 4511 3898; baseline -0.004 -16"><span class='ocrx_word' id='word_1_611' title='bbox 2919 3845 2988 3883; x_wconf 85' lang='lat' dir='ltr'><strong>ne</strong></span> <span class='ocrx_word' id='word_1_612' title='bbox 3017 3843 3114 3898; x_wconf 90' lang='lat' dir='ltr'><strong>per</strong></span> <span class='ocrx_word' id='word_1_613' title='bbox 3153 3837 3419 3880; x_wconf 90' lang='lat' dir='ltr'><strong>tumorem</strong></span> <span class='ocrx_word' id='word_1_614' title='bbox 3445 3823 3715 3895; x_wconf 79' lang='lat' dir='ltr'><strong>superbia:</strong></span> <span class='ocrx_word' id='word_1_615' title='bbox 3750 3825 3816 3878; x_wconf 89' lang='lat' dir='ltr'><strong>de</strong></span> <span class='ocrx_word' id='word_1_616' title='bbox 3862 3821 4160 3877; x_wconf 84' lang='lat' dir='ltr'><strong>virtutibus</strong></span> <span class='ocrx_word' id='word_1_617' title='bbox 4187 3821 4511 3876; x_wconf 79' lang='lat' dir='ltr'><strong>extollatur.</strong></span> 
     </span>
    </p>
   </div>
   <div class='ocr_carea' id='block_1_85' title="bbox 2921 3910 4519 3973">
    <p class='ocr_par' dir='ltr' id='par_1_85' title="bbox 2921 3910 4519 3973">
     <span class='ocr_line' id='line_1_85' title="bbox 2921 3910 4519 3973; baseline -0.003 -1"><span class='ocrx_word' id='word_1_618' title='bbox 2921 3917 3183 3973; x_wconf 82' lang='lat' dir='ltr'><strong>Stimulos</strong></span> <span class='ocrx_word' id='word_1_619' title='bbox 3217 3916 3361 3970; x_wconf 88' lang='lat' dir='ltr'><strong>enim</strong></span> <span class='ocrx_word' id='word_1_620' title='bbox 3414 3914 3731 3969; x_wconf 89' lang='lat' dir='ltr'><strong>tentationis</strong></span> <span class='ocrx_word' id='word_1_621' title='bbox 3763 3914 3828 3966; x_wconf 91' lang='lat' dir='ltr'><strong>ad</strong></span> <span class='ocrx_word' id='word_1_622' title='bbox 3877 3913 4176 3968; x_wconf 78' lang='lat' dir='ltr'><strong>custodiam</strong></span> <span class='ocrx_word' id='word_1_623' title='bbox 4228 3910 4519 3970; x_wconf 84' lang='lat' dir='ltr'><strong>adhibetur</strong></span> 
     </span>
    </p>
   </div>
   <div class='ocr_carea' id='block_1_86' title="bbox 2919 4003 4515 4074">
    <p class='ocr_par' dir='ltr' id='par_1_86' title="bbox 2919 4003 4515 4074">
     <span class='ocr_line' id='line_1_86' title="bbox 2919 4003 4515 4074; baseline -0.003 -12"><span class='ocrx_word' id='word_1_624' title='bbox 2919 4007 3264 4062; x_wconf 85' lang='lat' dir='ltr'><strong>humilitatis.</strong></span> <span class='ocrx_word' id='word_1_625' title='bbox 3296 4005 3452 4061; x_wconf 86' lang='lat' dir='ltr'><strong>Unde</strong></span> <span class='ocrx_word' id='word_1_626' title='bbox 3482 4005 3615 4060; x_wconf 79' lang='lat' dir='ltr'><strong>dicit</strong></span> <span class='ocrx_word' id='word_1_627' title='bbox 3663 4004 3991 4073; x_wconf 85' lang='lat' dir='ltr'><strong>Apostolus:</strong></span> <span class='ocrx_word' id='word_1_628' title='bbox 4039 4022 4056 4054; x_wconf 75' lang='grc' dir='ltr'><strong>ι</strong></span> <span class='ocrx_word' id='word_1_629' title='bbox 4094 4003 4170 4058; x_wconf 73' lang='lat' dir='ltr'><strong>Ne</strong></span> <span class='ocrx_word' id='word_1_630' title='bbox 4199 4005 4515 4074; x_wconf 86' lang='lat' dir='ltr'><strong>magnitudo</strong></span> 
     </span>
    </p>
   </div>
   <div class='ocr_carea' id='block_1_87' title="bbox 2921 4094 4512 4160">
    <p class='ocr_par' dir='ltr' id='par_1_87' title="bbox 2921 4094 4512 4160">
     <span class='ocr_line' id='line_1_87' title="bbox 2921 4094 4512 4160; baseline -0.001 -11"><span class='ocrx_word' id='word_1_631' title='bbox 2921 4095 3311 4150; x_wconf 84' lang='lat' dir='ltr'><strong>revelationutu</strong></span> <span class='ocrx_word' id='word_1_632' title='bbox 3343 4094 3569 4149; x_wconf 76' lang='lat' dir='ltr'><strong>extollat</strong></span> <span class='ocrx_word' id='word_1_633' title='bbox 3610 4109 3728 4160; x_wconf 88' lang='lat' dir='ltr'><strong>me,</strong></span> <span class='ocrx_word' id='word_1_634' title='bbox 3761 4094 3922 4148; x_wconf 81' lang='lat' dir='ltr'><strong>datus</strong></span> <span class='ocrx_word' id='word_1_635' title='bbox 3952 4101 4038 4159; x_wconf 87' lang='lat' dir='ltr'><strong>est</strong></span> <span class='ocrx_word' id='word_1_636' title='bbox 4087 4094 4220 4147; x_wconf 90' lang='lat' dir='ltr'><strong>mihi</strong></span> <span class='ocrx_word' id='word_1_637' title='bbox 4260 4094 4512 4148; x_wconf 85' lang='lat' dir='ltr'><strong>stimulus</strong></span> 
     </span>
    </p>
   </div>
   <div class='ocr_carea' id='block_1_88' title="bbox 2918 4184 4520 4256">
    <p class='ocr_par' dir='ltr' id='par_1_88' title="bbox 2918 4184 4520 4256">
     <span class='ocr_line' id='line_1_88' title="bbox 2918 4184 4520 4256; baseline 0 -16"><span class='ocrx_word' id='word_1_638' title='bbox 2918 4186 3102 4240; x_wconf 88' lang='lat' dir='ltr'><strong>carnis</strong></span> <span class='ocrx_word' id='word_1_639' title='bbox 3159 4200 3324 4251; x_wconf 67' lang='lat' dir='ltr'><strong>mete,</strong></span> <span class='ocrx_word' id='word_1_640' title='bbox 3373 4184 3600 4256; x_wconf 82' lang='lat' dir='ltr'><strong>angelus</strong></span> <span class='ocrx_word' id='word_1_641' title='bbox 3647 4185 3902 4251; x_wconf 65' lang='lat' dir='ltr'><strong>Satanae,</strong></span> <span class='ocrx_word' id='word_1_642' title='bbox 3958 4192 4017 4238; x_wconf 91' lang='lat' dir='ltr'><strong>ut</strong></span> <span class='ocrx_word' id='word_1_643' title='bbox 4068 4199 4156 4239; x_wconf 88' lang='lat' dir='ltr'><strong>me</strong></span> <span class='ocrx_word' id='word_1_644' title='bbox 4210 4185 4520 4255; x_wconf 85' lang='lat' dir='ltr'><strong>colaphizet</strong></span> 
     </span>
    </p>
   </div>
   <div class='ocr_carea' id='block_1_89' title="bbox 2919 4275 4515 4350">
    <p class='ocr_par' dir='ltr' id='par_1_89' title="bbox 2919 4275 4515 4350">
     <span class='ocr_line' id='line_1_89' title="bbox 2919 4275 4515 4350; baseline -0.001 -18"><span class='ocrx_word' id='word_1_645' title='bbox 2919 4279 3004 4350; x_wconf 83' lang='grc' dir='ltr'><strong>(Η</strong></span> <span class='ocrx_word' id='word_1_646' title='bbox 3038 4277 3161 4333; x_wconf 82' lang='lat' dir='ltr'><strong>Cor.</strong></span> <span class='ocrx_word' id='word_1_647' title='bbox 3195 4278 3316 4348; x_wconf 77' lang='lat' dir='ltr'><strong>xu).</strong></span> <span class='ocrx_word' id='word_1_648' title='bbox 3349 4297 3368 4331; x_wconf 76' lang='grc' dir='ltr'><strong>ι</strong></span> <span class='ocrx_word' id='word_1_649' title='bbox 3408 4278 3535 4334; x_wconf 78' lang='lat' dir='ltr'><strong>Haec</strong></span> <span class='ocrx_word' id='word_1_650' title='bbox 3565 4293 3697 4349; x_wconf 82' lang='lat' dir='ltr'><strong>ergo</strong></span> <span class='ocrx_word' id='word_1_651' title='bbox 3726 4277 3955 4332; x_wconf 90' lang='lat' dir='ltr'><strong>tentatio</strong></span> <span class='ocrx_word' id='word_1_652' title='bbox 3994 4275 4226 4332; x_wconf 79' lang='lat' dir='ltr'><strong>visibilis</strong></span> <span class='ocrx_word' id='word_1_653' title='bbox 4251 4284 4359 4341; x_wconf 83' lang='lat' dir='ltr'><strong>est,</strong></span> <span class='ocrx_word' id='word_1_654' title='bbox 4386 4277 4515 4348; x_wconf 81' lang='lat' dir='ltr'><strong>quia</strong></span> 
     </span>
    </p>
   </div>
   <div class='ocr_carea' id='block_1_90' title="bbox 2918 4368 4064 4440">
    <p class='ocr_par' dir='ltr' id='par_1_90' title="bbox 2918 4368 4064 4440">
     <span class='ocr_line' id='line_1_90' title="bbox 2918 4368 4064 4440; baseline -0.002 -14"><span class='ocrx_word' id='word_1_655' title='bbox 2918 4370 3239 4438; x_wconf 85' lang='lat' dir='ltr'><strong>manifesta;</strong></span> <span class='ocrx_word' id='word_1_656' title='bbox 3270 4371 3578 4436; x_wconf 80' lang='lat' dir='ltr'><strong>laudabilis,</strong></span> <span class='ocrx_word' id='word_1_657' title='bbox 3603 4371 3730 4440; x_wconf 84' lang='lat' dir='ltr'><strong>quia</strong></span> <span class='ocrx_word' id='word_1_658' title='bbox 3758 4368 4064 4424; x_wconf 89' lang='lat' dir='ltr'><strong>salutifera.</strong></span> 
     </span>
    </p>
   </div>
   <div class='ocr_carea' id='block_1_91' title="bbox 2988 4459 4514 4533">
    <p class='ocr_par' dir='ltr' id='par_1_91' title="bbox 2988 4459 4514 4533">
     <span class='ocr_line' id='line_1_91' title="bbox 2988 4459 4514 4533; baseline -0.002 -17"><span class='ocrx_word' id='word_1_659' title='bbox 2988 4461 3116 4517; x_wconf 89' lang='lat' dir='ltr'><strong>lnde</strong></span> <span class='ocrx_word' id='word_1_660' title='bbox 3169 4461 3444 4533; x_wconf 84' lang='lat' dir='ltr'><strong>progressi</strong></span> <span class='ocrx_word' id='word_1_661' title='bbox 3489 4461 3790 4515; x_wconf 88' lang='lat' dir='ltr'><strong>veniuntin</strong></span> <span class='ocrx_word' id='word_1_662' title='bbox 3819 4459 4114 4526; x_wconf 84' lang='lat' dir='ltr'><strong>Ceelatha,</strong></span> <span class='ocrx_word' id='word_1_663' title='bbox 4145 4460 4292 4529; x_wconf 89' lang='lat' dir='ltr'><strong>quod</strong></span> <span class='ocrx_word' id='word_1_664' title='bbox 4335 4459 4514 4513; x_wconf 80' lang='lat' dir='ltr'><strong>inter-</strong></span> 
     </span>
    </p>
   </div>
   <div class='ocr_carea' id='block_1_92' title="bbox 2916 4553 4512 4625">
    <p class='ocr_par' dir='ltr' id='par_1_92' title="bbox 2916 4553 4512 4625">
     <span class='ocr_line' id='line_1_92' title="bbox 2916 4553 4512 4625; baseline 0.001 -18"><span class='ocrx_word' id='word_1_665' title='bbox 2916 4564 3162 4625; x_wconf 89' lang='lat' dir='ltr'><strong>pretatur</strong></span> <span class='ocrx_word' id='word_1_666' title='bbox 3186 4554 3458 4620; x_wconf 71' lang='lat' dir='ltr'><strong>Ecclesia;</strong></span> <span class='ocrx_word' id='word_1_667' title='bbox 3490 4564 3549 4608; x_wconf 90' lang='lat' dir='ltr'><strong>ut</strong></span> <span class='ocrx_word' id='word_1_668' title='bbox 3575 4553 3826 4609; x_wconf 86' lang='lat' dir='ltr'><strong>videlicet</strong></span> <span class='ocrx_word' id='word_1_669' title='bbox 3854 4553 4134 4608; x_wconf 84' lang='lat' dir='ltr'><strong>instabiles</strong></span> <span class='ocrx_word' id='word_1_670' title='bbox 4165 4554 4391 4622; x_wconf 83' lang='lat' dir='ltr'><strong>quique,</strong></span> <span class='ocrx_word' id='word_1_671' title='bbox 4418 4553 4512 4623; x_wconf 86' lang='lat' dir='ltr'><strong>qui</strong></span> 
     </span>
    </p>
   </div>
   <div class='ocr_carea' id='block_1_93' title="bbox 1226 4634 4510 4724">
    <p class='ocr_par' dir='ltr' id='par_1_93' title="bbox 1226 4634 4510 4724">
     <span class='ocr_line' id='line_1_93' title="bbox 1226 4634 4510 4724; baseline -0.001 -14"><span class='ocrx_word' id='word_1_672' title='bbox 1226 4652 1434 4723; x_wconf 71' lang='lat' dir='ltr'><strong>lignum</strong></span> <span class='ocrx_word' id='word_1_673' title='bbox 1477 4656 1577 4708; x_wconf 85' lang='lat' dir='ltr'><strong>hoc</strong></span> <span class='ocrx_word' id='word_1_674' title='bbox 1617 4655 1792 4720; x_wconf 83' lang='lat' dir='ltr'><strong>ignem</strong></span> <span class='ocrx_word' id='word_1_675' title='bbox 1831 4653 1883 4706; x_wconf 91' lang='lat' dir='ltr'><strong>in</strong></span> <span class='ocrx_word' id='word_1_676' title='bbox 1926 4670 1982 4707; x_wconf 86' lang='lat' dir='ltr'><strong>se</strong></span> <span class='ocrx_word' id='word_1_677' title='bbox 2013 4655 2170 4722; x_wconf 82' lang='lat' dir='ltr'><strong>longo</strong></span> <span class='ocrx_word' id='word_1_678' title='bbox 2196 4662 2437 4724; x_wconf 80' lang='lat' dir='ltr'><strong>tempore</strong></span> <span class='ocrx_word' id='word_1_679' title='bbox 2466 4672 2812 4724; x_wconf 57' lang='lat' dir='ltr'><strong>conservare,</strong></span> <span class='ocrx_word' id='word_1_680' title='bbox 2844 4634 2894 4695; x_wconf 84' lang='grc' dir='ltr'>Ῑ)</span> <span class='ocrx_word' id='word_1_681' title='bbox 2921 4661 2979 4700; x_wconf 74' lang='lat'><strong>58</strong></span> <span class='ocrx_word' id='word_1_682' title='bbox 3022 4662 3120 4716; x_wconf 66' lang='grc' dir='ltr'><strong>νῦν</strong></span> <span class='ocrx_word' id='word_1_683' title='bbox 3168 4646 3422 4699; x_wconf 72' lang='lat' dir='ltr'><strong>\‘iliOI‘um</strong></span> <span class='ocrx_word' id='word_1_684' title='bbox 3459 4646 3691 4713; x_wconf 77' lang='lat' dir='ltr'><strong>abrupta</strong></span> <span class='ocrx_word' id='word_1_685' title='bbox 3746 4644 4154 4714; x_wconf 76' lang='lat' dir='ltr'><strong>przrcipitanter</strong></span> <span class='ocrx_word' id='word_1_686' title='bbox 4205 4641 4510 4712; x_wconf 62' lang='lat' dir='ltr'><strong>impellunt.</strong></span> 
     </span>
    </p>
   </div>
   <div class='ocr_carea' id='block_1_94' title="bbox 1228 4742 2811 4815">
    <p class='ocr_par' dir='ltr' id='par_1_94' title="bbox 1228 4742 2811 4815">
     <span class='ocr_line' id='line_1_94' title="bbox 1228 4742 2811 4815; baseline 0.002 -16"><span class='ocrx_word' id='word_1_687' title='bbox 1228 4743 1366 4799; x_wconf 89' lang='lat' dir='ltr'><strong>adeo</strong></span> <span class='ocrx_word' id='word_1_688' title='bbox 1413 4753 1469 4798; x_wconf 91' lang='lat' dir='ltr'><strong>ut</strong></span> <span class='ocrx_word' id='word_1_689' title='bbox 1499 4745 1542 4799; x_wconf 91' lang='lat' dir='ltr'><strong>si</strong></span> <span class='ocrx_word' id='word_1_690' title='bbox 1577 4759 1764 4813; x_wconf 76' lang='lat' dir='ltr'><strong>pronae</strong></span> <span class='ocrx_word' id='word_1_691' title='bbox 1811 4743 1926 4812; x_wconf 88' lang='lat' dir='ltr'><strong>ejus</strong></span> <span class='ocrx_word' id='word_1_692' title='bbox 1971 4742 2173 4796; x_wconf 56' lang='lat' dir='ltr'><strong>fuerint</strong></span> <span class='ocrx_word' id='word_1_693' title='bbox 2215 4745 2487 4800; x_wconf 67' lang='lat' dir='ltr'><strong>cineribus</strong></span> <span class='ocrx_word' id='word_1_694' title='bbox 2517 4750 2811 4815; x_wconf 68' lang='lat' dir='ltr'><strong>adopertm,</strong></span> 
     </span>
    </p>
   </div>
   <div class='ocr_carea' id='block_1_95' title="bbox 1231 4834 2814 4909">
    <p class='ocr_par' dir='ltr' id='par_1_95' title="bbox 1231 4834 2814 4909">
     <span class='ocr_line' id='line_1_95' title="bbox 1231 4834 2814 4909; baseline 0.006 -25"><span class='ocrx_word' id='word_1_695' title='bbox 1231 4848 1403 4903; x_wconf 85' lang='lat' dir='ltr'><strong>usque</strong></span> <span class='ocrx_word' id='word_1_696' title='bbox 1451 4835 1519 4888; x_wconf 86' lang='lat' dir='ltr'><strong>ad</strong></span> <span class='ocrx_word' id='word_1_697' title='bbox 1551 4849 1750 4887; x_wconf 87' lang='lat' dir='ltr'><strong>annum</strong></span> <span class='ocrx_word' id='word_1_698' title='bbox 1792 4834 1972 4903; x_wconf 67' lang='lat' dir='ltr'><strong>ignitae</strong></span> <span class='ocrx_word' id='word_1_699' title='bbox 2002 4835 2337 4904; x_wconf 83' lang='lat' dir='ltr'><strong>perveniant.</strong></span> <span class='ocrx_word' id='word_1_700' title='bbox 2366 4837 2501 4902; x_wconf 81' lang='lat' dir='ltr'><strong>Quia</strong></span> <span class='ocrx_word' id='word_1_701' title='bbox 2531 4851 2661 4906; x_wconf 61' lang='lat' dir='ltr'><strong>ergo</strong></span> <span class='ocrx_word' id='word_1_702' title='bbox 2692 4839 2814 4909; x_wconf 87' lang='lat' dir='ltr'><strong>Spi-</strong></span> 
     </span>
    </p>
   </div>
   <div class='ocr_carea' id='block_1_96' title="bbox 1229 4925 2812 5002">
    <p class='ocr_par' dir='ltr' id='par_1_96' title="bbox 1229 4925 2812 5002">
     <span class='ocr_line' id='line_1_96' title="bbox 1229 4925 2812 5002; baseline 0.004 -24"><span class='ocrx_word' id='word_1_703' title='bbox 1229 4925 1369 4979; x_wconf 88' lang='lat' dir='ltr'><strong>ritus</strong></span> <span class='ocrx_word' id='word_1_704' title='bbox 1413 4935 1652 5002; x_wconf 79' lang='lat' dir='ltr'><strong>sanclus,</strong></span> <span class='ocrx_word' id='word_1_705' title='bbox 1697 4925 1834 4978; x_wconf 89' lang='lat' dir='ltr'><strong>sicut</strong></span> <span class='ocrx_word' id='word_1_706' title='bbox 1881 4925 2096 4995; x_wconf 81' lang='lat' dir='ltr'><strong>legitur,</strong></span> <span class='ocrx_word' id='word_1_707' title='bbox 2129 4925 2413 4980; x_wconf 83' lang='lat' dir='ltr'><strong>scientiam</strong></span> <span class='ocrx_word' id='word_1_708' title='bbox 2450 4929 2614 4982; x_wconf 84' lang='lat' dir='ltr'><strong>habet</strong></span> <span class='ocrx_word' id='word_1_709' title='bbox 2663 4933 2812 4990; x_wconf 82' lang='lat' dir='ltr'><strong>vocis</strong></span> 
     </span>
    </p>
   </div>
   <div class='ocr_carea' id='block_1_97' title="bbox 1230 5014 2814 5090">
    <p class='ocr_par' dir='ltr' id='par_1_97' title="bbox 1230 5014 2814 5090">
     <span class='ocr_line' id='line_1_97' title="bbox 1230 5014 2814 5090; baseline 0.004 -20"><span class='ocrx_word' id='word_1_710' title='bbox 1230 5014 1380 5085; x_wconf 71' lang='grc' dir='ltr'><strong>(Βίῳ.</strong></span> <span class='ocrx_word' id='word_1_711' title='bbox 1422 5018 1482 5084; x_wconf 91' lang='lat' dir='ltr'><strong>t),</strong></span> <span class='ocrx_word' id='word_1_712' title='bbox 1511 5025 1564 5069; x_wconf 89' lang='lat' dir='ltr'><strong>et</strong></span> <span class='ocrx_word' id='word_1_713' title='bbox 1605 5017 1657 5069; x_wconf 91' lang='lat' dir='ltr'><strong>in</strong></span> <span class='ocrx_word' id='word_1_714' title='bbox 1699 5017 1969 5085; x_wconf 81' lang='lat' dir='ltr'><strong>apostolos</strong></span> <span class='ocrx_word' id='word_1_715' title='bbox 2018 5017 2210 5069; x_wconf 85' lang='lat' dir='ltr'><strong>missus</strong></span> <span class='ocrx_word' id='word_1_716' title='bbox 2240 5027 2321 5069; x_wconf 77' lang='lat' dir='ltr'><strong>est</strong></span> <span class='ocrx_word' id='word_1_717' title='bbox 2363 5018 2414 5071; x_wconf 92' lang='lat' dir='ltr'><strong>in</strong></span> <span class='ocrx_word' id='word_1_718' title='bbox 2448 5021 2628 5086; x_wconf 75' lang='lat' dir='ltr'><strong>specie</strong></span> <span class='ocrx_word' id='word_1_719' title='bbox 2674 5021 2814 5090; x_wconf 61' lang='lat' dir='ltr'><strong>ignis</strong></span> 
     </span>
    </p>
   </div>
   <div class='ocr_carea' id='block_1_98' title="bbox 1229 5105 2810 5177">
    <p class='ocr_par' dir='ltr' id='par_1_98' title="bbox 1229 5105 2810 5177">
     <span class='ocr_line' id='line_1_98' title="bbox 1229 5105 2810 5177; baseline 0.005 -20"><span class='ocrx_word' id='word_1_720' title='bbox 1229 5106 1370 5177; x_wconf 75' lang='lat' dir='ltr'><strong>(Act.</strong></span> <span class='ocrx_word' id='word_1_721' title='bbox 1397 5109 1482 5175; x_wconf 91' lang='lat' dir='ltr'><strong>tt),</strong></span> <span class='ocrx_word' id='word_1_722' title='bbox 1515 5107 1630 5160; x_wconf 70' lang='lat' dir='ltr'><strong>haec</strong></span> <span class='ocrx_word' id='word_1_723' title='bbox 1676 5105 2072 5174; x_wconf 71' lang='lat' dir='ltr'><strong>interpretatio,</strong></span> <span class='ocrx_word' id='word_1_724' title='bbox 2103 5123 2204 5173; x_wconf 88' lang='lat' dir='ltr'><strong>qua</strong></span> <span class='ocrx_word' id='word_1_725' title='bbox 2233 5106 2458 5160; x_wconf 77' lang='lat' dir='ltr'><strong>Rethma</strong></span> <span class='ocrx_word' id='word_1_726' title='bbox 2488 5111 2699 5165; x_wconf 87' lang='lat' dir='ltr'><strong>sonitus</strong></span> <span class='ocrx_word' id='word_1_727' title='bbox 2727 5112 2810 5166; x_wconf 88' lang='lat' dir='ltr'><strong>vel</strong></span> 
     </span>
    </p>
   </div>
   <div class='ocr_carea' id='block_1_99' title="bbox 1224 5196 2811 5270">
    <p class='ocr_par' dir='ltr' id='par_1_99' title="bbox 1224 5196 2811 5270">
     <span class='ocr_line' id='line_1_99' title="bbox 1224 5196 2811 5270; baseline 0.005 -20"><span class='ocrx_word' id='word_1_728' title='bbox 1224 5196 1507 5270; x_wconf 66' lang='lat' dir='ltr'><strong>iuniperus</strong></span> <span class='ocrx_word' id='word_1_729' title='bbox 1529 5196 2038 5267; x_wconf 85' lang='lat' dir='ltr'><strong>dicitur,aptissime</strong></span> <span class='ocrx_word' id='word_1_730' title='bbox 2066 5196 2290 5268; x_wconf 64' lang='lat' dir='ltr'><strong>Spiritui</strong></span> <span class='ocrx_word' id='word_1_731' title='bbox 2316 5211 2505 5255; x_wconf 87' lang='lat' dir='ltr'><strong>sancto</strong></span> <span class='ocrx_word' id='word_1_732' title='bbox 2522 5204 2811 5260; x_wconf 81' lang='lat' dir='ltr'><strong>convenire</strong></span> 
     </span>
    </p>
   </div>
   <div class='ocr_carea' id='block_1_100' title="bbox 1231 5287 1443 5343">
    <p class='ocr_par' dir='ltr' id='par_1_100' title="bbox 1231 5287 1443 5343">
     <span class='ocr_line' id='line_1_100' title="bbox 1231 5287 1443 5343; baseline 0.009 -2"><span class='ocrx_word' id='word_1_733' title='bbox 1231 5287 1443 5343; x_wconf 87' lang='lat' dir='ltr'><strong>videtur</strong></span> 
     </span>
    </p>
   </div>
   <div class='ocr_carea' id='block_1_101' title="bbox 1304 5377 2813 5451">
    <p class='ocr_par' dir='ltr' id='par_1_101' title="bbox 1304 5377 2813 5451">
     <span class='ocr_line' id='line_1_101' title="bbox 1304 5377 2813 5451; baseline 0.003 -17"><span class='ocrx_word' id='word_1_734' title='bbox 1304 5377 1439 5434; x_wconf 85' lang='lat' dir='ltr'><strong>lline</strong></span> <span class='ocrx_word' id='word_1_735' title='bbox 1465 5381 1647 5449; x_wconf 86' lang='lat' dir='ltr'><strong>itaque</strong></span> <span class='ocrx_word' id='word_1_736' title='bbox 1668 5379 1916 5451; x_wconf 81' lang='lat' dir='ltr'><strong>digressi,</strong></span> <span class='ocrx_word' id='word_1_737' title='bbox 1943 5382 2312 5436; x_wconf 74' lang='lat' dir='ltr'><strong>castrametati</strong></span> <span class='ocrx_word' id='word_1_738' title='bbox 2339 5391 2461 5436; x_wconf 89' lang='lat' dir='ltr'><strong>sunt</strong></span> <span class='ocrx_word' id='word_1_739' title='bbox 2485 5380 2537 5436; x_wconf 90' lang='lat' dir='ltr'><strong>in</strong></span> <span class='ocrx_word' id='word_1_740' title='bbox 2565 5382 2813 5439; x_wconf 76' lang='lat' dir='ltr'><strong>Ithemon</strong></span> 
     </span>
    </p>
   </div>
   <div class='ocr_carea' id='block_1_102' title="bbox 1233 5468 2808 5540">
    <p class='ocr_par' dir='ltr' id='par_1_102' title="bbox 1233 5468 2808 5540">
     <span class='ocr_line' id='line_1_102' title="bbox 1233 5468 2808 5540; baseline 0.001 -14"><span class='ocrx_word' id='word_1_741' title='bbox 1233 5468 1468 5533; x_wconf 78' lang='lat' dir='ltr'><strong>Phares;</strong></span> <span class='ocrx_word' id='word_1_742' title='bbox 1508 5469 1650 5540; x_wconf 89' lang='lat' dir='ltr'><strong>quod</strong></span> <span class='ocrx_word' id='word_1_743' title='bbox 1706 5471 1847 5539; x_wconf 91' lang='lat' dir='ltr'><strong>apud</strong></span> <span class='ocrx_word' id='word_1_744' title='bbox 1899 5486 1996 5524; x_wconf 84' lang='lat' dir='ltr'><strong>nos</strong></span> <span class='ocrx_word' id='word_1_745' title='bbox 2030 5470 2232 5523; x_wconf 70' lang='lat' dir='ltr'><strong>excelsa</strong></span> <span class='ocrx_word' id='word_1_746' title='bbox 2279 5472 2540 5525; x_wconf 71' lang='lat' dir='ltr'><strong>intercisio</strong></span> <span class='ocrx_word' id='word_1_747' title='bbox 2589 5473 2808 5527; x_wconf 67' lang='lat' dir='ltr'><strong>dicitur.</strong></span> 
     </span>
    </p>
   </div>
   <div class='ocr_carea' id='block_1_103' title="bbox 1238 5559 2814 5617">
    <p class='ocr_par' dir='ltr' id='par_1_103' title="bbox 1238 5559 2814 5617">
     <span class='ocr_line' id='line_1_103' title="bbox 1238 5559 2814 5617; baseline 0.001 -2"><span class='ocrx_word' id='word_1_748' title='bbox 1238 5561 1369 5615; x_wconf 68' lang='lat' dir='ltr'><strong>Nam</strong></span> <span class='ocrx_word' id='word_1_749' title='bbox 1415 5576 1536 5616; x_wconf 86' lang='lat' dir='ltr'><strong>cum</strong></span> <span class='ocrx_word' id='word_1_750' title='bbox 1579 5559 1780 5613; x_wconf 70' lang='lat' dir='ltr'><strong>animm</strong></span> <span class='ocrx_word' id='word_1_751' title='bbox 1846 5562 2122 5615; x_wconf 86' lang='lat' dir='ltr'><strong>redeuntis</strong></span> <span class='ocrx_word' id='word_1_752' title='bbox 2176 5562 2243 5613; x_wconf 89' lang='lat' dir='ltr'><strong>ad</strong></span> <span class='ocrx_word' id='word_1_753' title='bbox 2291 5561 2457 5615; x_wconf 83' lang='lat' dir='ltr'><strong>Deum</strong></span> <span class='ocrx_word' id='word_1_754' title='bbox 2509 5562 2814 5617; x_wconf 79' lang='lat' dir='ltr'><strong>intellectus</strong></span> 
     </span>
    </p>
   </div>
   <div class='ocr_carea' id='block_1_104' title="bbox 1241 5649 2817 5724">
    <p class='ocr_par' dir='ltr' id='par_1_104' title="bbox 1241 5649 2817 5724">
     <span class='ocr_line' id='line_1_104' title="bbox 1241 5649 2817 5724; baseline -0.001 -19"><span class='ocrx_word' id='word_1_755' title='bbox 1241 5664 1492 5724; x_wconf 72' lang='lat' dir='ltr'><strong>augetur,</strong></span> <span class='ocrx_word' id='word_1_756' title='bbox 1527 5665 1650 5704; x_wconf 77' lang='lat' dir='ltr'><strong>mox</strong></span> <span class='ocrx_word' id='word_1_757' title='bbox 1680 5649 1729 5704; x_wconf 91' lang='lat' dir='ltr'><strong>ei</strong></span> <span class='ocrx_word' id='word_1_758' title='bbox 1760 5650 1918 5704; x_wconf 83' lang='lat' dir='ltr'><strong>datur</strong></span> <span class='ocrx_word' id='word_1_759' title='bbox 1942 5650 2179 5720; x_wconf 83' lang='lat' dir='ltr'><strong>perfecta</strong></span> <span class='ocrx_word' id='word_1_760' title='bbox 2216 5651 2429 5713; x_wconf 86' lang='lat' dir='ltr'><strong>notitia,</strong></span> <span class='ocrx_word' id='word_1_761' title='bbox 2460 5664 2564 5718; x_wconf 85' lang='lat' dir='ltr'><strong>qua</strong></span> <span class='ocrx_word' id='word_1_762' title='bbox 2608 5652 2817 5704; x_wconf 64' lang='lat' dir='ltr'><strong>scilicet</strong></span> 
     </span>
    </p>
   </div>
   <div class='ocr_carea' id='block_1_105' title="bbox 1240 5741 2820 5818">
    <p class='ocr_par' dir='ltr' id='par_1_105' title="bbox 1240 5741 2820 5818">
     <span class='ocr_line' id='line_1_105' title="bbox 1240 5741 2820 5818; baseline -0.004 -17"><span class='ocrx_word' id='word_1_763' title='bbox 1240 5748 1451 5803; x_wconf 72' lang='lat' dir='ltr'><strong>excelse</strong></span> <span class='ocrx_word' id='word_1_764' title='bbox 1481 5754 1643 5812; x_wconf 87' lang='lat' dir='ltr'><strong>atque</strong></span> <span class='ocrx_word' id='word_1_765' title='bbox 1672 5741 1974 5796; x_wconf 79' lang='lat' dir='ltr'><strong>sublimiter</strong></span> <span class='ocrx_word' id='word_1_766' title='bbox 2003 5742 2154 5795; x_wconf 87' lang='lat' dir='ltr'><strong>novit</strong></span> <span class='ocrx_word' id='word_1_767' title='bbox 2183 5751 2240 5796; x_wconf 89' lang='lat' dir='ltr'><strong>et</strong></span> <span class='ocrx_word' id='word_1_768' title='bbox 2266 5753 2481 5818; x_wconf 80' lang='lat' dir='ltr'><strong>terrena</strong></span> <span class='ocrx_word' id='word_1_769' title='bbox 2513 5757 2542 5794; x_wconf 90' lang='lat' dir='ltr'><strong>a</strong></span> <span class='ocrx_word' id='word_1_770' title='bbox 2583 5742 2820 5796; x_wconf 60' lang='lat' dir='ltr'><strong>coelesti-</strong></span> 
     </span>
    </p>
   </div>
   <div class='ocr_carea' id='block_1_106' title="bbox 1241 5836 2816 5906">
    <p class='ocr_par' dir='ltr' id='par_1_106' title="bbox 1241 5836 2816 5906">
     <span class='ocr_line' id='line_1_106' title="bbox 1241 5836 2816 5906; baseline -0.007 -8"><span class='ocrx_word' id='word_1_771' title='bbox 1241 5844 1337 5898; x_wconf 77' lang='lat' dir='ltr'><strong>bus</strong></span> <span class='ocrx_word' id='word_1_772' title='bbox 1363 5840 1709 5902; x_wconf 83' lang='lat' dir='ltr'><strong>intercidere,</strong></span> <span class='ocrx_word' id='word_1_773' title='bbox 1739 5845 1789 5891; x_wconf 85' lang='lat' dir='ltr'><strong>cl</strong></span> <span class='ocrx_word' id='word_1_774' title='bbox 1819 5836 2024 5891; x_wconf 79' lang='lat' dir='ltr'><strong>caduca</strong></span> <span class='ocrx_word' id='word_1_775' title='bbox 2057 5836 2308 5906; x_wconf 70' lang='lat' dir='ltr'><strong>qua-libet</strong></span> <span class='ocrx_word' id='word_1_776' title='bbox 2341 5852 2400 5890; x_wconf 85' lang='lat' dir='ltr'><strong>ac</strong></span> <span class='ocrx_word' id='word_1_777' title='bbox 2442 5836 2756 5889; x_wconf 63' lang='lat' dir='ltr'><strong>transitoria</strong></span> <span class='ocrx_word' id='word_1_778' title='bbox 2791 5855 2816 5887; x_wconf 74' lang='grc' dir='ltr'><strong>ιι</strong></span> 
     </span>
    </p>
   </div>
   <div class='ocr_carea' id='block_1_107' title="bbox 1792 5967 1812 5990">
    <p class='ocr_par' dir='ltr' id='par_1_107' title="bbox 1792 5967 1812 5990">
     <span class='ocr_line' id='line_1_107' title="bbox 1792 5967 1812 5990; baseline 0 -15"><span class='ocrx_word' id='word_1_779' title='bbox 1792 5967 1812 5990; x_wconf 71' lang='lat'><strong>.,</strong></span> 
     </span>
    </p>
   </div>
   <div class='ocr_carea' id='block_1_108' title="bbox 2918 4736 4506 4807">
    <p class='ocr_par' dir='ltr' id='par_1_108' title="bbox 2918 4736 4506 4807">
     <span class='ocr_line' id='line_1_108' title="bbox 2918 4736 4506 4807; baseline -0.003 -15"><span class='ocrx_word' id='word_1_780' title='bbox 2918 4753 3090 4792; x_wconf 79' lang='lat' dir='ltr'><strong>sacra:</strong></span> <span class='ocrx_word' id='word_1_781' title='bbox 3132 4738 3429 4807; x_wconf 66' lang='lat' dir='ltr'><strong>Sci-iptura:</strong></span> <span class='ocrx_word' id='word_1_782' title='bbox 3472 4736 3642 4790; x_wconf 63' lang='lat' dir='ltr'><strong>Lenis</strong></span> <span class='ocrx_word' id='word_1_783' title='bbox 3671 4737 3728 4792; x_wconf 88' lang='lat' dir='ltr'><strong>iu</strong></span> <span class='ocrx_word' id='word_1_784' title='bbox 3777 4736 4075 4792; x_wconf 61' lang='lat' dir='ltr'><strong>Ecclesiam</strong></span> <span class='ocrx_word' id='word_1_785' title='bbox 4122 4739 4506 4802; x_wconf 84' lang='lat' dir='ltr'><strong>rctrahantur;</strong></span> 
     </span>
    </p>
   </div>
   <div class='ocr_carea' id='block_1_109' title="bbox 2917 4828 4511 4904">
    <p class='ocr_par' dir='ltr' id='par_1_109' title="bbox 2917 4828 4511 4904">
     <span class='ocr_line' id='line_1_109' title="bbox 2917 4828 4511 4904; baseline -0.005 -16"><span class='ocrx_word' id='word_1_786' title='bbox 2917 4832 3054 4895; x_wconf 86' lang='lat' dir='ltr'><strong>sive,</strong></span> <span class='ocrx_word' id='word_1_787' title='bbox 3083 4833 3224 4904; x_wconf 78' lang='lat' dir='ltr'><strong>quod</strong></span> <span class='ocrx_word' id='word_1_788' title='bbox 3260 4832 3362 4885; x_wconf 90' lang='lat' dir='ltr'><strong>alia</strong></span> <span class='ocrx_word' id='word_1_789' title='bbox 3398 4831 3745 4893; x_wconf 80' lang='lat' dir='ltr'><strong>teneteditio,</strong></span> <span class='ocrx_word' id='word_1_790' title='bbox 3765 4828 4067 4890; x_wconf 75' lang='lat' dir='ltr'><strong>Machebat,</strong></span> <span class='ocrx_word' id='word_1_791' title='bbox 4094 4828 4237 4896; x_wconf 68' lang='lat' dir='ltr'><strong>quo;l</strong></span> <span class='ocrx_word' id='word_1_792' title='bbox 4264 4837 4342 4881; x_wconf 87' lang='lat' dir='ltr'><strong>est</strong></span> <span class='ocrx_word' id='word_1_793' title='bbox 4360 4830 4511 4898; x_wconf 80' lang='lat' dir='ltr'><strong>prin-</strong></span> 
     </span>
    </p>
   </div>
   <div class='ocr_carea' id='block_1_110' title="bbox 2917 4916 4510 4998">
    <p class='ocr_par' dir='ltr' id='par_1_110' title="bbox 2917 4916 4510 4998">
     <span class='ocr_line' id='line_1_110' title="bbox 2917 4916 4510 4998; baseline -0.005 -17"><span class='ocrx_word' id='word_1_794' title='bbox 2917 4929 3122 4998; x_wconf 73' lang='lat' dir='ltr'><strong>cipatua</strong></span> <span class='ocrx_word' id='word_1_795' title='bbox 3153 4929 3330 4996; x_wconf 61' lang='lat' dir='ltr'><strong>rirgm.</strong></span> <span class='ocrx_word' id='word_1_796' title='bbox 3379 4925 3534 4993; x_wconf 81' lang='lat' dir='ltr'><strong>Quod</strong></span> <span class='ocrx_word' id='word_1_797' title='bbox 3579 4916 4243 4993; x_wconf 78' lang='lat' dir='ltr'><strong>utrumquepotestatem</strong></span> <span class='ocrx_word' id='word_1_798' title='bbox 4293 4920 4510 4973; x_wconf 89' lang='lat' dir='ltr'><strong>videtur</strong></span> 
     </span>
    </p>
   </div>
   <div class='ocr_carea' id='block_1_111' title="bbox 2917 5016 4513 5089">
    <p class='ocr_par' dir='ltr' id='par_1_111' title="bbox 2917 5016 4513 5089">
     <span class='ocr_line' id='line_1_111' title="bbox 2917 5016 4513 5089; baseline -0.009 -15"><span class='ocrx_word' id='word_1_799' title='bbox 2917 5019 3244 5089; x_wconf 77' lang='lat' dir='ltr'><strong>exprimere.</strong></span> <span class='ocrx_word' id='word_1_800' title='bbox 3287 5017 3447 5076; x_wconf 67' lang='lat' dir='ltr'><strong>Cauni</strong></span> <span class='ocrx_word' id='word_1_801' title='bbox 3493 5016 3711 5086; x_wconf 74' lang='lat' dir='ltr'><strong>quippe,</strong></span> <span class='ocrx_word' id='word_1_802' title='bbox 3735 5016 3826 5086; x_wconf 91' lang='lat' dir='ltr'><strong>qui</strong></span> <span class='ocrx_word' id='word_1_803' title='bbox 3862 5023 4124 5078; x_wconf 89' lang='lat' dir='ltr'><strong>tentatur,</strong></span> <span class='ocrx_word' id='word_1_804' title='bbox 4161 5025 4387 5066; x_wconf 72' lang='lat' dir='ltr'><strong>necesse</strong></span> <span class='ocrx_word' id='word_1_805' title='bbox 4425 5021 4513 5065; x_wconf 75' lang='lat' dir='ltr'><strong>est</strong></span> 
     </span>
    </p>
   </div>
   <div class='ocr_carea' id='block_1_112' title="bbox 2915 5098 4510 5176">
    <p class='ocr_par' dir='ltr' id='par_1_112' title="bbox 2915 5098 4510 5176">
     <span class='ocr_line' id='line_1_112' title="bbox 2915 5098 4510 5176; baseline -0.006 -16"><span class='ocrx_word' id='word_1_806' title='bbox 2915 5117 2976 5160; x_wconf 90' lang='lat' dir='ltr'><strong>ut</strong></span> <span class='ocrx_word' id='word_1_807' title='bbox 3007 5109 3306 5176; x_wconf 60' lang='lat' dir='ltr'><strong>prwsideus</strong></span> <span class='ocrx_word' id='word_1_808' title='bbox 3337 5105 3562 5176; x_wconf 73' lang='lat' dir='ltr'><strong>spiritus</strong></span> <span class='ocrx_word' id='word_1_809' title='bbox 3585 5105 3941 5176; x_wconf 70' lang='lat' dir='ltr'><strong>principctur,</strong></span> <span class='ocrx_word' id='word_1_810' title='bbox 3977 5112 4054 5169; x_wconf 90' lang='lat' dir='ltr'><strong>ut,</strong></span> <span class='ocrx_word' id='word_1_811' title='bbox 4088 5118 4209 5157; x_wconf 89' lang='lat' dir='ltr'><strong>eum</strong></span> <span class='ocrx_word' id='word_1_812' title='bbox 4248 5100 4335 5154; x_wconf 89' lang='lat' dir='ltr'><strong>illa</strong></span> <span class='ocrx_word' id='word_1_813' title='bbox 4370 5098 4510 5162; x_wconf 67' lang='lat' dir='ltr'><strong>alijio</strong></span> 
     </span>
    </p>
   </div>
   <div class='ocr_carea' id='block_1_113' title="bbox 2917 5187 4512 5266">
    <p class='ocr_par' dir='ltr' id='par_1_113' title="bbox 2917 5187 4512 5266">
     <span class='ocr_line' id='line_1_113' title="bbox 2917 5187 4512 5266; baseline -0.006 -16"><span class='ocrx_word' id='word_1_814' title='bbox 2917 5197 3025 5250; x_wconf 82' lang='lat' dir='ltr'><strong>ciat</strong></span> <span class='ocrx_word' id='word_1_815' title='bbox 3055 5211 3311 5266; x_wconf 84' lang='lat' dir='ltr'><strong>pugnant,</strong></span> <span class='ocrx_word' id='word_1_816' title='bbox 3345 5195 3447 5249; x_wconf 88' lang='lat' dir='ltr'><strong>iste</strong></span> <span class='ocrx_word' id='word_1_817' title='bbox 3470 5193 3627 5262; x_wconf 72' lang='lat' dir='ltr'><strong>quasi</strong></span> <span class='ocrx_word' id='word_1_818' title='bbox 3677 5193 3912 5262; x_wconf 82' lang='lat' dir='ltr'><strong>desuper</strong></span> <span class='ocrx_word' id='word_1_819' title='bbox 3951 5192 4188 5253; x_wconf 66' lang='lat' dir='ltr'><strong>intenlet</strong></span> <span class='ocrx_word' id='word_1_820' title='bbox 4226 5187 4512 5242; x_wconf 80' lang='lat' dir='ltr'><strong>minaciter</strong></span> 
     </span>
    </p>
   </div>
   <div class='ocr_carea' id='block_1_114' title="bbox 2919 5275 4402 5354">
    <p class='ocr_par' dir='ltr' id='par_1_114' title="bbox 2919 5275 4402 5354">
     <span class='ocr_line' id='line_1_114' title="bbox 2919 5275 4402 5354; baseline -0.005 -17"><span class='ocrx_word' id='word_1_821' title='bbox 2919 5275 3152 5354; x_wconf 75' lang='lat' dir='ltr'><strong>vit‘gatn,</strong></span> <span class='ocrx_word' id='word_1_822' title='bbox 3180 5285 3306 5338; x_wconf 89' lang='lat' dir='ltr'><strong>dum</strong></span> <span class='ocrx_word' id='word_1_823' title='bbox 3333 5283 3495 5353; x_wconf 71' lang='lat' dir='ltr'><strong>rigidi</strong></span> <span class='ocrx_word' id='word_1_824' title='bbox 3529 5282 3757 5340; x_wconf 85' lang='lat' dir='ltr'><strong>terroris</strong></span> <span class='ocrx_word' id='word_1_825' title='bbox 3781 5277 4004 5338; x_wconf 80' lang='lat' dir='ltr'><strong>adhibet</strong></span> <span class='ocrx_word' id='word_1_826' title='bbox 4029 5277 4402 5348; x_wconf 70' lang='lat' dir='ltr'><strong>disciplinam.</strong></span> 
     </span>
    </p>
   </div>
   <div class='ocr_carea' id='block_1_115' title="bbox 2991 5367 4508 5440">
    <p class='ocr_par' dir='ltr' id='par_1_115' title="bbox 2991 5367 4508 5440">
     <span class='ocr_line' id='line_1_115' title="bbox 2991 5367 4508 5440; baseline -0.005 -12"><span class='ocrx_word' id='word_1_827' title='bbox 2991 5375 3201 5431; x_wconf 64' lang='lat' dir='ltr'><strong>Exinde</strong></span> <span class='ocrx_word' id='word_1_828' title='bbox 3245 5375 3464 5428; x_wconf 75' lang='lat' dir='ltr'><strong>venitur</strong></span> <span class='ocrx_word' id='word_1_829' title='bbox 3501 5373 3557 5426; x_wconf 88' lang='lat' dir='ltr'><strong>in</strong></span> <span class='ocrx_word' id='word_1_830' title='bbox 3599 5383 3841 5426; x_wconf 85' lang='lat' dir='ltr'><strong>montem</strong></span> <span class='ocrx_word' id='word_1_831' title='bbox 3866 5370 4078 5440; x_wconf 87' lang='lat' dir='ltr'><strong>Sepher</strong></span> <span class='ocrx_word' id='word_1_832' title='bbox 4131 5370 4246 5422; x_wconf 84' lang='lat' dir='ltr'><strong>sive</strong></span> <span class='ocrx_word' id='word_1_833' title='bbox 4275 5367 4508 5436; x_wconf 86' lang='lat' dir='ltr'><strong>Sephar,</strong></span> 
     </span>
    </p>
   </div>
   <div class='ocr_carea' id='block_1_116' title="bbox 2922 5457 4511 5538">
    <p class='ocr_par' dir='ltr' id='par_1_116' title="bbox 2922 5457 4511 5538">
     <span class='ocr_line' id='line_1_116' title="bbox 2922 5457 4511 5538; baseline -0.006 -20"><span class='ocrx_word' id='word_1_834' title='bbox 2922 5467 3065 5538; x_wconf 84' lang='lat' dir='ltr'><strong>quod</strong></span> <span class='ocrx_word' id='word_1_835' title='bbox 3096 5463 3402 5538; x_wconf 77' lang='lat' dir='ltr'><strong>tubicinart‘o</strong></span> <span class='ocrx_word' id='word_1_836' title='bbox 3432 5461 3752 5532; x_wconf 86' lang='lat' dir='ltr'><strong>appellatur.</strong></span> <span class='ocrx_word' id='word_1_837' title='bbox 3781 5458 3963 5524; x_wconf 85' lang='lat' dir='ltr'><strong>Tuba,</strong></span> <span class='ocrx_word' id='word_1_838' title='bbox 4001 5459 4212 5526; x_wconf 87' lang='lat' dir='ltr'><strong>signum</strong></span> <span class='ocrx_word' id='word_1_839' title='bbox 4241 5466 4327 5512; x_wconf 91' lang='lat' dir='ltr'><strong>est</strong></span> <span class='ocrx_word' id='word_1_840' title='bbox 4361 5457 4511 5512; x_wconf 86' lang='lat' dir='ltr'><strong>belli.</strong></span> 
     </span>
    </p>
   </div>
   <div class='ocr_carea' id='block_1_117' title="bbox 2925 5537 4514 5629">
    <p class='ocr_par' dir='ltr' id='par_1_117' title="bbox 2925 5537 4514 5629">
     <span class='ocr_line' id='line_1_117' title="bbox 2925 5537 4514 5629; baseline -0.012 -15"><span class='ocrx_word' id='word_1_841' title='bbox 2925 5558 3106 5629; x_wconf 70' lang='lat' dir='ltr'><strong>Equus</strong></span> <span class='ocrx_word' id='word_1_842' title='bbox 3117 5537 3271 5608; x_wconf 65' lang='lat' dir='ltr'><strong>enini</strong></span> <span class='ocrx_word' id='word_1_843' title='bbox 3279 5553 3370 5607; x_wconf 91' lang='lat' dir='ltr'><strong>Dei</strong></span> <span class='ocrx_word' id='word_1_844' title='bbox 3393 5571 3410 5604; x_wconf 82' lang='grc' dir='ltr'><strong>ι</strong></span> <span class='ocrx_word' id='word_1_845' title='bbox 3429 5554 3691 5607; x_wconf 85' lang='lat' dir='ltr'><strong>odoratur</strong></span> <span class='ocrx_word' id='word_1_846' title='bbox 3702 5550 3923 5615; x_wconf 81' lang='lat' dir='ltr'><strong>bellum,</strong></span> <span class='ocrx_word' id='word_1_847' title='bbox 3940 5557 3990 5602; x_wconf 88' lang='lat' dir='ltr'><strong>et</strong></span> <span class='ocrx_word' id='word_1_848' title='bbox 4005 5562 4127 5602; x_wconf 78' lang='lat' dir='ltr'><strong>enin</strong></span> <span class='ocrx_word' id='word_1_849' title='bbox 4144 5546 4377 5600; x_wconf 79' lang='lat' dir='ltr'><strong>audierit</strong></span> <span class='ocrx_word' id='word_1_850' title='bbox 4390 5546 4514 5599; x_wconf 79' lang='lat' dir='ltr'><strong>bur.-</strong></span> 
     </span>
    </p>
   </div>
   <div class='ocr_carea' id='block_1_118' title="bbox 2923 5615 4529 5710">
    <p class='ocr_par' dir='ltr' id='par_1_118' title="bbox 2923 5615 4529 5710">
     <span class='ocr_line' id='line_1_118' title="bbox 2923 5615 4529 5710; baseline -0.011 -6"><span class='ocrx_word' id='word_1_851' title='bbox 2923 5651 3126 5706; x_wconf 80' lang='lat' dir='ltr'><strong>cinam.</strong></span> <span class='ocrx_word' id='word_1_852' title='bbox 3144 5644 3272 5700; x_wconf 66' lang='lat' dir='ltr'><strong>dicit</strong></span> <span class='ocrx_word' id='word_1_853' title='bbox 3298 5644 3399 5700; x_wconf 84' lang='lat' dir='ltr'><strong>vah</strong></span> <span class='ocrx_word' id='word_1_854' title='bbox 3417 5661 3433 5710; x_wconf 84' lang='lat'><strong>;</strong></span> <span class='ocrx_word' id='word_1_855' title='bbox 3449 5662 3465 5696; x_wconf 85' lang='grc' dir='ltr'><strong>ι</strong></span> <span class='ocrx_word' id='word_1_856' title='bbox 3485 5652 3541 5698; x_wconf 90' lang='lat' dir='ltr'><strong>et</strong></span> <span class='ocrx_word' id='word_1_857' title='bbox 3554 5642 3708 5698; x_wconf 72' lang='lat' dir='ltr'><strong>miles</strong></span> <span class='ocrx_word' id='word_1_858' title='bbox 3723 5640 3948 5702; x_wconf 86' lang='lat' dir='ltr'><strong>Christi,</strong></span> <span class='ocrx_word' id='word_1_859' title='bbox 3964 5653 4087 5694; x_wconf 88' lang='lat' dir='ltr'><strong>cum</strong></span> <span class='ocrx_word' id='word_1_860' title='bbox 4107 5653 4164 5692; x_wconf 76' lang='lat' dir='ltr'><strong>se</strong></span> <span class='ocrx_word' id='word_1_861' title='bbox 4177 5615 4529 5708; x_wconf 55' lang='lat' dir='ltr'><strong>pet-senserat&quot;</strong></span> 
     </span>
    </p>
   </div>
   <div class='ocr_carea' id='block_1_119' title="bbox 2925 5727 4513 5808">
    <p class='ocr_par' dir='ltr' id='par_1_119' title="bbox 2925 5727 4513 5808">
     <span class='ocr_line' id='line_1_119' title="bbox 2925 5727 4513 5808; baseline -0.012 -13"><span class='ocrx_word' id='word_1_862' title='bbox 2925 5742 3178 5795; x_wconf 72' lang='lat' dir='ltr'><strong>vitiorum</strong></span> <span class='ocrx_word' id='word_1_863' title='bbox 3204 5737 3574 5808; x_wconf 80' lang='lat' dir='ltr'><strong>ingruentium</strong></span> <span class='ocrx_word' id='word_1_864' title='bbox 3608 5731 3905 5786; x_wconf 67' lang='lat' dir='ltr'><strong>tentatione</strong></span> <span class='ocrx_word' id='word_1_865' title='bbox 3936 5727 4219 5794; x_wconf 87' lang='lat' dir='ltr'><strong>vallatum,</strong></span> <span class='ocrx_word' id='word_1_866' title='bbox 4254 5727 4513 5779; x_wconf 72' lang='lat' dir='ltr'><strong>virtutum</strong></span> 
     </span>
    </p>
   </div>
   <div class='ocr_carea' id='block_1_120' title="bbox 2925 5819 4518 5906">
    <p class='ocr_par' dir='ltr' id='par_1_120' title="bbox 2925 5819 4518 5906">
     <span class='ocr_line' id='line_1_120' title="bbox 2925 5819 4518 5906; baseline -0.009 -21"><span class='ocrx_word' id='word_1_867' title='bbox 2925 5832 3174 5906; x_wconf 86' lang='lat' dir='ltr'><strong>protinus</strong></span> <span class='ocrx_word' id='word_1_868' title='bbox 3206 5841 3358 5883; x_wconf 80' lang='lat' dir='ltr'><strong>arma</strong></span> <span class='ocrx_word' id='word_1_869' title='bbox 3392 5824 3716 5892; x_wconf 77' lang='lat' dir='ltr'><strong>corripiens,</strong></span> <span class='ocrx_word' id='word_1_870' title='bbox 3743 5823 3988 5894; x_wconf 47' lang='grc' dir='ltr'><strong>ναυξκ-ειη</strong></span> <span class='ocrx_word' id='word_1_871' title='bbox 4012 5820 4078 5874; x_wconf 89' lang='lat' dir='ltr'><strong>ad</strong></span> <span class='ocrx_word' id='word_1_872' title='bbox 4103 5819 4325 5882; x_wconf 85' lang='lat' dir='ltr'><strong>bellum,</strong></span> <span class='ocrx_word' id='word_1_873' title='bbox 4348 5827 4402 5870; x_wconf 87' lang='lat' dir='ltr'><strong>et</strong></span> <span class='ocrx_word' id='word_1_874' title='bbox 4426 5835 4518 5871; x_wconf 74' lang='lat' dir='ltr'><strong>eo-</strong></span> 
     </span>
    </p>
   </div>
  </div>
