5904 6604
1515 440 1647 504 I359

2400 443 2894 501 COLLECTANEA
2924 446 2989 500 IN
3020 446 3249 503 VETUS
3288 445 3829 509 TESTAMENTUM.

4651 448 4780 507 £0th

1511 560 1689 613 minus
1721 558 1773 612 in
1801 556 1939 612 bella
1962 557 2329 626 congreditur.
2362 572 2446 621 ue,
2476 558 2729 627 degeneri
2762 568 2979 627 torpore
3003 573 3091 612 so-
3121 572 3163 624 Α
3200 579 3218 611 ι
3252 560 3470 615 Utinam
3494 562 3830 632 dirumperes
3857 560 4019 615 (mles
4046 568 4098 615 ct
4126 560 4507 627 descenderes,
4532 569 4594 617 et
4614 562 4777 635 lique-

1513 650 1673 712 lutus,
1708 649 1773 703 ab
1797 647 2122 701 adversariis
2146 644 2301 700 facile
2329 647 2643 715 perimatur,
2671 656 2723 700 et
2747 658 2873 701 tunc
2890 648 3092 717 poterit

1514 739 1807 808 gloriosius
1831 738 1956 791 tuba
1972 752 2190 799 canere,
2209 738 2308 791 hoc
2324 748 2405 791 cst
2430 740 2495 792 ad
2514 739 2793 806 spirituale
2814 746 3089 793 certamen

1509 838 1563 883 et
1602 827 1737 881 alios
1771 841 2086 896 provocare.

1578 919 1729 975 Unde
1766 920 1877 973 illic
1918 920 2116 973 dicitur
2163 920 2311 988 quia.
2362 921 2486 972 inde
2528 920 2781 989 profecti,
2822 932 3090 975 venerunt

1509 1010 1561 1063 in
1612 1009 1845 1071 llarada,
1888 1010 2023 1071 sive,
2050 1010 2192 1077 quod
2223 991 2351 1062 alibi
2394 1011 2609 1071 dicitur,
2659 1011 2709 1061 iu
2754 1009 3084 1073 Charadatlt,

1503 1099 1646 1167 quod
1676 1097 1727 1149 in
1760 1106 1943 1150 nostra
1974 1097 2155 1167 lingua
2187 1106 2343 1151 sonat
2372 1098 2588 1149 idoneas
2620 1099 2853 1164 c/fectus,
2888 1109 2945 1150 ut
2972 1099 3084 1167 ipse

1506 1186 1760 1241 nimirum
1798 1184 1907 1252 iam
1941 1186 2263 1253 praedicator
2289 1184 2479 1245 factus,
2518 1188 2711 1239 merito
2742 1186 2920 1239 valeat
2959 1204 3082 1240 cum

1504 1275 1758 1344 Apostolo
1790 1275 1972 1327 dicere
2001 1290 2015 1326 ;
2052 1292 2067 1323 ι
2100 1274 2251 1339 Quod
2286 1275 2511 1327 idoneos
2538 1291 2632 1327 nos
2659 1274 2785 1329 fecit
2807 1276 3085 1329 minisros

1509 1360 1642 1417 Novi
1685 1360 2016 1415 Testamenti
2048 1360 2131 1430 (Il
2163 1360 2284 1414 Cor.
2326 1362 2430 1430 in).
2473 1381 2490 1413 ι

1575 1454 1680 1510 Sed
1728 1464 1783 1507 et
1820 1454 1944 1507 inde
1992 1452 2419 1523 proficiscentes,
2470 1455 2697 1507 veniunt
2735 1454 2785 1507 in
2820 1454 3080 1519 Macelot;

1512 1550 1659 1618 quod
1692 1548 2081 1614 interpretatur
2104 1546 2169 1597 ab
2195 1545 2362 1597 initio.
2394 1545 2653 1614 Quisquis
2684 1548 2827 1600 enim
2860 1548 2925 1599 ad
2959 1564 3080 1615 per-

1502 1638 1750 1692 fectionis
1800 1650 2065 1690 summam
2108 1637 2407 1694 contendit.
2443 1639 2683 1689 omnium
2720 1652 2898 1689 rerum
2944 1653 3080 1691 com-

1500 1726 1787 1795 templatttr
1836 1725 2086 1789 initium,
2142 1728 2266 1779 dum
2316 1737 2507 1779 cuncta
2552 1728 2818 1779 viscerum
2858 1741 3080 1780 suorum

1500 1827 1625 1871 vota
1660 1817 1927 1872 convertit
1969 1819 2034 1871 ad
2077 1816 2265 1869 Deum.
2299 1816 2365 1868 Et
2395 1817 2521 1879 dum
2550 1831 2648 1870 cor
2679 1815 2745 1869 ad
2786 1817 3078 1870 Auctorem

3192 650 3383 706 ﬁerent
3416 663 3627 707 mortes
3658 669 3685 706 a
3721 652 3855 706 facie
3887 653 3997 704 tua!
4039 671 4057 703 ι
4084 650 4242 722 (lsai.
4278 649 4413 733 Liv.)
4444 650 4623 717 Quam
4656 669 4773 725 gra-

3194 744 3334 797 viter
3364 744 3505 797 hanc
3531 759 3734 798 moram
3761 743 3966 797 ferebat
4000 744 4087 797 ille
4120 743 4207 813 qui
4240 734 4453 798 dicebat
4481 761 4493 795 :
4556 761 4577 793 ι
4605 743 4768 815 Cupio

3192 834 3417 887 dissolvi
3474 843 3526 888 ct
3577 850 3697 889 esse
3752 850 3873 888 cum
3924 834 4139 888 Christo
4190 833 4499 905 (Pliilip.t),
4543 853 4562 883 ι
4603 835 4763 888 multo

3192 924 3362 991 magis
3396 924 3615 977 melius!
3646 924 3739 979 Sin
3773 933 3950 976 autem
3978 938 4008 976 a
4038 922 4211 978 Senna
4241 924 4452 979 dicatur
4478 926 4625 993 quod
4649 942 4761 978 oua

3190 1014 3493 1082 signiﬁcat,
3528 1016 3629 1069 hoc
3661 1017 3729 1068 ad
3766 1016 3928 1070 robur
3963 1015 4279 1069 tonstantiat
4326 1015 4591 1085 pertinet,
4619 1020 4758 1085 quod

3190 1120 3411 1159 necesse
3428 1116 3511 1160 est
3538 1118 3590 1159 ut
3621 1106 3818 1161 Christi
3843 1119 4050 1161 amator
4077 1106 4288 1173 habeat,
4309 1122 4376 1163 ne
4399 1122 4497 1178 per
4517 1123 4756 1165 amorem

3193 1196 3426 1249 nimium
3466 1198 3752 1266 impatiens
3786 1198 3899 1251 fiat.

3259 1286 3395 1340 lline
3432 1287 3544 1356 jam
3594 1288 3859 1340 transitur
3886 1288 3936 1342 in
3970 1287 4261 1351 Moseroth,
4286 1287 4424 1359 quod
4449 1288 4752 1359 signiﬁcare

3188 1387 3407 1444 putatur
3432 1378 3730 1430 excludam.
3763 1378 3958 1431 Anima
3984 1379 4196 1449 quippe,
4228 1394 4344 1449 quae
4370 1382 4434 1433 ad
4454 1379 4748 1450 perfectum

3190 1465 3386 1534 Sponsi
3419 1467 3501 1520 sui
3534 1482 3773 1521 amorem
3799 1468 4064 1535 pervenit,
4093 1469 4409 1523 tentationes
4429 1484 4457 1523 a
4484 1485 4545 1523 se
4570 1470 4746 1525 callidi

3187 1558 3522 1626 corruptoris
3564 1558 3820 1611 excludit.
3867 1558 4017 1614 Unde
4044 1570 4098 1613 et
4128 1559 4405 1629 Apostolus
4437 1580 4449 1614 :
4484 1579 4501 1611 ι
4542 1561 4738 1623 Nolite.

3186 1648 3378 1716 inquit,
3430 1649 3607 1704 locum
3658 1651 3788 1704 dare
3836 1650 4049 1705 diabolo
4084 1650 4296 1721 (c'pltes.
4326 1652 4420 1722 tv).
4458 1671 4475 1703 ι
4506 1651 4663 1719 Quod
4699 1654 4740 1707 si

3185 1738 3490 1803 Moseroth,
3531 1741 3686 1807 juxta
3733 1744 4027 1809 quosdam,
4082 1741 4459 1810 interpretatur
4514 1742 4741 1809 tinctile,

3186 1846 3351 1887 sanus
3399 1848 3497 1901 per
3551 1833 3730 1886 omnia
3792 1842 3845 1886 et
3875 1848 4143 1903 congruos
4178 1834 4473 1890 intellectus
4525 1840 4737 1891 elucet:

1497 1921 1656 1962 “lum
1700 1906 1905 2001 ἱιι-ξίξετ
1932 1905 2140 2001 ξῘί-ξίείίτ
2246 1920 2426 1958 rerum
2472 1907 2716 1959 οηιηῖιιίη
2766 1907 2920 1960 “lilio
2970 1923 3075 1961 "0“
3107 1941 3154 2001 Β
3184 1923 3441 1977 nimirum
3477 1932 3663 1977 sancta
3695 1922 3947 1992 qumlibct
3976 1924 4178 1987 anima;
4206 1940 4321 1994 quae
4349 1925 4548 1981 ctelesti
4578 1925 4742 1987 Spon-

1496 1998 1721 2052 recedit.
1753 1995 1867 2061 Vel,
1902 1996 1946 2049 si
1975 1995 2263 2059 ltlaceloth,
2294 2006 2351 2049 ut
2380 1998 2597 2066 quidam
2631 2000 2895 2061 sentiunt,
2928 2000 3071 2053 dica«

1496 2095 1585 2140 tur
1614 2101 1735 2141 eSse
1762 2095 2065 2149 concentus,
2098 2102 2194 2155 per
2226 2088 2327 2141 hoc
2370 2088 2610 2143 Ecclesia
2642 2090 2985 2159 intelligitur,
3018 2091 3069 2143 in

1493 2192 1600 2247 qua
1650 2177 1906 2231 videlicet
1957 2193 1985 2228 a
2031 2178 2243 2231 cunctis
2273 2179 2520 2234 fidelibus
2552 2182 2884 2234 convenitur.
2921 2182 3073 2237 Unde

1494 2271 1746 2325 canitur:
1781 2288 1799 2321 ι
1831 2270 1970 2323 Ecce
2020 2286 2181 2338 quam
2240 2272 2439 2325 bonum
2484 2283 2535 2327 et
2576 2290 2735 2342 quam
2771 2273 3071 2339 jucundum

1493 2358 1741 2415 habitare
1788 2358 1982 2413 fratres
2020 2361 2069 2411 in
2102 2363 2291 2413 unum!
2332 2380 2349 2412 ι
2391 2360 2561 2428 (Psal.
2592 2366 2822 2433 exuti.)

1568 2450 1773 2506 Deinde
1799 2451 2012 2505 venitur
2050 2452 2101 2503 iu
2129 2452 2363 2517 Thaatb,
2390 2452 2473 2506 vel
2507 2456 2647 2507 sicut
2690 2455 2819 2509 alibi
2852 2454 3068 2527 legitur,

1495 2541 1546 2595 in
1578 2542 1778 2602 Caath.
1822 2542 1963 2610 quod
2008 2552 2090 2595 est
2120 2542 2370 2609 patientia
2406 2543 2489 2598 vel
2530 2544 2882 2612 conﬁrmatio.
2915 2546 3076 2612 Quis-

1492 2632 1615 2701 quis
1641 2633 1785 2685 enim
1809 2632 2083 2685 desiderat
2114 2642 2315 2686 terram
2340 2632 2634 2687 viventium
2665 2650 2760 2703 per
2788 2637 3073 2704 prmsentis

1490 2720 1616 2774 vita:
1650 2720 1860 2774 labores
1890 2722 2120 2790 ingredi,
2159 2736 2383 2777 neceSse
2408 2734 2492 2777 est
2525 2736 2647 2776 eum
2688 2725 2752 2777 ad
2790 2726 3070 2779 toleranda

1490 2812 1674 2866 mundi
1727 2811 1965 2881 pericula
2020 2826 2115 2878 per
2158 2812 2475 2880 patientiam
2526 2814 2857 2866 conﬁrmari.
2898 2814 2989 2868 Vel
3022 2816 3068 2868 si

1489 2899 1720 2963 Thaath,
1748 2909 1804 2951 ιιι
1828 2916 1857 2952 a
1888 2900 2205 2967 quibusdam
2234 2901 2451 2964 dicitur,
2475 2902 2705 2954 vertitur
2731 2902 2782 2953 in
2805 2920 3067 2969 pararem,

1493 2992 1706 3044 dicatur
1728 2991 2018 3059 unicuique
2042 2991 2292 3048 certauti,
2317 2990 2400 3042 vel
2419 2990 2529 3056 jam
2557 2990 2695 3043 forte
2725 2993 3070 3059 perdiviuam

1490 3080 1717 3149 gratiam
1750 3080 2105 3148 triumphanti
2137 3097 2148 3130 :
2189 3097 2206 3129 ι
2244 3078 2362 3132 Noli
2386 3081 2553 3133 altum
2590 3084 2912 3149 saperc,sed
2944 3083 3071 3135 time

1490 3166 1667 3236 (Rom.
1697 3170 1795 3237 xi).
1836 3188 1853 3218 .

3173 2031 3233 2071 sa
3266 2015 3318 2069 in
3350 2030 3533 2070 amore
3554 2014 3933 2085 coniungitur,
3972 2030 4193 2071 necesse
4228 2025 4312 2070 est
4344 2025 4399 2069 ut
4433 2016 4481 2070 ei
4507 2015 4737 2070 assiduis

3176 2107 3587 2177 Scripturarum
3620 2108 4082 2171 meditationibus,
4104 2108 4258 2178 quasi
4279 2106 4592 2177 quibusdam
4619 2107 4734 2161 vin-

3174 2199 3314 2255 culis
3362 2198 3723 2253 iusolubititer
3750 2207 4124 2253 connectatur.
4160 2198 4234 2252 De
4272 2198 4460 2268 quibus
4508 2195 4737 2254 vinculis

3173 2292 3392 2347 Christo
3440 2308 3538 2362 per
3586 2292 3778 2347 Isaiam
3814 2292 4013 2346 dicitur
4044 2306 4058 2345 :
4093 2310 4112 2343 ι
4146 2290 4256 2346 Viri
4303 2290 4549 2345 sublimes
4575 2292 4641 2345 ad
4684 2300 4734 2344 te

3175 2386 3505 2451 transibunt,
3532 2396 3587 2440 et
3616 2385 3689 2437 tui
3727 2394 3904 2448 erunt,
3931 2392 3984 2439 et
4010 2392 4132 2453 post
4155 2391 4204 2437 te
4222 2381 4564 2437 ambulabunt
4590 2382 4733 2439 enlli-

3174 2478 3287 2547 gati
3318 2476 3542 2530 vinculis
3563 2474 3716 2545 (Isai.
3748 2476 3895 2541 χιχ).
3936 2494 3955 2526 ι

3249 2569 3405 2624 Uutle
3456 2582 3561 2623 non
3620 2568 3890 2627 immerito
3939 2568 4052 2635 jam
4102 2566 4311 2621 venitur
4363 2566 4412 2619 in
4466 2564 4727 2625 Banaeim.

3173 2662 3315 2732 quod
3358 2662 3623 2731 signiﬁcat
3667 2659 3838 2729 fontes
3876 2658 3957 2714 vel
4001 2658 4371 2720 excolatioues,
4408 2656 4458 2712 id
4488 2666 4590 2719 est,
4636 2656 4717 2710 ubi

3172 2752 3476 2804 divinarum
3504 2750 3909 2818 Scripturarum
3939 2748 4115 2803 fontes
4141 2748 4315 2801 anima
4348 2746 4477 2801 bibit
4506 2756 4558 2801 et
4577 2762 4728 2801 exco-

3172 2842 3265 2905 lat,
3299 2844 3398 2896 hoc
3436 2852 3519 2897 est
3575 2840 3846 2896 subtiliter
3891 2848 4083 2895 tractat
4110 2856 4172 2894 ac
4203 2839 4447 2893 ruminat.
4478 2838 4715 2895 Excolat.

3173 2933 3422 3001 inquam,
3457 2948 3577 2987 cum
3637 2931 3764 2985 illud
3812 2931 4172 3002 evangelicum
4218 2938 4392 2984 servat
4429 2945 4441 2980 :
4483 2948 4502 2980 ι
4538 2927 4611 2984 Ut
4662 2944 4723 2982 ne

3173 3037 3313 3074 unus
3360 3022 3577 3089 quidem
3617 3036 3752 3089 apex
3783 3031 3876 3073 aut
3907 3035 4070 3073 unum
4102 3020 4209 3073 iota
4240 3017 4306 3072 de
4354 3018 4465 3087 lege
4510 3026 4723 3085 przeter-

3171 3125 3280 3175 eat,
3326 3116 3454 3185 quin
3506 3114 3686 3167 omnia
3743 3113 3874 3166 fiant
3913 3111 4126 3181 (Matth.
4168 3114 4244 3181 v).
4284 3130 4300 3161 ι
4340 3109 4397 3164 Si
4434 3124 4557 3163 vero
4595 3109 4722 3163 bene

3170 3207 3391 3267 Jaacan,
3425 3207 3567 3267 sicut
3608 3205 3824 3274 quidam
3869 3205 4077 3270 dicunt,
4119 3200 4433 3256 transfertur
4486 3201 4535 3255 in
4585 3199 4715 3267 ﬁiios

1559 3261 1686 3364 Sed,
1726 3262 1845 3314 inde
1872 3259 2120 3362 proiecti.
2154 3262 2692 3364 "Cllanllll‘Tl'i‘rcv
2715 3264 2857 3333 ‘1“0d
2883 3262 3069 3364 9mm
3101 3292 3143 3351 C
3178 3299 3499 3353 necessitatis
3550 3259 3662 3350 sive
3688 3295 3951 3358 stridoris,
3982 3296 4082 3349 hoc
4123 3293 4405 3364 significat,
4430 3292 4549 3360 quia
4574 3290 4716 3360 quis-

1486 3352 1701 3418 quidcut
1738 3353 1960 3405 exstasis
1986 3353 2391 3419 interpretatur,
2428 3356 2479 3407 itt
2514 3368 2695 3408 nostra
2729 3371 2857 3409 vero
2887 3356 3069 3424 lingua

1487 3442 1686 3497 dicitur
1742 3441 2131 3509 contemplatio.
2177 3442 2526 3510 Consequens
2555 3455 2636 3497 est
2665 3446 2806 3497 enim
2840 3455 2896 3496 ut
2925 3446 3073 3512 quis-

1487 3536 1609 3605 quis
1636 3545 1791 3587 antea
1818 3535 2077 3603 probatnr
2100 3550 2195 3601 per
2220 3537 2555 3603 patientiam,
2588 3537 2811 3604 proinde
2845 3537 3066 3588 ("Leon-

1485 3626 1849 3695 templationis
1875 3626 2150 3696 perveniat
2176 3628 2433 3693 gratiam;
2461 3638 2514 3681 et
2534 3630 2623 3696 qui
2652 3628 2799 3697 prius
2823 3629 2874 3681 in
2902 3630 3068 3681 tribu-

1484 3715 1685 3771 latione
1709 3718 2050 3783 deprimitur,
2088 3715 2240 3787 147
2268 3720 2603 3784 postmodum
2629 3719 2693 3769 ad
2734 3718 2959 3770 visionis
2984 3720 3066 3770 in-

1486 3805 1632 3861 tima:
1662 3806 1901 3859 ltctitiam
1949 3806 2283 3859 sustollatur.
2332 3807 2425 3859 Sin
2461 3817 2639 3859 autem
2692 3806 2889 3868 Tltare,
2925 3807 3069 3859 sicut

1454 3902 1955 3973 rquidautputant,
1988 3901 2183 3951 astutia
2218 3899 2297 3953 vel
2348 3899 2547 3951 malitia
2600 3900 2761 3953 debet
2817 3899 3063 3969 intelligi,

1485 3994 1587 4045 hoc
1634 3993 1698 4043 ad
1734 3990 2101 4044 Ecclesiarntn
2136 3991 2451 4059 pr;epositos
2480 4006 2583 4043 non
2610 3992 2882 4044 immerito
2913 3991 3064 4044 vide-

1471 4091 1573 4135 ‘tur
1606 4097 1762 4149 posse
1810 4080 2035 4141 referri;
2070 4090 2128 4133 ut
2171 4082 2273 4149 ipsi
2303 4082 2415 4135 suis
2443 4082 2783 4134 auditoribus
2817 4083 3061 4139 timeant.

1486 4174 1574 4242 qni
1627 4174 1678 4224 in
1730 4172 2087 4227 teutationum
2147 4173 2493 4226 tribulatione
2537 4173 2803 4227 laborant.
2851 4174 3066 4226 Astutia

1483 4266 1628 4320 enim
1684 4275 1738 4318 et
1774 4264 1974 4318 malitia
2018 4263 2163 4317 illius
2191 4266 2427 4317 cavenda
2459 4276 2539 4319 est
2577 4266 2640 4317 dc
2672 4280 2778 4333 quo
2826 4265 3059 4319 dicitur:

1489 4373 1511 4409 ι
1538 4356 1804 4425 Quoniam
1854 4355 2198 4409 adversarius
2226 4364 2412 4409 noster
2448 4363 2702 4423 tanquam
2739 4357 2819 4408 leo
2846 4356 3063 4425 rugiens

1483 4444 1698 4507 circuit,
1731 4460 1979 4512 quzerens
2014 4458 2171 4510 quem
2200 4444 2423 4497 devoret
2458 4445 2508 4514 (Ι
2539 4446 2679 4498 Petr.
2710 4447 2783 4515 v).
2827 4465 2843 4497 ι

1557 4536 1759 4591 Deinde
1804 4536 2102 4604 procedunt
2146 4536 2197 4587 in
2243 4534 2468 4597 Methca,
2498 4538 2597 4597 vel,
2626 4538 2761 4590 sicut
2790 4537 2912 4589 alihi
2940 4537 3061 4605 legi-

3175 3390 3297 3458 qnis
3322 3389 3524 3441 divinis
3538 3388 3764 3456 eloquiis
3780 3386 4022 3439 eruditus
4049 3394 4131 3439 est
4159 3395 4208 3439 et
4238 3381 4506 3437 afﬂuenter
4530 3383 4717 3435 instru-

3173 3492 3311 3543 ctus,
3351 3494 3571 3532 necesse
3613 3486 3698 3530 est
3726 3485 3784 3529 ut
3816 3484 3937 3544 post
3972 3490 4029 3529 se
4057 3483 4112 3528 et
4136 3475 4267 3527 alios
4291 3474 4463 3527 trahat
4492 3486 4551 3524 ac
4586 3472 4713 3524 ﬁlios

3172 3569 3387 3637 gignat,
3433 3567 3627 3635 quibus
3674 3565 3921 3619 nimirqu
3973 3562 4098 3616 dum
4144 3561 4298 3616 fletus
4347 3571 4401 3615 et
4444 3559 4713 3613 stridorem

3170 3660 3410 3712 dentium
3459 3657 3742 3711 minaciter
3772 3655 3976 3724 objicit,
4009 3652 4395 3723 quodammodo
4430 3653 4710 3706 necessita-

3174 3756 3279 3799 tem
3330 3748 3408 3799 eis
3438 3756 3496 3799 ut
3524 3746 3589 3799 ad
3623 3744 3787 3797 Deum
3841 3752 4223 3799 convertantur
4270 3740 4501 3811 imponit.
4530 3740 4565 3794 li
4599 3748 4711 3793 sunt

3168 3851 3297 3904 ergo
3318 3836 3409 3888 lilii
3441 3836 3780 3887 neceSsitatis
3828 3833 3910 3887 vel
3933 3830 4476 3899 stridoris.deqnibus
4496 3829 4707 3899 prephc-

3171 3928 3276 3979 tice
3304 3924 3518 3978 canitur
3550 3941 3561 3975 :
3597 3943 3614 3973 ι
3648 3924 3847 3977 ΑΠ’(ξιιει
3878 3923 4121 3984 Domino,
4146 3922 4238 3974 lilii
4273 3921 4384 3986 Det,
4409 3917 4592 3973 afferte
4614 3916 4707 3970 Do-

3174 4017 3319 4067 mino
3360 4014 3501 4066 filios
3531 4014 3762 4066 arietum
3788 4010 3961 4080 (Psal.
3990 4011 4200 4081 xxviii).
4238 4031 4255 4062 ι

3244 4106 3369 4159 Post
3423 4106 3535 4158 [nec
3579 4104 3876 4157 ascendunt
3920 4104 3973 4157 in
4022 4112 4253 4157 montem
4297 4102 4537 4169 Gadgad,
4573 4100 4704 4168 quod

3142 4234 3149 4239 ς
3176 4194 3337 4265 148
3366 4196 3759 4261 interpretatur
3782 4193 4013 4257 nuntius,
4037 4192 4122 4246 vel
4151 4193 4417 4257 accinctio,
4454 4190 4536 4245 vel
4574 4203 4705 4245 certe

3170 4286 3417 4337 concisio.
3461 4284 3666 4349 Quibus
3707 4284 3849 4336 enim
3886 4283 4047 4337 verba
4072 4283 4164 4337 Dei
4198 4283 4582 4347 annuutiamus,
4623 4296 4704 4335 cos

3167 4378 3355 4447 procul
3381 4378 3542 4431 dubio
3569 4391 3918 4430 eonunonerc
3952 4376 4206 4429 debemus
4234 4384 4292 4428 ut
4318 4383 4367 4428 et
4395 4390 4448 4427 se
4468 4374 4702 4427 virtutum

3169 4470 3336 4521 armis
3352 4469 3654 4538 accingam,
3681 4477 3733 4519 et
3754 4466 4099 4521 invisibillntn
4118 4467 4343 4520 hostium
4358 4464 4703 4532 spiritualibus

3170 4559 3361 4627 gladiis
3393 4568 3541 4627 terga
3584 4556 3886 4611 cencidant.
3931 4557 4083 4623 Quod
4125 4572 4242 4611 cum
4283 4571 4372 4611 eos
4416 4569 4568 4625 agere
4609 4567 4702 4606 non

1488 4633 1596 4690 tur,
1634 4626 1917 4687 Maathica,
1947 4626 2089 4693 quod
2141 4626 2526 4694 interpretatur
2573 4644 2710 4678 mors
2737 4644 2885 4677 nova.
2920 4626 3062 4677 Nun-
3097 4633 3144 4691 ο
3170 4626 3411 4719 segniter
3440 4626 3751 4712 cdocemur’
3780 4664 3900 4701 cum
3934 4648 4015 4701 eis
4040 4648 4197 4700 simul
4226 4646 4289 4700 ad
4317 4653 4555 4699 montana
4581 4659 4700 4695 mn,

1484 4732 1647 4785 quam
1677 4724 1783 4766 tatu
1824 4714 2065 4782 perfecte
2106 4714 2368 4766 diabolica
2398 4724 2621 4767 cavetur
2649 4716 2870 4776 astutia,
2903 4732 3061 4781 quant

1485 4810 1527 4861 si
1553 4806 1769 4861 Christo
1806 4805 2222 4864 comtno:imur,
2252 4815 2309 4858 ιιι
2344 4816 2599 4875 tanquam
2630 4806 2970 4861 insensibiles
2998 4808 3083 4860 ad'

1486 4898 1657 4953 hostis
1710 4897 1889 4951 callidi
1942 4906 2272 4949 tentamenta
2330 4898 2630 4950 redeamus.
2663 4898 2835 4961 Quam
2869 4914 3061 4951 novant

1487 5002 1714 5043 mortem
1746 4987 2128 5056 contemplatio
2154 4988 2314 5055 parit,
2344 5004 2463 5055 quae
2486 4989 2691 5042 scilicet
2718 5001 2771 5041 et
2803 4990 3060 5042 mundum

1485 5081 1640 5134 nobis
1670 5090 1723 5133 et
1745 5096 1840 5133 nos
1867 5080 2065 5133 mttndo
2090 5087 2332 5133 mortuos
2361 5080 2541 5131 allicit.
2567 5082 2716 5146 Quod
2747 5084 2786 5133 si
2825 5081 3056 5142 Mctltt'a,

1485 5180 1541 5223 ιιι
1586 5168 1909 5238 quibusdam
1936 5169 2152 5235 'placet,
2200 5169 2251 5220 in
2283 5169 2609 5221 dulcedinem
2636 5173 2893 5233 vertitur;
2929 5173 3057 5238 quid

1488 5263 1680 5315 mirum
1704 5260 1747 5313 si
1773 5261 1838 5313 de
1864 5260 2313 5327 contemplatione
2338 5261 2403 5314 ad
2429 5262 2762 5316 dulcedinem
2791 5264 3055 5325 veni..tur,

1486 5364 1605 5403 cum
1636 5351 1748 5419 ipsa
1776 5348 2161 5416 contemplatio
2184 5350 2480 5404 nihilaliud
2501 5352 2570 5405 sit
2591 5368 2750 5420 quam
2778 5353 3060 5407 inc-flabilis

1484 5448 1537 5491 et
1558 5439 1817 5491 immensa
1849 5437 2111 5492 dulcedo?

1554 5528 1684 5581 Post
1715 5528 1828 5580 ltzec
1854 5528 2069 5581 venitur
2096 5528 2148 5582 in
2181 5527 2451 5584 Hesmona
2473 5572 2487 5593 ,
2518 5548 2636 5600 qua:
2676 5536 2943 5603 festinatio
2974 5536 3058 5587 tli-

1486 5617 1645 5672 citur.
1682 5616 1835 5682 Nam,
1894 5626 2177 5687 postquam
2221 5622 2579 5690 pertingintus
2614 5625 2681 5677 ad
2718 5614 3057 5680 dulcedinem

1487 5707 1987 5776 contemplationis,
2021 5724 2227 5763 moram
2278 5726 2383 5766 non
2432 5711 2655 5767 ferimus
2692 5719 2979 5769 tarditatis.
3014 5717 3057 5772 Ο

1487 5812 1645 5861 quam
1676 5796 1903 5853 moleste
1931 5811 2136 5853 moram
2181 5800 2495 5869 patiebatur
2536 5802 2621 5857 ille
2663 5808 2751 5874 qui
2795 5808 3051 5862 dicebat:

3169 4746 3499 4797 scendimus.
3548 4741 3700 4807 Quod
3757 4742 3797 4793 si
3850 4738 4098 4809 Gadgad,
4154 4749 4210 4791 ιιι
4250 4739 4457 4806 quidam
4506 4746 4699 4805 putant,

3168 4842 3483 4885 tentantcnta
3533 4833 3835 4901 significat,
3883 4833 4039 4883 datur
4085 4830 4301 4898 intelligi
4344 4829 4585 4897 quoniam
4629 4828 4700 4881 bis

3168 4922 3258 4988 qui
3292 4924 3355 4973 ad
3385 4922 3657 4975 coelesteut
3683 4922 3910 4987 patriam
3935 4920 4174 4983 tendunt,
4202 4920 4517 4972 teutationes
4533 4920 4700 4972 deesse

3168 5030 3273 5066 non
3300 5022 3542 5082 possunt.
3570 5013 3633 5066 lit
3657 5028 3800 5080 stupe
3829 5013 4052 5065 tentatio
4075 5011 4358 5063 virtutibus
4375 5009 4698 5069 admiscetur,

3170 5116 3227 5157 ut
3271 5107 3541 5160 laborioso
3589 5106 3790 5163 Christi
3842 5103 3992 5158 militi
4044 5116 4246 5156 merces
4290 5100 4500 5156 uberior
4535 5098 4690 5169 atqui.

3169 5209 3345 5252 ratur.
3666 5188 3671 5193 ’

3240 5288 3303 5340 Et
3354 5288 3480 5356 quia
3536 5303 3629 5356 per
3676 5286 3815 5340 mala
3874 5286 4223 5340 tentationum
4268 5285 4331 5338 ad
4382 5284 4694 5353 praemiorum

3169 5378 3305 5429 bona
3369 5380 3650 5436 transitur,
3714 5392 3945 5447 congrue
3996 5378 4237 5446 sequitur
4284 5376 4546 5444 quoniam,
4588 5372 4699 5427 inde

3168 5468 3417 5536 profecti,
3470 5476 3735 5522 venerunt
3786 5468 3837 5521 in
3888 5468 4190 5531 .letcbatha,
4230 5466 4359 5528 sive,
4388 5476 4445 5517 ιιι
4470 5466 4585 5517 alibi
4629 5464 4696 5514 le-

3165 5557 3326 5622 gitur,
3378 5557 3657 5619 Jatbatha,
3704 5557 3845 5626 quod
3902 5558 4287 5626 interpretatur
4342 5555 4534 5607 bonitas
4594 5553 4695 5606 sint

3164 5650 3376 5702 bonum.
3438 5650 3578 5719 Ergo
3650 5665 3746 5719 per
3824 5649 4188 5719 experimenta
4251 5646 4584 5702 tentationutn
4634 5659 4693 5698 ac

3165 5739 3483 5809 bonitatem,
3527 5756 3645 5813 qua:
3685 5741 3871 5812 procul
3906 5731 4072 5796 dubio
4116 5739 4357 5796 Christus
4393 5746 4489 5804 est,

3166 5833 3331 5887 nitur.
