4260 6426
794 308 906 399 199

1721 332 1776 385 8.
1808 325 2081 384 PETRUS
2123 316 2475 377 DAMIANUS
2512 315 2568 369 S.
2614 314 2679 367 li.
2716 312 2777 366 E.
2810 308 3242 366 CARDINALIS.

3942 296 4057 358 200

722 492 733 501 -
803 462 1003 517 fectum
1025 455 1243 513 reducta
1275 462 1363 508 est
1392 460 1447 505 lll
1478 447 1749 502 fusissime
1779 442 2015 498 Ostendit
2035 441 2148 508 ipse
2171 436 2364 489 Petrus
2392 439 2441 494 Α
2469 446 2546 483 re.
2585 426 2756 478 Vitam
2790 423 2847 479 8.
2876 422 3156 476 Ιῖυιηυιιιιιί
3204 419 3435 517 abbatis,
3466 417 3528 472 19
3554 415 3725 517 Junii:
3752 415 3828 469 De
3853 411 3912 468 S.
3942 410 4061 517 Ma-

801 554 856 607 in
911 558 1160 611 tractatu,
1215 558 1371 611 quem
1428 537 1730 607 composuit
1792 534 1868 588 De
1933 526 2373 585 reconciliatione

802 640 1036 710 episcopi
1082 631 1497 689 Mediolanensis
1545 627 1811 692 Widonis,
1836 624 1925 695 qui
1954 631 2039 679 est
2079 635 2181 673 ms.
2213 618 2263 671 in
2293 616 2374 670 bi-

800 730 1066 786 bliotheca
1096 722 1395 779 Casinensi.

870 819 1002 873 Cum
1039 824 1217 868 autem
1254 821 1396 866 esset
1416 810 1498 862 vir
1528 808 1579 863 in
1614 807 1808 861 divinis
1832 799 2131 869 Scripturis
2162 793 2371 851 studio-

800 924 907 971 sus,
938 916 989 961 et
1015 904 1279 965 eruditus,
1310 901 1645 955 Stecnlarium
1670 897 1970 949 litterarum
1992 906 2097 944 non
2131 890 2371 957 ignarus,

799 1000 1015 1070 ingenio
1046 996 1191 1050 mitis
1216 1002 1268 1049 et
1300 999 1506 1053 acutus,
1533 989 1749 1057 eloquio
1778 984 2046 1056 placidus,
2077 990 2131 1036 et
2157 993 2375 1047 compo-

798 1094 936 1148 situs
966 1099 1021 1145 et
1047 1090 1111 1143 ad
1135 1082 1559 1157 persuadendum
1582 1080 1823 1142 idoneus,
1851 1076 2013 1147 multa
2039 1086 2202 1142 opera
2225 1085 2375 1124 com-

798 1183 983 1255 posuit
1031 1180 1135 1248 piis
1161 1176 1429 1231 mentibus
1477 1172 1631 1227 valde
1660 1170 1830 1233 utilia,
1863 1181 2092 1236 quorum
2119 1160 2373 1218 nonnulla

795 1254 908 1346 iam
934 1284 1126 1327 excusa
1150 1278 1293 1328 sunt,
1324 1266 1425 1318 alia
1448 1278 1574 1317 vero
1593 1268 1809 1316 exstant
1829 1272 1927 1313 suo
1951 1267 2191 1333 tempore
2210 1254 2372 1307 etiam

799 1345 1127 1417 excedenda.
1159 1356 1232 1409 De
1255 1355 1469 1409 excusis
1496 1352 1736 1420 subjecta
1770 1350 1878 1405 vidi
1907 1368 1919 1401 :
1950 1348 2025 1402 De
2047 1345 2373 1402 ecclesiasti-

798 1468 863 1508 ca
893 1449 1245 1513 institutione,
1297 1456 1351 1500 et
1390 1444 1717 1499 Simoniaca:
1745 1444 2015 1496 haereseos
2046 1438 2373 1494 confutatio-

799 1557 891 1605 ne,
919 1541 1010 1594 lib.
1042 1556 1081 1602 ι,
1110 1538 1199 1608 qui
1231 1550 1461 1590 excusas
1488 1541 1568 1587 est
1594 1531 1828 1586 Coloniae
1852 1530 1991 1598 apud
2024 1528 2369 1599 Gymnicum,

799 1645 920 1685 cum
968 1630 1138 1682 tribus
1194 1625 1443 1694 Prosperi
1498 1622 1667 1686 libris,
1695 1621 1746 1674 in
1779 1622 1812 1675 8
1848 1638 1861 1672 :
1894 1627 1948 1673 et
1979 1620 2105 1673 item
2135 1619 2186 1670 in
2214 1616 2375 1670 Flau-

800 1724 941 1786 dria,
964 1722 1057 1776 sed
1089 1720 1361 1787 Iocusjam
1392 1716 1609 1776 excidit,
1666 1729 1788 1767 cum
1813 1712 1933 1765 aliis
1959 1710 2194 1777 ejusdem
2216 1723 2373 1778 argu-

796 1812 985 1866 menti.
1045 1809 1119 1862 De
1164 1805 1477 1861 excellentia
1506 1801 1676 1857 sancti
1715 1801 1938 1855 Joannis
1970 1798 2250 1867 Baptistze,

797 1903 979 1958 milias
1009 1903 1164 1964 duas,
1192 1908 1427 1953 excusas
1460 1894 1696 1950 Colanim
1736 1893 1873 1961 apud
1900 1891 2245 1962 Gymnicum.
2272 1890 2373 1943 Do-

798 1993 979 2046 minus
1002 1990 1299 2052 vobiscum,
1328 1988 1421 2041 lib.
1455 2003 1494 2049 ι,
1528 1986 1578 2038 id
1600 1993 1702 2050 est,
1724 1994 1904 2036 utrum
1926 1982 2195 2037 solitarius
2210 1995 2374 2034 orans

799 2085 964 2140 horas
986 2083 1296 2144 canonicas,
1315 2081 1505 2134 debeat
1526 2078 1688 2132 etiam
1712 2077 1892 2130 dicere
1912 2074 2169 2128 Dominus
2197 2073 2374 2126 vobis-

798 2188 952 2235 cum,
1004 2171 1217 2240 quando
1249 2182 1405 2221 nemo
1433 2166 1525 2228 sit,
1558 2165 1647 2233 qui
1673 2162 2009 2231 respondeat.
2033 2160 2369 2228 Ilicimpres-

801 2277 894 2317 sus
922 2271 1005 2316 est
1032 2259 1271 2313 Venetiis
1300 2258 1440 2327 apud
1476 2255 1721 2308 Zillctum
1762 2253 1915 2315 1572,
1956 2254 2008 2304 in
2030 2251 2107 2305 8°.
2143 2249 2373 2319 Speculo

804 2351 1005 2413 missze,
1054 2356 1108 2401 et
1157 2347 1340 2401 Romae
1378 2360 1499 2399 cum
1543 2344 1662 2397 aliis
1690 2342 2044 2410 scriptoribus
2084 2341 2148 2393 de
2176 2339 2374 2392 divinis

802 2439 1014 2504 officiis,
1038 2453 1179 2491 anno
1216 2436 1374 2500 1591,
1408 2436 1460 2488 in
1502 2432 1654 2487 folio.
1688 2434 1761 2487 De
1792 2431 2087 2501 Epiphania
2124 2428 2371 2485 Donnini:

804 2534 936 2589 Cum
975 2540 1132 2586 natus
1160 2538 1327 2584 esset.
1364 2528 1484 2581 Vita
1516 2527 1687 2581 sancti
1717 2525 1885 2577 Mauri
1928 2522 2163 2591 episcopi
2201 2520 2376 2576 Ctese-

805 2639 889 2679 nae
930 2642 943 2677 :
991 2622 1298 2691 Cupientes.
1350 2620 1423 2674 De
1462 2618 1816 2673 translatione
1854 2616 2027 2670 sancti
2058 2614 2239 2669 Hilarii
2263 2615 2377 2683 epi-

804 2713 956 2781 scopi
996 2730 1008 2765 :
1053 2710 1415 2773 Gaudeamus,
1465 2718 1518 2761 et
1565 2706 1914 2760 exsultemus.
1975 2704 2050 2758 De
2098 2703 2374 2757 Domiaica

802 2801 1107 2856 I’almarum
1136 2818 1148 2851 :
1183 2798 1316 2852 Cum
1349 2796 1846 2865 appropinquasset.
1885 2795 1961 2848 De
1999 2802 2185 2848 sancto
2226 2792 2377 2845 Eleu-

804 2890 996 2944 cbadio
1025 2890 1275 2958 episcopo
1307 2906 1318 2939 :
1363 2886 1627 2939 Hodierna
1659 2884 1942 2938 festivitas.
1978 2883 2050 2936 De
2074 2891 2261 2936 sancta
2281 2883 2379 2936 Se-

806 2996 935 3036 vero
959 2982 1210 3050 episcopo
1247 2996 1260 3031 :
1291 2979 1530 3033 Audistis
1560 2977 1775 3031 fratres.
1822 2978 1965 3030 Citat
1992 2986 2048 3028 et
2074 2976 2233 3027 alinra
2268 2974 2380 3027 Mo-

802 3070 958 3122 lanus
981 3070 1065 3121 die
1088 3085 1102 3121 t
1127 3067 1254 3121 Feb.
1286 3068 1378 3121 sed
1402 3067 1637 3120 nondum
1658 3080 1888 3119 excnsns
1918 3072 2021 3117 est.
2049 3064 2119 3116 De
2148 3063 2202 3116 8.
2228 3062 2285 3115 Ρ.
2312 3061 2371 3114 N.

2476 518 2553 571 ria
2582 512 2911 583 Magdalena.
2948 511 3022 566 De
3066 510 3120 565 S.
3152 507 3362 563 Rumno
3391 516 3653 577 martyre.
3682 502 3956 572 Hymnum
3992 500 4060 554 de

2474 605 2683 659 eodem.
2720 601 2918 655 Vitam.
2966 600 3025 655 8.
3080 598 3342 653 Dominici
3391 595 3647 659 Loricati,
3682 592 3751 647 M
3777 590 4057 648 Octobris.

2474 699 2547 753 De
2592 696 2843 751 omnibus
2892 692 3115 748 sanctis.
3155 690 3229 743 De
3275 688 3334 743 8.
3384 688 3623 753 Andrea,
3673 686 3813 739 alius
3840 684 3911 738 ab
3941 680 4057 744 illo,

2474 790 2561 859 qui
2594 797 2676 843 est
2704 787 2756 840 in
2811 802 2885 838 vn
2917 792 3081 838 tomo.
3111 782 3186 835 De
3221 780 3432 843 eodem,
3462 780 3697 848 hymnus
3738 773 4058 844 sapphicus.

2473 882 2549 935 De
2576 877 2755 948 vigilia
2800 873 3123 929 nativitatis.
3178 871 3253 925 De
3304 868 3587 923 nativitate
3624 866 3859 921 Domini.
3891 862 3972 916 De
3998 860 4058 915 8.

2473 968 2798 1024 Barbatiano
2849 962 3178 1018 confessore.
3235 960 3299 1013 lli
3347 974 3535 1015 omnes
3562 969 3843 1012 sermones
3869 951 4059 1008 excusi

2474 1064 2599 1110 sunt
2624 1052 2857 1107 Colonia:
2888 1052 2939 1104 in
2964 1048 3100 1103 Vitis
3128 1048 3454 1103 Sanctorum
3483 1045 3628 1101 Surii
3654 1061 3668 1109 ;
3698 1052 3754 1099 et
3781 1040 4057 1103 Venetiis,

2476 1145 2527 1197 in
2561 1140 2706 1196 folio.
2740 1139 3007 1209 Epistolas
3042 1130 3293 1206 'ejuszlem
3348 1136 3656 1205 quindecim
3689 1133 3756 1187 ad
3784 1133 4056 1191 diversos,

2476 1232 2765 1299 iuprcssas
2790 1228 2896 1281 vidi
2923 1226 3164 1291 Parisiis,
3198 1226 3249 1279 in
3281 1224 3429 1287 folio,
3456 1224 3508 1277 in
3556 1232 3703 1278 tomo
3728 1222 3817 1275 Vll
3847 1220 4056 1275 Biblio-

2477 1322 2643 1374 thecze
2673 1318 2772 1373 SS.
2799 1318 3015 1371 Patrum
3048 1316 3339 1387 Margarini
3374 1315 3440 1369 de
3465 1314 3514 1367 la
3545 1313 3732 1383 Pigne.

2547 1411 2620 1464 De
2646 1408 2789 1463 finali
2814 1408 3023 1462 Jndicio
3052 1426 3062 1461 :
3095 1407 3208 1460 Non
3256 1409 3443 1475 ignoro
3480 1406 3606 1474 quia
3637 1419 3779 1457 cum.
3817 1402 3893 1456 De
3924 1400 4058 1456 doc-

2476 1502 2613 1554 trina
2668 1500 2992 1554 novitiorum
3043 1516 3055 1552 :
3120 1497 3288 1551 Budis
3348 1497 3468 1550 tiro.
3526 1493 3938 1549 Consolatorius
3992 1492 4059 1544 ad

2475 1599 2732 1660 :egrotum
2760 1607 2772 1643 :
2808 1590 3024 1657 Bogasti
3049 1605 3153 1643 me.
3191 1589 3271 1643 Ad
3296 1586 3655 1642 Ambitiosum
3684 1585 4013 1639 monachum
4041 1597 4057 1634 :

2476 1682 2673 1753 Dignas
2702 1682 2907 1735 auctori
2945 1682 3228 1735 bonorum.
3269 1680 3342 1733 De
3378 1677 3741 1741 correctione,
3788 1689 3958 1743 quant
3989 1673 4061 1726 sit

2276 1766 2371 1849 ίίο,
2399 1787 2445 1848 ῃ
2475 1776 2621 1828 utilis
2651 1789 2664 1827 :
2694 1774 2901 1844 Exigis,
2937 1774 3031 1827 fdi.
3068 1774 3143 1827 De
3186 1772 3469 1825 nativitate
3493 1769 3706 1823 Domini
3746 1785 3758 1819 :
3789 1766 4060 1821 Charitati

2477 1876 2689 1921 vestrm.
2730 1868 2804 1920 De
2836 1864 2894 1919 8.
2932 1866 3138 1920 Joanne
3167 1864 3494 1936 evangelista
3521 1876 3535 1915 :
3560 1860 3833 1927 Quantum
3851 1866 4056 1912 autem.

2478 1959 2550 2012 De
2573 1958 2748 2029 vigilia
2783 1957 2841 2012 8.
2872 1957 2931 2011 Ρ.
2980 1957 3041 2011 N.
3100 1956 3374 2010 Benedicti
3403 1973 3415 2008 :
3453 1954 3700 2024 Vigiliant
3727 1950 3953 2021 egregii.
3987 1949 4060 2003 De

2476 2063 2631 2102 caena
2668 2047 2877 2101 Domini
2914 2064 2926 2099 :
2957 2047 3125 2100 llodie
3174 2062 3390 2101 sacrum
3419 2044 3675 2098 chrisma.
3714 2043 3789 2095 De
3814 2040 3873 2094 8.
3896 2040 4057 2093 Ιυειηι

2477 2155 2542 2193 ne
2587 2140 2823 2209 Baptista
2868 2156 2880 2191 :
2938 2138 3209 2192 Hodierna
3260 2137 3547 2191 festivitas.
3600 2134 3675 2187 De
3730 2132 3789 2186 S.
3836 2131 4060 2185 Antimo

2476 2241 2714 2301 martyre
2749 2248 2762 2283 :
2797 2230 2929 2285 Cum
2954 2230 3097 2283 beati
3124 2230 3347 2282 Antimi.
3370 2226 3447 2281 De
3476 2226 3576 2281 SS.
3612 2225 3770 2280 Flora
3801 2233 3855 2279 et
3882 2222 4064 2275 Lucil-

2480 2324 2523 2375 la
2557 2341 2568 2375 :
2594 2321 2956 2385 Gaudeamus,
2984 2318 3198 2374 fratres.
3225 2318 3299 2374 De
3320 2320 3525 2374 eisdem
3552 2335 3563 2370 :
3593 2317 3782 2381 Adest,
3813 2314 4057 2369 dilectis-

2477 2415 2618 2469 simi.
2648 2414 2723 2468 De
2754 2425 2943 2469 sancto
2972 2412 3247 2480 Stephano
3268 2426 3405 2480 papa
3436 2418 3489 2464 et
3516 2418 3753 2478 martyre
3779 2425 3792 2460 :
3818 2404 4061 2460 Audistis

2478 2506 2655 2558 hodie.
2683 2506 2759 2558 De
2790 2513 2976 2558 sancto
3000 2503 3212 2557 Donato
3234 2503 3487 2571 cpisc0po
3506 2511 3813 2570 etmartyre
3832 2514 3847 2552 :
3868 2499 4059 2560 Adest,

2478 2592 2835 2647 dilectissimi.
2863 2592 2938 2645 Dc
2960 2592 3017 2645 8.
3046 2590 3441 2643 Bartholonuco
3463 2587 3707 2658 apostolo
3737 2606 3748 2640 :
3782 2587 4056 2641 Ilodicrna

2478 2684 2759 2737 festivitas.
2795 2684 2869 2736 De
2906 2692 3097 2737 sancto
3131 2680 3340 2735 Rullino
3400 2690 3641 2751 martyre
3670 2697 3683 2733 :
3718 2679 3923 2743 Nostis,
3952 2678 4060 2733 fra-

2480 2785 2607 2829 tres.
2653 2774 2726 2829 De
2758 2774 3036 2827 nativitate
3070 2763 3128 2825 B.
3162 2771 3343 2825 Maria;
3374 2771 3600 2841 virginis
3634 2768 3943 2824 :Nativitas
3966 2769 4063 2823 ho-

2479 2866 2687 2918 dierna.
2734 2866 2807 2918 De
2854 2864 2905 2917 8.
2938 2862 3081 2917 Luca
3113 2863 3441 2933 evangelista
3484 2880 3496 2914 :
3524 2861 3659 2928 Quia
3687 2876 3786 2929 per
3817 2861 4065 2929 Evange-

2481 2959 2628 3011 lima.
2664 2958 2739 3012 De
2770 2957 2824 3012 S.
2858 2957 3041 3011 Fidele
3067 2965 3305 3027 martyre
3349 2974 3360 3008 :
3389 2954 3588 3017 Nostis,
3625 2953 3823 3007 fratres
3843 2952 4059 3006 charis-

2482 3047 2627 3100 simi.
2662 3046 3038 3115 Fragmentum
3069 3044 3338 3098 sermonis
3370 3046 3435 3099 de
3484 3042 3543 3098 S.
3573 3039 3747 3097 Vitale
3775 3051 4021 3111 martyre
4047 3058 4059 3091 :

802 3160 1091 3214 Benedicto
1120 3177 1131 3210 :
1176 3158 1317 3211 Dixit
1350 3156 1534 3210 Simon
1578 3156 1791 3209 Petrus.
1828 3156 1900 3208 Dc
1940 3168 2094 3208 coma
2121 3154 2329 3214 Domini
2359 3174 2371 3207 :
2404 3136 2448 3197 (ί

2404 3136 2448 3197 C
2483 3137 2619 3189 Ecce
2658 3136 2879 3205 liquido.
2918 3134 3205 3189 llomiliam
3235 3149 3399 3203 super
3425 3132 3775 3205 Evangelium
3806 3134 3859 3186 in
3890 3133 3979 3186 die
4006 3131 4060 3186 S.

806 3246 976 3301 llodie
1026 3246 1219 3299 fratres
1275 3244 1598 3299 charissimi.
1663 3246 1736 3297 lle
1786 3243 2195 3297 annuntiatione
2243 3243 2377 3296 diva:

804 3336 1009 3391 Mariae.
1045 3337 1117 3389 De
1155 3334 1551 3389 resurrectione
1578 3333 1788 3386 Demini
1822 3351 1833 3385 :
1861 3332 2131 3387 Postulavi
2160 3332 2375 3386 Pan-em

806 3442 1008 3482 meum.
1042 3425 1115 3479 De
1139 3436 1330 3479 sancto
1355 3424 1587 3493 Georgio
1633 3434 1891 3492 martyre.
1929 3422 2197 3477 llodierna
2227 3424 2381 3476 festi-

806 3518 967 3570 vitas.
1023 3515 1257 3584 Epistola
1310 3515 1375 3569 de
1418 3513 1537 3568 Vita
1597 3514 1770 3569 sancti
1826 3513 2093 3581 Rodnlphi
2142 3515 2377 3582 episeoiii

807 3607 1114 3675 Eugubini:
1152 3607 1368 3661 domino
1400 3606 1724 3661 Alexandro.
1773 3605 1847 3659 De
1878 3605 1934 3659 8.
1972 3605 2129 3659 Petro
2161 3615 2375 3675 aposto-

810 3701 862 3755 lo
889 3717 903 3752 :
937 3698 1363 3753 Adolescentulre
1389 3698 1710 3752 dilexerunt.
1744 3697 1817 3749 De
1841 3695 1940 3751 SS.
1978 3696 2133 3751 Petro
2162 3707 2214 3751 et
2243 3696 2378 3750 Pau-

810 3791 866 3845 lo
897 3808 908 3843 :
942 3790 1210 3844 Hodierna
1251 3790 1387 3843 dies.
1415 3790 1486 3843 De
1511 3790 1567 3843 S.
1598 3788 1907 3858 Apollinare
1938 3807 1951 3841 :
1985 3787 2250 3843 Hodierna
2274 3789 2378 3852 die,

808 3882 1026 3935 fratres.
1052 3881 1200 3935 Alius
1224 3882 1290 3935 de
1319 3880 1375 3934 8.
1406 3879 1748 3949 Apollinare:
1779 3878 2073 3947 Apostolici
2103 3879 2379 3948 martyris.

809 3973 960 4027 Alius
989 3974 1052 4026 de
1077 3973 1265 4026 eodem
1321 3985 1335 4025 :
1367 3971 1683 4025 Andivimus
1714 3970 1889 4023 hodie.
1933 3969 2007 4023 De
2038 3979 2223 4023 saneto
2254 3969 2389 4023 (Ias-

811 4065 965 4118 siano
988 4071 1223 4132 martyre
1255 4080 1267 4114 :
1298 4059 1661 4115 Admirabilis.
1688 4058 1763 4112 De
1795 4058 2163 4127 assumptione
2184 4056 2241 4110 Β.
2278 4058 2383 4110 Ma-

814 4154 944 4206 rim:
980 4150 1079 4204 llic
1124 4160 1288 4205 totum
1331 4150 1586 4203 decurrat
1634 4148 1923 4216 sapphicus
1963 4147 2195 4215 hymnus
2217 4147 2281 4199 de
2302 4162 2388 4197 ea-

815 4242 934 4296 dem
964 4258 975 4293 :
1009 4240 1135 4293 item
1158 4250 1211 4292 et
1234 4239 1321 4292 alii
1358 4252 1549 4291 versus
1583 4248 1637 4291 et
1668 4237 1885 4307 rythmi.
1920 4235 1980 4288 D.
2016 4234 2073 4288 8.
2104 4234 2387 4287 Bartholo-

814 4345 950 4385 ιιιωο
979 4329 1216 4398 apostolo
1244 4343 1258 4382 :
1285 4328 1578 4390 Lmtamur,
1618 4337 1671 4381 et
1709 4326 2025 4396 gloriamur.
2075 4324 2149 4378 De
2172 4324 2229 4379 8.
2267 4323 2390 4377 Vic-

821 4429 954 4483 tore.
988 4419 1086 4473 llic
1128 4419 1215 4473 ille
1256 4433 1504 4487 magnus.
1531 4417 1605 4470 De
1648 4415 1706 4470 8.
1740 4415 1995 4469 Michacle
2019 4413 2343 4483 archangelo
2371 4427 2387 4465 :

2488 3229 2726 3281 Mattbazi
2763 3247 2774 3280 :
2802 3227 3121 3297 Evangelira
3175 3226 3352 3280 lectio.
3385 3225 3458 3279 De
3492 3225 3706 3280 silentio
3739 3242 3751 3276 :
3787 3223 3925 3278 Cum
3951 3224 4070 3293 pius

2452 3326 2723 3371 exactor.
2767 3318 2843 3370 De
2882 3317 3113 3385 spiritali
3166 3316 3463 3369 certamine
3496 3333 3509 3368 :
3561 3314 3616 3368 Si
3648 3314 3959 3384 diligenter.
3997 3314 4069 3368 De

2485 3410 2539 3463 8.
2568 3409 2854 3462 Anastasio
2878 3420 3113 3477 martyre
3142 3426 3153 3459 :
3179 3408 3257 3461 Ad
3281 3406 3561 3476 pulchrum
3580 3408 3958 3461 convenimus.

2556 3499 2629 3552 De
2660 3498 2961 3567 disciplina,
2984 3506 3038 3552 et
3064 3498 3444 3552 observatione
3474 3506 3642 3552 sexta:
3668 3496 3839 3561 ferias,
3866 3498 4075 3552 sanctis

2486 3588 2743 3642 fratribus
2769 3602 2783 3640 :
2816 3588 3017 3642 Contra
3045 3588 3152 3640 \ini
3182 3585 3394 3641 bibulos
3424 3596 3477 3642 et
3503 3603 3697 3655 aquam
3720 3588 4073 3642 stomachan-

2491 3688 2568 3731 tes
2595 3697 2607 3730 :
2643 3679 2824 3744 Miror,
2855 3677 3206 3752 dilectissime
3228 3675 3417 3730 frater.
3443 3678 3522 3731 Ad
3549 3676 3749 3732 fratres
3774 3677 4072 3749 Camngni,

2488 3770 2553 3823 de
2593 3768 2829 3821 Sabbato
2874 3767 3171 3836 jejunando
3220 3786 3231 3819 :
3288 3767 3632 3821 Pensualimn
3688 3768 4071 3826 conductores.

2487 3858 2569 3911 Ad
2602 3856 2855 3911 Blancam
2887 3856 3217 3910 comitissam
3251 3857 3316 3909 ad
3358 3857 3641 3911 Dominum
3690 3873 4015 3913 conversam
4055 3876 4068 3913 :

2486 3938 2881 4004 Blancat'olim.
2926 3945 2988 3999 lli
3044 3962 3233 4001 omnes
3264 3962 3563 4013 sermones,
3608 3949 3843 4004 humilia:
3869 3960 3926 4003 et
3957 3950 4075 4020 epi-

2488 4040 2640 4093 stolze
2668 4038 3010 4107 reperiuntur
3051 4052 3181 4092 mss.
3222 4038 3362 4106 apud
3405 4052 3516 4102 me,
3557 4047 3614 4091 et
3654 4038 3795 4109 apud
3836 4038 3900 4092 D.
3934 4039 4085 4094 Con-

2491 4134 2785 4187 stantiuum
2817 4130 3135 4199 Cajetantnn
3171 4128 3593 4201 Syracusanum,
3638 4132 3985 4197 monaclmm,
4024 4140 4080 4187 et

2492 4240 2685 4293 magna
2714 4224 2877 4277 etiam
2907 4238 2973 4277 ex
3002 4231 3156 4292 parte
3195 4223 3249 4275 in
3295 4222 3575 4277 Casinensi
3622 4223 3978 4292 bibliotheca,
4025 4236 4082 4280 et

2492 4313 2645 4368 alibi.
2678 4313 2753 4367 De
2775 4312 3053 4367 miraculis
3082 4310 3138 4365 8.
3175 4311 3237 4365 Ρ.
3265 4312 3331 4365 Ν.
3361 4311 3633 4367 Benedicti
3658 4313 3749 4368 lib.
3785 4329 3821 4367 ι.
3861 4314 3938 4370 De
3964 4331 4083 4384 pm.

2494 4406 2720 4460 nitentia
2757 4424 2769 4458 :
2805 4404 3148 4459 Pensandum
3186 4404 3401 4474 quippe.
3438 4404 3630 4459 Sermo
3670 4416 3860 4459 contra
3904 4407 4082 4463 Simo-

818 4510 976 4565 Circa
1002 4523 1179 4563 rerum
1208 4510 1482 4562 cardinem
1506 4522 1805 4561 versamur.
1848 4500 1921 4559 De
1954 4505 2011 4558 8.
2037 4503 2219 4561 Fidele
2246 4518 2387 4555 mat-.-
2417 4480 2469 4539 Ῑ)
2498 4498 2682 4552 niacos
2722 4513 2735 4551 :
2781 4496 2961 4550 Mundi
2995 4498 3147 4551 turba
3192 4495 3519 4549 turbulenta.
3564 4495 3639 4551 De
3677 4499 4001 4554 amrenitate
4027 4511 4083 4555 et

820 4607 958 4667 lyre,
993 4613 1169 4652 sermo
1198 4598 1507 4660 historicus,
1540 4596 1608 4649 28
1644 4594 1896 4650 Octobris
1924 4613 1936 4648 :
1968 4594 2166 4656 Nostis,
2198 4594 2392 4646 fratres

821 4690 1150 4744 charissimi.
1178 4689 1252 4742 De
1281 4689 1494 4750 eodem,
1526 4688 1775 4758 hymnus.
1824 4686 1898 4739 De
1933 4685 1990 4739 8.
2027 4684 2257 4738 Martino
2282 4685 2394 4752 epi-

822 4795 983 4849 scopo
1014 4794 1028 4833 :
1062 4778 1265 4833 Nobilis
1293 4779 1381 4833 ille
1410 4780 1708 4832 confessor.
1734 4776 1808 4829 De
1841 4775 1899 4830 8.
1932 4776 2148 4829 Andrea
2180 4786 2394 4844 aposto-

823 4870 872 4922 lo
898 4890 908 4922 :
935 4870 1125 4934 llodie,
1154 4870 1350 4923 fratres
1392 4870 1720 4923 charissimi.
1758 4868 1832 4920 De
1860 4867 1913 4921 8.
1948 4866 2164 4921 Nicolao
2190 4868 2393 4934 episco-

822 4974 889 5027 po
919 4976 931 5010 :
960 4957 1211 5011 Nicolaus
1236 4958 1336 5011 iste
1368 4973 1534 5009 meus.
1572 4958 1642 5010 De
1676 4957 1733 5010 S.
1769 4956 2048 5025 Stephano
2076 4963 2393 5024 protomart.

822 5049 1011 5102 Adhuc
1060 5047 1223 5101 filium
1274 5047 1518 5116 virginis.
1570 5046 1646 5100 De
1700 5047 2013 5100 excellentia
2061 5045 2117 5099 8.
2174 5044 2397 5098 Joannis

824 5139 1205 5208 evangeliste:
1240 5138 1428 5201 llodie,
1478 5137 1835 5191 dilectissimi.
1871 5137 1945 5189 De
1968 5136 2157 5189 eodem
2196 5153 2208 5187 :
2249 5134 2395 5189 Gan-

828 5230 1074 5292 deamus,
1108 5230 1319 5282 fratres.
1378 5230 1453 5282 De
1488 5230 1824 5283 dedicatione
1851 5227 2113 5291 ecclesim,
2145 5237 2253 5280 tres
2278 5242 2394 5279 ser-

830 5335 1018 5376 mones
1053 5340 1064 5372 :
1096 5322 1147 5383 1,
1179 5320 1305 5374 Post
1356 5336 1571 5375 crucem
1599 5338 1612 5385 ;
1655 5322 1708 5381 2.
1746 5320 1965 5374 lnunola
2007 5320 2151 5384 Deo;
2185 5319 2218 5372 5
2248 5317 2398 5371 Fecit

832 5412 972 5467 Deus
1004 5412 1108 5466 duo
1156 5428 1365 5483 magna.
1401 5414 1474 5467 De
1504 5416 1823 5482 quibusdam
1876 5413 2151 5467 miraculis
2191 5418 2396 5477 tracta-

832 5513 917 5555 tus
943 5517 956 5555 :
982 5501 1112 5555 Cum
1142 5502 1191 5555 in
1221 5518 1356 5556 meo.
1386 5503 1789 5573 Apologeticum
1814 5504 1879 5557 de
1903 5510 2207 5572 contemptu
2231 5516 2399 5555 saecu-

829 5592 886 5656 li,
918 5592 1180 5661 capitibus
1206 5593 1295 5647 ⁵55.
1334 5593 1404 5645 De
1446 5604 1752 5663 contemptu
1802 5593 1982 5648 srecnli
2012 5592 2186 5662 hujus.
2221 5590 2400 5644 Vitam

843 5681 904 5737 S.
931 5680 1169 5737 Odilonis
1192 5683 1418 5751 abbatis,
1456 5682 1478 5735 1
1513 5682 1772 5739 Januarii.
1806 5685 1880 5739 Dc
1917 5684 1973 5739 S.
2005 5682 2176 5737 Vilale
2202 5691 2403 5752 marty-

2496 4588 2704 4659 gaudiis
2733 4588 2857 4641 vitae
2883 4598 3100 4641 aeternae
3147 4604 3160 4639 :
3192 4587 3270 4640 Ad
3312 4586 3567 4656 perennis
3593 4588 3717 4642 vita:
3746 4586 3977 4644 fontem.
4011 4590 4086 4645 De

2496 4678 2671 4748 pmnis
2702 4676 2893 4731 inferni
2929 4696 2940 4730 :
2974 4678 3017 4732 0
3046 4694 3208 4745 quam
3238 4677 3376 4740 dira,
3412 4693 3571 4746 quant
3620 4680 3913 4751 horrenda.
3955 4679 4087 4751 Epi-

2497 4770 2636 4823 stula
2668 4770 2732 4824 de
2756 4770 2843 4823 die
2867 4769 3053 4837 judicii
3089 4788 3101 4821 :
3140 4768 3344 4822 Dilecto
3374 4768 3530 4825 fratri
3555 4769 3705 4830 Adre'.
3734 4769 3931 4825 Petrus
3961 4787 4085 4841 pce

2497 4871 2669 4917 calor.
2717 4860 2855 4915 Sunt
2900 4860 3041 4929 apud
3084 4874 3172 4913 me
3211 4873 3340 4914 mss.
3386 4868 3442 4913 et
3472 4860 3600 4913 item
3649 4860 3702 4913 in
3749 4859 4086 4916 bibliotheca

2505 4964 2688 5008 nostra
2739 4952 2909 5004 sancti
2958 4950 3238 5005 Benedicti
3290 4949 3585 5003 Mantuani.
3638 4951 3695 5005 ln
3748 4951 4085 5007 bibliOtheca

2504 5045 2783 5100 Casinensi
2816 5058 2962 5101 vero.
3000 5042 3053 5094 in
3085 5057 3306 5095 scamno
3343 5051 3497 5095 sexto
3533 5042 3599 5095 ad
3631 5042 3939 5105 sinistram,
3975 5044 4088 5096 lucc

2504 5136 2846 5204 reperiuntur
2877 5148 3005 5186 mss.
3037 5146 3215 5186 sermo
3244 5130 3463 5199 quidam
3511 5141 3562 5185 et
3596 5131 3794 5201 rythmi
3821 5132 3890 5186 ad
3918 5132 4087 5187 Cada-

2507 5225 2649 5279 loum
2688 5224 3021 5292 episcopum.
3072 5220 3402 5288 Disceptatio
3435 5221 3709 5290 synodalis
3757 5222 3900 5275 inter
3946 5225 4087 5292 regis

2507 5317 2847 5375 advocatum.
2882 5323 2940 5369 et
2985 5312 3244 5368 Ecclesia:
3277 5312 3531 5366 Bouianae
3562 5312 3929 5367 defensorem.
3976 5316 4089 5369 Dis~

2505 5407 2709 5476 putatio
2738 5419 2900 5473 super
2930 5404 3261 5471 quiestione:
3288 5400 3343 5455 Si
3371 5402 3511 5455 Deus
3554 5413 3655 5456 est.
3682 5403 3939 5471 Epistula:
3967 5421 4092 5458 non-

2508 5501 2681 5557 nullae.
2710 5508 2763 5553 et
2787 5497 2875 5551 alii
2905 5496 3120 5564 quidam
3143 5496 3294 5564 parvi
3322 5504 3605 5548 traCtazus.
3638 5493 3713 5547 De
3740 5496 4094 5562 processione

2509 5592 2746 5660 Spizitus
2768 5589 2937 5642 sancti
2970 5603 2999 5640 a
3024 5586 3207 5650 Patre,
3240 5592 3294 5639 et
3322 5584 3481 5639 Filio.
3510 5584 3702 5641 Sermo
3729 5588 3795 5641 de
3823 5587 3883 5641 S.
3913 5588 4097 5644 Marco

2510 5678 2859 5749 evangciista.
2894 5678 2966 5731 De
2991 5674 3045 5731 S.
3076 5676 3266 5730 Alexio
3289 5675 3621 5731 confessore.
3652 5676 3725 5731 De
3746 5676 3942 5734 olliciis
3966 5694 4099 5751 pon-
