5904 6620
1133 469 1268 528 1061

1320 532 1347 557 ἢ

2388 470 2457 526 IN
2488 466 2753 526 LIBRUM
2792 464 3058 526 NUMERI

4287 461 4435 523 1063

1208 584 1333 639 inde
1352 582 1577 653 profecti
1602 595 1725 638 sunt
1750 586 1801 639 in
1826 586 2059 647 Ebrona,
2086 584 2227 654 quol
2257 586 2508 639 transitus
2534 582 2717 654 appel-
2748 588 2791 646 Α
2822 581 3023 652 ptionis
3049 581 3298 635 humana:
3329 579 3589 650 mysteria
3639 589 3929 649 penetrare
3973 597 4078 634 non
4110 596 4428 653 possumus,

1132 676 1299 730 latur.
1352 674 1551 729 Animo
1580 676 1777 745 quippe
1823 677 2152 731 transeunda
2185 686 2312 730 sunt
2340 675 2547 732 omnia.
2582 684 2638 729 et
2667 675 2720 728 in

1129 782 1259 821 eum
1284 766 1460 822 solum
1490 768 1655 821 debes
1687 770 1933 823 ohtutmn
1965 767 2428 839 mentisinﬁgere,
2462 783 2586 822 cum
2615 782 2724 837 quo

1129 858 1257 914 sine
1290 859 1523 913 transitu
1555 861 1734 915 Valeas
1765 876 2109 933 permanere.

1210 944 1337 1003 Post
1381 948 1497 1003 haec
1540 951 1762 1003 mnium
1790 951 1841 1004 in
1886 951 2417 1027 Asiongaber,_quod
2448 954 2720 1023 interpre-

1131 1048 1286 1095 tatur
1316 1040 1537 1095 consilia
1578 1043 1694 1095 viri.
1734 1042 2025 1112 Postquam
2056 1044 2199 1099 enim
2234 1061 2331 1099 nos
2357 1046 2407 1099 in
2440 1043 2718 1100 Christum

1130 1134 1359 1190 Omnino
1388 1135 1719 1204 projicimus,
1753 1146 2033 1205 postquam
2063 1138 2115 1190 in
2146 1152 2268 1191 eum
2298 1153 2513 1191 omnem
2540 1136 2722 1191 cordis

1130 1226 1305 1280 nostri
1338 1226 1587 1281 ﬁduciam
1616 1226 1962 1292 collocamus,
1994 1243 2113 1281 esse
2136 1229 2283 1295 pueri
2308 1228 2557 1281 Sensibus
2588 1228 2717 1279 utte-

1130 1332 1251 1371 rtns
1279 1332 1386 1371 non
1417 1317 1699 1376 debemus.
1742 1319 2017 1373 imitantes
2042 1320 2383 1388 Apostolum,
2416 1320 2507 1389 qui
2536 1321 2666 1372 dicit.
2701 1336 2714 1371 :

1131 1429 1153 1462 1
1196 1409 1331 1467 Cum
1376 1418 1555 1465 autem
1601 1409 1778 1464 factus
1827 1428 1945 1465 sum
1980 1413 2087 1471 vir;
2120 1413 2376 1466 evacuavi
2410 1428 2529 1480 qute
2562 1418 2719 1465 erant

1122 1501 1341 1573 parvuli
1369 1500 1456 1573 (II
1484 1500 1607 1555 Cor.
1648 1504 1803 1569 xui);
1842 1524 1859 1555 ι
1908 1513 1961 1557 ct
2006 1504 2245 1557 iterum:
2291 1522 2308 1553 ι
2342 1502 2518 1558 Nolite
2563 1502 2718 1571 pueri

1119 1592 1267 1649 (ξωεί
1292 1592 1543 1649 sensibus
1574 1593 1623 1663 (1
1654 1593 1776 1647 Cur.
1814 1596 1949 1663 λιν).
1987 1613 2004 1645 ι

1200 1683 1309 1739 Sed
1334 1683 1589 1754 quoniam
1603 1686 1695 1753 qui
1724 1686 1948 1753 apponit
1976 1685 2284 1750 scientiam,
2313 1684 2536 1754 apponit
2562 1682 2715 1739 dolo-

1122 1788 1279 1841 rem,
1321 1774 1519 1829 iterum
1578 1776 1800 1829 veniunt
1852 1776 1903 1829 in
1949 1778 2227 1831 desertum
2284 1777 2403 1839 Sin,
2457 1792 2577 1844 qua:
2632 1786 2717 1831 est

1118 1866 1325 1922 Cades.
1357 1865 1451 1921 Sin
1493 1874 1671 1921 autem
1705 1868 2039 1921 tentatiouem
2074 1867 2417 1937 interpretari
2460 1867 2573 1936 jam
2598 1867 2712 1937 jam

2826 675 2981 745 quasi
3005 675 3085 729 ori
3111 684 3296 727 nostro
3322 674 3549 741 digitum
3572 676 4014 743 super-ponimus,
4036 673 4433 738 ut,diviuitatll

2822 766 3027 821 Christi
3055 762 3433 820 eelSEtudiuem
3477 767 3776 837 majoribus
3801 767 4190 835 relinquentes,
4215 768 4282 821 de
4311 768 4430 826 sola

2826 866 3035 910 tantum
3058 854 3174 923 ejus
3204 871 3368 911 cruce
3393 866 3717 921 tractemus,
3746 859 3889 912 sicut
3926 858 4059 912 dicit
4090 858 4426 928 Apostolus:

2830 965 2848 998 ι
2882 947 3025 1001 Nihil
3061 948 3304 1017 judicavi
3349 963 3435 1002 me
3476 948 3619 1002 scire
3672 949 3815 1002 inter
3842 965 3957 1011 ros,
4012 950 4115 1004 nisi
4144 949 4426 1007 Christum

2822 1038 3027 1103 Jesum,
3061 1052 3114 1094 et
3146 1041 3290 1095 hunc
3321 1041 3643 1096 cruciﬁxum
3680 1041 3733 1112 (I
3761 1040 3883 1095 Cor.
3914 1043 3998 1113 ιι).
4041 1063 4057 1096 ι

2894 1132 3021 1185 Post
3046 1133 3159 1186 inec
3192 1132 3420 1202 profecti
3445 1143 3572 1187 sunt
3599 1134 3651 1187 in
3686 1134 3885 1195 Oboth,
3918 1137 4062 1204 quod
4099 1136 4283 1206 utique
4306 1154 4431 1192 ver-

2826 1225 2957 1279 titur
3017 1226 3069 1278 in
3122 1242 3302 1294 magos
3358 1226 3473 1279 sive
3509 1226 3779 1296 pythones.
3822 1228 4052 1296 Propter
4080 1232 4224 1298 quod
4266 1234 4425 1286 datur

2821 1316 3045 1383 intelligi
3079 1316 3205 1385 quia
3246 1325 3366 1382 post
3392 1316 3684 1386 imaginem
3727 1316 3841 1379 Dei,
3873 1333 3993 1386 qua:
4022 1318 4075 1371 in
4106 1320 4288 1373 cordis
4340 1335 4430 1372 ra-

2776 1407 2970 1461 .tione
3020 1406 3346 1475 concipitur,
3414 1415 3535 1475 post
3580 1416 3863 1476 acceptam
3914 1408 4100 1472 ﬁdem,
4155 1424 4279 1477 qua:
4316 1409 4430 1465 oris

2821 1497 3167 1554 Confessione
3192 1498 3489 1568 profertur,
3514 1512 3852 1569 consurgunt
3877 1501 4167 1554 adversum
4198 1517 4297 1556 nos
4319 1502 4431 1557 hae-

2820 1589 2977 1644 retici
3031 1604 3277 1645 errorem
3331 1599 3614 1646 venenata:
3666 1592 3909 1661 perﬁdia:
3965 1594 4429 1663 dogmatizantes,

2822 1690 3081 1751 tanquam
3131 1684 3401 1752 pythognes
3442 1692 3493 1737 et
3526 1684 3669 1755 magi
3708 1682 3956 1739 maleﬁca
3993 1684 4429 1744 incantationum

2823 1774 3065 1827 carmina
3101 1783 3553 1845 conspergeutes.

2892 1865 3029 1919 liinc
3059 1867 3326 1920 transitur
3350 1867 3403 1919 in
3419 1864 3699 1930 Gebarim,
3727 1881 3852 1936 qua:
3877 1875 3962 1921 est
3986 1866 4039 1920 in
4064 1865 4428 1923 ﬁuibusMos-

1120 1955 1382 2026 superius
1430 1957 1688 2011 diximus.
1739 1958 1892 2011 Sicut
1930 1960 2075 2011 enim
2114 1974 2209 2012 vas
2249 1974 2472 2012 aureum
2512 1959 2593 2011 vel
2626 1974 2712 2011 ar-
2748 1961 2786 2016 lt
2821 1956 3076 2010 bitat-um.
3126 1955 3385 2010 Geharim
3419 1957 3691 2026 signiﬁcat
3718 1974 3932 2011 acervos
3960 1956 4199 2027 lapidum
4241 1969 4427 2015 tram-

1115 2056 1381 2115 genteum
1409 2060 1553 2115 stepe
1580 2045 1805 2101 malleus
1827 2048 2079 2116 percutit.
2110 2063 2251 2117 szepe
2276 2049 2403 2102 lima
2433 2049 2559 2103 hinc
2590 2049 2714 2104 inde

1119 2136 1382 2207 potiendo
1414 2136 1740 2199 circumdat,
1776 2146 1832 2190 ut
1863 2137 2063 2191 clarius
2096 2138 2215 2203 ﬁat;
2262 2140 2342 2191 sic
2370 2140 2566 2193 iterata
2598 2148 2717 2193 ten-

1122 2228 1267 2281 tatio
1296 2226 1598 2281 constantis
1645 2236 1699 2281 et
1743 2242 1847 2282 non
1888 2228 2130 2283 cedentis
2173 2229 2368 2283 animae
2409 2229 2713 2301 rubiginem

1118 2326 1343 2388 purgat.
1381 2332 1399 2367 ι
1431 2316 1538 2371 Vas
1562 2318 1705 2371 enim
1740 2317 1883 2386 ﬁguli
1916 2321 2112 2389 probat
2142 2319 2358 2385 fornax,
2388 2332 2445 2376 et
2465 2322 2714 2377 homines

1111 2408 1297 2478 justus
1353 2410 1585 2464 tentatio
1647 2410 2013 2465 tribulationis
2071 2410 2273 2480 (Eccli.
2324 2412 2520 2484 xxv").
2574 2436 2591 2464 ι
2648 2414 2711 2468 Et

1121 2504 1254 2573 quia
1293 2501 1469 2559 Cades
1527 2504 1867 2572 fructiﬁcatio
1894 2514 2077 2556 sancta
2106 2504 2340 2569 dicitur,
2382 2506 2531 2559 vides
2578 2522 2714 2575 quo-

1120 2596 1269 2648 niam
1303 2594 1663 2650 tentationmn
1694 2594 1873 2648 sulcos
1902 2604 2088 2647 sancta
2132 2593 2482 2649 fructiﬁcatio
2520 2598 2711 2650 suise-

1086 2728 1093 2735 ,
1119 2693 1340 2754 quatur.

1192 2772 1302 2827 Sed
1331 2783 1386 2828 et
1407 2768 1534 2829 hinc
1558 2773 1930 2843 applicuerunt
1956 2775 2010 2830 in
2031 2783 2268 2831 montem
2296 2775 2427 2840 llor,
2455 2775 2509 2830 in
2532 2790 2714 2831 exrc-

1122 2863 1229 2918 mis
1300 2862 1502 2918 ﬁnibus
1560 2865 1751 2918 Edom.
1813 2864 1925 2919 llor
1962 2876 2240 2919 montanus
2299 2866 2709 2933 interpretatur.

1121 2952 1381 3023 Quisquis
1416 2954 1561 3007 enim
1596 2963 1833 3008 tentatus
1868 2970 1973 3008 non
2017 2954 2242 3020 labitur,
2277 2956 2369 3010 sed
2417 2957 2483 3011 de
2528 2966 2704 3011 tenta-

1122 3045 1271 3099 tione
1298 3045 1610 3109 fruetiﬁcat,
1640 3060 1980 3115 consequens
2010 3055 2093 3099 est
2134 3056 2194 3100 ιιι
2220 3047 2285 3101 ad
2318 3058 2551 3101 montem
2572 3088 2585 3110 ,
2617 3046 2709 3116 qui

1122 3134 1376 3189 Christus
1401 3143 1505 3198 est,
1528 3134 1701 3190 victor
1731 3137 2007 3192 ascendat.
2035 3134 2135 3191 llic
2163 3145 2249 3191 est
2270 3137 2416 3190 enim
2441 3151 2594 3190 mons
2622 3139 2711 3191 ille

1119 3222 1458 3293 coagulatus,
1504 3238 1659 3280 mons
1701 3225 1914 3296 pinguis
1941 3222 2115 3297 (Psal.
2164 3224 2352 3296 van),
2386 3228 2452 3281 de
2479 3242 2585 3297 quo
2614 3244 2711 3295 per

1119 3310 1450 3384 Prophetam
1508 3324 1710 3370 dieitur
1753 3333 1767 3369 :

1121 3412 1462 3473 praeparatus
1481 3420 1639 3459 mons
1661 3406 1853 3460 domus
1887 3408 2094 3461 Domini
2123 3406 2176 3460 in
2197 3409 2396 3461 vertice
2421 3410 2706 3474 montium,

1119 3502 1174 3546 et
1206 3495 1512 3549 elevabitur
1561 3511 1725 3565 super
1758 3496 1943 3559 colles,
1978 3506 2033 3551 et
2062 3495 2230 3551 ﬂuent
2258 3498 2324 3551 ad
2367 3514 2490 3553 eum
2520 3514 2711 3554 omnes

1120 3592 1312 3652 gentes
1338 3583 1494 3651 (lsai.
1533 3586 1615 3655 ιι).
1648 3605 1666 3637 ι
1693 3585 1794 3640 llic
1825 3602 1978 3639 tnons
2003 3587 2202 3647 dicitur
2229 3598 2537 3649 montanus,
2584 3590 2710 3657 quia

1122 3674 1213 3729 ubi
1236 3673 1510 3741 Christus,
1544 3677 1616 3731 ibi
1648 3686 1704 3731 et
1731 3677 2108 3748 proculdubio
2136 3676 2519 3732 Christianus:
2555 3698 2573 3730 (
2609 3680 2710 3734 Ubi

1122 3780 1279 3834 sum,
1338 3767 1547 3837 inquit,
1594 3783 1727 3841 ego,
1788 3769 1897 3824 illic
1949 3777 2007 3824 et
2077 3769 2329 3825 minister
2384 3785 2537 3824 meus
2601 3772 2711 3826 erit

1122 3856 1305 3926 (Joan.
1338 3859 1457 3929 xu).
1491 3878 1510 3910 ι

1191 3948 1398 4003 Deinde
1438 3949 1657 4004 veniunt
1706 3951 1757 4004 in
1798 3950 2088 4017 Sahnona,
2131 3950 2273 4020 quod
2317 3951 2711 4020 interpretatur

1121 4040 1307 4092 umbra
1341 4042 1618 4109 partionis.
1661 4042 1727 4095 Et
1770 4044 1983 4107 merito,
2027 4054 2315 4113 postquam
2346 4044 2399 4097 in
2445 4057 2705 4109 montem,

1123 4129 1215 4197 qui
1269 4138 1353 4184 est
1408 4130 1682 4197 Christus,
1724 4134 2089 4196 ascendimus,
2137 4137 2389 4189 vitiorqu
2442 4136 2709 4204 fugientes

1121 4217 1394 4285 ardorem,
1413 4220 1513 4273 sub
1539 4220 1869 4277 defensionis
1895 4223 2011 4290 t-jus
2037 4226 2353 4280 umbraculo
2385 4227 2705 4278 residetnus.

1124 4306 1197 4363 De
1219 4326 1322 4393 qua
1347 4312 1595 4367 videlicet
1616 4315 1805 4367 umbra
1829 4331 1927 4385 per
1946 4314 2236 4371 Jeremiam
2260 4318 2456 4371 dicitur
2486 4334 2498 4369 :
2534 4338 2552 4368 ι
2586 4318 2708 4386 Spi-

1124 4398 1259 4455 ritus
1284 4404 1395 4458 oris
1428 4407 1600 4459 nostri
1632 4406 1880 4461 Christus
1904 4409 2161 4464 Dominus
2189 4419 2376 4479 captus
2399 4422 2477 4465 est
2507 4412 2558 4464 in
2583 4428 2707 4482 pec-

1121 4492 1255 4546 catis
1304 4494 1527 4559 nostris,
1558 4497 1645 4551 cui
1678 4498 1914 4551 diximus
1948 4518 1960 4551 :
1996 4500 2051 4553 lu
2090 4502 2281 4556 umbra
2327 4512 2416 4555 tua
2466 4504 2706 4558 vivemus

1122 4581 1174 4636 in
1206 4588 1459 4655 gentibus
1492 4589 1711 4657 (Tltren.
1747 4595 1841 4665 tv).
1879 4613 1895 4643 ι
1950 4595 2015 4647 Et
2043 4596 2281 4665 Angelus
2316 4598 2381 4649 ad
2430 4597 2655 4651 Mariam
2688 4616 2700 4651 :

1125 4688 1143 4722 ι
1173 4672 1376 4739 Virtus,
1410 4677 1599 4746 inquit,
1629 4681 1889 4735 Altissimi
1914 4685 2257 4737 ohumbrabit
2289 4686 2379 4738 tibi
2410 4686 2561 4754 (Luc.
2591 4689 2651 4751 t).
2681 4708 2696 4738 ι

1120 4762 1373 4823 Salmona
1426 4772 1613 4834 etiam,
1665 4784 1723 4827 ιιι
1772 4774 1968 4828 alicubi
2028 4778 2319 4845 reperitur,
2366 4780 2705 4856 imaguncufa

1119 4859 1354 4929 dicitur;
1401 4867 1544 4933 quod
1586 4869 1772 4936 utique
1820 4868 1980 4939 149
2028 4870 2145 4923 loco
2189 4869 2263 4923 illi
2315 4887 2419 4923 non
2470 4871 2705 4925 absurde

1120 4956 1397 5022 congruit,
1458 4958 1583 5011 dum
1638 4959 1706 5011 ibi
1762 4976 1944 5019 tenens
2009 4960 2097 5014 ille
2157 4977 2382 5029 serpens
2435 4978 2703 5030 appensus

1120 5040 1212 5106 sit,
1262 5047 1351 5113 qui
1404 5048 1648 5101 cruciﬁxi
1699 5060 2047 5118 repraesentat
2097 5052 2392 5121 imaginem
2455 5052 2705 5108 Salvato-

1123 5149 1216 5192 l'lS.

1188 5251 1273 5311 Fit
1302 5268 1561 5326 praeterea
1608 5268 1872 5317 transitus
1916 5265 1967 5317 in
1997 5263 2227 5329 Phiuon,
2256 5265 2400 5334 quod
2432 5266 2695 5334 interpreo

1125 5351 1263 5400 tatur
1282 5364 1361 5410 os,
1384 5351 1467 5404 vel
1486 5353 1591 5405 oris
1604 5354 1951 5421 parcimouia.
1981 5355 2043 5409 Et
2070 5371 2131 5409 os
2150 5357 2556 5426 quidem,quia,
2580 5372 2706 5411 mox

1123 5443 1178 5486 ιιι
1202 5440 1466 5504 passionis
1516 5442 1716 5497 Clariin
1762 5454 2097 5499 sacramenta
2126 5448 2523 5516 cognoscimus,
2559 5447 2704 5516 quod

1124 5526 1283 5580 corde
1324 5532 1619 5597 credimus,
1652 5548 1748 5587 ore
1793 5537 2228 5603 pronuntiamus,
2256 5539 2395 5592 sicut
2440 5539 2701 5608 scriptum

1122 5624 1203 5699 est
1227 5633 1238 5667 :
1266 5622 1544 5686 «Credidi,
1570 5635 1789 5695 propter
1804 5629 1945 5696 quod
1964 5628 2176 5684 locutus
2193 5647 2312 5685 sum
2331 5630 2644 5699 (Psal.cxv)
2679 5651 2697 5682 ι

1124 5697 1187 5753 Et
1235 5706 1562 5776 Apostolus:
1599 5732 1616 5764 ι
1656 5716 1829 5771 Corde
1879 5720 2120 5774 creditur
2166 5722 2231 5774 ad
2283 5697 2579 5790 justitiam,
2610 5697 2708 5777 ore

1124 5802 1298 5851 autem
1319 5802 1591 5859 confessio
1619 5805 1679 5860 ﬁt
1706 5808 1770 5859 a.l
1802 5808 2029 5862 salutem
2057 5809 2237 5880 (Rom.
2265 5814 2341 5882 ιι).
2382 5834 2396 5864 ι
2427 5812 2550 5868 Oris
2580 5828 2708 5868 vero

1127 5887 1448 5949 Parcitnonia
1476 5896 1699 5965 dicitur;
1734 5902 1880 5969 quia,
1909 5902 2033 5957 dum
2062 5912 2167 5957 tam
2196 5904 2462 5975 profunda
2492 5916 2708 5963 redem-

1819 3336 1835 3367 ι
1887 3318 2001 3371 Erit
2050 3318 2102 3370 in
2161 3318 2470 3373 novzssimis
2517 3310 2779 3375 dicLus'C

2817 2049 3074 2101 euntium.
3114 2047 3203 2099 Isti
3239 2062 3403 2115 porro
3434 2058 3562 2101 sunt
3586 2048 3793 2116 lapides
3816 2048 3944 2113 vivi,
3976 2050 4151 2103 sancti
4181 2050 4425 2117 scilicet,

2816 2153 2880 2190 ex
2915 2139 3111 2204 quibus
3148 2154 3253 2190 non
3306 2140 3467 2191 modo
3513 2137 3854 2193 Hierusalem
3886 2154 4120 2208 superna
4153 2141 4427 2196 construi-

2820 2237 2923 2285 tur.
2960 2228 3053 2281 sed
3084 2236 3138 2280 et
3167 2242 3408 2296 pra-scus
3432 2226 3673 2281 Ecclesia
3708 2240 3966 2298 tanquam
3995 2230 4310 2298 margaritis
4336 2246 4429 2287 co-

2817 2318 3165 2371 ruscantibus
3213 2318 3532 2371 adornatur.
3581 2316 3683 2383 Qui
3734 2319 3931 2372 merito
3975 2328 4324 2375 transeuntes
4346 2321 4425 2377 di-

2816 2420 3043 2473 cuntur,
3072 2409 3200 2479 quia
3260 2417 3477 2462 terrena
3506 2409 3764 2479 quotlibet
3799 2424 3863 2463 ac
3897 2410 4214 2465 transitoria
4245 2420 4429 2469 mente

2815 2499 3051 2564 calcant,
3082 2510 3246 2567 atque
3268 2499 3335 2552 ad
3361 2499 3604 2554 coelestia
3635 2499 3873 2555 transire
3896 2500 4181 2555 festinant.
4210 2501 4267 2556 Si
4297 2518 4427 2559 vero

2815 2603 2922 2642 non
2978 2588 3260 2653 Gebarim,
3317 2590 3412 2642 sed
3464 2588 3564 2643 Gai
3612 2589 3850 2655 dicatur,
3885 2591 4028 2659 quod
4060 2590 4163 2644 alia
4193 2601 4428 2647 testatur

2813 2682 3003 2743 editio,
3038 2690 3093 2734 et
3149 2682 3253 2735 hoc
3283 2680 3353 2734 ab
3377 2680 3652 2736 intellectu
3704 2685 4109 2737 transeuntiqu
4137 2700 4244 2739 non
4270 2687 4427 2740 abero

2816 2787 2919 2827 rat.
2968 2774 3066 2829 Gai
3121 2775 3396 2843 siquidem
3428 2775 3825 2843 interpretatur
3848 2776 4032 2830 r/mos.
4072 2776 4212 2831 Dicit
4240 2786 4425 2833 autem

2811 2866 3083 2918 Abraham
3113 2866 3263 2919 diviti
3296 2880 3310 2918 :
3348 2885 3366 2916 ι
3406 2864 3542 2931 Quia
3575 2867 3721 2920 inter
3768 2882 3866 2921 nos
3894 2876 3947 2921 et
3978 2844 4071 2921 vos
4099 2868 4269 2922 chaos
4301 2884 4421 2922 ma-

2812 2972 2977 3025 gnum
3010 2956 3283 3010 ﬁrmatum
3316 2967 3401 3019 est
3428 2956 3582 3028 (Luc.
3629 2959 3766 3027 xvi).
3804 2978 3822 3011 ι
3848 2960 3929 3013 Ad
3955 2960 4103 3013 illum
4134 2975 4264 3031 ergo
4294 2975 4426 3015 san-

2811 3050 2883 3102 cti
2921 3064 3141 3119 semper
3165 3050 3402 3105 transire
3426 3050 3764 3116 desiderant,
3796 3060 3854 3104 ut
3881 3050 3932 3104 in
3967 3052 4084 3121 ejus
4111 3053 4257 3119 sitm,
4281 3052 4426 3110 sicut

2810 3150 2865 3195 et
2895 3141 3087 3195 beatus
3119 3140 3206 3197 ille
3234 3140 3495 3206 Lazarus,
3524 3141 3762 3197 feliciter
3796 3144 4168 3213 requiescant.

2881 3253 3034 3309 Unde
3062 3257 3196 3311 satis
3220 3265 3344 3325 apte
3370 3257 3726 3326 consequitur
3765 3265 3824 3311 ut
3850 3269 3969 3325 post
4012 3260 4183 3313 chaos
4209 3258 4412 3329 pytho-

2818 3362 2945 3397 num
2974 3355 3137 3413 atque
3180 3362 3483 3415 magorum,
3522 3347 3667 3414 quod
3698 3356 3777 3400 est
3833 3347 4118 3401 tenebrosa
4150 3348 4421 3404 calliditas

2814 3434 3220 3499 lucreticorum,
3253 3443 3451 3502 praesto
3482 3435 3702 3490 veniant
3749 3436 3800 3488 in
3832 3426 4137 3505 Dihongad,
4178 3438 4323 3507 quod
4351 3437 4427 3494 si-

2812 3522 3069 3589 gniﬁcare
3123 3524 3320 3578 dicitur
3366 3526 3630 3594 apiarium
3682 3527 4049 3579 teutationum.
4090 3528 4234 3597 Apes
4265 3530 4415 3585 enim

2810 3626 2906 3665 ore
2945 3612 3101 3665 mella
3133 3611 3334 3676 ferunt,
3369 3616 3464 3667 sed
3497 3613 3701 3668 aculeis
3740 3626 4022 3684 pungunt;
4057 3616 4135 3670 sic
4167 3627 4221 3670 et
4245 3617 4419 3673 luere-

2815 3703 2903 3756 tici
2922 3703 3101 3757 verbis
3114 3702 3335 3772 quidem
3354 3703 3640 3759 manifeste
3664 3704 4028 3759 blandimenta
4050 3710 4419 3774 prtetendunt,

2812 3793 2905 3846 sed
2938 3794 3094 3861 quasi
3120 3781 3242 3862 post
3272 3810 3329 3848 se
3355 3795 3563 3849 erroris
3608 3796 3833 3849 aculeos
3876 3806 4193 3865 contegunt.
4232 3797 4421 3856 Primo

2812 3884 3081 3937 distillant
3130 3900 3227 3938 ore
3259 3885 3627 3951 dulcedinem,
3654 3888 3749 3940 sed
3785 3890 4129 3956 postmodum
4159 3900 4425 3961 Spargunt

2814 3974 3077 4025 ai-uleatte
3100 3973 3355 4028 falsitatis
3386 3990 3655 4030 errorem.
3697 3974 3849 4029 Unde
3878 3976 4147 4046 Proiihetu
4175 3994 4419 4050 conque-

2815 4063 2971 4121 ritur,
3022 4063 3251 4116 diceusi:
3306 4082 3321 4113 ‹
3363 4065 3857 4118 Circutmlederunt
3902 4082 3985 4119 me
4016 4067 4159 4120 sicut
4187 4084 4335 4136 apes,
4364 4079 4423 4125 et

2814 4162 3143 4207 exarserunt
3182 4153 3323 4207 sicut
3351 4154 3490 4223 ignis
3518 4156 3571 4208 in
3604 4156 3777 4224 spinis
3812 4155 3989 4223 (Psul.
4020 4156 4211 4227 cxvn}.
4249 4178 4267 4208 ι

2889 4244 3048 4313 150
3096 4245 3222 4298 Inde
3274 4245 3502 4314 profecti
3556 4258 3680 4301 Sunt
3732 4248 3782 4299 in
3827 4247 4417 4316 lli-lmoudehlathaim,

2810 4338 2956 4404 quod
3012 4338 3241 4390 vertitur
3290 4338 3344 4390 in
3386 4349 3738 4407 contemptmn
3789 4338 4127 4407 palatorum,
4190 4342 4294 4396 hoc
4336 4352 4421 4398 est

2814 4430 3035 4494 ﬁeuum,
3078 4428 3193 4483 sive
3222 4440 3549 4499 contemptus
3578 4430 3868 4499 appr-ebrii.
3910 4431 4075 4485 Ficus
4112 4440 4297 4487 autem
4324 4436 4421 4489 (ιο-

2812 4521 3031 4575 liciosus
3084 4530 3169 4576 est
3226 4520 3468 4585 fructus;
3503 4538 3597 4591 per
3624 4525 3767 4591 quod
3804 4523 4131 4591 intelligitur
4161 4540 4411 4583 necessa-

2812 4616 2956 4667 rium
2982 4629 3103 4668 csse
3124 4624 3179 4666 ut
3202 4616 3293 4683 qui
3314 4614 3425 4682 jatn
3444 4615 3599 4668 donis
3617 4616 3930 4669 cmlcstihus
3948 4619 4413 4689 appr-epiuquant,

2814 4717 3005 4760 euucta
3041 4709 3277 4761 carnalis
3325 4708 3592 4762 illecebras
3634 4708 4004 4762 blandimenta
4037 4719 4411 4767 contemnant.

2814 4800 2969 4866 Quod
2997 4800 3039 4852 si
3074 4809 3420 4867 contemptus
3450 4800 3729 4867 opprobrii
3762 4800 3934 4868 magis
3963 4786 4296 4865 admittitur,
4316 4815 4415 4872 per

2814 4890 2917 4945 hoc
2941 4892 3050 4960 jam
3099 4890 3414 4944 dubitanter
3456 4889 3782 4943 instrnimur
3816 4900 3893 4955 ut,
3920 4890 3963 4944 si
3997 4891 4216 4960 quando
4244 4892 4415 4948 haere-

2814 4980 3044 5035 ticorum
3101 4981 3181 5034 vel
3236 4980 3597 5049 reproborum
3656 4982 4029 5047 quorumlibet
4086 4982 4415 5038 dehonesta-

2811 5089 2933 5129 mur
2960 5073 3194 5139 injuriis,
3222 5088 3326 5125 non
3354 5072 3655 5125 turbentur.
3684 5071 3786 5124 Per
3807 5075 3951 5139 quod
3978 5071 4413 5128 scilicetutrum-

2810 5179 2916 5235 que
2944 5165 3237 5216 salubriter
3281 5164 3595 5226 cdocemur,
3626 5173 3681 5215 ut
3709 5175 3815 5216 nos
3848 5178 3950 5216 nec
3985 5162 4257 5215 inhonesti
4280 5177 4415 5218 cono

2811 5265 3050 5325 temptus
3076 5255 3258 5308 irrisio
3288 5264 3524 5317 moveat,
3561 5270 3659 5307 nec
3702 5254 3808 5307 ulla
3846 5264 4077 5309 terrena:
4110 5254 4413 5311 dulcedinis

2809 5347 3210 5401 oblectamenta
3241 5347 3547 5409 resolvant;
3576 5356 3845 5415 quatenus
3870 5347 3937 5402 de
3961 5348 4061 5400 hoc
4088 5349 4288 5402 mundo
4315 5361 4411 5401 va-
4482 5340 4489 5345 ’

2809 5458 3017 5511 [eamus
3049 5443 3230 5497 dicere
3254 5458 3377 5497 cum
3410 5442 3679 5512 Propheta
3714 5460 3726 5495 :
3762 5463 3778 5493 ι
3811 5442 3967 5496 Sicut
4001 5442 4241 5496 tenebrae
4267 5443 4407 5513 ejus,

2813 5536 2881 5589 ita
2914 5547 2967 5589 et
3000 5536 3181 5589 lumen
3211 5537 3327 5605 ejus
3357 5533 3533 5606 (Psal.
3557 5538 3847 5605 cxxxvm).
3886 5553 3904 5585 ι

2879 5630 3007 5682 lude
3037 5628 3399 5696 commigrant
3431 5627 3498 5681 ad
3529 5636 3742 5679 montes
3771 5625 3994 5681 Abarim
4018 5634 4210 5680 contra
4235 5624 4407 5681 Nubo.

2806 5722 3059 5783 Aharim,
3121 5722 3408 5783 transitus,
3460 5718 3611 5773 Nabo
3662 5717 3925 5771 abscessio
3977 5718 4409 5785 interpretatur;

2807 5812 2897 5865 ubi
2932 5812 3148 5867 scilicet
3172 5813 3351 5867 anima
3384 5811 3541 5881 quasi
3571 5826 3668 5881 per
3693 5824 3887 5865 omnes
3930 5809 4145 5863 itineris
4174 5810 4412 5862 mansio-

2810 5918 2929 5971 nes,
2966 5903 3036 5957 ita
3068 5917 3164 5975 per
3221 5912 3449 5958 cunctas
3480 5900 3640 5957 fuerit
3676 5915 3967 5973 progressa
3999 5900 4258 5965 virtutes,
4284 5898 4411 5969 quia
