5904 6608
1516 404 1652 460 I067

2104 508 2329 563 CAPUT
2385 507 2510 562 VIII.

1513 624 1580 676 In
1613 619 1830 690 epistola
1856 617 1924 693 ad
1951 615 2445 693 Bonifaciumpqutu
2467 624 2542 693 est
2581 613 2651 691 ιίε⁵
2673 626 2732 664 eo
2763 608 3087 693 guod‘exte-

1591 680 1720 745 fieri
1765 687 2052 759 prudentiae
2091 680 2382 753 spiritualis
2430 683 2686 752 sapientia
2745 680 2924 733 debeat
2954 693 3090 746 prae-

1587 760 1734 829 ferri.

1588 892 1608 924 ι
1653 871 1710 926 Si
1741 869 1989 924 habuerit
2017 868 2180 921 homo
2214 879 2413 919 uxores
2438 863 2600 926 duas,
2632 876 2792 915 unam
2836 858 3089 913 dilectam

1514 973 1568 1019 et
1591 964 1815 1018 alteram
1846 961 2108 1016 odiosam.
2147 957 2500 1026 genueritque
2547 970 2611 1008 ex
2643 953 2722 1006 eis
2772 949 2997 1007 liberos.
3039 955 3094 1001 et

1511 1054 1679 1108 fuerit
1721 1049 1860 1104 filius
1897 1051 2096 1102 odiosa
2140 1046 2554 1116 primogenitus,
2582 1041 2922 1107 volueritque
2967 1037 3094 1090 sub-

1512 1143 1770 1198 stantiam
1801 1141 1943 1193 inter
1969 1138 2105 1191 ﬁlios
2141 1137 2400 1198 dividere,
2435 1148 2538 1185 non
2586 1131 2741 1202 155
2775 1129 2972 1199 poterit
3025 1127 3088 1179 fi-

1516 1232 1646 1286 lium
1681 1229 1889 1283 dilecta:
1921 1226 2099 1280 facere
2137 1223 2552 1292 primogenitum
2602 1232 2653 1274 et
2681 1218 2937 1287 pta-ferre
2982 1216 3094 1269 filio

1513 1321 1746 1383 odiosae,
1777 1318 1871 1370 sed
1907 1316 2074 1368 tilium
2117 1314 2318 1368 odioste
2349 1319 2606 1382 agnoscet
2650 1307 3090 1377 primogenitum,

1513 1412 1768 1479 dabitque
1789 1410 1836 1463 ei
1859 1408 1925 1461 de
1944 1408 2028 1461 his
2051 1422 2170 1475 qua:
2197 1405 2445 1459 habuerit
2477 1411 2665 1455 cuncta
2692 1399 2921 1468 duplicia
2945 1414 2958 1458 ;
2988 1397 3090 1450 iste

1514 1510 1601 1555 est
1631 1501 1773 1553 enim
1819 1497 2141 1568 principium
2191 1495 2481 1549 liberorum
2509 1493 2625 1561 ejus
2651 1501 2703 1544 et
2735 1493 2860 1542 huic
2892 1490 3092 1542 deben-

1508 1589 1988 1662 turiprimogenita
2029 1586 2205 1655 (Deut.
2236 1586 2370 1650 ιιι).
2415 1604 2434 1634 ι
2481 1584 2606 1635 Duae
2654 1581 2857 1635 scilicet
2912 1577 3088 1632 homi-

1513 1683 1599 1736 nis
1646 1695 1840 1733 uxores
1887 1686 2034 1742 sunt,
2067 1677 2240 1728 virtus
2268 1685 2320 1726 et
2350 1673 2598 1742 voluptas
2620 1712 2633 1735 ,
2664 1671 2850 1722 livoris
2898 1678 2952 1722 et
2980 1668 3086 1722 odii

1512 1775 1654 1828 inter
1685 1788 1741 1822 se
1772 1771 1997 1823 invicem
2022 1768 2163 1821 velut
2192 1765 2420 1834 quadam
2447 1763 2706 1830 zelutypia
2728 1760 3084 1822 dissidentes;

2417 393 2910 454 COLLECTANEA
2953 391 3019 447 IN
3057 391 3289 449 VI'ITL'S
3325 391 3863 449 TESTAMENTUM.

3119 513 3165 570 Α
3195 503 3430 572 aliquam
3465 503 3785 567 foeditatem,
3814 501 4018 557 scribat
4041 499 4272 556 libellum
4317 503 4558 572 repudii,
4592 512 4648 557 et
4681 504 4777 557 daq

4640 392 4665 444 1
4679 391 4778 444 058

3195 593 3274 646 bit
3328 593 3381 646 in
3438 609 3601 646 manu
3653 592 3771 660 ejus
3824 601 3878 646 et
3927 591 4164 646 dimittet
4210 607 4329 646 eam
4365 593 4432 647 de
4463 592 4630 647 domo
4678 606 4770 647 sua

3193 682 3372 753 (Deut.
3401 683 3573 750 xxw).
3617 700 3636 733 ι
3667 682 3792 736 Haec
3819 681 3980 753 igitur
4014 696 4150 734 uxor
4177 693 4380 743 nostra,
4406 681 4645 735 carnalis
4672 683 4772 735 sci-

3193 771 3323 829 licet
3349 775 3478 837 vitn,
3503 773 3708 826 utinam
3741 775 3794 827 in
3822 771 3992 826 oculis
4015 772 4214 826 nostris
4237 772 4462 842 gratiam
4487 787 4766 840 nunquam

3193 878 3422 933 prorsus
3479 863 3755 928 inveniat,
3809 862 3900 918 sed
3957 864 4073 932 ejus
4128 863 4496 918 abominabilis
4548 862 4765 917 fceditas

3193 953 3453 1006 mentium
3487 961 3793 1006 nostrarum
3839 967 4020 1015 nares,
4070 960 4128 1006 ut
4163 955 4376 1022 dignum
4417 961 4516 1017 est,
4548 966 4765 1022 semper

3193 1041 3450 1096 oﬂemlat.
3483 1042 3632 1108 Qua),
3666 1042 3844 1098 libello
3875 1043 4076 1112 repudii
4120 1058 4214 1111 per
4240 1033 4763 1112 legem'ptenitentiae

3194 1130 3356 1185 semel
3382 1142 3624 1199 accepto,
3650 1134 3728 1184 sic
3749 1148 3776 1184 a
3809 1131 4062 1185 connubii
4090 1131 4254 1185 nostri
4285 1131 4547 1184 liminibus
4575 1131 4763 1186 exclu-

3194 1220 3354 1273 datur
3383 1231 3440 1273 ut
3465 1221 3517 1274 in
3545 1220 3704 1291 156
3727 1231 3941 1275 nostros
3963 1222 4137 1276 denuo
4173 1237 4276 1275 non
4321 1230 4617 1276 revertatur
4650 1238 4759 1277 am-

3194 1312 3408 1379 plexus.
3441 1311 3590 1365 Unde
3622 1323 3674 1365 et
3721 1314 3800 1366 vir
3837 1314 4050 1381 sapiens
4088 1315 4163 1368 ait
4198 1331 4211 1367 :
4265 1333 4282 1365 ι
4329 1314 4520 1367 Averte
4562 1313 4756 1369 faciem

3195 1408 3342 1452 tuam
3371 1417 3399 1453 a
3438 1401 3663 1455 muliere
3691 1412 3902 1472 compta
3921 1443 3934 1463 .
3961 1413 4012 1456 et
4041 1418 4144 1456 non
4193 1403 4587 1472 circumspicias
4639 1419 4757 1473 spe-

3193 1489 3330 1542 ciem
3356 1490 3584 1543 alienam
3615 1488 3806 1558 (Eccli.
3840 1493 3954 1559 ix);
3981 1510 3999 1542 ι
4035 1507 4153 1560 qua:
4192 1495 4436 1561 quoniam
4461 1493 4636 1547 aliena
4676 1493 4753 1546 di-

3193 1581 3354 1639 citur,
3388 1581 3582 1634 merito
3610 1595 3733 1633 eum
3764 1581 3906 1651 Agar
3928 1622 3941 1643 ,
3981 1597 4086 1635 non
4123 1598 4257 1636 uxor
4280 1623 4293 1646 ,
4324 1584 4413 1637 sed
4461 1583 4753 1637 concubina

3194 1671 3529 1740 intelligitur.
3575 1672 3718 1739 Agar
3745 1672 3888 1726 enim
3932 1672 4221 1742 peregrina,
4262 1674 4341 1726 vel
4380 1673 4551 1726 accola
4583 1674 4754 1728 inter-

3192 1772 3454 1830 pretatur.
3489 1763 3550 1815 Et
3584 1765 3708 1830 quia
3743 1778 3839 1832 per
3867 1764 4209 1819 Salomonem
4255 1767 4362 1820 haec
4410 1765 4591 1820 cadem
4649 1767 4748 1819 im-

1511 1875 1569 1918 et
1598 1861 1840 1928 voluptas
1869 1860 2085 1926 quidem
2112 1858 2175 1908 ad
2201 1856 2337 1907 hanc
2368 1855 2562 1914 vitam,
2603 1853 2774 1902 virtus
2812 1850 2877 1902 ad
2927 1859 3090 1903 acter—
3123 1849 3166 1906 B
3195 1852 3384 1920 pudica
3419 1854 3613 1906 mulier
3635 1854 3803 1908 dicit:
3835 1873 3853 1906 t
3887 1856 4102 1922 Aspetsi
4127 1857 4297 1910 cubile
4321 1871 4488 1910 meum
4513 1856 4747 1926 myrrha,

1509 1969 1635 2007 nam
1669 1951 1903 2020 pettinet
1949 1947 2192 2016 gloriam.
2227 1945 2312 1996 Illa
2371 1944 2528 2011 plane
2560 1942 2752 1994 dilecta
2805 1949 2906 2002 est,
2964 1940 3091 2007 quia

1507 2043 1684 2094 virum
1730 2053 1904 2099 suum,
1943 2036 2043 2088 hoc
2091 2043 2170 2086 est
2203 2031 2444 2100 fragilem
2493 2031 2753 2098 cujusque
2809 2028 3087 2095 spiritum,

1509 2130 1821 2186 malesuada
1848 2127 2184 2196 jucunditate
2230 2123 2524 2182 demulcet;
2579 2123 2678 2173 ista
2712 2135 2840 2172 vero
2894 2117 3091 2172 dicitur

1507 2219 1865 2286 odiosa,quia
1910 2232 2001 2284 per
2034 2224 2235 2267 arctam
2283 2221 2336 2264 et
2390 2220 2674 2276 angustam
2727 2209 2866 2263 viaui
2917 2207 3092 2262 homi-

1508 2322 1606 2362 nes
1633 2309 1709 2359 ire
1739 2305 2018 2359 constituit
2049 2311 2102 2354 et
2132 2315 2321 2368 aspera
2371 2313 2585 2364 semper
2625 2312 2686 2349 ac
2731 2297 2862 2349 dura
2893 2309 3090 2364 propo-

1513 2397 1629 2448 uit;
1667 2395 1756 2446 sed
1783 2393 1923 2444 filius
1954 2392 2151 2443 odiosae
2198 2388 2351 2441 nobis
2390 2385 2781 2454 pritnogenitus
2810 2394 2911 2446 est,
2963 2383 3088 2452 quia

1507 2485 1764 2536 virtutem
1798 2481 2055 2533 Conditor
2089 2488 2270 2530 noster
2301 2477 2456 2528 nobis
2494 2473 2832 2540 originaliter
2857 2470 3082 2533 indidit;

1504 2575 1752 2640 voluptas
1775 2581 1950 2623 autent
1976 2580 2026 2622 ct
2055 2567 2303 2636 qttmlibet
2325 2564 2560 2618 carnalis
2585 2562 2834 2614 illecehra
2864 2576 2930 2614 ex
2958 2560 3090 2614 vitio

1507 2675 1706 2721 nostra:
1741 2662 2023 2731 pravitatis
2054 2659 2293 2709 emersit.
2345 2656 2448 2706 Sed
2485 2655 2611 2721 quia
2662 2669 2767 2704 non
2800 2663 2882 2704 est
2930 2651 3088 2704 istius

1503 2753 1767 2820 temporis
1798 2766 1891 2818 per
1922 2747 2131 2815 singula
2159 2746 2317 2797 verba
2378 2742 2532 2809 hujus
2571 2741 2822 2809 praecepti
2860 2741 3086 2809 figuram

1500 2844 1853 2898 enucleauter
1881 2849 2173 2905 exponere,
2206 2833 2434 2886 sulliciat
2468 2832 2568 2883 hoc
2601 2832 2664 2880 ad
2705 2827 3086 2896 compendium

1504 2934 1688 2988 dicere
1720 2939 1796 2991 ut,
1830 2929 2002 2980 sinon
2041 2938 2325 2992 pessumus
2349 2977 2354 2981 ,
2378 2921 2626 2974 dilectam
2674 2932 2922 2979 uxorem,
2969 2931 3088 2985 qua:

1505 3023 1664 3078 nobis
1688 3019 1872 3089 procul
1905 3017 2067 3070 dubio
2104 3031 2262 3068 noxia
2294 3021 2376 3065 est
2401 3050 2416 3074 ,
2445 3028 2472 3062 a
2500 3009 2722 3062 thalami
2778 3007 2950 3059 nostri
3001 3021 3088 3060 so-

1500 3115 1700 3168 cietate
1733 3109 2009 3178 repellere,
2041 3107 2352 3159 studeatnus
2374 3101 2564 3153 saltem
2605 3114 2723 3166 qua:
2770 3099 2952 3149 sobria
3001 3105 3087 3150 est

3193 1949 3247 1994 et
3291 1940 3409 1992 aloe
3438 1950 3491 1992 et
3539 1941 3883 1995 cinnamomo
3935 1939 4119 2011 (Prov.
4165 1947 4293 2010 vn);
4349 1963 4366 1994 ι
4398 1944 4582 1996 merito
4629 1958 4747 1996 cum

3193 2027 3359 2082 altera
3384 2029 3697 2084 concubina
3727 2031 3960 2085 Abrahae
3981 2033 4180 2101 poterit
4207 2032 4521 2100 comparari.
4558 2029 4744 2085 Cethu—

3193 2132 3251 2170 ra
3287 2118 3556 2186 siquidem
3582 2118 3781 2172 dicitur
3807 2119 4090 2186 odorifero.
4128 2118 4243 2172 Vita
4290 2121 4478 2188 quippe
4521 2118 4746 2172 carnalis

3193 2207 3361 2275 spirat
3389 2207 3738 2261 odoramenta
3781 2208 4068 2262 mendacii.
4105 2208 4253 2263 Unde
4285 2218 4337 2262 et
4372 2209 4424 2260 in
4451 2207 4746 2261 Proverbiis

3194 2295 3394 2349 dicitur
3429 2313 3440 2348 :
3476 2316 3493 2346 ι
3528 2295 3750 2350 Custodi
3782 2306 3833 2350 te
3875 2312 3904 2350 a
3931 2297 4153 2350 muliere
4202 2296 4334 2350 tuala
4389 2307 4440 2350 et
4485 2314 4513 2348 a
4561 2295 4745 2349 blanda

3191 2385 3372 2454 lingua
3415 2396 3720 2449 extranea};
3755 2403 3860 2439 non
3901 2389 4247 2456 concupiscat
4304 2387 4742 2455 pulchritudinem

3189 2476 3302 2542 ejus
3334 2492 3429 2550 cor
3461 2489 3609 2530 tuum
3637 2475 3819 2547 (Prov.
3852 2478 3947 2546 vt).
3979 2497 3997 2528 ι
4028 2458 4162 2532 Hmc‘
4177 2479 4316 2532 enim
4342 2478 4523 2532 blanda
4548 2478 4740 2541 lingua,

3190 2566 3442 2619 videlicet
3495 2567 3732 2621 carnalis
3798 2569 3948 2628 vitae.
4007 2571 4231 2625 miseros
4279 2571 4516 2625 homines
4568 2572 4742 2625 dcere

3190 2659 3515 2722 persuadet:
3559 2676 3576 2707 ε
3622 2658 3831 2723 Venite,
3861 2660 4205 2728 perfruantur
4245 2659 4394 2714 bonis
4432 2676 4546 2728 quae
4597 2669 4734 2723 sunt,

3188 2757 3239 2800 et
3267 2760 3483 2801 utamur
3518 2759 3766 2802 creatura
3801 2759 4054 2818 tanquam
4101 2752 4152 2803 in
4175 2751 4445 2819 juventute
4472 2750 4734 2808 celet-iter;

3189 2837 3315 2888 vino
3345 2836 3582 2903 pretioso
3611 2843 3664 2889 et
3699 2848 3974 2905 unguento
4017 2852 4115 2890 nos
4159 2838 4464 2908 impleamus
4488 2879 4500 2903 ,
4534 2849 4588 2891 ct
4634 2855 4733 2891 non

3188 2935 3473 2992 praetereat
3518 2942 3616 2980 nos
3657 2925 3756 2983 flos
3787 2930 4069 2994 temporis,
4129 2947 4147 2979 ι
4201 2939 4302 2982 etc.
4350 2928 4495 2998 (Sap.
4540 2930 4616 2996 tt).
4671 2931 4736 2981 At

3188 3026 3375 3069 contra
3417 3017 3484 3069 de
3535 3017 3780 3081 muliere,
3814 3033 3932 3086 quae
3995 3020 4293 3089 religiosam
4343 3021 4510 3087 signat
4557 3022 4731 3079 vitam,

3187 3107 3450 3175 scriptum
3476 3116 3558 3160 est
3594 3126 3606 3160 :
3649 3127 3666 3158 ι
3707 3108 3945 3163 Mulieris
3977 3109 4129 3164 home
4163 3111 4346 3165 beatus
4373 3113 4471 3174 vir,
4492 3127 4686 3165 numen
4710 3127 4732 3165 s

1499 3213 1558 3260 et
1589 3204 1813 3256 honesta
1849 3199 1900 3250 in
1949 3195 2288 3265 primogeniti
2333 3193 2595 3261 dignitate
2627 3189 2900 3257 pta-ferre,
2943 3201 3078 3255 qua-
3109 3195 3152 3256 C
3185 3198 3326 3250 enim
3356 3212 3624 3252 asinorum
3655 3199 3800 3254 illius
3830 3201 4054 3268 duplex;
4094 3203 4287 3257 mulier
4331 3202 4478 3256 fortis
4503 3203 4731 3256 oblectat

1502 3307 1661 3349 tenus
1696 3292 1739 3345 si
1764 3291 1920 3344 nobis
1950 3288 2168 3339 diflicile
2194 3294 2277 3338 est
2318 3282 2845 3352 quantulumcunque
2883 3279 3078 3334 saltem

1500 3387 1665 3451 hujus
1705 3384 1829 3436 vita:
1857 3380 2194 3432 dulcedinem
2227 3392 2333 3428 non
2367 3375 2586 3434 sentire,
2619 3380 2952 3443 praerogetur
2999 3379 3080 3424 ta-

1499 3492 1624 3532 men
1671 3473 1892 3529 dominii
1954 3470 2132 3539 palma
2181 3466 2390 3529 virtuti,
2450 3465 2787 3532 relinquatur
2841 3463 3077 3517 servitus

1499 3565 1794 3632 voluptati;
1830 3563 1970 3615 illius
2003 3560 2144 3612 filius
2168 3558 2221 3611 in
2251 3555 2595 3626 primogenili
2637 3555 2895 3623 dignitate
2941 3569 3082 3622 prte-

1500 3656 1682 3715 cellat,
1715 3654 1867 3707 istius
1917 3661 2094 3704 autem
2145 3648 2283 3700 filius
2327 3647 2378 3699 in
2424 3644 2740 3713 subsequola
2792 3643 2998 3698 ordinis
3025 3652 3080 3699 et

1500 3747 1602 3801 sub
1632 3743 1930 3811 disciplina
1961 3755 2173 3807 semper
2205 3737 2568 3791 refl-citatione
2609 3737 2952 3804 supersistat.
2985 3735 3078 3791 Vis

1497 3837 1747 3892 fortassis
1797 3834 2076 3888 addiscere
2135 3831 2224 3897 qui
2281 3829 2466 3881 uxoris
2516 3828 2733 3881 dilecta:
2780 3837 2904 3880 sunt
2946 3827 3078 3882 fllii?

1497 3927 1701 3981 Paulus
1757 3923 2064 3989 inquiratur
2111 3918 2398 3987 Apostolus
2447 3935 2458 3968 :
2519 3933 2536 3966 t
2598 3915 2879 3968 Manifesta
2932 3923 3074 3977 sunt,

1497 4017 1701 4086 inquit,
1726 4027 1889 4084 Opera
1943 4010 2142 4072 carnis,
2174 4023 2291 4076 qua:
2321 4015 2442 4062 sunt
2496 4008 2799 4070 fornicatio,
2847 4007 3080 4060 immun-

1497 4108 1653 4169 ditia,
1685 4102 1917 4160 luxuria,
1949 4097 2211 4152 idolorum
2263 4098 2530 4160 servitus,
2574 4095 2856 4156 veneficia,
2904 4093 3080 4147 inimi-

1495 4197 1661 4256 citiae,
1709 4189 2114 4251 contentiones,
2165 4185 2560 4246 simulationes,
2603 4185 2715 4249 irae,
2770 4185 2918 4247 rixa,
2972 4183 3079 4238 dis-

1499 4285 1809 4343 sensiones,
1867 4288 2046 4342 secta},
2105 4276 2339 4338 invidiae,
2394 4275 2710 4334 homicidia,
2765 4275 3074 4337 ebrietates,

1497 4370 1920 4431 comessationes
1947 4376 2001 4421 et
2032 4365 2114 4418 his
2155 4364 2373 4426 similia,
2421 4378 2539 4431 quae
2601 4363 2836 4431 praedico
2897 4363 3073 4426 vobis,

1499 4467 1644 4521 sicut
1668 4459 1892 4530 praedixi
1924 4474 1937 4511 :
1969 4456 2222 4525 quoniam
2259 4456 2347 4523 qui
2383 4455 2505 4506 talia
2531 4462 2695 4522 agunt
2724 4467 2947 4516 regnum
2981 4453 3071 4506 Dei

1498 4569 1607 4608 non
1635 4555 2031 4617 consequentur
2070 4543 2212 4610 (Gal.
2244 4543 2318 4610 v).
2367 4562 2385 4593 ι
2422 4542 2514 4594 Vis
2545 4543 2689 4594 enim
2733 4557 3069 4609 consequen-
3105 4531 3150 4590 D

1499 4654 1582 4698 ter
1611 4639 1798 4694 audire
1825 4652 1945 4706 quae
1990 4635 2062 4688 sit
2106 4633 2319 4688 soboles
2367 4633 2602 4686 odiosaz?
2649 4631 2893 4686 ausculta
2930 4633 3072 4700 quod

1497 4729 1738 4785 subdidit
1775 4745 1788 4779 :
1830 4745 1847 4775 ‹
1889 4723 2117 4778 Fructus
2168 4729 2348 4774 autem
2403 4720 2634 4789 Spiritus
2681 4729 2763 4774 est
2811 4721 3070 4786 cbaritas,

1497 4819 1773 4887 gaudium,
1797 4830 1922 4884 pax,
1953 4812 2231 4882 patientia,
2262 4811 2582 4880 benignitas,
2613 4811 2844 4875 bonitas,
2882 4811 3069 4880 longa-

1498 4909 1732 4970 nimitas,
1786 4903 2162 4966 mansuetudo,
2201 4901 2362 4963 fides,
2395 4903 2680 4965 modestia,
2715 4903 3072 4968 continentia,

1496 5000 1720 5054 castitas
1750 4995 1955 5065 (καλώ).
1991 5014 2008 5046 ι
2044 4993 2141 5047 Hic
2177 5008 2304 5062 ergo
2338 4992 2479 5046 filius
2511 5003 2761 5062 tanquam
2805 4995 3074 5063 primoge-

1496 5091 1640 5144 nitus
1665 5088 1894 5157 duplicia
1930 5087 2087 5140 debet
2127 5085 2324 5139 habere
2354 5085 2688 5146 substantia},
2731 5083 2980 5139 videlicet
3012 5091 3071 5143 ut

1494 5181 1704 5233 fructus
1739 5177 1970 5244 Spiritus
2000 5189 2195 5240 corpus
2232 5175 2388 5228 simul
2428 5183 2484 5229 et
2509 5175 2744 5227 animam
2798 5183 2946 5244 regat
2992 5184 3073 5228 at—

1493 5284 1598 5334 que
1623 5267 1901 5332 utriusque
1928 5262 2267 5325 Substantize,
2297 5263 2568 5317 interioris
2590 5262 2821 5328 scilicet,
2843 5271 2898 5318 et
2922 5271 3072 5318 exte-

1495 5357 1655 5411 rioris
1680 5357 1912 5412 hominis
1934 5354 2056 5423 jura
2090 5353 2379 5423 possideat.

2109 5467 2337 5523 CAPUT
2377 5467 2469 5522 IX.

1757 5565 1825 5618 In
1856 5565 2073 5634 epistto'a
2099 5565 2167 5617 ad
2192 5563 2430 5617 Cincium
2469 5563 2791 5632 prtefectum.

1567 5676 1586 5708 ι
1625 5656 1680 5710 Si
1715 5657 1980 5725 acceperit
2031 5655 2193 5710 homo
2249 5669 2498 5719 uxorem,
2543 5664 2598 5708 et
2652 5654 2901 5709 habuerit
2949 5669 3068 5706 eam

1494 5758 1546 5800 et
1585 5764 1688 5800 non
1720 5748 1984 5801 iuvenci-it
2035 5746 2261 5816 gratiam
2291 5754 2420 5801 ante
2447 5743 2633 5802 oculos
2674 5744 2810 5814 ejus,
2849 5755 3071 5815 prepter

3183 3291 3356 3340 virum
3394 3298 3636 3346 summat
3673 3305 3844 3344 annos
3888 3293 4011 3345 vitae
4039 3292 4178 3347 illius
4227 3294 4278 3346 itt
4326 3307 4454 3362 pace
4500 3293 4728 3361 implebit

3185 3375 3373 3445 (Ecrli.
3405 3380 3572 3448 aut).
3612 3397 3631 3430 ι
3664 3379 3942 3444 Quomodo
3963 3391 4042 3435 est
4067 3397 4318 3438 numerus
4356 3397 4601 3437 annorum
4631 3385 4724 3437 lto-

3182 3467 3345 3523 minis
3375 3467 3594 3537 duplex,
3618 3471 3720 3523 nisi
3747 3472 3870 3538 quia
3906 3483 3961 3526 et
3988 3472 4073 3525 hic
4103 3473 4229 3526 vivit
4255 3474 4304 3526 iit
4341 3473 4724 3528 conversatione

3181 3570 3370 3612 sancta
3411 3570 3464 3613 et
3497 3559 3608 3612 illic
3638 3571 3717 3613 est
3749 3561 3989 3614 victurus
4011 3561 4061 3614 in
4089 3562 4290 3631 gloria?
4314 3561 4401 3615 Hie
4431 3560 4581 3629 plane
4615 3561 4722 3613 dua:

3180 3646 3331 3709 vitae,
3360 3647 3656 3716 spiritttalis
3682 3649 3887 3704 scilicet
3911 3661 4074 3718 atque
4114 3651 4369 3716 carnalis,
4401 3650 4618 3719 quadam
4647 3648 4720 3702 itt-

3182 3746 3264 3792 ter
3291 3753 3347 3793 se
3375 3741 3600 3795 invicem
3628 3744 3784 3810 quasi
3809 3742 4071 3822 y'lotypia
4096 3744 4350 3802 dissident
4389 3754 4440 3823 et
4465 3744 4529 3799 ad
4558 3744 4720 3797 diver-

3180 3843 3300 3882 sum
3323 3831 3539 3887 vivendi
3571 3833 3730 3886 linem
3758 3834 3921 3887 corda
3953 3835 4224 3888 hominum
4250 3836 4478 3889 trahunt.
4521 3833 4618 3887 Ista
4652 3834 4716 3888 sic

3181 3921 3402 3988 quidem
3427 3923 3644 3976 cohibet
3668 3925 3803 3992 gula:
3827 3925 4177 3992 pruriginem.
4208 3941 4273 3978 ne
4303 3924 4506 3979 modum
4537 3924 4718 3978 sobrie

3183 4009 3494 4064 refectionis
3523 4012 3778 4076 excedat;
3813 4013 3900 4064 illa
3940 4021 4156 4067 ventres
4202 4012 4483 4083 ingurgitat
4529 4021 4583 4064 et
4631 4025 4720 4080 per

3183 4098 3536 4153 immoderata
3597 4100 3837 4156 ciborum
3889 4100 4278 4157 oblectamenta
4337 4101 4547 4156 relant.
4620 4099 4715 4155 Ista

3181 4189 3432 4254 suspiriis
3484 4204 3548 4243 ac
3599 4191 3886 4259 gemitibus
3933 4191 4200 4260 pascitur;
4243 4190 4325 4244 illa
4357 4189 4620 4244 cachinnis
4663 4199 4713 4243 et

3183 4277 3379 4348 ineptis
3401 4278 3605 4333 lusibus
3635 4280 3949 4335 delectatur.
3991 4281 4093 4335 Ista
4125 4296 4332 4336 sursum
4359 4281 4588 4347 spiritum
4615 4279 4683 4332 eri

3178 4367 3257 4436 git
3284 4377 3336 4422 et
3361 4368 3416 4422 in
3440 4367 3678 4424 caelestis
3707 4370 3956 4424 desiderii
3981 4385 4104 4425 arce
4140 4369 4436 4440 suspendit;
4466 4369 4546 4421 illa
4580 4370 4711 4421 curis

3178 4458 3528 4515 siceularibus
3575 4469 3626 4514 et
3667 4461 3858 4530 opibus
3906 4461 4258 4529 congerendis
4307 4459 4568 4514 incumbit.
4612 4459 4706 4512 Ista

3177 4551 3433 4619 quidquid
3462 4551 4078 4620 injuriarum,quidqutd
4105 4549 4436 4606 adversitatis
4468 4550 4706 4619 ingeritur

3175 4643 3553 4711 acquanimiter
3585 4642 3807 4708 tolerat;
3839 4644 3925 4697 illa
3955 4645 4226 4711 graviores
4245 4643 4418 4711 potius
4443 4640 4705 4694 violentias

3177 4734 3392 4802 accipit,
3415 4734 3613 4803 judicia
3641 4750 3759 4805 quae
3785 4735 4078 4790 tolerentur
4108 4735 4373 4804 importat.

3790 4825 4016 4880 CAPUT
4054 4823 4101 4877 Χ

3453 4913 3520 4967 In
3548 4915 3766 4983 epistola
3790 4916 3859 4968 ad
3889 4914 4101 4968 Petrum
4129 4913 4449 4967 monachum.

3251 5025 3269 5058 ι
3303 5006 3359 5061 Si
3392 5023 3512 5061 eum
3565 5007 3654 5074 qui
3703 5007 3944 5075 peccavit
3987 5006 4194 5076 judices
4237 5005 4445 5074 dignttm
4493 5003 4700 5057 viderint

3173 5102 3361 5170 plagis,
3393 5108 3739 5170 prosternent
3767 5108 3822 5155 et
3843 5113 4023 5154 coram
4061 5113 4118 5153 se
4143 5096 4337 5152 facient
4364 5093 4649 5155 verberari;
4677 5109 4695 5143 ι

3176 5191 3264 5245 ubi
3297 5204 3350 5245 et
3375 5205 3499 5245 mox
3529 5189 3743 5243 additur
3774 5203 3788 5241 :
3824 5207 3840 5240 t
3877 5187 3980 5243 Pro
4006 5202 4249 5242 mensura
4288 5184 4483 5254 peccati
4511 5183 4609 5237 erit
4653 5189 4699 5235 et

3174 5282 3456 5352 plagarum
3487 5281 3712 5346 modus,
3741 5281 3813 5334 ita
3846 5289 3900 5336 ut
3935 5277 4410 5350 quadragenarium
4441 5286 4695 5327 numerum

3177 5374 3440 5427 duntaxat
3487 5386 3591 5425 non
3641 5371 3940 5434 excedant,
3988 5385 4054 5426 ne
4101 5369 4238 5424 foede
4293 5367 4546 5420 laceratus
4594 5370 4695 5414 ante

3173 5465 3357 5520 oculos
3387 5474 3508 5519 tuos
3529 5463 3688 5522 obeat
3715 5462 3885 5517 frater
3929 5471 4051 5516 tuus
4089 5459 4263 5530 (Deut.
4307 5456 4449 5525 xxv).
4497 5474 4515 5507 ι
4567 5451 4692 5520 Quod

3173 5555 3419 5610 videlicet
3452 5554 3526 5609 illi
3557 5553 3751 5624 populo
3792 5552 3960 5624 legale
3985 5556 4304 5622 praeceptum
4344 5545 4493 5600 nobis
4535 5555 4607 5597 est
4639 5539 4693 5593 al-

3171 5650 3388 5720 legoria:
3421 5649 3756 5719 mysterium.
3780 5645 4244 5716 Quadragenarius
4266 5640 4519 5710 siquidem
4542 5648 4692 5688 nume-

3177 5757 3265 5796 rus
3299 5743 3546 5796 humana:
3576 5740 3698 5795 vita:
3729 5738 3997 5811 significat
4027 5749 4259 5794 cursum.
4293 5731 4427 5788 Hinc
4454 5737 4531 5783 est
4573 5723 4690 5797 quod
