5904 6632
1177 444 1326 505 1069

2494 435 2562 490 IN
2602 435 2862 492 LIBRUM
2910 432 3145 491 JOSUE.

4339 427 4483 484 4070

1175 558 1350 619 Israel
1371 558 1530 612 annis
1552 553 1906 624 quadraginta
1929 551 2775 623 graiiturperdesertum(Num.
2808 557 2856 615 Α
2884 558 2944 604 ιιι
2991 564 3111 619 quae
3154 547 3277 602 aliis
3332 544 3542 618 agenda
3594 544 3957 616 praecipimus,
3987 545 4090 617 ipsi
4132 549 4300 604 etiam
4348 548 4490 605 vivis

1176 666 1292 714 le,
1334 646 1533 715 xxx").
1585 643 1724 697 Hinc
1773 643 1984 713 Moyses
2042 641 2247 711 (Exod.
2305 643 2465 711 χχιιι)
2517 651 2573 695 et
2626 642 2772 696 Elias

1177 737 1303 808 (III
1344 737 1471 806 Reg.
1506 734 1648 803 χιι),
1682 734 1904 801 insuper
1925 740 1979 785 et
2001 731 2117 800 ipsc
2144 731 2406 786 Dominus
2427 733 2643 800 (Matth.
2675 733 2769 800 tv),

1177 837 1264 884 tot
1310 827 1500 882 diebus
1548 836 1868 895 protraxere
1910 822 2200 892 jejunium.
2263 822 2364 888 Qui
2416 823 2580 877 etiam
2631 824 2775 876 sicut

1179 919 1334 972 horis
1361 916 1719 985 quadraginta
1756 916 1810 968 in
1859 913 2108 982 sepulcro
2162 923 2408 968 mortuus
2454 915 2645 982 jacuit,
2696 914 2773 968 ita

1183 1008 1536 1062 nihilominus
1566 1015 1687 1076 post
1712 1005 2170 1059 resurrectionem
2199 1008 2352 1058 suam
2403 1004 2592 1058 diebus
2645 1003 2773 1058 toti—

1179 1099 1306 1152 dem
1331 1113 1453 1152 cum
1487 1095 1762 1165 discipulis
1795 1094 1912 1161 fuit,
1939 1105 2207 1163 quatenus
2246 1110 2344 1148 nos
2373 1110 2469 1148 sua
2526 1096 2774 1148 membra

1178 1186 1303 1255 pius
1354 1185 1611 1256 Magister
1657 1184 1902 1248 edoceat,
1942 1193 2000 1238 ut
2049 1200 2144 1254 per
2195 1186 2388 1254 capitis
2453 1186 2622 1238 nostri
2681 1200 2776 1240 ve-

1177 1275 1339 1344 Stigia
1388 1275 1699 1344 gradientes
1739 1282 1794 1329 et
1823 1274 2018 1328 mortui
2071 1275 2272 1327 mundo
2323 1283 2377 1328 et
2426 1275 2574 1327 velut
2620 1289 2777 1344 pere-

1177 1365 1322 1434 grini
1361 1363 1701 1432 hospitemur
1732 1365 1784 1417 in
1832 1364 2051 1418 saeculo.
2086 1363 2308 1434 Mystice
2342 1365 2500 1434 157
2557 1381 2774 1434 quoque

1174 1465 1433 1527 peccator
1463 1456 1516 1508 in
1562 1455 1680 1525 lege
1728 1457 1853 1510 dum
1911 1455 2170 1524 vapulare
2222 1458 2556 1525 praacipitur,
2587 1455 2774 1511 excedi

1174 1546 1644 1616 quadragenarius
1719 1546 2000 1614 plagarum
2081 1561 2342 1601 numerus
2417 1548 2770 1615 prohibetur,

1173 1637 1300 1706 quia
1331 1637 1580 1707 quisquis
1613 1638 1664 1690 in
1695 1637 1795 1690 hac
1823 1639 1930 1691 vita
1962 1637 2261 1708 perfectam
2293 1639 2465 1706 egerit
2497 1640 2773 1708 poeniten-

1177 1729 1332 1796 tiam,
1357 1730 1557 1784 nullam
1581 1730 1930 1799 postmodum
1952 1746 2050 1799 pro
2073 1732 2184 1785 suis
2222 1732 2539 1786 excessibus
2577 1732 2774 1787 sentiet

1175 1833 1421 1889 poenam.

1787 1910 1871 1962 CA
1884 1907 2017 1962 PUT
2054 1908 2146 1962 XI.

1547 2035 1615 2089 In
1646 2053 1880 2090 sermone
1908 2037 1972 2090 de
1997 2036 2059 2093 S.
2093 2038 2397 2093 Anastasio.

1249 2189 1267 2221 ι
1300 2169 1420 2224 Non
1449 2169 1677 2226 habebis
1703 2171 1758 2225 in
1796 2173 2013 2226 sacculo
2050 2173 2262 2228 diversa
2289 2175 2554 2245 pondera,
2594 2175 2770 2248 majus

1171 2267 1228 2312 et
1263 2259 1463 2323 minus,
1507 2275 1606 2314 nec
1642 2259 1747 2313 erit
1796 2261 1849 2314 in
1905 2263 2066 2316 domo
2106 2270 2197 2316 tua
2241 2266 2458 2320 modius
2509 2266 2682 2334 major
2717 2277 2773 2323 et

1172 2349 1367 2403 minor.
1403 2349 1621 2403 Pondus
1651 2351 1878 2404 habebis
1902 2352 2107 2420 justum
2143 2363 2198 2408 et
2235 2369 2448 2421 verum,
2479 2368 2531 2412 et
2558 2359 2771 2414 modius

1170 2445 1395 2514 :equalis
1435 2454 1490 2499 et
1529 2461 1692 2500 verus
1735 2447 1839 2500 erit
1889 2448 1982 2500 tibi
2018 2448 2196 2519 (Deut.
2227 2451 2376 2520 xxv).
2409 2472 2428 2503 ι
2476 2453 2770 2508 Enimvero

1169 2540 1298 2586 tunc
1340 2535 1392 2587 in
1433 2536 1651 2589 sacculo
1701 2536 1915 2591 diversa
1964 2540 2203 2605 pondera
2245 2558 2349 2596 non
2391 2543 2676 2610 habemus,
2723 2545 2770 2600 si

1170 2625 1310 2678 intra
1341 2634 1609 2680 secretum
1644 2628 1994 2682 conscientia:
2027 2641 2244 2696 nostrae,
2287 2648 2392 2687 non
2425 2635 2583 2689 aliter
2611 2637 2769 2690 nobis

1169 2719 1327 2781 atque
1361 2714 1518 2767 aliter
1565 2715 1686 2768 aliis
1722 2714 2052 2783 iudicantes,
2086 2723 2305 2777 easdem
2348 2723 2602 2793 legalium
2630 2742 2766 2794 prte-

1166 2810 1448 2870 ceptorum
1499 2820 1783 2859 mensuras
1834 2811 2210 2878 appendimus,
2266 2813 2524 2868 nimirum
2566 2827 2624 2871 ut
2666 2833 2767 2873 nos

1168 2889 1289 2944 aliis
1326 2893 1564 2962 regulam
1599 2895 1859 2951 districta:
1893 2900 2201 2956 severitatis
2224 2903 2482 2970 indicere,
2517 2918 2765 2962 nosmet-

1166 2982 1314 3051 ipsos
1366 2999 1495 3039 vero
1536 2988 1854 3044 studeamus
1905 2993 2232 3048 remissioris
2269 2995 2617 3068 indulgentiae
2645 3000 2766 3071 lege

1167 3079 1419 3128 tractare.
1457 3076 1530 3129 De
1566 3091 1672 3144 qua
1694 3078 1950 3134 videlicet
1981 3081 2175 3138 fraude
2210 3093 2264 3139 et
2300 3084 2556 3143 Salomon
2585 3090 2716 3145 dicit
2746 3109 2760 3145 :

1169 3180 1191 3212 ι
1224 3163 1572 3221 Abominatio
1606 3177 1690 3223 est
1722 3171 1952 3226 Domino
2001 3176 2208 3241 pondus
2250 3177 2447 3246 duplex
2475 3191 2528 3235 et
2557 3191 2763 3237 statera

2875 639 3136 711 operibus
3173 636 3471 694 emcaciter
3509 636 3850 706 impleamus.

3385 728 3548 799 153
3584 727 3812 783 CAPUT
3852 727 3968 782 xu.

3193 819 3263 875 In
3287 835 3527 875 sermone
3553 819 3617 873 de
3649 818 3712 874 S.
3746 819 4167 876 Bartholomwo.

2948 909 3049 965 Es
3078 910 3372 980 aliquando
3403 910 3611 964 sanctis
3632 924 3937 980 congruere
3976 912 4250 982 reperitur
4271 923 4491 982 aposto-

2876 1001 2964 1067 lis,
2995 1003 3062 1056 de
3091 1001 3289 1071 quibus
3319 1001 3420 1056 sub
3446 1001 3586 1056 Aser
3614 1001 3795 1070 specie
3825 1016 3923 1070 per
3953 1001 4175 1072 Moysen
4207 1005 4264 1058 in
4289 1003 4491 1061 Deute-

2878 1095 3127 1151 rouomio
3181 1094 3430 1150 dicitur:
3474 1112 3494 1145 ι
3532 1094 3762 1148 Ferrum
3811 1103 3868 1149 et
3931 1111 4005 1150 :es
4055 1096 4491 1155 calceamentutn

2877 1187 2994 1256 ejus
3025 1186 3206 1256 (Deut.
3241 1186 3463 1257 χχχιιι).
3497 1205 3517 1238 ι
3548 1185 3991 1242 Calceamentum
4023 1189 4224 1260 quippe
4253 1190 4310 1246 in
4339 1189 4493 1246 Scri-

2876 1289 3033 1350 ptura
3087 1295 3250 1334 sacra
3301 1280 3697 1336 munimentum
3741 1280 4149 1350 prazdicationis
4199 1285 4491 1355 accipitur,

2877 1370 3038 1423 sicut.
3074 1370 3336 1440 scriptum
3387 1378 3472 1425 est
3511 1387 3524 1421 :
3562 1387 3581 1420 ι
3617 1369 3855 1425 Calceati
3897 1373 4064 1442 pedes
4117 1373 4171 1428 in
4226 1375 4494 1445 praedica-

2877 1459 3026 1512 tione
3068 1459 3346 1526 Evangelii
3386 1460 3538 1528 pacis
3579 1459 3797 1530 (Eplies.
3840 1461 3939 1532 vi).
3980 1481 3998 1514 ι
4048 1462 4184 1530 Quia
4225 1480 4358 1536 ergo
4392 1479 4495 1536 per

2877 1550 3084 1605 ferrum
3124 1553 3328 1615 virtus,
3377 1568 3476 1622 per
3515 1567 3588 1606 res
3628 1562 3809 1609 autem
3858 1559 4265 1626 perseverantia
4298 1558 4489 1632 longa-

2879 1639 3149 1694 nimitatis
3174 1641 3521 1709 exprimitur,
3551 1641 3755 1698 ferrum
3794 1655 3848 1698 et
3885 1661 3958 1701 tes
3994 1648 4368 1717 apostolorum
4403 1651 4484 1707 di-

2877 1729 3021 1782 citur
3062 1744 3182 1784 esse
3213 1730 3668 1797 calceamentum,
3702 1749 3802 1788 nec
3842 1751 3949 1789 non
3976 1746 4030 1790 et
4061 1737 4488 1806 prtea'icatorum

2878 1819 3247 1890 quorumlibet
3281 1830 3615 1876 sanctorum.
3646 1821 3750 1878 Per
3785 1823 3991 1879 ferrum
4029 1827 4238 1884 scilicet
4280 1831 4481 1887 adver-

2795 1901 2845 1960 B
2873 1911 3051 1964 sautia
3097 1911 3238 1964 mala
3289 1912 3561 1980 patienter
3607 1913 3873 1979 tolerant;
3927 1932 4024 1986 per
4058 1933 4133 1973 aes
4173 1933 4306 1975 vero
4340 1921 4487 1978 bona

2877 2002 3168 2071 praeposita
3190 2001 3576 2072 longanimiter
3601 2016 3841 2059 servant.
3872 2005 3950 2061 De
3976 2009 4178 2076 quibus
4203 2011 4486 2080 apostolis,

2874 2091 2991 2144 sive
3009 2090 3325 2158 apostolicis
3352 2091 3509 2158 viris,
3539 2092 3992 2163 praedicatoribus
4019 2097 4231 2153 scilicet
4254 2101 4487 2167 sanctis,

2874 2183 2940 2235 ad
2963 2183 3214 2238 eumdem
3235 2183 3374 2238 Aser
3397 2200 3520 2239 cum
3544 2189 3938 2255 praemisissent
3965 2209 3977 2243 :
4006 2211 4024 2241 ‹
4051 2193 4328 2249 Ascensor
4351 2194 4484 2251 cmli

2875 2272 3167 2327 auxiliator
3194 2282 3347 2339 tuus;
3382 2294 3401 2327 ι
3429 2276 3574 2331 illico
3591 2279 3857 2333 subdidit:
3891 2299 3908 2331 ι
3933 2282 4334 2353 Magnificentia
4358 2283 4480 2356 ejus

2873 2363 3796 2438 discurruntuubes(Deut.xxxm).
3828 2392 3844 2421 ι
3868 2373 4000 2439 Quis
4030 2376 4485 2434 cnimestascen-

2872 2470 2965 2508 sor
2985 2456 3128 2518 cceli,
3156 2459 3256 2510 nisi
3288 2457 3541 2514 Salvator
3573 2475 3781 2527 noszer,
3813 2466 3928 2534 qui,
3964 2477 4253 2537 postquam
4285 2471 4483 2526 mortis

2871 2546 3160 2616 imperium
3212 2551 3453 2606 moriens
3497 2554 3766 2622 perdidit,
3806 2558 4030 2620 oculum,
4071 2561 4278 2631 angelis
4310 2564 4485 2618 comi-

2873 2638 3114 2692 tantibus
3145 2648 3202 2692 et
3231 2640 3512 2710 discipulis
3541 2645 3964 2712 suspicientibus
3999 2651 4345 2717 penetravit?
4369 2652 4482 2706 llu-

2860 2724 2952 2793 jus
2984 2729 3386 2798 magnificentia
3417 2734 3587 2787 nubes
3619 2733 3958 2803 discurrunt,
3993 2741 4119 2808 quia
4149 2739 4266 2808 ejus
4292 2753 4484 2798 aucto-

2869 2821 3032 2874 ritate
3060 2822 3310 2878 doctores
3340 2826 3515 2879 sancti
3550 2841 3647 2894 per
3678 2831 3938 2883 mundum
3965 2831 4261 2889 salutifera:
4285 2835 4486 2905 praedi-

2869 2910 3103 2964 cationis
3147 2912 3378 2967 imbrem
3430 2916 3640 2984 pluunt.
3701 2918 3777 2972 De
3825 2921 4022 2989 quibus
4065 2931 4120 2978 et
4163 2924 4482 2994 propheta:

2874 3021 2893 3054 ι
2930 3004 3030 3069 Qui
3064 3017 3213 3072 sunt,
3243 3008 3440 3076 inquit,
3494 3009 3583 3064 isti
3613 3010 3707 3080 qui
3730 3020 3790 3065 ut
3818 3015 3991 3069 nubes
4030 3016 4254 3071 volant?
4281 3037 4301 3071 ι
4338 3017 4482 3088 (Isa.

2868 3096 2982 3161 ιι.)
3013 3095 3134 3150 Isne
3165 3100 3340 3152 nubes
3371 3099 3717 3155 resolvuntur
3759 3102 3810 3157 in
3853 3120 4073 3174 aquam,
4105 3123 4228 3162 cum
4274 3119 4476 3165 terram

2869 3186 3052 3240 cordis
3101 3189 3274 3242 nostri
3324 3190 3584 3245 doctrina:
3627 3208 3739 3247 suae
3797 3193 4018 3251 fluentis
4067 3199 4362 3263 inebriant,
4416 3211 4480 3254 ut

1164 3252 1350 3310 dolosa
1396 3256 1578 3327 (Prov.
1611 3260 1710 3330 χι).
1745 3280 1762 3312 ι
1797 3261 2031 3318 Neéesse
2076 3274 2160 3320 est
2203 3281 2334 3336 ergo
2388 3270 2574 3341 fruges
2609 3275 2762 3329 verbi
2791 3261 2835 3323 C
2868 3288 2990 3327 eam
3051 3276 3118 3328 ad
3175 3276 3500 3346 proferenda
3557 3281 3631 3350 pii
3694 3284 3878 3352 operis
3934 3288 4183 3355 germina

1163 3356 1503 3414 nequaquam
1547 3347 1798 3415 diversis,
1830 3351 1922 3406 sed
1953 3353 2159 3408 eisdem
2186 3357 2367 3411 metiri
2406 3361 2759 3431 ponderibus,

2875 3366 3129 3422 reddant.

2193 3467 2500 3536 Expliciunt
2530 3474 2832 3530 testimonia
2861 3477 2983 3532 libri
3015 3479 3430 3539 Deuteronomii.

2206 3557 2551 3616 INCIPIUNT
2591 3563 2939 3623 CAPITULA
2980 3569 3163 3625 LIBRI
3201 3572 3436 3630 JOSUE.

1203 3633 1252 3725 ἒ.
1298 3634 1454 3725 Quod
1488 3655 1638 3709 aqua:
1667 3642 1923 3725 Iordanis
1954 3647 2134 3701 divisa:
2164 3660 2285 3725 sunt
2315 3651 2441 3703 dum
2468 3650 2659 3725 Israel.
2688 3656 2852 3711 Iosue
2890 3659 3134 3725 ducente,
3178 3667 3454 3720 transiret.

1198 3703 1255 3756 2.
1300 3706 1454 3768 Quod
1484 3703 2026 3803 prrecepitmDominus
2065 3729 2119 3770 ut
2143 3718 2380 3772 tollerent
2410 3703 3516 3803 duodecimvlapide;“de'iiiddio
3544 3738 3633 3792 ubi
3668 3744 3965 3800 sacerdotes

1340 3788 1519 3849 nerant
1545 3779 1598 3831 in
1626 3783 1798 3834 medio
1827 3797 2161 3849 castrorum,

3994 3757 4269 3817 steterant,
4294 3764 4341 3806 et
4371 3774 4469 3825 po-

1196 3842 1254 3896 3.
1297 3841 1648 3959 Qgtzftﬁripsue
1690 3850 1944 3907 Dominus
1983 3845 2231 3926 prtecepit
2263 3869 2318 3911 ut
2347 3864 2593 3916 transiret
2629 3865 2683 3917 in
2726 3863 2951 3938 Galgala
2990 3888 3110 3925 cum
3163 3874 3356 3942 papula
3399 3885 3449 3930 et
3484 3877 3595 3932 illic
3631 3897 3719 3936 eos
3762 3883 3947 3940 cultris
3987 3888 4211 3959 lapideis
4245 3895 4475 3950 circumo

1338 3915 1558 3969 cideret.

1197 3980 1250 4034 δ’
1295 3979 1449 4101 aulo"
1477 3989 1722 4054 Ρνιτεερίτ
1752 3988 2013 4101 Qonjﬁnusl
2036 4005 2091 4047 ut
2115 4013 2293 4050 arcam
2324 3999 2534 4101 (traderis
2563 4005 2659 4083 uiri
2683 4006 2962 4086 bellatores
2990 4015 3187 4068 armati
3214 4017 3590 4088 prazcederent,
3619 4032 3668 4076 et
3694 4026 3990 4082 sacerdotes
4018 4042 4211 4101 septem
4238 4035 4473 4092 buccints

1338 4068 1364 4101 c
1389 4068 1637 4101 astiterant
1668 4069 1715 4101 ρι
1744 4077 1818 4101 nr,
1885 4079 1990 4101 oru-
2011 4081 2059 4101 ιη
2095 4077 2280 4101 conlo»:
2322 4087 2336 4101 ι
2363 4087 2403 4101 η.
2444 4089 2500 4101 ι..
2535 4089 2868 4101 -...-...-.-..-._.

1338 4053 1715 4134 clangerentet
1743 4061 1818 4134 sic
1846 4060 2059 4117 Iericho
2091 4077 2282 4134 septem
2320 4053 2500 4124 diebus
2531 4075 2890 4131 circumirent.

1195 4118 1249 4199 ξ.
1294 4118 1446 4199 quod
1461 4118 1522 4177 in
1549 4129 1686 4199 Arca
1717 4131 1820 4182 tria
1850 4118 2270 4199 continebantur,
2301 4156 2436 4192 urna
2468 4159 2629 4195 aurea
2665 4161 2782 4198 cum

1197 4186 1252 4266 ρ.
1290 4190 1376 4266 Ait
1407 4192 1573 4266 Iosue
1602 4197 1670 4248 ad
1697 4200 1947 4266 populant
1977 4218 1996 4255 :
2037 4186 2629 4266 Vos
2651 4186 2685 4266 ἆ

2814 4164 3030 4235 manna.
3060 4164 3109 4206 et
3133 4154 3314 4235 t'abula
3345 4162 3666 4235 testamenti,
3704 4173 3753 4217 et
3790 4166 3936 4235 virga
3963 4169 4161 4228 Aaron.

2689 4232 2715 4293 e
2747 4216 3110 4305 [aetdtatilms
3129 4223 3344 4305 Iericho
3373 4216 4010 4305 quidpiam'contingaawtis:

1697 4256 1706 4264 ⁷
1764 4256 1774 4266 ’
1858 4271 1868 4281 ·
2086 4256 2125 4258 ἣν
2165 4256 2331 4260 Π“Π”’
2363 4256 2532 4264 ⁷’””“’
2563 4256 2621 4266 ’⁷⁷
2651 4256 2713 4267 ”“⁷
2747 4256 3092 4283 Ι“⁵⁰¹’¹⁵⁶⁸⁶⁵ν⁸⁵ο
3129 4256 3344 4280 σσιηηυ
3373 4256 3648 4299 quicquam
3673 4256 4010 4305 contingat“,

1196 4256 1252 4371 3⁸
1295 4259 2961 4371 3535..1‘f.°3i';§fli"li‘.’fﬁ‘33.?3‘1§E{'€?.mfreffic‘_'~.:’¢.ista
2990 4291 3262 4371 iuuentus
3292 4298 3566 4371 coccinea:
3594 4302 3936 4371 dependebat.
3965 4313 4147 4367 evasit.

1194 4324 1250 4380 8.
1294 4328 1554 4412 Subversa
1579 4333 1791 4412 Iericho
1813 4337 1977 4412 Iosue
2003 4324 2698 4412 imprecatusestIdicensv;

1335 4401 1460 4479 verit
1482 4400 1779 4479 IericltoAin
1806 4400 2150 4479 primogenita
2183 4431 2299 4468 suo.

2679 4369 2698 4405 :
2729 4354 3046 4416 Maledictus
3079 4365 3157 4417 vir
3185 4381 3367 4418 coram
3395 4354 4195 4441 bonum,’q'ainliétiéié'ﬁi'et
4232 4387 4471 4457 (edi/ica-

1193 4464 1249 4518 9.
1293 4465 1444 4548 Quod
1473 4464 1959 4600 Gabaonittefacis
1977 4464 2163 4564 Ἱωάιιε
2185 4464 2550 4544 ὧ-Ῐεναειίιίε
2578 4492 2949 4560 fraudulenter
2976 4510 3312 4558 extorserunt
3347 4507 3566 4564 interra
3598 4509 3869 4571 Pherezwi
3896 4530 3946 4572 et
3978 4519 4266 4590 Bap/cnim.

1196 4535 1250 4586 0.
1291 4535 1437 4593 Dtxtt
1459 4540 1624 4596 Iosue
1645 4543 1770 4600 ﬁlns
1832 4550 1986 4600 osenla
2016 4567 2035 4600 :
2065 4551 2122 4600 St
2147 4556 2372 4600 ῃοιηιιιη
2399 4559 2594 4600 nun/tun
2625 4580 2677 4600 οε
2729 4569 2951 4600 κακέ-
2977 4572 3030 4600 ι..
3058 4573 3239 4600 -ειη-..-
3278 4587 3320 4600 -ι
3354 4580 3557 4600 unum
3828 4589 3860 4600 -ο
3983 4591 3992 4600 ·
4029 4593 4039 4600 ·
4100 4593 4141 4600 ·-

1156 4533 1250 4587 10.
1291 4535 1437 4593 Dixit
1459 4540 1624 4596 Iosue
1645 4543 1770 4607 ﬁliis

1863 4550 1986 4617 scph
2016 4567 2035 4604 :
2065 4551 2123 4606 Si
2146 4556 2372 4620 populus
2399 4550 2594 4614 ritu/tus
2624 4580 2694 4626 es,
2729 4550 2951 4623 ascende
2977 4550 3320 4629 Itiélz‘ni';
3592 4550 4389 4655 lilii”'spﬁiacdd.n‘tfli‘iga’n'dum.

2495 4648 2802 4721 Expliciunt
2829 4660 3087 4728 capitula.

1627 4778 2267 4878 INCIPIUNT
2338 4795 3092 4897 TESTIMONIA
3159 4811 3490 4904 LIBRI
3567 4818 3981 4918 JOSUE.

1578 4921 1739 4994 159
1773 4924 2002 4983 CAPUT
2042 4931 2330 4990 PRIMUM.

1263 5005 1333 5063 In
1361 5011 1589 5064 secundo
1619 5029 1856 5070 sermone
1883 5018 1947 5074 de
1978 5019 2035 5075 S.
2068 5021 2277 5080 Joanne
2302 5031 2637 5101 evangelista.

1236 5115 1255 5150 ο
1297 5097 1432 5153 Cum
1472 5103 1701 5170 populus
1747 5106 2123 5176 ingrederetur
2168 5097 2482 5187 Iordanem,
2519 5123 2750 5192 jubente

1146 5185 1340 5250 Iosue,
1373 5203 1527 5258 aqua:
1556 5194 1863 5260 superiores
1889 5198 1955 5252 ad
1985 5202 2156 5256 instar
2186 5210 2384 5264 montis
2414 5212 2747 5272 intumesce-

1146 5277 1310 5342 bant,
1354 5278 1640 5336 inferiores
1670 5299 1798 5340 vero
1830 5288 1883 5340 in
1925 5306 2076 5348 mare
2106 5294 2379 5354 Mortuum
2420 5304 2745 5363 delabeban-

1149 5365 1396 5438 tur(Ios.
1420 5371 1556 5440 ιιι).ι
1590 5372 1724 5440 Quia
1757 5379 2000 5446 profecto
2029 5400 2094 5439 ex
2126 5389 2225 5456 eis,
2253 5394 2344 5461 qui
2375 5395 2742 5469 baptizantur,

1146 5455 1247 5509 alii
1293 5456 1352 5512 in
1388 5471 1618 5531 accepta.
1648 5467 1887 5525 caelestis
1922 5477 2109 5543 gratia:
2158 5455 2463 5542 dulcedine
2490 5455 2743 5560 perseve:

1149 5559 1310 5616 rant,
1367 5552 1458 5607 alii
1518 5555 1573 5610 in
1631 5571 1976 5627 peccatorum
2040 5576 2460 5636 amaritudinem
2513 5586 2749 5647 deﬂuere

1148 5643 1385 5707 reprobo
1406 5643 1636 5702 vivendo
1667 5665 1772 5706 non
1806 5669 2042 5725 cessant,
2072 5671 2126 5717 et
2154 5666 2302 5720 velut
2329 5669 2382 5726 in
2411 5675 2578 5730 maris
2602 5694 2749 5733 mor-

1147 5727 1230 5780 tui
1262 5729 1593 5802 salsuginem
1633 5752 1912 5811 corruunt,
1954 5748 2083 5804 dum
2121 5756 2382 5826 sapiendo
2413 5727 2744 5838 terrena—per

1148 5831 1335 5889 prava:
1364 5823 1487 5880 vitae
1523 5826 1748 5887 declivia
1779 5834 1847 5891 ad
1874 5849 2106 5900 mortem
2138 5823 2384 5911 tendunt.
2424 5852 2534 5913 Nos
2561 5823 2743 5920 autem

2773 4955 2828 5014 ι)
2855 4965 2964 5006 ιιοιι
3005 4953 3105 5020 sic,
3135 4955 3499 5025 dilectissimi,
3533 4979 3638 5018 non
3670 4967 3772 5035 sic,
3799 4973 3892 5027 sed
3919 4975 3986 5029 ad
4028 4993 4210 5037 veram
4236 4988 4461 5057 sapieno

2854 5042 2990 5099 tiam
3026 5047 3268 5103 animum
3314 5053 3710 5116 transferentes
3751 5065 3832 5120 sic
3870 5082 3970 5134 per
4002 5069 4099 5127 Dei
4143 5042 4461 5137 misericor-

2858 5135 3002 5190 diam
3041 5138 3097 5192 in
3141 5141 3404 5198 virtutum
3442 5150 3760 5209 studeamus
3810 5157 3922 5212 alta
3970 5163 4257 5234 proficere,
4293 5135 4459 5230 ut‘in

2854 5225 3110 5281 vitiorum
3150 5233 3350 5300 pudeat
3385 5242 3700 5309 voraginem
3731 5246 4028 5307 declinare.
4075 5255 4166 5313 Sic
4201 5276 4458 5330 perseve-

2855 5329 3037 5372 remus
3067 5336 3283 5392 semper
3312 5328 3378 5379 ad
3417 5347 3650 5401 superna
3685 5351 3980 5409 properare
4022 5363 4129 5416 quo
4159 5328 4455 5424 tendimus,

2852 5417 2913 5460 ut
2941 5409 3110 5465 divini
3140 5418 3341 5472 amoris
3371 5419 3712 5484 dulcedinem
3743 5431 3798 5485 in
3830 5409 4268 5511 nostris-jugiter
4301 5409 4457 5505 men:

2852 5499 2998 5557 tibus
3026 5518 3428 5570 conservemus.

3486 5608 3716 5668 CAPUT
3754 5611 3817 5670 ll.

3362 5705 3428 5752 In
3462 5703 3640 5756 eodem
3673 5723 3932 5766 sermone.

2929 5795 2945 5828 ι
2975 5779 3147 5874 Elige,
3171 5803 3189 5837 ι
3223 5786 3397 5860 inquit
3420 5793 3680 5856 Dominus
3702 5803 3769 5856 ad
3794 5802 3978 5872 Josue,
4015 5830 4031 5860 ι
4055 5811 4336 5873 duodecim
4370 5821 4449 5874 \‘io

2851 5881 2962 5936 1‘05;
2984 5873 3225 5945 Singulos
3251 5896 3349 5952 per
3374 5884 3616 5959 singulas
3639 5893 3832 5965 tribus,
3855 5907 3908 5954 et
3923 5909 4159 5979 praecipe
4175 5911 4254 5966 eis
4280 5921 4337 5965 ut
4358 5912 4453 5968 ιυιι
