5904 6596
1519 413 1642 467 1071

2387 415 2880 473 (ἒθιλιείϋτΑΝΕΔ
2920 414 2986 468 ιιι
3028 414 3252 471 VETUS
3289 416 3826 476 TES'I‘AMENTUM.

4618 426 4753 479 10τί

1515 527 1627 578 lant
1650 526 1714 580 de
1741 525 1916 579 medio
1947 523 2077 578 alvei
2098 521 2362 590 Iordanis,
2397 529 2483 579 ubi
2520 529 2748 580 tivcrunt
2775 529 3081 581 sacerdotes
3111 536 3158 591 Α
3188 529 3328 582 hunc
3354 546 3541 598 panem
3573 534 3898 600 pervenitur,
3921 532 4054 604 legis
4085 537 4278 592 veteris
4303 539 4535 594 ulterius
4568 555 4759 594 manna

1512 618 1704 686 pedes,
1734 614 2010 668 duodecim
2047 614 2250 681 lapides
2282 617 2595 669 durissimos
2623 632 2754 684 quos
2783 617 2991 684 ponetis
3027 617 3083 669 iu

1513 707 1630 758 loco
1675 715 2009 769 castrorum,
2062 705 2152 759 ubi
2206 705 2432 758 liter-itis
2489 708 2588 760 hac
2648 718 2805 759 nocte
2841 706 3084 758 acutoria

1511 796 1647 854 Uos.
1680 797 1773 865 Iv).
1812 816 1827 846 ι
1871 797 1938 850 Ut
1968 807 2143 850 autem
2177 813 2278 849 non
2306 798 2513 858 omnia,
2547 797 2669 850 licet
2702 798 2854 865 plena
2889 807 3085 866 mystc-

1513 887 1630 947 riis,
1668 887 1826 939 verba
1881 886 2185 948 discutiam,
2236 886 2362 953 quid
2405 901 2500 953 per
2541 887 2644 939 hoc
2698 888 2893 938 factum
2932 887 3088 940 nobis

1513 977 1769 1037 innititur,
1806 977 1906 1028 nisi
1949 986 2005 1027 ut
2043 985 2322 1044 postquam
2364 977 2573 1043 mystici
2610 975 2859 1028 Jordauis
2888 975 3083 1030 fluenta

1510 1067 1821 1128 transimus,
1854 1076 2133 1134 postquam
2167 1066 2228 1118 de
2267 1065 2462 1117 lavacri
2491 1065 2737 1117 Salutaris
2776 1065 2924 1118 fonte
2955 1081 3085 1118 con-

1508 1158 1799 1224 surgimus,
1850 1155 2164 1210 durissimos
2204 1154 2484 1206 duodecim
2547 1155 2768 1222 lapides,
2803 1158 2852 1208 id
2884 1167 2962 1208 est
2994 1156 3084 1207 fir-

1507 1249 1750 1301 Iuissima
1779 1244 2138 1313 apostolorum
2170 1243 2434 1310 exempla,
2456 1243 2520 1294 ad
2548 1244 2898 1296 imitationem
2929 1244 3081 1296 nobis

1506 1351 1805 1407 proponere
1857 1335 2196 1387 studeamus'.’
2235 1333 2464 1400 Lapides
2511 1334 2708 1400 quippe
2759 1335 2847 1385 ubi
2905 1349 3083 1386 sacer-

1507 1430 1659 1480 dotes
1699 1428 1861 1492 pedes
1902 1425 2147 1484 fixerant,
2183 1425 2234 1475 in
2269 1424 2385 1475 loco
2416 1434 2715 1476 castrorum
2747 1427 3011 1492 ponimus,
3037 1424 3078 1476 si

1507 1516 1560 1569 in
1609 1517 1887 1582 procinctu
1933 1514 2224 1581 spiritualis
2264 1513 2468 1565 militia}
2506 1514 2683 1580 positi,
2719 1515 3078 1580 apostolorum

1503 1605 1724 1674 vestigia
1751 1613 2064 1658 constanter
2098 1613 2150 1657 cl
2185 1603 2412 1657 ﬁrmiter
2447 1615 2738 1659 teneamus.
2772 1604 2900 1656 Nam
2924 1604 3079 1673 juxta

1505 1694 1807 1746 Salomonis
1829 1695 2147 1746 sententiam
2183 1711 2194 1745 :
2221 1713 2236 1742 ι
2269 1693 2367 1756 Qui
2397 1694 2567 1746 mollis
2597 1704 2648 1745 et
2678 1693 2968 1746 iii-:solutus
2999 1702 3082 1746 est

1503 1785 1558 1837 in
1591 1799 1751 1850 opere
1781 1799 1896 1845 suo,
1929 1782 2096 1836 frater
2126 1794 2202 1836 est
2233 1799 2327 1834 sua
2367 1797 2528 1850 opera
2557 1783 2865 1851 dissipantis
2898 1783 3076 1850 (Pror.

3189 633 3294 672 non
3319 621 3580 687 qumritur

3800 733 4023 788 CAPUT
4063 733 4149 789 IV.

3528 860 3595 914 In
3620 879 3852 917 sermone
3874 865 3935 918 de
3964 877 4144 918 saneto
4174 868 4398 922 Andrea.

3261 990 3279 1023 ι
3316 971 3579 1042 Praecepit
3607 975 3864 1032 Dominus
3897 977 4056 1032 Josue
4091 990 4149 1033 ut
4182 996 4358 1034 arcam
4399 981 4620 1038 foederis
4655 984 4748 1038 viri

3184 1063 3474 1120 bellatores
3539 1070 3729 1120 armati
3788 1073 4175 1136 pra-cederent,
4215 1075 4518 1127 sacerdotes
4575 1086 4748 1128 autem

3183 1165 3385 1222 septem
3419 1159 3656 1210 liuet-ini;
3685 1159 4015 1228 clangerent,
4055 1164 4234 1231 sicque
4264 1175 4575 1233 pcrscptem
4610 1167 4745 1218 nihi-

3182 1244 3413 1298 lominus
3463 1247 3573 1298 dies
3617 1245 3833 1299 Jericlb
3896 1251 4089 1304 mantia
4152 1253 4456 1305 circuircnt.
4513 1252 4747 1320 Septimo

3184 1332 3363 1400 itaque
3394 1333 3478 1385 die
3508 1335 3633 1386 dum
3666 1336 3978 1390 vociferatio
4008 1339 4181 1406 populi
4208 1339 4571 1408 clangentibus
4607 1341 4744 1396 tubis

3183 1437 3212 1472 a
3236 1421 3533 1482 liniscetur.
3563 1421 3777 1476 Jericho
3809 1426 4053 1491 protinus
4081 1444 4105 1478 ιι
4146 1428 4484 1482 fundamento
4513 1429 4741 1498 collapsa

3183 1509 3513 1564 s-bvcrtitnr
3562 1511 3824 1581 (Jos.vt).
3865 1534 3882 1565 ι
3941 1515 4074 1579 Qui!
4131 1526 4214 1570 cst
4270 1526 4440 1571 autem
4483 1521 4622 1586 quo]
4679 1520 4740 1571 ad

3185 1603 3497 1671 capiendam
3544 1605 3732 1657 urbem
3781 1622 3884 1658 non
3940 1606 4145 1676 gladius
4191 1609 4452 1670 educitur,
4500 1625 4602 1660 non
4647 1609 4739 1663 tela

3184 1693 3482 1756 vibrantur,
3528 1709 3631 1745 non
3655 1691 3891 1757 jaenlum
3921 1697 4163 1759 mittitur,
4197 1712 4299 1750 nou
4331 1698 4468 1750 acies
4495 1697 4739 1750 militaris

3184 1782 3340 1834 cunei
3368 1783 3432 1834 ad
3463 1784 3775 1850 irruptionis
3816 1784 4070 1850 impetum
4105 1789 4452 1855 ionSIipatur,
4482 1789 4572 1840 sed
4603 1787 4738 1840 tubis

1501 1878 1681 1940 XVIII).
1719 1895 1737 1926 ›
1793 1873 2049 1926 Nimirum
2093 1874 2182 1940 qui
2228 1874 2276 1925 in
2319 1875 2556 1926 moribus
2607 1875 2718 1926 suis
2784 1873 2970 1926 molles
3018 1888 3080 1926 ac
3113 1875 3155 1932 Β
3185 1872 3883 1925 duntamtsacerdotalibus
3910 1874 4190 1942 (largitur,
4221 1877 4368 1928 ctsie
4398 1877 4613 1929 victoria
4639 1892 4737 1929 non

1500 1965 1646 2017 ﬂuidi
1680 1971 1825 2025 sunt,
1858 1978 2007 2016 more
2042 1977 2191 2028 aqute
2222 1955 2522 2028 pi‘:ecipites
2556 1963 2620 2013 ad
2664 1963 2768 2014 ima
2809 1961 3072 2020 deﬂuunt;

1501 2057 1590 2121 qui
1625 2069 1748 2107 vero
1778 2063 2090 2108 eonstantes
2128 2069 2190 2108 ac
2220 2053 2382 2114 tirini,
2405 2053 2454 2106 in
2488 2068 2666 2107 arccm
2697 2053 2939 2122 quotidie
2969 2053 3075 2105 vir.

1501 2145 1631 2197 tutis
1666 2151 2008 2197 excrescunt.

2116 2230 2339 2287 CAPUT
2378 2231 2462 2285 ιιι.

1713 2320 1778 2374 In
1809 2336 2041 2373 sermone
2070 2323 2235 2389 primo
2260 2325 2322 2373 de
2349 2321 2407 2375 S.
2439 2321 2847 2374 Bari/Ioloma'o.

1575 2429 1592 2460 ‹
1630 2409 1757 2463 Post
1797 2411 1911 2463 haec
1957 2421 2135 2462 autem
2177 2410 2418 2478 protinus
2455 2409 2616 2463 Josue
2657 2410 2877 2476 jubetur
2913 2418 2974 2461 ut
3020 2408 3076 2462 in

1499 2499 1716 2567 Galgala
1749 2516 1870 2553 cum
1906 2501 2098 2567 populo
2133 2509 2361 2552 transeat
2402 2510 2562 2567 atque
2606 2500 2712 2553 illic
2756 2514 2848 2551 cos
2889 2498 3078 2551 cultris

1498 2589 1723 2659 lapideis
1737 2590 2082 2641 circumcidat
2108 2589 2240 2656 (Jos.
2261 2589 2333 2657 v).
2359 2588 2538 2650 Petra,
2560 2607 2576 2638 ι
2601 2589 2744 2640 utait
2767 2587 3073 2654 Apostolus,

1502 2703 1519 2728 ι
1547 2689 1664 2732 erat
1685 2680 1929 2732 Christus
1953 2677 2001 2746 (l
2022 2676 2140 2730 Cor.
2161 2679 2233 2745 χ).
2260 2698 2274 2728 ι
2309 2679 2409 2729 Per
2435 2677 2675 2730 cultellos
2699 2675 3075 2742 ergolaqiiseos

1496 2768 1958 2829 circumeidiumr,
2010 2769 2133 2820 dum
2191 2783 2284 2838 per
2320 2767 2593 2820 Christum
2631 2782 2659 2818 a
2698 2766 2851 2818 nobis
2887 2779 3075 2819 omnes

1495 2860 1679 2912 carnis
1708 2869 1762 2911 et
1789 2859 2010 2927 spiritus
2045 2859 2323 2910 illecebras
2351 2868 2708 2926 amputamus.
2747 2857 2811 2909 Et
2843 2857 2942 2908 hac
2965 2855 3074 2907 cir-

1496 2949 1848 3011 cumcisioue,
1891 2948 2027 3000 sicut
2055 2949 2162 3000 illic
2193 2948 2411 3011 dicitur,
2448 2947 2818 3016 .{Zgyptiorum
2853 2945 3074 3014 propul-

1494 3054 1678 3093 sanius
1709 3039 2084 3107 approbrinm,
2118 3039 2366 3103 quoniam
2401 3038 2761 3089 ileludentium
2795 3052 2890 3088 nos
2919 3036 3074 3088 elidi-

1493 3143 1614 3182 Inus
1642 3126 1990 3196 petulantiam
2016 3127 2286 3180 vitiorum.
2322 3145 2338 3178 ι
2363 3124 2550 3178 llodie.
2574 3144 2589 3174 ι
2625 3126 2798 3192 inquit
2820 3125 3074 3177 Dominus

3171 1957 3283 2024 jam
3304 1959 3424 2024 jure
3445 1958 3590 2022 belli,
3614 1962 3704 2012 sed
3734 1961 3926 2012 virtute
3951 1962 4128 2027 potius
4153 1966 4471 2018 sacramenti
4497 1967 4559 2017 de
4585 1979 4738 2031 snpe-

3178 2049 3308 2101 ratis
3333 2048 3577 2102 liostibus
3615 2049 3920 2103 obtiuetur?
3952 2050 4292 2103 lleliramenti
4315 2067 4440 2107 Siil'.‘
4470 2052 4735 2105 videretur

3176 2137 3399 2202 ineptia,
3446 2137 3488 2189 si
3530 2137 3750 2190 evidens
3790 2152 3892 2190 non
3936 2137 4124 2191 fuisset
4170 2139 4387 2192 victoria
4435 2139 4732 2196 subsecuta.

3178 2223 3282 2277 Sed
3321 2240 3416 2292 per
3445 2224 3683 2290 Jerirho,
3719 2242 3837 2294 quac
3880 2229 4075 2281 dicitur
4120 2229 4266 2292 (uim,
4312 2245 4414 2287 nou
4457 2233 4734 2300 incongrue

3179 2315 3410 2367 mundus
3439 2314 3707 2375 innuitur,
3744 2316 3832 2382 qui
3873 2317 3950 2370 sic
4001 2333 4093 2386 per
4143 2317 4430 2371 labentium
4474 2332 4731 2373 momenta

3182 2414 3483 2473 temporum
3513 2417 3763 2474 tanquam
3790 2422 3883 2474 per
3907 2418 4175 2461 menstrua
4202 2410 4511 2464 detrimenta
4535 2412 4729 2464 linitur.

3178 2497 3316 2550 Area
3356 2508 3531 2549 autem
3582 2507 3766 2551 saneta
3805 2510 3921 2552 erat
3976 2498 4246 2564 Ecclesia;
4297 2501 4431 2554 tnbte
4462 2515 4585 2557 rem
4611 2517 4734 2568 apo.

3177 2586 3299 2639 stoli
3353 2595 3507 2651 sunt,
3566 2587 3646 2638 vel
3698 2590 3898 2655 quique
3956 2589 4125 2641 sancti
4176 2588 4418 2642 doctores
4459 2589 4729 2652 Ecclesim,

3177 2693 3405 2747 quorum
3426 2679 3671 2731 videlicet
3694 2679 4164 2742 admonitiunilms,
4193 2681 4312 2732 dum
4341 2695 4569 2750 pugnare
4596 2696 4730 2738 sem-

3175 2786 3269 2839 per
3308 2780 3492 2823 contra
3543 2771 3722 2824 carnis
3765 2770 4044 2824 illecebras
4085 2782 4137 2822 et
4174 2773 4373 2840 antiqui
4412 2772 4574 2825 hostis
4601 2773 4730 2824 insi-

3177 2862 3294 2914 dias
3345 2863 3592 2924 nitimur,
3653 2863 3792 2915 velut
3849 2865 3912 2915 ad
3965 2862 4240 2917 conflictus
4291 2865 4455 2918 aciem
4509 2872 4561 2918 et
4606 2879 4729 2917 eon-

3176 2951 3401 3004 seresida
3495 2953 3632 3004 bella
3705 2954 3949 3005 tubarum
4020 2953 4358 3021 clangoribus
4436 2953 4726 3005 incitamur.

3178 3042 3304 3104 Quzc
3355 3040 3607 3092 nimirum
3653 3041 3788 3094 talia:
3834 3051 4036 3109 septem
4074 3040 4236 3094 fuisse
4268 3040 4584 3102 referuntur,
4611 3041 4727 3108 quia

3177 3131 3557 3198 przrdieatores
3588 3133 3758 3183 sancti
3790 3132 4117 3200 scptil'ormis
4147 3131 4374 3199 Spiritus
4415 3132 4578 3200 gratia
4611 3138 4728 3182 sunt

1495 3219 1562 3273 ad
1590 3218 1772 3280 losne,
1803 3237 1820 3268 ι
1863 3217 2056 3269 al:stuli
2087 3216 2432 3284 omn-obtinui
2464 3215 2680 3284 Aipypti
2704 3233 2731 3266 a
2759 3215 2907 3268 vobis
2932 3213 3068 3276 (Jos.
3101 3202 3143 3260 (ἶ
3179 3218 3383 3285 repleti.
3433 3219 3649 3288 Septem
3696 3234 3906 3288 quoque
3953 3220 4158 3273 dierum
4188 3220 4542 3272 vicissitudine
4574 3234 4727 3272 omne

1491 3313 1601 3378 v).i
1639 3309 1748 3363 Nec
1773 3309 2201 3376 przctercundum
2235 3307 2391 3376 16$
2419 3307 2558 3373 quod
2585 3304 2799 3372 Ualgala
2827 3303 3071 3356 rere/otio

1493 3403 1899 3470 interpretatur.
1956 3400 2071 3450 Vita
2122 3399 2318 3466 quippe
2367 3396 2601 3449 carnalis
2647 3397 2830 3448 oculos
2879 3394 3073 3447 mentis

1493 3504 1752 3557 exerceat,
1780 3494 2072 3563 spiritualis
2102 3493 2366 3545 illuminat
2395 3511 2406 3544 :
2438 3511 2455 3541 ι
2475 3492 2692 3556 Revela,
2721 3492 2913 3560 inquit,
2938 3509 3071 3546 ocu-

1494 3588 1574 3641 los
1605 3603 1771 3653 meos,
1796 3598 1847 3640 et
1872 3586 2224 3639 considerabo
2252 3585 2517 3638 mirabilia
2547 3587 2609 3637 de
2634 3586 2748 3652 lege
2778 3596 2863 3638 tua
2894 3582 3068 3652 tl’sal.

1493 3678 1702 3745 cvaiI).
1737 3696 1753 3726 ι
1797 3675 1928 3730 Cum
1970 3675 2113 3728 enim
2163 3689 2190 3726 a
2232 3676 2343 3728 suis
2393 3676 2551 3727 homo
2593 3677 2734 3727 vitiis
2782 3676 3069 3728 circuiuci~

1495 3770 1660 3832 ditur,
1694 3767 1757 3819 ad
1788 3765 1984 3819 divina:
2012 3765 2142 3826 legis
2171 3765 2557 3817 consideranda
2589 3766 2842 3832 mysteria
2874 3765 3070 3816 mentis

1495 3859 1638 3910 acies
1686 3855 1972 3908 revelatur.
2021 3854 2074 3906 lu
2119 3868 2223 3921 quo
2263 3855 2467 3906 scilicet
2513 3853 2630 3907 loco
2666 3854 2733 3906 ab
2776 3853 3070 3907 Israelitico

1491 3946 1688 4016 populo
1723 3945 1925 3997 Pascha
1952 3944 2252 3997 celebratur
2284 3956 2336 3995 et
2368 3945 2542 4014 typice
2571 3944 2752 4012 Agnus
2782 3942 2869 3996 ille
2892 3957 3070 3996 corrre-

1490 4038 1660 4100 ditur,
1701 4036 1792 4105 qui
1835 4035 1972 4088 tollit
2020 4045 2237 4102 peccata
2293 4035 2476 4087 mundi
2524 4033 2703 4103 (Joan.
2739 4035 2799 4100 I).
2839 4033 2903 4085 Et
2941 4040 3070 4085 nota

1494 4126 1740 4178 ordinem
1776 4139 1954 4177 rerum
1991 4138 2052 4177 ac
2084 4124 2270 4177 salutis
2300 4124 2549 4177 humana:
2577 4125 2843 4193 perpende
2877 4130 3072 4193 myste-

1497 4217 1659 4270 rium.
1699 4213 1992 4282 Postquam
2025 4214 2089 4267 de
2126 4211 2299 4280 baptis
2323 4227 2390 4265 uo
2419 4213 2572 4280 quasi
2612 4213 2677 4264 de
2710 4212 2922 4281 gurgite
2949 4210 3073 4264 Jor-

1497 4305 1651 4360 dauis
1677 4305 1910 4365 eximus,
1940 4302 2245 4372 apostolicae
2271 4302 2485 4355 virtutis
2519 4309 2573 4354 et
2602 4301 2914 4354 constantia:
2943 4299 3071 4365 lapi-

1495 4395 1588 4448 des
1633 4395 1786 4448 nobis
1845 4394 1899 4445 in
1953 4393 2184 4461 exempli
2245 4392 2610 4445 testimonium
2665 4390 3064 4454 constituimus,

1493 4499 1629 4554 quos
1663 4482 2022 4536 aemulationis
2053 4482 2230 4535 studio
2261 4481 2689 4551 contemplantes
2724 4497 2753 4535 a
2787 4481 3069 4551 pravitatis

3181 3309 3331 3377 Ε,θὲ
3371 3318 3578 3377 tempus
3618 3321 3810 3362 nostrze
3853 3310 4195 3363 mortalitatis
4227 3310 4498 3364 evolvitur.
4533 3307 4722 3361 Urben

3175 3416 3302 3467 ergo
3341 3399 3554 3452 Jerii-ho
3594 3401 3906 3453 sacerdotes
3937 3414 4116 3453 arcam
4150 3399 4378 3453 ferentes
4404 3409 4455 3451 et
4483 3399 4725 3467 clangen-

3176 3497 3256 3540 tes
3286 3499 3490 3557 septem
3517 3489 3702 3542 diebus
3731 3489 4083 3550 circumeunt,
4112 3498 4166 3542 et
4191 3493 4324 3541 muri
4349 3489 4458 3557 ejus
4486 3502 4577 3557 per
4596 3504 4727 3540 arcte

3173 3581 3514 3650 praesentiam
3559 3591 3615 3633 ct
3657 3582 3907 3633 tubarum
3960 3582 4192 3633 sonitum
4239 3580 4461 3643 cadunt;
4509 3580 4625 3646 quia
4675 3582 4724 3630 in

3175 3674 3331 3739 hujus
3361 3673 3603 3727 mortalis
3630 3673 3750 3726 vita:
3779 3675 4030 3737 decursu,
4060 3674 4184 3725 dum
4207 3673 4612 3740 circumquaque
4635 3687 4726 3738 per

3172 3765 3355 3817 urbem
3389 3773 3655 3818 terrarum
3687 3775 3871 3817 sancta
3919 3772 4161 3818 movetur
4188 3773 4241 3816 et
4279 3763 4523 3816 dilatatur
4551 3760 4725 3814 Hrcle-

3172 3855 3272 3918 sia,
3304 3871 3397 3922 per
3421 3866 3622 3908 sancta:
3649 3855 4042 3923 przcdieationis
4074 3854 4377 3908 instantiam
4408 3853 4576 3905 omnis
4603 3851 4720 3905 elati

3173 3943 3356 3994 mundi
3389 3942 3638 4010 superbia
3679 3941 3946 4008 frangitur
3973 3951 4026 3993 et
4055 3951 4245 3994 cuneta
4285 3941 4601 3995 infidelitatis
4628 3940 4724 3992 ob~

3173 4030 3381 4083 stacula
3423 4031 3771 4084 subruuntur.
3815 4031 3880 4084 Et
3923 4031 4209 4084 notandum
4244 4031 4379 4100 quod
4416 4030 4596 4083 armati
4629 4032 4725 4081 mi-

3172 4116 3292 4173 lites
3335 4135 3458 4172 cum
3503 4120 3872 4174 sacerdotibus
3911 4120 3988 4173 ire
4019 4117 4291 4184 jubentur,
4331 4120 4572 4172 nimirum
4604 4128 4655 4170 ut
4689 4118 4722 4171 ii

3171 4212 3366 4279 quibus
3408 4227 3512 4264 non
3553 4221 3636 4266 est
3667 4210 3964 4278 injuuetum
4002 4210 4278 4278 promendi
4322 4209 4578 4276 clangoris
4615 4207 4722 4260 ulli-

3169 4302 3311 4355 cium
3358 4316 3694 4369 nequaquam
3723 4316 3780 4353 se
3825 4309 4061 4354 remotos
4103 4299 4395 4368 intelligant
4424 4314 4452 4351 a
4483 4312 4722 4366 congres-

3171 4391 3320 4443 sione
3368 4389 3650 4451 bellorum,
3697 4396 3962 4456 quatenus
3994 4397 4050 4441 et
4093 4387 4128 4440 ii
4168 4385 4257 4456 qui
4303 4402 4403 4439 non
4445 4385 4721 4454 praedicant

3171 4492 3357 4531 contra
3384 4478 3578 4532 occulti
3611 4479 3778 4531 hostis
3808 4479 4046 4541 insidias,
4072 4478 4263 4529 armati
4310 4475 4638 4530 nihilominus
4669 4484 4721 4525 et

1495 4583 1691 4628 nostra:
1761 4573 2023 4641 przrputio
2082 4571 2546 4632 circumeidinmr,
2609 4572 2794 4638 sicque
2864 4571 3067 4623 dimota
3098 4547 3550 4634 Dcircumspecti
3599 4581 3810 4635 semper
3859 4565 4126 4619 incedant.
4179 4565 4343 4632 Hujus
4389 4564 4561 4631 itaque
4605 4563 4718 4616 belli

1494 4665 1679 4734 procul
1702 4672 1866 4729 atque
1894 4659 2106 4713 detersa
2131 4659 2357 4727 caligine
2380 4659 2654 4721 vitiorum,
2673 4658 2903 4711 revelata
2931 4658 3068 4713 faeie

1495 4754 1747 4824 spiritali,
1766 4753 1961 4806 ltctitizc
1983 4750 2190 4805 Pascha
2209 4749 2542 4803 celebramus
2567 4748 2617 4800 in
2644 4748 2764 4801 luce
2787 4747 3064 4801 virtutum.

1494 4845 1607 4898 lllie
1665 4847 1896 4912 primum
1948 4839 2172 4910 papulus
2233 4840 2298 4892 de
2341 4837 2586 4906 frugibus
2634 4846 2795 4890 terra:
2834 4837 3071 4890 comedit

1497 4946 1714 5001 azymos
1739 4944 1937 5000 panes;
1971 4940 2022 4984 et
2047 4944 2265 4992 manna,
2295 4943 2400 4995 quo
2429 4938 2652 4980 eatenus
2675 4926 2742 4978 ali
2771 4941 3068 4980 consueve-

1495 5031 1639 5087 rant,
1679 5022 1906 5075 ulterius
1951 5038 2057 5074 non
2111 5019 2378 5088 apparuit.
2421 5017 2554 5084 Quia
2597 5025 2881 5087 postquam
2912 5017 3066 5086 panis

1489 5113 1578 5165 ille
1607 5113 1780 5175 vivus,
1813 5110 1905 5178 qui
1932 5109 1997 5163 dc
2025 5108 2160 5163 coelo
2198 5108 2472 5162 descendit
2499 5106 2680 5178 (Joan.
2711 5110 2808 5175 vi),
2838 5123 2902 5162 ex
2936 5121 3068 5175 agro

1495 5202 1770 5273 virginalis
1821 5200 1962 5255 uteri
2021 5198 2236 5268 prodiit,
2289 5207 2572 5267 postquam
2623 5214 2848 5268 granum
2903 5198 3069 5252 tritici

1496 5292 1695 5344 cadens
1717 5291 1769 5343 in
1799 5300 2023 5351 terram,
2052 5296 2321 5342 mortuum
2346 5295 2450 5350 est,
2482 5301 2546 5340 ac
2573 5287 2834 5355 plurimos
2864 5288 3068 5343 fructus

1496 5380 1677 5434 attulit
1705 5381 1885 5450 (Joan.
1917 5387 2040 5449 xii),
2073 5395 2192 5433 mox
2227 5378 2418 5449 typicae
2453 5377 2588 5448 legis
2616 5394 2810 5433 manna
2848 5379 3064 5435 defecit.

1496 5471 1662 5525 Terra
1690 5473 1888 5542 quippe
1918 5471 2356 5540 repromissionis
2387 5477 2576 5523 venter
2595 5479 2681 5525 est
2707 5469 2970 5540 Virginis;
3001 5473 3067 5527 de

1493 5579 1594 5629 qua
1624 5573 1770 5617 terra
1808 5578 1904 5633 per
1930 5561 2122 5617 Isaiam
2159 5561 2352 5616 dicitur
2382 5579 2395 5614 :
2434 5581 2452 5612 ι
2491 5561 2704 5626 ιῖοτειιθ,
2739 5562 2880 5626 coeli,
2910 5564 3066 5618 desu-

1495 5665 1610 5717 per,
1663 5662 1717 5706 et
1757 5653 1930 5706 nubes
1975 5651 2162 5719 plaaut
2216 5650 2464 5715 Justum;
2515 5651 2792 5717 aperiatur
2833 5659 2971 5703 terra
3012 5659 3066 5705 et

1495 5745 1758 5809 germinet
1805 5743 2138 5800 Salvatorem
2201 5739 2333 5810 (Im.
2394 5740 2538 5810 xcv).
2576 5758 2594 5792 ι
2637 5738 2772 5796 Cum
2826 5756 2954 5809 ergo
3000 5743 3066 5797 ad

3170 4661 3334 4713 duces
3371 4673 3434 4711 ac
3475 4656 3746 4726 principes
3777 4657 3947 4710 sancti
3988 4655 4212 4724 apostoli
4243 4663 4391 4717 sunt,
4430 4652 4517 4720 qui
4547 4665 4720 4705 arcam

3168 4751 3390 4805 foederis
3431 4748 3812 4804 Jericliontinis
3851 4749 4116 4804 moenibus
4155 4763 4276 4802 cum
4314 4749 4551 4800 tubarum
4583 4745 4721 4798 clan-

3169 4855 3296 4910 gore
3320 4838 3726 4899 circumferunt,
3753 4839 3878 4907 quia
3906 4854 4001 4907 per
4044 4839 4205 4891 totius
4235 4836 4411 4890 mundi
4447 4834 4716 4896 circulum.

3171 4944 3368 4987 saneta:
3423 4932 3817 5001 prtcdicationis
3865 4931 4055 4993 oﬂicio,
4090 4930 4339 4984 Ecclesia:
4395 4938 4718 4982 sacramenta

3170 5024 3488 5078 diffundunt.
3533 5043 3550 5075 ι
3596 5024 3650 5076 lu
3689 5037 3906 5077 omnem
3949 5024 4090 5076 enim
4129 5033 4326 5076 terram
4363 5021 4520 5074 exivit
4563 5034 4718 5073 sonus

3171 5131 3376 5180 eorum,
3413 5126 3464 5170 et
3501 5131 3552 5170 In
3599 5114 3731 5169 fines
3771 5116 3918 5168 orbis
3951 5124 4107 5168 terra:
4148 5113 4305 5168 verba
4342 5126 4518 5166 eorum
4549 5108 4715 5179 (Psal.

3170 5206 3346 5274 xviii).
3381 5224 3398 5256 ι
3435 5205 3671 5259 ΕιὉΙιιιὶς
3699 5215 3875 5258 autem
3904 5219 3997 5258 sex
4030 5204 4235 5267 diebus,
4266 5202 4486 5272 septimo
4513 5200 4717 5254 tandem

3173 5295 3256 5347 die
3283 5309 3374 5347 rex
3405 5293 3618 5349 Jeriebo
3647 5310 3766 5348 cum
3808 5295 3952 5348 omni
3999 5293 4194 5363 papulo
4235 5292 4406 5362 gladio
4439 5291 4719 5344 devorante

3169 5383 3527 5445 consumitur,
3557 5385 3681 5453 quia
3716 5385 3768 5437 in
3799 5384 3884 5437 die
3920 5383 4208 5436 novissimo
4238 5379 4492 5441 diabolus,
4522 5379 4609 5448 qui
4637 5387 4715 5431 est

3171 5487 3264 5526 rex
3313 5475 3598 5541 superbae,
3643 5489 3763 5525 eum
3809 5472 4058 5526 omnibus
4092 5471 4202 5524 suis
4236 5468 4542 5541 sequacibus
4569 5467 4711 5534 quasi

3169 5563 3400 5631 quodam
3425 5561 3616 5614 divinae
3642 5563 3920 5615 sententiae
3940 5561 4114 5631 gladio
4140 5560 4295 5614 morti
4315 5568 4573 5628 perpetua:
4592 5573 4714 5611 eon-

3171 5652 3453 5704 demnatnr
3504 5651 3652 5704 Tune
3687 5665 3874 5717 nempe
3909 5651 3994 5705 lict
4023 5651 4163 5718 quod
4201 5666 4293 5720 per
4311 5648 4611 5718 Apostolum
4639 5648 4711 5699 di-

3170 5748 3349 5802 citur:
3390 5764 3407 5794 ι
3447 5743 3612 5811 Quia,
3658 5760 3778 5798 cum
3827 5745 4163 5798 evacuaverit
4209 5757 4416 5798 omnem
4458 5738 4705 5809 principa-

4879 257 4882 460 ι
