5904 6608
1153 392 1291 448 1073

2451 400 2519 453 IN
2560 397 2821 455 LIBRUM
2858 394 3098 452 JOSUE.

4292 393 4433 447 1074

1152 517 1290 568 tum,
1323 515 1376 563 et
1419 522 1630 563 omnem
1671 517 1990 578 potestatem
2038 519 2087 565 et
2128 510 2398 575 virtutem,
2442 512 2732 565 novissime
2761 518 2807 573 Α
2835 516 2961 561 sunt
2988 505 3167 566 Arius,
3198 500 3460 565 Marcion,
3485 498 3774 569 etApelles
3796 514 4024 568 numque
4047 512 4429 567 perversorum

1154 597 1369 654 inimica
1400 600 1709 654 destruetur
1738 616 1882 656 mors
1913 602 1960 670 (Ι
1993 602 2113 655 Cnr.
2146 604 2255 671 xv).
2297 619 2315 652 ι

1782 691 2007 747 CAPUT
2048 691 2112 744 V.

1468 778 1535 834 1η
1566 798 1802 835 sermone
1832 783 1896 835 de
1926 780 1983 835 S.
2015 781 2421 834 Berl/mmmam.

1224 869 1362 922 Area
1388 884 1518 924 vero
1546 871 1632 925 illa
1660 886 1725 925 ex
1748 871 2177 940 imputribilibus
2206 871 2363 940 lignis
2390 868 2594 923 Sethim
2624 884 2741 939 my-

1150 958 1285 1012 stica
1316 957 1494 1012 fuerat
1532 970 1648 1014 arte
1681 962 2009 1028 emnposita;
2040 976 2174 1014 auro
2208 976 2422 1029 quoque
2449 960 2742 1029 purissimo

1153 1047 1548 1115 resplendebat,
1607 1052 1752 1105 intus
1789 1058 1845 1103 et
1878 1051 2217 1109 extrinsecus
2263 1041 2531 1105 inadrata.
2577 1051 2634 1103 In
2677 1061 2741 1103 ea

1153 1130 1369 1205 quoque
1393 1146 1511 1192 erat
1552 1154 1689 1192 urna
1733 1155 1916 1204 aurea,
1949 1140 2000 1194 in
2033 1153 2138 1209 qua
2165 1155 2364 1195 manna
2398 1141 2739 1206 servabatur,

1153 1226 1352 1281 tabulae
1392 1228 1743 1282 nihilominus
1772 1228 2127 1297 Testamenti,
2158 1240 2213 1285 et
2237 1232 2385 1300 virga
2414 1230 2594 1284 Aaron
2624 1245 2744 1299 quze

1158 1312 1487 1369 fronduerat.
1535 1315 1671 1382 Quid
1718 1327 1802 1371 est
1846 1330 2028 1373 autem
2063 1336 2197 1374 urna
2231 1336 2417 1384 aurea,
2469 1322 2569 1374 nisi
2616 1336 2743 1375 caro

1152 1402 1349 1458 Christi
1388 1406 1605 1469 munda,
1636 1408 1824 1472 nitida,
1860 1409 2096 1473 sincera,
2138 1406 2343 1478 absque
2371 1410 2518 1464 omni
2562 1422 2745 1487 reatus

1153 1493 1475 1560 contagione
1503 1497 1812 1562 purissima,
1836 1512 1955 1565 qum
1978 1499 2314 1552 reconditum
2341 1500 2501 1552 habet
2524 1514 2739 1563 manna,

1152 1581 1452 1650 angelicum
1479 1584 1732 1639 videlicet
1758 1602 1970 1654 pauent,
2003 1587 2104 1641 hoc
2132 1597 2238 1649 est,
2268 1588 2564 1643 divinitatis
2589 1598 2748 1643 aeter-

1152 1687 1237 1726 nae
1270 1672 1642 1728 dulcedinem?
1676 1676 1804 1729 Duae
1833 1691 1960 1731 vero
1986 1677 2208 1746 lapidea:
2238 1678 2432 1733 tabulae
2463 1679 2749 1735 inviolabi-

1154 1762 1258 1817 lem
1291 1765 1573 1836 utriusque
1603 1765 1932 1821 Testamenti
1977 1770 2191 1838 signant
2239 1768 2573 1824 ﬁrmitatem.
2604 1768 2745 1834 Quid

1155 1862 1337 1907 autem
1366 1856 1545 1910 Aaron
1576 1857 1747 1927 virga,
1778 1858 1879 1912 nisi
1908 1859 2104 1912 summi
2134 1861 2244 1913 veri
2274 1860 2547 1913 Pontiﬁcis
2577 1860 2746 1914 nostri
2776 1859 2823 1919 B

1154 1946 1392 2000 salutare
1419 1948 1672 2002 vexillum
1702 1959 1755 2003 et
1785 1950 2015 2004 vivitiea:
2040 1951 2218 2005 crucis
2264 1951 2519 2019 exprimit
2563 1966 2747 2005 sacra-

1152 2040 1432 2093 mentum?
1472 2041 1601 2105 Qua:
1631 2042 1795 2095 etiam
1830 2042 1884 2095 in
1924 2056 1991 2097 eo
2033 2042 2174 2112 quod
2206 2043 2537 2112 germinasse
2568 2044 2750 2111 perbi-

1151 2128 1331 2195 betur,
1375 2131 1739 2200 prazﬁguravit
1767 2142 2010 2187 sanctam
2039 2148 2256 2187 erucem
2282 2133 2607 2188 immortalis
2638 2150 2750 2188 me-

1150 2223 1341 2277 morire
1373 2223 1650 2278 viriditate
1692 2234 2032 2279 vernantem.
2079 2225 2202 2280 litee
2244 2235 2369 2279 sunt
2410 2234 2749 2281 sacramenta

1151 2312 1473 2367 universalis
1508 2314 1782 2378 Eeclesire,
1820 2316 1936 2371 haec
1969 2316 2133 2370 etiam
2175 2314 2429 2371 salutaris
2466 2317 2751 2371 instructio

1150 2400 1525 2470 cujuscunque
1568 2402 1743 2457 ﬁdelis
1790 2404 1985 2458 animat
2025 2404 2366 2458 Christianre.
2419 2404 2571 2470 Quod
2606 2406 2748 2457 enim

1153 2506 1281 2545 arca
1323 2506 1421 2561 per
1465 2492 1842 2549 adumbratam
1888 2496 2257 2564 praetendebat
2304 2496 2615 2564 imaginem,
2649 2497 2751 2549 hoe

1152 2600 1297 2639 nunc
1328 2584 1589 2650 Ecclesia,
1621 2587 1705 2639 vel
1743 2602 1974 2656 quaeque
2013 2604 2165 2641 mens
2190 2588 2319 2655 justi
2359 2602 2453 2656 per
2484 2586 2746 2641 eﬁicacis-

1150 2676 1343 2730 simam
1392 2683 1447 2729 et
1493 2685 1733 2742 apertam
1786 2676 2027 2744 possidet
2072 2677 2376 2730 veritatem.
2433 2676 2556 2729 llaec
2607 2676 2750 2729 beati

1154 2764 1381 2834 apostoli
1411 2766 1651 2835 mystica:
1678 2766 1990 2820 refectionis
2014 2766 2271 2820 alimenta
2298 2768 2611 2836 portabant,
2638 2768 2752 2821 hrec

1152 2864 1411 2923 tauquam
1472 2870 1665 2923 panem
1733 2857 1971 2925 parvulis
2025 2859 2341 2927 exponendo
2403 2858 2746 2926 frangebant.

1152 2945 1288 2998 Nam
1339 2955 1623 3015 postquam
1676 2948 2021 3009 crinigelit-us
2070 2947 2158 3002 illc
2206 2963 2386 3003 sermo
2434 2949 2683 3016 prorupit
2734 2965 2746 3000 :

1153 3039 1419 3103 Quoniam
1483 3055 1502 3088 ι
1543 3039 1753 3105 aperuit
1809 3040 1913 3091 illis
1969 3055 2222 3101 sensum,
2277 3048 2335 3091 ut
2390 3039 2752 3107 intelligerent

1153 3130 1463 3199 Seriptttt‘as
1496 3128 1646 3197 (Luc.
1687 3129 1869 3197 XXIV);
1913 3148 1929 3180 ι
1965 3130 2281 3199 prophetica
2320 3130 2537 3198 querela
2571 3145 2748 3183 cessa-

1152 3220 1253 3280 vit,
1282 3236 1386 3289 qua
1416 3220 1614 3273 dicitur
1653 3238 1663 3271 :

1151 3319 1271 3365 erat
1300 3310 1389 3379 qui
1424 3308 1698 3379 frangeret
1729 3311 1808 3363 eis
1836 3310 2051 3381 (Tltren.
2086 3312 2178 3380 tv).
2198 3329 2214 3360 ›
2251 3310 2347 3363 llic
2372 3318 2453 3364 est
2482 3310 2636 3377 panis
2665 3301 2752 3362 ille

1152 3403 1521 3472 quotidianus,
1572 3402 1727 3473 162
1777 3401 1975 3456 fratres
2019 3402 2156 3467 mei,
2199 3416 2359 3470 quem
2407 3416 2504 3455 nos
2540 3401 2753 3456 Veritas

1154 3493 1339 3547 docuit
1392 3494 1661 3547 inhianter
1708 3502 1999 3561 expetere;
2048 3494 2148 3547 hoc
2194 3493 2431 3547 etnlestis
2476 3493 2754 3564 sapientia:

1153 3584 1433 3653 pabulum,
1464 3584 1606 3653 quod
1636 3584 1897 3638 debemus
1924 3583 2125 3655 jugiter
2155 3583 2383 3638 esurire.

1776 3675 2005 3730 CAPUT
2045 3675 2129 3729 Vl.

1564 3761 1629 3815 In
1659 3780 1895 3817 sermone
1925 3765 1987 3816 de
2018 3762 2074 3817 S.
2106 3764 2339 3818 Andrea.

1238 3871 1255 3900 ι
1292 3851 1376 3904 Ait
1398 3849 1561 3904 Josue
1590 3852 1655 3904 ad
1682 3852 1937 3921 populum
1964 3869 1977 3905 :
2006 3851 2111 3905 Vos
2140 3862 2319 3906 autem
2351 3860 2560 3917 cavete,
2590 3869 2658 3907 ne
2688 3854 2754 3908 de

1156 3939 1506 3993 facultatibus
1533 3939 1749 3993 Jericho
1776 3941 2053 4009 quidpiam
2086 3942 2409 4011 contingatis
2440 3943 2574 4010 (λος.
2599 3942 2693 4013 vt).
2730 3962 2749 3994 ι

1157 4026 1319 4082 Vetat
1362 4036 1416 4082 et
1468 4038 1654 4083 noster
1700 4028 1877 4093 Iesus,
1924 4045 2086 4083 verus
2134 4032 2320 4099 utique
2374 4030 2643 4096 Salvator,
2694 4041 2757 4087 ιιι

1156 4132 1318 4171 nemo
1348 4133 1410 4170 ea
1441 4133 1560 4186 quae
1602 4121 1786 4173 mundi
1827 4130 1952 4173 sunt
1996 4121 2221 4190 diligat:
2259 4140 2275 4171 ι
2315 4122 2512 4186 Nolite,
2559 4124 2752 4191 inquit,

1156 4209 1529 4264 thesaurizare
1565 4210 1717 4264 vobis
1750 4212 2036 4265 thesauros
2065 4214 2117 4265 in
2161 4222 2304 4267 terra
2337 4213 2551 4279 (Matth.
2582 4216 2691 4283 vi);
2729 4235 2747 4267 ι

1153 4309 1215 4356 et
1252 4315 1347 4369 per
1373 4301 1674 4370 apostolum
1702 4316 1857 4354 suum
1892 4321 1904 4354 :
1950 4320 1967 4352 ι
2004 4303 2178 4356 Nolite
2216 4304 2440 4373 diligere
2474 4306 2753 4371 mundum,

1155 4406 1335 4458 neque
1362 4406 1424 4444 ea
1452 4406 1568 4458 quae
1598 4392 1651 4443 in
1681 4393 1880 4445 mundo
1913 4404 2035 4445 sunt
2062 4393 2113 4459 (I
2136 4394 2291 4445 Joatt.
2327 4395 2406 4464 II).
2439 4413 2454 4443 ι
2490 4394 2602 4448 Non
2628 4410 2755 4463 ergo

1156 4483 1227 4535 ad
1254 4482 1555 4549 exemplum
1587 4482 1817 4536 infelicis
1851 4485 2032 4535 Arhrtn
2069 4484 2206 4552 (Jos.
2235 4486 2328 4551 vti)
2354 4488 2415 4535 de
2440 4488 2751 4541 anathema-

1155 4578 1213 4625 te
1241 4568 1456 4625 Jericbo
1480 4572 1677 4639 aliquid
1708 4571 2112 4629 defraudeusus.
2150 4583 2203 4626 ut
2233 4574 2483 4628 videlicet
2522 4576 2653 4628 nihil
2686 4594 2750 4630 ex
2781 4558 2832 4617 Ῐ)

1157 4660 1440 4714 dissolutis
1466 4664 1751 4716 mundanae
1778 4667 2209 4719 conversationis
2241 4668 2481 4722 moribus
2514 4670 2753 4739 discipli—

1159 4753 1249 4806 nis
1270 4753 1657 4807 ecclesiasticis
1684 4754 2002 4809 inferamus.
2034 4757 2147 4811 Non
2174 4758 2484 4813 auferamus
2512 4762 2752 4830 pallium,

1156 4851 1221 4894 ut
1262 4851 1385 4909 post
1436 4844 1805 4899 indumentum
1859 4847 1980 4902 ﬁdei
2026 4849 2229 4903 cultum
2284 4855 2754 4911 conversationum

1160 4932 1498 4985 smeularimn
1526 4934 1828 4989 nullatenus
1853 4938 1903 4990 in
1932 4940 2168 5004 luamus;
2205 4958 2308 4995 non
2334 4946 2539 5011 argenti
2570 4946 2752 5011 siclos,

1159 5031 1224 5076 ut
1250 5024 1339 5092 qui
1371 5034 1629 5077 mternnm
1658 5028 1971 5083 thesaurum
2002 5032 2054 5084 in
2082 5033 2219 5086 cmlo
2251 5036 2616 5101 recoudimus,
2642 5039 2757 5093 nul-

1157 5114 1268 5167 lam
1301 5117 1650 5185 temporalem
1681 5121 1963 5188 pecuniam
2007 5138 2104 5190 per
2138 5126 2489 5181 ambitionem
2519 5131 2569 5183 in
2598 5132 2757 5184 suda-

1159 5205 1245 5259 rio
1272 5220 1626 5274 reponamus;
1664 5226 1767 5262 non
1800 5212 2033 5281 denique
2066 5215 2306 5283 regulam
2342 5234 2582 5283 auream,
2614 5230 2672 5273 ut
2704 5222 2756 5275 in

1160 5298 1463 5353 I'chlesiant
1491 5299 1692 5354 Christi
1732 5319 1835 5356 non
1869 5318 2121 5359 accurata
2155 5308 2560 5367 introducamus
2588 5313 2757 5369 luere-

1160 5388 1221 5438 ti.
1241 5400 1392 5441 orum
1416 5389 1696 5458 dogmata;
1721 5408 1824 5444 non
1852 5392 2109 5447 trutinata
2135 5398 2575 5467 philosophorum
2602 5414 2758 5459 acute

1160 5477 1550 5543 disputantium
1570 5480 1763 5539 studia,
1786 5482 1865 5533 vel
1888 5492 2164 5550 poetarum
2184 5487 2457 5541 elaborata
2480 5489 2753 5559 ﬁgmenta.

1164 5563 1207 5615 ll
1229 5580 1289 5616 ec
1313 5575 1391 5620 est
1417 5568 1559 5620 enim
1587 5583 1747 5623 aurea
1770 5572 1859 5625 illa
1885 5574 2088 5640 regula,
2114 5575 2299 5629 limato
2320 5580 2573 5634 videlicet
2598 5591 2757 5651 atque

1163 5656 1329 5726 polito
1359 5673 1609 5716 sermone
1648 5665 1876 5725 directa,
1912 5676 1965 5718 et
1994 5666 2139 5721 velut
2169 5684 2333 5723 aureo
2362 5670 2647 5728 luculenta:
2674 5673 2755 5729 fa-

1164 5747 1373 5801 eundi»?
1405 5749 1579 5803 nitore
1628 5756 1835 5807 vestita.
1886 5754 2032 5811 lianc
2078 5768 2253 5813 autem
2302 5762 2541 5832 regulam
2592 5763 2757 5822 furati

2843 597 3121 653 hominum
3158 604 3370 664 pestes;
3404 594 3516 661 qui,
3546 592 3673 647 dum
3704 591 4143 660 philosophorum
4172 600 4350 642 sertas
4383 590 4437 643 in

2840 685 3138 741 Ecciesiam
3189 684 3370 737 conati
3414 690 3542 735 sunt
3585 680 3951 741 introducere,
3986 680 4121 733 iram
4158 679 4247 732 Dei
4297 694 4438 748 quo-

2844 774 3132 830 dammodo
3164 786 3327 844 snper
3371 778 3551 827 castra
3598 770 3766 827 lsrael
3798 772 3895 824 visi
3942 779 4071 824 sunt
4118 784 4440 837 provocare.

2845 864 2953 919 Sed
2986 864 3025 917 ii
3049 864 3229 919 obruti
3256 871 3382 916 sunt
3408 878 3535 916 eum
3572 860 3761 915 Acban
3808 860 3909 913 sub
3946 874 4141 914 acervo
4177 859 4437 929 lapidum,

2844 956 2969 1025 quia
3000 954 3243 1024 oppressi
3295 964 3422 1007 sunt
3466 952 3862 1006 immanissima
3906 950 4146 1021 pondere
4190 958 4445 1028 peccato-

2844 1061 2983 1101 rum.
3012 1044 3118 1099 Nos
3140 1052 3341 1101 autem.
3368 1044 3568 1098 fratres
3588 1043 3919 1106 eharissimi,
3944 1041 4068 1112 quia
4100 1042 4443 1110 philosophia

2844 1143 3029 1189 nostra
3053 1133 3303 1189 Christus
3330 1144 3410 1188 est
3437 1146 3491 1188 et
3522 1134 3610 1188 hic
3639 1133 3951 1197 crucifixus,
3980 1143 4145 1203 atque
4178 1134 4297 1187 ideo
4331 1148 4447 1184 tua-

2845 1226 3044 1295 gistros
3075 1226 3338 1280 habemus
3380 1241 3486 1279 non
3529 1234 3800 1287 oratores,
3840 1224 3935 1278 sed
3979 1224 4298 1293 piscatores,
4337 1238 4447 1277 nou

2845 1324 3095 1370 versutos
3137 1325 3193 1369 et
3229 1315 3569 1385 eloquentes,
3613 1314 3706 1369 sed
3737 1315 3895 1369 mites
3928 1330 3991 1369 ae
4022 1311 4319 1383 simplices,
4352 1311 4448 1367 de-

2846 1406 3140 1475 spiciemus
3176 1407 3499 1474 sapientiam
3526 1421 3646 1475 qua:
3682 1413 3881 1469 esteat,
3912 1414 4233 1476 appetaums
4269 1403 4453 1458 stulti-

2846 1496 2977 1550 tiam
3001 1510 3120 1564 qure
3147 1496 3420 1551 discentes
3451 1494 3734 1549 illuminat.
3768 1514 3787 1546 ι
3815 1497 3951 1562 Quia
3975 1495 4141 1561 enim,
4174 1515 4191 1547 ι
4226 1506 4281 1547 ιιι
4304 1497 4451 1563 Apo—

2848 1582 3017 1639 stolus
3062 1584 3174 1647 ait,
3207 1603 3226 1635 ‹
3256 1599 3365 1638 non
3412 1585 3665 1654 cognovit
3713 1584 3946 1639 tuendus
3992 1599 4091 1653 per
4124 1582 4451 1654 sapientiam

2850 1673 3051 1739 Deum,
3093 1674 3299 1744 placuit
3346 1691 3443 1745 per
3488 1676 3772 1731 stultitiam
3820 1677 4222 1747 praedicationis
4265 1676 4451 1731 salvos

2848 1763 3031 1820 facere
3061 1765 3345 1821 credentes
3378 1765 3431 1838 (1
3460 1764 3582 1821 Cor.
3615 1768 3677 1834 ι).
3711 1786 3729 1818 ι

3466 1858 3694 1914 CAPUT
3735 1858 3843 1915 VII.

3364 1946 3430 2001 In
3462 1948 3641 2001 eodem
3673 1966 3931 2004 sermone.

2926 2056 2945 2089 ι
2965 2037 3155 2093 Cuncti
3184 2047 3365 2093 autem
3384 2040 3691 2095 habitantes
3712 2040 3929 2097 Jericho
3951 2042 4131 2113 gladio
4146 2045 4461 2102 trucidanta

2850 2137 3273 2187 consumuntur;
3329 2129 3440 2183 sola
3497 2139 3677 2184 autem
3718 2131 3910 2185 domus
3955 2132 4107 2187 Raab
4150 2136 4457 2191 meretricis

2850 2218 3042 2283 evasit,
3061 2233 3225 2287 quam
3246 2219 3499 2274 videlicet
3526 2221 3794 2277 funiculus
3818 2225 4105 2281 coecineus
4134 2226 4184 2280 in
4212 2227 4459 2284 fenestra

2850 2306 3108 2362 discrevit
3140 2307 3278 2378 (los,
3305 2310 3403 2377 vt).
3444 2331 3459 2363 ο
3498 2312 3698 2366 Domus
3728 2323 3911 2369 autem
3944 2317 4033 2370 illa
4068 2319 4284 2373 unicam
4318 2337 4468 2389 prze-

2851 2396 3048 2467 figurat
3086 2397 3417 2464 Ecclesiam,
3452 2418 3573 2470 qua:
3607 2404 3889 2471 puriﬁcata
3932 2416 4010 2461 est
4050 2423 4077 2461 a
4125 2411 4461 2479 turpitudine

2851 2484 3230 2543 fornicationis
3257 2506 3353 2559 per
3381 2491 3677 2548 fenestram
3704 2496 4066 2554 confessionis
4097 2502 4149 2554 in
4176 2505 4461 2572 sanguinis

2852 2580 3193 2635 remissione.
3228 2583 3351 2637 ll;ee
3378 2586 3538 2653 plane
3576 2603 3604 2640 a
3638 2592 3910 2644 comnmni
3955 2596 4235 2661 pereuntis
4266 2598 4462 2652 mundi

2851 2667 3116 2723 liberatur
3145 2674 3375 2736 excidio,
3408 2678 3535 2745 quia
3568 2677 3621 2731 in
3652 2678 3889 2735 fenestra
3920 2683 4114 2739 donms
4139 2702 4251 2740 sua:
4276 2688 4463 2741 cocci-

2851 2769 3013 2810 neum
3050 2758 3184 2829 ligat
3216 2760 3537 2830 funiculum,
3576 2766 3701 2820 dum
3734 2770 3786 2821 in
3816 2785 3910 2824 ore
3947 2774 4192 2843 corporis
4222 2776 4302 2829 sui
4335 2792 4463 2845 por-

2854 2854 2970 2899 tare
3001 2863 3105 2902 non
3146 2852 3346 2905 desinit
3374 2856 3644 2922 passionis
3675 2858 3970 2916 Dominicae
4007 2876 4408 2919 sacramentum
4443 2883 4459 2921 :

2859 2955 2877 2986 ι
2910 2936 3086 2993 Corde
3114 2942 3258 2995 enim
3298 2944 3543 2999 creditur
3570 2949 3636 3001 ad
3673 2946 3964 3015 justitiam,
3999 2968 4094 3007 ore
4121 2964 4302 3009 autem
4331 2970 4464 3009 eon-

2852 3024 3018 3080 fessio
3052 3032 3109 3081 tit
3137 3031 3205 3084 ad
3248 3032 3475 3087 salutem
3512 3034 3691 3105 (Rom.
3721 3043 3797 3107 ι).
3834 3059 3853 3091 ι
3897 3040 4066 3097 Porro
4097 3052 4274 3098 autem
4316 3043 4460 3098 funi-

2854 3117 3008 3171 cuius
3040 3118 3125 3172 ille
3152 3121 3219 3175 ad
3256 3123 3476 3177 domum
3508 3137 3627 3179 erat
3656 3128 3875 3198 ligatus,
3908 3132 4003 3185 sed
4036 3136 4279 3189 exterius
4309 3135 4465 3190 vide-

1710 3238 1727 3269 .
1762 3220 1975 3273 Ρηι-νυιί
2009 3221 2281 3289 perierunt
2308 3235 2525 3288 panem,
2558 3228 2611 3272 ρι
2643 3236 2745 3271 nm.
2778 3200 2821 3262 C
2858 3208 3189 3279 batur,quia
3220 3212 3517 3270 Dominicze
3539 3220 3719 3272 crucis
3744 3220 3876 3275 ﬁdes
3903 3223 3955 3275 in
3980 3225 4143 3279 corde
4173 3227 4466 3292 retinetur,

2859 3299 3016 3370 163
3073 3317 3194 3370 quae
3242 3304 3355 3359 oris
3410 3307 3755 3363 confessione
3806 3312 4161 3381 depromitur.
4218 3316 4466 3386 Reliquis

2855 3392 3072 3459 Quidem
3104 3395 3477 3463 pereuntibus,
3510 3414 3701 3455 omnes
3731 3405 3823 3471 qui
3860 3405 3912 3458 in
3948 3406 4108 3465 domo
4144 3407 4229 3462 illa
4262 3411 4469 3479 reperti

2857 3492 2983 3535 sunt
3011 3486 3207 3539 mortis
3233 3500 3455 3543 evasere
3483 3491 3818 3560 periculum;
3854 3497 3979 3566 quia
4015 3500 4157 3554 sicut
4190 3501 4328 3555 intra
4362 3503 4467 3557 Ee-

2858 3574 3079 3631 clesiam
3112 3593 3303 3634 omnes
3333 3582 3617 3637 salvantur
3650 3586 3829 3653 electi,
3870 3590 3941 3643 ita
3973 3601 4127 3645 extra
4162 3592 4466 3649 Ecclesiam

2856 3681 3018 3723 nemo
3044 3670 3243 3737 poterit
3274 3670 3457 3728 salvus
3494 3674 3748 3731 inveniri.
3793 3678 3901 3735 Sed
3932 3680 4168 3738 fortasse
4196 3686 4466 3753 quaeritur

2858 3758 3128 3823 quomodo
3157 3767 3212 3811 et
3252 3774 3399 3822 area,
3428 3776 3548 3830 qua:
3578 3766 3766 3819 urbem
3798 3768 4129 3826 circumiens
4155 3775 4465 3838 obsidebat,

2857 3858 2911 3903 et
2960 3850 3153 3905 domus
3203 3850 3374 3917 Raab,
3428 3870 3547 3923 qua:
3598 3857 3767 3926 ipsius
3816 3864 4089 3919 mmnibus
4138 3866 4465 3932 inbazrebat,

2857 3951 3087 4010 utraque
3116 3943 3373 3998 nimirum
3402 3962 3491 4001 res
3517 3964 3680 4003 unam
3710 3951 3957 4023 designet
3986 3956 4312 4024 Ecclesium,
4337 3976 4464 4017 cum

2859 4044 2985 4083 arca
3014 4030 3267 4087 videlicet
3310 4033 3557 4091 obsideat
3602 4045 3656 4093 et
3697 4054 4000 4113 expugnet,
4049 4047 4242 4104 domus
4283 4059 4467 4107 autem

2859 4121 3110 4175 videatur
3131 4123 3391 4179 obsessa?
3417 4126 3524 4182 Sed
3555 4129 3670 4184 hazc
3697 4134 3924 4200 quaestio
3954 4135 4113 4193 facile
4140 4140 4387 4205 solvitur,
4420 4142 4471 4197 si

2862 4211 2913 4264 in
2943 4212 3202 4267 membris
3224 4214 3501 4282 Ecclesize,
3518 4234 3638 4287 qua:
3663 4223 3730 4275 sit
3752 4224 4057 4287 diversitas,
4086 4231 4358 4285 subtiliter
4381 4242 4468 4285 at-

2862 4304 3130 4358 tendatur.
3164 4306 3408 4363 Ecclesia
3432 4326 3669 4380 namque
3694 4328 3967 4386 expugnat
3990 4319 4313 4387 Ecclesium,
4342 4340 4469 4380 euut

2859 4393 3270 4461 prazdicatores,
3323 4399 3567 4469 magistri
3618 4412 3671 4456 et
3718 4406 3966 4475 discipuli
4014 4412 4367 4479 prarsidentcs
4413 4424 4471 4469 et

2860 4486 3299 4555 obtemperantes
3343 4506 3410 4545 ex
3452 4509 3561 4549 uno
3604 4497 3802 4550 divinae
3848 4505 4277 4570 regenerationis
4314 4506 4469 4563 fonte

2860 4579 3174 4644 procedere,
3210 4597 3376 4635 unum
3420 4584 3653 4654 denique
3694 4602 3889 4659 corpus
3920 4593 4176 4650 Ecclesiae
4211 4607 4465 4667 tanquam

2863 4666 3076 4722 diversa
3112 4671 3400 4726 videantur
3442 4678 3685 4731 membra
3716 4680 4012 4749 complere.
4061 4684 4158 4737 Cui
4209 4689 4469 4743 nimirqu

2861 4761 3119 4817 Ecclesia:
3144 4780 3239 4835 per
3267 4766 3609 4823 Psalmistant
3638 4771 3837 4826 dicitur
3864 4793 3877 4826 :
3914 4794 3931 4825 ι
3962 4775 4069 4830 l’ro
4092 4779 4337 4846 patribus
4365 4782 4471 4837 tuis

2860 4857 2971 4907 nati
3011 4866 3137 4909 sunt
3177 4858 3271 4911 tibi
3303 4859 3395 4912 ﬁlii
3430 4859 3608 4929 (Psal.
3639 4863 3818 4935 xuv);
3853 4885 3870 4917 ι
3917 4868 4017 4936 ipsi
4053 4886 4182 4924 sane
4212 4874 4468 4940 apostoli,

2859 4946 2953 5015 qui
2976 4947 3041 5000 ad
3067 4949 3387 5016 capiendam
3416 4952 3669 5007 humanae
3694 4957 3960 5025 superbiae
3987 4958 4207 5014 .lericbo
4242 4970 4347 5015 tam
4374 4980 4470 5018 va-

2860 5033 2989 5096 lida,
3026 5043 3133 5088 tam
3183 5038 3403 5091 robusta
3453 5039 3713 5096 fulminea
3747 5046 4193 5113 pl‘tL‘tllCﬂiltlllUlll
4243 5067 4469 5107 suarum

2855 5123 3033 5193 jacnla
3068 5137 3401 5190 COItht'SCt'C,
3431 5132 3593 5185 unius
3618 5131 3967 5204 ejusdemque
4000 5137 4260 5192 Erclesire
4288 5150 4341 5193 ct
4370 5159 4467 5211 pa-

2863 5224 2977 5269 tres
3002 5218 3401 5285 quodammodo
3439 5221 3694 5276 videntur
3725 5234 3780 5277 et
3809 5226 3927 5287 lilii,
3958 5228 4051 5280 ﬁlii
4086 5229 4336 5283 videlicet
4368 5248 4467 5301 pa-

2865 5310 3229 5364 triareharum
3277 5322 3331 5365 et
3384 5316 3807 5384 prophetarum,
3855 5328 4040 5388 patres
4089 5336 4217 5375 vero
4271 5325 4468 5378 subse—

2864 5402 3146 5468 quentium
3175 5403 3419 5458 omnium
3452 5407 3708 5477 deinceps
3739 5408 4055 5465 electorum.

2920 5480 3075 5546 illinc
3097 5503 3181 5547 est
3202 5494 3345 5548 enim
3370 5497 3517 5564 quod
3547 5498 3715 5569 Moysi
3746 5501 3924 5554 divina
3954 5518 4085 5555 voce
4116 5506 4465 5575 rit-recipitur:

2872 5601 2888 5632 ‹
2928 5582 2996 5638 Ut
3022 5595 3077 5638 et
3104 5587 3259 5640 bases
3292 5600 3581 5657 argenteas
3614 5591 3825 5656 fundat,
3853 5604 3901 5647 et
3942 5595 4150 5649 tabulas
4187 5598 4466 5653 inaurata:

2866 5676 3099 5747 desuper
3119 5680 3291 5749 erigat
3316 5680 3512 5747 (Exod.
3546 5686 3718 5751 xxvi).
3756 5704 3772 5734 ι
3810 5685 3947 5751 Quid
3974 5697 4153 5741 autem
4188 5704 4279 5757 per
4306 5691 4468 5745 bases

2867 5779 3171 5841 argenteas,
3207 5771 3309 5826 nisi
3360 5773 3748 5842 prophetarum
3804 5777 4011 5833 videtur
4056 5780 4189 5833 ordo
4235 5780 4463 5849 signari,
