5904 6656
1384 390 1523 442 10⁸73

2257 383 2755 443 οοιιεατΑΝεΑ
2794 382 2860 438 lN
2900 380 3131 438 VETUS
3168 380 3709 439 TESTAMENTUM.

4504 384 4627 443 1076

1379 494 1470 564 qui
1498 495 1623 549 dum
1655 496 1815 564 primi
1848 496 1913 550 de
1937 506 2277 553 sacramento
2306 497 2565 553 Ecclesiae
2598 506 2724 552 sunt
2764 497 2951 560 loculi,
2980 498 3031 557 Α
3056 493 3295 560 Jericbo,
3326 512 3447 565 quae
3489 499 3540 551 in
3569 498 3749 551 lunam
3786 498 4031 562 vertitur,
4061 497 4176 553 haec
4205 498 4317 552 vita
4359 498 4619 569 signatur,

1376 586 1530 653 quasi
1562 586 1820 655 quasdam
1864 586 2023 641 bases
2065 601 2159 642 eos
2186 587 2479 655 aspicimus
2522 602 2554 642 a
2602 585 2954 640 fundamento

1375 688 1703 744 consurgere
1722 684 1773 729 et
1795 677 2131 745 superposita
2155 676 2372 731 fabricae
2393 676 2629 747 pondera
2648 675 2954 731 sustinere?

1374 762 1512 829 Quid
1540 779 1666 819 vero
1710 780 1807 834 per
1851 766 2079 830 tabulas,
2126 766 2227 820 nisi
2274 767 2447 821 sancti
2480 768 2781 836 ligurantur
2824 782 2950 836 apo.

1371 853 1517 914 stoli,
1565 853 1655 923 qui
1702 864 1922 908 extensa
1968 870 2065 923 per
2106 858 2362 910 mundum
2406 857 2782 927 prtedicatione
2824 865 2949 910 sunt

1368 942 1701 1011 amplissime
1727 943 1969 997 dilatati?
2010 946 2386 1015 Apostolorum
2416 961 2646 1015 namque
2676 947 2941 1012 doctrina,

1362 1033 1518 1100 quasi
1548 1034 1871 1101 quibusdam
1916 1035 2135 1090 basibus
2176 1036 2499 1106 prophetica:
2542 1036 2944 1105 praedicationis

1364 1122 1646 1188 innititur,
1679 1140 1977 1194 eorumque
2019 1128 2337 1180 auctoritate
2364 1126 2429 1179 ad
2455 1135 2629 1179 stattts
2660 1126 2739 1179 sui
2778 1127 2944 1179 robur

1358 1214 1591 1271 firmiter
1616 1218 1899 1273 solidatur.
1934 1218 2084 1273 Unde
2119 1229 2173 1271 et
2207 1220 2509 1287 conjuncta:
2536 1218 2673 1272 bina:
2702 1218 2860 1271 bases
2887 1219 2940 1270 in

1357 1308 1588 1376 singulis
1630 1308 1827 1365 tabulis
1874 1320 2273 1379 supponuntur,
2322 1311 2467 1378 quia,
2490 1312 2617 1364 dum
2664 1312 2939 1378 prophetat

1355 1398 1530 1451 sancti
1573 1398 1627 1452 in
1660 1398 1836 1453 verbis
1866 1400 1977 1453 suis
2014 1400 2241 1454 invicem
2284 1400 2348 1453 de
2374 1399 2571 1454 futura:
2601 1408 2728 1454 tunc
2753 1400 2937 1454 Eccle-

1352 1488 1447 1543 siae
1474 1498 1814 1544 sacramento
1854 1491 2205 1555 concordant,
2244 1492 2636 1561 subsequentes
2666 1491 2935 1561 apostolos

1350 1576 1680 1632 aediﬁcantes
1707 1578 2003 1645 aediﬁcant;
2038 1589 2091 1634 et
2126 1594 2245 1633 cum
2286 1597 2314 1634 a
2348 1582 2653 1651 semetipsis
2689 1580 2745 1634 in
2786 1580 2933 1635 nullo

1347 1665 1695 1733 dissentiunt,
1724 1668 1842 1722 illos
1884 1670 1938 1722 in
1980 1685 2038 1723 se
2070 1671 2340 1724 robustius
2366 1670 2554 1740 ﬁgunt.
2602 1669 2711 1725 Nec
2738 1671 2929 1725 imme-

1341 1758 1454 1813 rito
1503 1758 1683 1822 bases,
1728 1760 1923 1828 quibus
1965 1762 2237 1828 praphetre
2278 1761 2580 1831 signantur,
2628 1771 2686 1815 ut
2728 1776 2793 1815 ex
2838 1776 2929 1813 ar-

3059 587 3147 641 ille
3170 588 3442 644 civitatem
3468 591 3684 647 Jericbo
3714 591 3765 644 in
3790 592 4143 661 primogenito
4170 606 4270 647 suo
4297 593 4619 661 suscitatqui

3055 676 3194 730 bona
3226 682 3507 746 praesentis
3540 683 3659 734 vita:
3688 682 4057 751 principaliter
4082 691 4247 736 amat.
4276 682 4345 736 Et
4370 683 4491 751 quia
4518 682 4613 736 Ve-

3054 770 3187 824 ritas
3232 771 3285 823 in
3334 772 3623 843 Evangelia
3656 774 3932 843 praecipit:
3967 792 3985 824 ι
4018 774 4254 828 Primum
4285 775 4503 844 quaerite
4532 788 4610 828 re-

3052 876 3213 929 gnum
3247 863 3377 930 Dei,
3408 875 3463 918 et
3505 867 3617 919 haec
3651 866 3829 920 omnia
3868 865 4190 935 adjicientur
4228 866 4377 920 vobis
4405 865 4606 935 (Jlattli.

3048 950 3157 1021 vr);
3190 971 3208 1003 ι
3238 957 3433 1009 merito
3458 956 3835 1011 maledictione
3862 957 4146 1011 damnatur
4166 956 4405 1025 quisquis
4424 956 4491 1009 ab
4513 956 4608 1010 boc

3045 1052 3320 1111 pra-cepto
3343 1044 3614 1099 deelinare
3636 1046 3994 1109 convincitur,
4018 1044 4279 1115 Propheta
4306 1053 4601 1109 attestante,

3044 1130 3135 1197 qui
3175 1134 3252 1186 ait
3283 1151 3295 1186 :
3336 1152 3353 1186 ι
3391 1135 3687 1199 Maledicti,
3729 1137 3821 1205 qui
3864 1137 4134 1191 declinant
4164 1153 4191 1190 a
4224 1138 4478 1191 mandatis
4506 1138 4605 1191 tuis

3042 1214 3216 1287 (Psal.
3253 1225 3464 1291 cxvtn).
3500 1242 3520 1274 ι
3554 1223 3623 1276 At
3648 1234 3833 1278 contra
3873 1223 3962 1278 ille
3991 1233 4169 1293 portas
4208 1224 4417 1279 Jericbo
4458 1228 4603 1295 ponit

3039 1307 3093 1361 in
3124 1310 3419 1365 novissimo
3450 1310 3773 1376 liberorum,
3803 1312 3893 1383 qui
3924 1313 4003 1367 sic
4036 1314 4200 1367 utitur
4234 1315 4601 1383 temporalibus

3040 1398 3200 1452 bonis
3235 1410 3289 1454 ut
3316 1401 3429 1455 bare
3458 1416 3563 1455 non
3594 1417 3716 1455 cum
3748 1418 3933 1456 amore
3961 1404 4250 1471 possideat,
4285 1404 4374 1457 sed
4408 1404 4470 1458 ad
4498 1420 4598 1465 ete-

3035 1484 3188 1540 lestis
3210 1487 3392 1555 gloriae
3414 1490 3693 1559 praemium
3716 1490 4025 1546 medullitus
4044 1493 4357 1547 inardescat.
4380 1493 4475 1560 Qui
4495 1508 4597 1549 cae-

3035 1574 3263 1633 lestibus
3306 1580 3361 1632 in
3404 1595 3588 1635 amore
3615 1596 3714 1635 suo
3752 1592 3967 1636 terrena
3988 1583 4253 1652 supponit,
4300 1585 4596 1639 transitoria

3033 1664 3399 1736 ﬂoccipendit.
3446 1669 3563 1724 Hoc
3610 1671 3793 1739 itaque
3839 1670 4045 1727 faciens
4090 1682 4143 1727 et
4185 1672 4377 1728 odiosae
4418 1675 4597 1729 uxoris

3035 1755 3225 1821 (ilium,
3249 1754 3402 1827 juxta
3432 1762 3683 1813 mandata
3710 1761 3860 1830 legis,
3888 1760 4049 1815 eﬂlcit
4074 1762 4498 1830 primogenitum,
4520 1772 4590 1827 et,

1340 1861 1506 1921 gento
1536 1851 1768 1905 debeant
1797 1852 1943 1904 fundi
1976 1853 2306 1921 praccipitur.
2337 1829 2567 1923 VArgcnti
2593 1854 2788 1922 quippe
2816 1853 2926 1906 cla-
2954 1829 3002 1891 Β
3029 1848 3325 1901 secundum
3369 1848 3535 1904 Josue
3574 1829 3919 1915 sententiam,
3948 1861 4131 1920 portas
4159 1850 4371 1906 Jericlto
4410 1853 4460 1905 in
4499 1868 4591 1907 no-

1341 1944 1481 1997 ritas
1511 1959 1573 1998 ex
1600 1960 1695 1997 usu
1728 1954 2007 2008 servatur;
2036 1946 2151 1999 sine
2176 1961 2275 1999 usu
2299 1954 2477 1999 autem
2508 1946 2561 1997 in
2592 1945 2921 2014 nigredincm

1335 2036 1589 2091 vertitur.
1623 2036 2012 2105 Prophetarum
2046 2053 2258 2106 quoque
2286 2038 2428 2092 dicta
2472 2047 2761 2106 antequam
2791 2054 2923 2105 apo-

1333 2126 1525 2182 stolica
1554 2128 1934 2194 praedicatione
1968 2127 2352 2193 clarescerent,
2382 2130 2506 2199 quia
2552 2130 2604 2181 in
2634 2144 2732 2181 usu
2762 2128 2921 2197 spiri-

1333 2221 1499 2273 tualis
1546 2220 1910 2288 intelligentia:
1964 2236 2069 2273 non
2117 2228 2298 2280 erant,
2354 2220 2481 2272 dum
2528 2219 2763 2286 conspici
2810 2234 2919 2285 prae

1333 2308 1669 2362 obscuritate
1699 2323 1802 2360 non
1834 2317 2115 2375 poterant,
2148 2308 2299 2375 quasi
2338 2308 2491 2377 nigra
2532 2306 2913 2371 remanebant;

1332 2409 1389 2451 at
1412 2409 1694 2467 postquam
1728 2397 2031 2466 apostolica:
2066 2398 2463 2466 prcedicatiunis
2493 2412 2686 2451 manus
2720 2397 2910 2449 vatici-

1330 2489 1422 2542 nia
1468 2490 1696 2542 obscura
1728 2489 1968 2551 detersit,
2012 2488 2272 2557 quidquid
2320 2488 2455 2541 lucis
2506 2487 2558 2540 in
2599 2488 2680 2540 eis
2713 2486 2914 2540 latebat

1327 2578 1588 2633 inclaruit
1628 2593 1923 2647 sensusque
1955 2594 2140 2631 eorum
2174 2578 2429 2646 tnysticos
2466 2578 2519 2630 in
2561 2592 2715 2633 usuin
2744 2576 2911 2639 dedit,

1326 2672 1453 2737 quia
1494 2669 1657 2722 verba
1694 2668 1805 2736 jam
1844 2670 2004 2723 rebus
2037 2684 2155 2721 esse
2184 2670 2425 2737 exposita
2459 2667 2741 2737 perspicue
2772 2680 2906 2722 nun-

1324 2759 1499 2812 tiavit.
1534 2758 1661 2812 .lure
1691 2758 1854 2827 igitur
1888 2759 2273 2826 praecipiuntur
2304 2756 2419 2810 fieri
2442 2767 2497 2810 et
2524 2758 2679 2809 bases
2715 2766 2909 2825 argen-

1323 2857 1427 2900 tea:
1469 2857 1523 2901 et
1576 2847 1766 2900 tabula:
1813 2849 2104 2911 tleauratte,
2147 2848 2270 2914 quia
2320 2846 2570 2900 videlicet
2615 2846 2909 2913 apostolica

1320 2949 1595 3009 prmeepta
1629 2940 2009 3008 prophetarum
2035 2940 2270 2994 oraculis
2297 2940 2454 3009 longe
2486 2943 2607 2993 sunt
2646 2939 2903 2993 clariora.

1397 3030 1459 3086 Ut
1491 3047 1619 3100 ergo
1650 3032 1716 3083 ad
1744 3031 2019 3099 superiora
2064 3032 2368 3095 redeamus,
2398 3045 2502 3083 non
2548 3032 2901 3097 incongruum

1317 3131 1401 3177 est
1430 3123 1472 3176 si
1503 3132 1557 3175 et
1584 3137 1734 3184 arca,
1781 3132 1834 3176 et
1860 3122 2049 3175 domus
2089 3122 2410 3185 meretricis,
2443 3135 2563 3189 qua:
2601 3120 2899 3183 obsidetur,

3030 1937 3251 1993 vissimo
3281 1939 3510 1993 suscitat
3538 1940 3851 1995 liberorum.
3884 1942 4000 2006 Quo
4034 1952 4216 1996 contra
4248 1941 4372 1997 Cain
4406 1944 4456 1997 in
4486 1943 4592 2013 pri-

3025 2033 3299 2101 mogenito
3342 2048 3444 2087 suo
3493 2032 3710 2089 llenocli
3740 2035 3978 2088 condidit
4018 2035 4285 2089 civitatem
4322 2034 4465 2105 (Cen.
4493 2037 4587 2105 tv),

3022 2121 3150 2190 quia
3179 2122 3413 2177 futuram
3464 2140 3569 2178 nou
3600 2125 3853 2193 sperabat
3878 2125 4275 2189 bareditatem;
4304 2136 4355 2179 et
4379 2125 4501 2194 quia
4533 2140 4589 2181 se

3022 2212 3177 2280 quasi
3212 2212 3263 2263 in
3306 2211 3524 2266 Jericlto
3552 2213 3711 2280 hujus
3738 2215 3917 2268 saeculi
3947 2230 4281 2285 praaproyere
4310 2215 4586 2281 dedicavit,

3019 2300 3253 2369 elogium
3284 2313 3560 2371 perpetua:
3594 2303 3985 2359 ntaledictionis
4012 2305 4255 2359 incurrit.
4291 2303 4437 2359 Unde
4458 2305 4584 2359 scri-

3016 2399 3166 2456 ptum
3190 2400 3272 2443 cst
3296 2408 3308 2442 :
3341 2409 3359 2440 ι
3388 2391 3708 2460 llmreditas,
3733 2393 3798 2447 ad
3823 2410 3984 2463 quam
4014 2394 4293 2449 festinatur
4314 2395 4365 2449 in
4391 2395 4582 2465 princi-

3016 2482 3126 2549 pio,
3150 2482 3201 2535 in
3227 2482 3517 2539 novissimo
3537 2484 3914 2540 benedictione
3937 2502 3997 2541 ea
4008 2487 4143 2541 rebit
4170 2485 4346 2557 (Prov.
4368 2486 4531 2557 nvi).
4558 2504 4577 2536 ι

3252 2557 3273 2571 ‘
3628 2575 3855 2632 CAPUT
3892 2576 3982 2632 1x.

3246 2660 3316 2715 In
3350 2662 3484 2715 libro
3517 2664 3581 2716 de
3613 2665 3926 2731 perfectione
3960 2666 4332 2721 Monac/torum

3086 2748 3338 2805 Nonnulli
3360 2769 3613 2823 namque,
3632 2756 3774 2823 quod
3798 2757 3917 2812 sine
3938 2758 4135 2828 gemitu
4160 2759 4335 2814 dicere
4356 2773 4573 2827 nequeo,

3010 2840 3089 2894 sic
3126 2842 3191 2895 ad
3232 2858 3382 2898 novae
3425 2846 3698 2913 religionis
3728 2856 4008 2903 transeunt
4042 2850 4280 2906 ordinem
4312 2860 4367 2904 ut
4404 2859 4573 2905 tamen

3008 2932 3301 2998 praneritze
3328 2936 3448 2989 vita:
3472 2950 3745 3003 nunquam
3773 2937 4025 2993 deserant
4052 2949 4379 2995 vetustatem.
4410 2940 4470 2995 Hi
4496 2942 4571 2995 ni-

3008 3024 3207 3076 mirum
3232 3023 3549 3080 Gabaonita:
3574 3037 3720 3093 sunt,
3746 3044 3851 3083 non
3874 3030 4143 3086 Israelita.
4171 3031 4357 3087 Notum
4384 3034 4571 3103 quippe

3006 3120 3089 3165 est
3132 3113 3274 3179 quod
3321 3112 3657 3178 Gabaonitat,
3706 3119 3895 3171 mortis
3946 3119 4141 3175 timore
4179 3122 4463 3187 perterriti,
4505 3122 4569 3175 ad

1314 3227 1478 3267 unam
1523 3213 1875 3281 eamdemque
1914 3213 2217 3281 exprimere
2244 3214 2527 3266 videantur
2578 3210 2897 3275 Ecclesium,
2929 3192 2974 3254 (ἶ
3004 3197 3358 3256 ιενιιριὶιὶουηι
3382 3204 3635 3271 populum
3661 3221 3783 3260 cum
3817 3205 4005 3262 fraude
4028 3217 4081 3262 et
4110 3210 4391 3265 calliditate
4416 3226 4567 3265 vene-

1312 3320 1437 3358 cum
1466 3304 1704 3372 ejusdem
1736 3304 2008 3370 Ecclesiae,
2032 3306 2171 3359 sicut
2193 3304 2394 3359 dictum
2418 3314 2525 3367 est,
2551 3304 2760 3359 diversa
2790 3306 2903 3359 sint

1314 3396 1558 3448 tnembra
1584 3412 1596 3447 :
1631 3393 1732 3446 alia
1758 3392 2006 3447 videlicet
2028 3409 2123 3463 per
2146 3401 2345 3446 sancta:
2372 3393 2769 3462 praedicationis
2790 3409 2905 3447 am-

1250 3550 1255 3553 _
1309 3486 1483 3539 bitum
1537 3486 1869 3547 obsidentis;
1904 3485 2006 3538 alia
2041 3502 2070 3538 a
2100 3500 2211 3539 sum
2249 3484 2581 3539 inﬁdelitatis
2610 3485 2692 3538 vel
2720 3486 2901 3553 pravi~

1312 3577 1445 3629 tatis
1474 3574 1770 3628 munimine
1794 3573 2047 3627 salutaris
2086 3573 2345 3627 doctrina:
2365 3572 2564 3640 jaculis
2608 3572 2767 3645 165
2801 3575 2899 3629 ob-

1310 3664 1549 3727 ruenda;
1577 3664 1680 3717 alia
1704 3662 1817 3730 jam
1841 3664 2156 3726 domestica,
2187 3662 2293 3716 alia
2328 3663 2506 3717 adhuc
2534 3678 2630 3732 per
2657 3664 2897 3719 aversio-

1312 3770 1438 3811 ttcm
1464 3754 1613 3823 pravi
1644 3753 1823 3822 operis
1848 3753 2043 3807 aliena.
2077 3752 2230 3807 Hunc
2254 3753 2305 3805 in
2340 3754 2704 3807 testimonium
2736 3754 2897 3823 spiri-

1309 3845 1473 3900 tualis
1498 3859 1687 3914 pugna:
1718 3844 2020 3898 conﬂictum
2054 3843 2218 3898 Isaias
2247 3842 2358 3910 jam
2387 3845 2729 3911 odoraverat,
2770 3860 2894 3899 cum

1306 3947 1593 4007 postquam
1627 3935 1922 3989 Salvatoris
1946 3936 2234 3988 adventurm
2265 3936 2551 4004 perspicue
2578 3936 2893 4005 descripsis-

1304 4036 1424 4091 set,
1469 4026 1715 4096 protinus
1760 4024 2003 4079 addidit:
2041 4044 2058 4075 ι
2098 4024 2164 4077 Et
2190 4039 2285 4078 cor
2309 4024 2533 4095 [Egypti
2569 4026 2807 4080 tabescet
2837 4028 2892 4080 in

1306 4115 1485 4168 medio
1514 4113 1651 4183 ejus,
1686 4122 1743 4168 et
1782 4127 2106 4167 concurrere
2145 4111 2341 4167 faciam
2379 4112 2663 4183 AEgyptios
2700 4115 2892 4168 adver-

1308 4221 1400 4259 sus
1426 4205 1743 4276 .Egyptios;
1773 4212 1829 4258 et
1854 4205 2115 4273 pugnabit
2136 4204 2221 4257 vir
2241 4214 2430 4259 contra
2454 4203 2676 4259 fratrem
2706 4220 2885 4270 suum,

1306 4310 1360 4352 et
1390 4297 1471 4349 vir
1499 4305 1687 4351 contra
1716 4294 1950 4348 amicum
1977 4310 2157 4359 suum,
2185 4305 2240 4349 et
2259 4295 2451 4349 civitas
2478 4295 2736 4348 adversus
2754 4295 2887 4348 civi-

1307 4398 1504 4453 tatem,
1558 4400 1783 4455 regnum
1832 4384 2091 4437 adversus
2142 4398 2396 4452 regnum;
2452 4392 2506 4437 et
2553 4384 2887 4454 dirumpetur

1301 4476 1523 4545 spiritus
1547 4472 1764 4543 Egypti
1796 4472 1848 4525 in
1880 4472 2181 4526 visceribus
2228 4472 2343 4541 ejus
2369 4470 2502 4541 (lsa.
2528 4472 2663 4542 xu).
2695 4492 2713 4523 ι
2747 4472 2879 4528 Cum

1301 4564 1465 4630 igitur
1496 4578 1592 4631 per
1626 4561 1931 4629 apostolica:
1962 4560 2355 4628 praedicationis
2383 4559 2739 4622 obsidionem,
2772 4558 2882 4613 fra-

1302 4667 1413 4709 tres
1438 4654 1766 4717 cltarissimi,
1796 4654 1860 4706 de
1894 4653 2169 4721 pereuntis
2202 4652 2419 4707 Jericlio
2448 4654 2617 4706 simus
2647 4653 2880 4708 interne-

1299 4744 1545 4798 cionibus
1573 4742 1733 4805 eruti,
1777 4741 1885 4795 imo
1914 4741 1978 4794 de
2009 4743 2279 4795 subversa:
2320 4741 2635 4808 gentilitatis
2668 4744 2880 4797 excidio

1297 4835 1555 4889 divinitus
1586 4833 1818 4897 liberati,
1863 4849 1967 4886 non
2001 4846 2290 4902 graventur
2316 4831 2479 4885 duces
2509 4842 2722 4886 nostros
2748 4834 2875 4886 sub--

1294 4926 1448 4995 sequi
1494 4940 1601 4992 quo
1629 4926 1957 4991 praecedunt,
1990 4941 2096 4978 non
2120 4924 2367 4977 videatur
2392 4938 2679 4977 onerosum
2720 4924 2876 4993 quid-

1294 5018 1421 5089 quid
1448 5015 1606 5071 nobis
1633 5030 1734 5085 pro
1759 5026 1941 5069 nostra
1970 5016 2142 5069 salute
2168 5015 2505 5084 praecipiunt.

1884 5121 2109 5177 CAPUT
2153 5122 2279 5175 Vill.

1292 5216 1359 5270 In
1384 5216 1601 5287 epistola
1626 5216 1694 5268 ad
1822 5211 2178 5287 Causidicum,
2212 5225 2266 5267 ut
2301 5217 2545 5287 exteriori
2580 5217 2872 5285 prudentia:

1615 5284 1904 5354 spiritualis
1933 5285 2189 5352 sapientia
2218 5286 2544 5353 prteferutur.

1366 5403 1383 5429 ι
1431 5378 1703 5434 Subvcasa
1741 5392 1869 5431 vero
1907 5374 2147 5441 Jericlto,
2192 5375 2353 5431 Josue
2395 5378 2722 5447 imprecatus
2764 5388 2867 5445 est,

1294 5474 1473 5526 dicens
1502 5490 1513 5524 :
1543 5468 1861 5525 Maledictus
1880 5470 1975 5522 ‘vir
2002 5484 2185 5522 coram
2224 5468 2469 5532 Domino,
2500 5471 2589 5538 qui
2636 5472 2869 5524 suscita-

1298 5562 1431 5615 verit
1474 5568 1530 5615 et
1574 5558 1921 5615 aedificaverit
1962 5559 2234 5613 civitatem
2277 5557 2524 5622 Jericbo;
2573 5560 2627 5613 in
2663 5562 2869 5630 primo-

1293 5653 1471 5715 genito
1516 5665 1614 5706 suo
1653 5648 2003 5705 fundamenta
2037 5649 2177 5704 illius
2198 5647 2367 5715 jaciat
2406 5657 2460 5703 et
2497 5650 2549 5701 in
2578 5650 2870 5706 novissimo

1291 5739 1581 5797 liberorum
1603 5750 1768 5814 portat
1794 5748 1979 5813 portas
2000 5737 2115 5809 ejus
2138 5740 2272 5794 Uos.
2299 5742 2393 5805 vi).
2428 5760 2444 5790 ι
2472 5737 2604 5794 Nam
2630 5740 2749 5809 quia
2773 5756 2868 5810 per

3007 3303 3153 3356 runt,
3213 3292 3288 3346 ita
3343 3302 3403 3348 ut
3458 3311 3516 3349 se
3572 3298 3843 3353 veteribus
3871 3301 4205 3356 vestimentis
4256 3302 4563 3369 induerent,

3006 3381 3162 3451 165
3194 3398 3358 3452 panes
3410 3386 3572 3439 etiam
3621 3386 3828 3455 siccos,
3876 3398 4058 3455 utres,
4107 3406 4319 3457 saccos,
4361 3393 4564 3447 calcea-

2999 3483 3184 3525 menta
3247 3482 3409 3543 atque
3478 3475 3659 3529 omnia
3718 3477 3877 3532 simul
3925 3478 4218 3534 inveterata
4269 3490 4557 3550 portarent.

3000 3558 3207 3625 Quibus
3257 3562 3467 3617 scilicet
3520 3573 3807 3633 postquam
3868 3566 4154 3636 impetrato
4201 3566 4398 3622 foedere
4454 3569 4559 3622 vita

2998 3648 3267 3715 donatur,
3305 3663 3703 3721 consequenter
3757 3656 3921 3709 etiam
3974 3655 4124 3711 fraus
4168 3656 4427 3727 patefacta
4470 3672 4560 3712 co-

2995 3739 3291 3804 gnoscitur.
3323 3739 3468 3806 Quos
3496 3741 3660 3798 Josue
3688 3784 3702 3807 ,
3741 3755 4017 3815 comperto
4043 3746 4185 3810 dolo,
4216 3746 4313 3801 sub
4340 3746 4556 3802 maledi.

2995 3830 3179 3885 ctione
3210 3832 3501 3898 damnavit,
3550 3845 3606 3888 et
3655 3850 3809 3905 aqua:
3854 3847 4153 3905 gestatores
4192 3836 4556 3907 lignorumque

2995 3938 3228 3977 caasores
3253 3934 3515 3995 perpetuo
3538 3925 3662 3994 jure
3691 3926 3972 3981 constituit
3999 3927 4133 3999 (Ιοε.
4169 3929 4265 3998 ix).
4290 3928 4404 3995 -Qui
4432 3937 4555 3985 sunt

2995 4024 3175 4069 autem
3206 4015 3519 4072 Gabaonita:
3543 4057 3559 4083 ,
3606 4018 3697 4088 qui
3741 4019 3810 4074 ad
3855 4019 4127 4074 lsraelitas
4156 4020 4341 4076 mortis
4375 4020 4551 4075 [0ηηὶ-

2991 4106 3117 4161 dine
3150 4116 3473 4172 transeunt,
3507 4109 3606 4163 nisi
3637 4110 3672 4163 ii
3699 4111 3790 4179 qui
3826 4113 3892 4165 ad
3930 4112 4204 4167 servitutis
4244 4112 4427 4167 divina:
4454 4112 4549 4166 mi-

2989 4198 3164 4254 litiam
3198 4215 3303 4254 non
3333 4200 3685 4269 perfectionis
3711 4217 3918 4267 amore,
3949 4204 4041 4258 sed
4085 4202 4376 4259 tremefacti
4394 4204 4548 4258 scele-

2992 4302 3108 4340 rum
3161 4303 3383 4343 suorum
3439 4288 3775 4343 immanitate
3823 4291 4173 4361 confugiunt?
4220 4290 4321 4345 Sed
4367 4305 4544 4345 eorum

2988 4378 3227 4432 nonnulli
3262 4388 3435 4443 veste,
3464 4394 3570 4432 non
3604 4390 3782 4433 mente
3813 4382 4028 4444 mutati,
4062 4382 4232 4436 siccos
4276 4396 4435 4450 panes
4478 4383 4543 4433 ad

2986 4482 3136 4523 esum
3171 4478 3388 4537 portant
3412 4510 3427 4532 ,
3456 4469 3579 4537 quia
3605 4485 3793 4539 azyma
3821 4471 3995 4524 adhuc
4026 4471 4344 4524 sinceritatis
4371 4479 4422 4524 et
4458 4486 4541 4524 ve-

2989 4557 3166 4610 ritatis
3205 4557 3255 4627 (1
3290 4555 3413 4610 Cor.
3447 4559 3497 4626 γ)
3532 4559 3800 4629 ignorant.
3850 4560 4084 4613 Vetustis
4112 4560 4341 4614 vestibus
4366 4569 4540 4614 conte.

2985 4656 3203 4715 guntur,
3236 4648 3360 4715 quia
3401 4648 3452 4700 in
3486 4650 3651 4703 veteri
3684 4650 3856 4705 adlutc
3884 4650 4098 4704 homine
4134 4649 4399 4704 constituti
4443 4665 4534 4703 no-

2984 4751 3108 4789 vum
3142 4738 3363 4792 induere
3394 4740 3660 4805 nesciunt,
3703 4740 3793 4808 qui
3826 4742 4118 4795 secundum
4146 4742 4306 4795 Deum
4333 4752 4535 4795 creatus

2983 4838 3066 4883 est
3120 4831 3170 4882 in
3221 4830 3428 4896 justitia
3478 4841 3529 4883 et
3582 4832 3869 4885 sanctitate
3922 4831 4162 4886 veritatis
4205 4830 4409 4901 (Ep/tes.
4442 4831 4523 4899 η’),

2983 4918 3259 4972 Postremo
3296 4922 3472 4973 omnia
3508 4922 3756 4975 videntur
3806 4921 4102 4975 inveterata
4145 4935 4260 4992 quae
4307 4931 4529 4991 gestant,

2984 5012 3108 5079 quia
3164 5013 3215 5064 in
3269 5013 3553 5079 praeteritae
3616 5012 3737 5065 vitae
3796 5013 3942 5067 vitiis
4001 5022 4374 5081 perseverant,
4428 5029 4530 5065 non

2980 5102 3412 5169 obtemperantes
3438 5100 3765 5169 prazcipienti
3792 5101 4045 5170 Apostolo
4072 5118 4087 5154 :
4132 5119 4149 5152 ι
4169 5100 4525 5162 Renovamini,

2979 5189 3189 5258 inquit,
3239 5191 3432 5261 spiritu
3480 5192 3673 5246 mentis
3717 5202 3909 5247 vestra:
3938 5191 4176 5263 (lbid.).i
4211 5191 4315 5247 Nec
4343 5192 4429 5246 illa
4453 5192 4529 5246 eis

2977 5282 3245 5336 sententia
3286 5282 3553 5352 congruit,
3603 5299 3707 5351 qua
3754 5283 3990 5339 dicitur:
4047 5282 4272 5339 «Vetera
4304 5283 4524 5338 transie—

2976 5384 3122 5441 runt,
3147 5385 3201 5429 et
3230 5389 3358 5429 ecce
3397 5376 3538 5429 facta
3582 5385 3707 5429 sunt
3749 5376 3928 5430 omnia
3977 5390 4114 5430 nova
4159 5373 4241 5445 (11
4272 5372 4387 5428 Cor.
4418 5372 4518 5443 ν).›

2969 5466 3049 5519 Ad
3072 5467 3362 5520 novitatem
3388 5467 3585 5536 quippe
3608 5467 4046 5537 superficietenus
4066 5467 4335 5521 venientes
4356 5468 4523 5535 reipsa

2970 5557 3023 5611 in
3055 5567 3321 5616 vetustate
3350 5559 3642 5625 persistunt
3665 5600 3680 5623 ,
3726 5559 3851 5629 quia
3892 5558 4311 5613 emendationem
4348 5566 4401 5610 et
4425 5572 4518 5611 no~

2968 5664 3089 5705 vam
3128 5652 3590 5706 conversationem
3639 5652 3693 5705 in
3742 5653 3855 5707 suis
3901 5651 4139 5707 moribus
4187 5665 4290 5705 non
4341 5657 4516 5703 osten-

2969 5742 3121 5798 dunt.
3153 5740 3308 5797 Tales
3334 5743 3513 5813 itaque
3540 5742 3912 5800 maledictionc
3952 5738 4270 5814 plectuntur,
4316 5754 4409 5796 uec
4452 5741 4517 5796 ad
