5904 6628
1154 441 1184 496 Ι
1195 437 1304 493 077

2442 421 2522 481 ΊΝ
2562 421 2821 479 LIBRUM
2861 420 3177 479 JUDICUM.

4320 423 4463 479 £078

1148 547 1494 606 sortiendam
1524 558 1646 600 cum
1693 541 1951 598 lsraelitis
1993 543 2367 596 haereditatem
2413 537 2759 607 aliquatenus
2786 540 2833 597 Α
2866 545 3016 590 tuum
3051 537 3283 606 impetus
3313 534 3602 591 sustinere.
3638 533 3774 590 Nam
3820 553 3942 591 cum
3967 537 4265 606 petulantia
4297 539 4458 608 gulae.

1147 640 1549 692 admittuntur.
1604 633 1719 688 Non
1771 633 1914 687 enim
1960 647 2028 687 ex
2075 631 2287 686 illorum
2340 645 2565 684 numero
2608 636 2751 691 sunt,

1146 727 1361 796 quibus
1392 724 1634 778 dicitur:
1671 742 1688 774 ι
1715 722 1771 776 In
1795 724 1895 777 hoc
1923 722 2098 776 vocati
2132 721 2296 785 estis,
2335 729 2392 774 ut
2417 719 2752 776 benedictio-

1145 831 1287 871 nem
1339 814 1652 868 haereditate
1680 811 2003 880 possidentis
2052 811 2104 881 (Ι
2133 809 2273 865 Patr.
2303 810 2442 880 111).)
2471 811 2624 878 Aqua
2661 825 2755 863 au-

1142 913 1268 958 t:-m
1315 903 1544 973 insipida
1579 913 1665 956 est
1693 910 1750 956 et
1789 901 1932 972 ligna
1963 899 2118 954 dura.
2172 899 2340 969 Ligna
2386 912 2518 968 ergo
2548 898 2754 952 caedere

1143 1003 1207 1049 et
1245 1007 1414 1061 aquas
1445 1001 1668 1047 vectare
1703 989 1980 1059 iubentur,
2012 989 2138 1058 quia
2170 997 2358 1060 gustus
2383 985 2754 1056 intelligentia:

1143 1081 1458 1152 spiritualis
1506 1081 1715 1152 ignari,
1764 1081 1914 1136 duris
1957 1089 2120 1148 atque
2164 1079 2572 1134 insensibilibus
2602 1085 2754 1131 exte-

1143 1170 1324 1227 riuris
1365 1172 1612 1227 exercitii
1665 1172 1869 1242 negotii
1919 1180 2274 1240 occupantur.
2325 1168 2418 1224 Sic
2458 1170 2624 1238 igitur
2654 1168 2753 1222 ali-

1140 1276 1324 1329 quam
1377 1262 1592 1331 quidem
1647 1263 1703 1316 in
1752 1261 2116 1316 exterioribus
2163 1261 2417 1314 videntur
2458 1259 2750 1313 utilitatem

1139 1351 1417 1407 Ecclesia:
1465 1353 1754 1407 serviendo
1809 1352 2105 1418 conferre;
2161 1353 2254 1407 sed
2299 1351 2426 1420 quia
2479 1351 2751 1404 serviliter

1139 1442 1365 1507 vivunt,
1401 1443 1769 1498 baereditatem
1814 1444 1956 1498 inter
2000 1443 2274 1497 lsraelitas
2319 1449 2595 1511 nequeunt
2619 1453 2747 1510 pos-

1137 1533 1358 1589 sidere.

1773 1623 2001 1680 CAPUT
2050 1623 2115 1679 X.

1468 1712 1537 1767 In
1566 1713 1783 1784 epistola
1819 1714 1888 1768 ad
1927 1715 2121 1784 fratres
2142 1711 2429 1783 Gamugni.

1227 1824 1248 1856 ι
1283 1804 1430 1861 Dixit
1457 1804 1625 1861 Josue
1659 1806 1784 1861 ﬁliis
1808 1804 2006 1874 Joseph
2031 1824 2044 1858 :
2092 1805 2148 1860 Si
2177 1806 2404 1874 populus
2432 1803 2634 1860 multus
2663 1817 2746 1872 es,

1136 1896 1388 1952 ascende
1435 1896 1490 1950 in
1540 1896 1730 1949 silvam
1780 1903 1836 1950 et
1884 1896 2104 1951 succide
2153 1896 2248 1950 tibi
2291 1897 2463 1967 spatia
2498 1896 2552 1951 in
2598 1907 2748 1952 terra

1132 1985 1424 2042 Pherezaei
1472 1993 1527 2040 et
1575 1985 1864 2055 Rapbaim,
1914 1987 2041 2056 quia
2103 1996 2331 2057 angusta
2383 1987 2590 2043 esttibi
2623 2003 2748 2055 pos—

1137 2078 1331 2132 sessio
1368 2076 1570 2132 montis
1599 2075 1874 2145 Ephraim.
1909 2074 2153 2146 Cumque
2178 2078 2249 2132 ibi
2280 2087 2748 2148 conquererentur

1133 2176 1197 2222 et
1256 2167 1506 2222 dicerent
1551 2182 1566 2219 :
1619 2163 1737 2221 Non
1783 2166 2084 2236 poterimus
2105 2167 2172 2221 ad
2203 2176 2459 2222 montana
2486 2180 2748 2224 conscen-

1132 2255 1299 2321 dere,
1352 2268 1476 2309 cum
1528 2252 1723 2310 ferreis
1756 2253 2007 2309 curribus
2053 2263 2276 2308 utantur
2315 2254 2610 2311 Cbananai
2651 2255 2748 2326 qui

1137 2344 1402 2400 habitant
1435 2345 1489 2398 in
1520 2353 1663 2398 terra
1708 2345 2016 2415 campestri.
2055 2344 2356 2414 Respondit
2397 2344 2602 2402 Josue:
2634 2345 2746 2403 Po-

1137 2433 1310 2502 pulus
1341 2433 1542 2488 multus
1566 2447 1625 2489 es
1651 2442 1705 2489 et
1739 2449 1948 2503 magna:
1979 2433 2333 2499 fortitudinis,
2382 2449 2488 2489 non
2517 2435 2744 2492 habebis

1132 2534 1349 2580 sortem
1373 2541 1554 2591 unam,
1588 2529 1682 2583 sed
1711 2529 1968 2583 transibis
1995 2529 2062 2583 ad
2087 2543 2354 2596 montem,
2391 2540 2448 2585 et
2493 2531 2744 2586 succides

1138 2620 1242 2675 tibi
1286 2629 1449 2689 atque
1495 2621 1752 2690 purgabis
1779 2623 1846 2676 ad
1875 2622 2226 2678 habitandum
2275 2623 2490 2693 spatia;
2538 2633 2593 2678 et
2640 2639 2741 2693 po-

1135 2709 1280 2764 teris
1311 2709 1450 2764 ultra
1477 2712 1772 2778 procedere
1798 2727 1921 2765 cum
1975 2712 2310 2767 subverteris
2336 2713 2698 2767 Chananeum
2723 2753 2738 2778 ,

1129 2813 1302 2868 quem
1335 2794 1471 2854 dicis
1500 2797 1710 2855 ferreos
1756 2801 1956 2855 habere
2001 2815 2216 2866 currus,
2245 2811 2302 2856 et
2345 2816 2466 2857 esse
2509 2801 2742 2856 fortissi-

1132 2899 1288 2945 mum
1340 2890 1477 2960 (los.
1515 2890 1704 2962 ινιι).»
1738 2891 1866 2958 Quae
1906 2893 2162 2948 nimirum
2206 2892 2393 2949 multis
2441 2894 2740 2965 indigentia

1130 2977 1328 3032 verbis
1357 2992 1684 3045 exponerem
1717 2977 1984 3044 fortassis,
2015 2981 2059 3034 si
2089 2995 2194 3036 non
2231 2982 2390 3053 166
2425 2981 2556 3038 mihi
2588 2991 2736 3038 meta

1131 3065 1452 3134 compendii
1501 3067 1809 3134 epistolaris
1835 3068 2117 3130 obstaret:
2178 3069 2283 3126 boc
2326 3079 2535 3126 tantum
2578 3071 2736 3141 quasi

1129 3163 1517 3211 summotenus
1545 3158 1963 3228 perstringendo
1993 3159 2226 3214 sufﬁciat
2246 3160 2392 3230 quia,
2427 3176 2545 3215 cum
2569 3160 2736 3218 Josue

2856 641 3057 698 vorago
3111 629 3359 692 luxuriat,
3386 627 3742 697 omniumque
3791 625 4046 683 vitiorum
4087 639 4289 696 pestes.
4339 641 4461 682 tan-

2856 731 3015 784 quam
3062 715 3409 771 frementium
3458 713 3895 771 Chananzeorum
3930 719 4095 779 acies,
4129 719 4456 786 constipatis

2857 808 3144 861 adversum
3174 820 3274 861 nos
3292 806 3481 861 cuneis
3509 806 3927 876 conglobantur,
3955 808 4084 875 quid
4117 807 4261 862 aliud
4292 822 4458 875 quam

2856 897 3149 951 Chananaai
3195 912 3294 952 nos
3340 896 3536 952 ferreis
3565 897 3818 952 curribus
3857 898 4151 966 impetunt,
4193 907 4248 953 et
4290 914 4358 952 ne
4391 899 4458 952 de

2855 987 3091 1044 carnalis
3142 989 3268 1043 vita;
3313 988 3713 1058 campestribus
3753 991 3820 1043 ad
3876 990 4140 1044 virtutum
4169 991 4452 1045 valeamus

2854 1078 3074 1134 excelsa
3100 1079 3493 1144 conscendere,
3525 1077 3717 1134 salutis
3763 1080 3923 1136 nobis
3969 1080 4152 1137 aditus
4195 1082 4470 1136 interclu-

2854 1170 3024 1226 dunt?
3052 1170 3159 1226 Sed
3185 1171 3361 1226 bonus
3411 1171 3617 1226 militia:
3647 1181 3847 1227 nostra:
3873 1173 3978 1227 dux
4027 1174 4461 1230 imbecillitatem

2854 1273 3095 1318 nostram
3154 1265 3221 1319 ad
3272 1263 3487 1320 fortiter
3533 1267 3725 1336 agendi
3782 1269 4146 1322 constantiam
4199 1274 4362 1339 erigit
4405 1277 4462 1324 et

2853 1360 3043 1405 contra
3092 1351 3327 1408 hostium
3369 1354 3624 1425 impetus,
3673 1365 3734 1411 ut
3793 1356 3849 1411 in
3897 1356 4093 1412 altiora
4135 1358 4458 1429 progredia-

2834 1448 2993 1502 mur,
3029 1441 3274 1512 impellit.

2925 1531 3033 1585 Sed
3056 1532 3327 1601 quomodo
3350 1533 3417 1587 de
3447 1533 3684 1589 inimicis
3724 1535 3926 1590 nostris
3959 1537 4302 1606 triumphare
4329 1551 4460 1607 pos-

2852 1636 3082 1687 sumus,
3143 1622 3235 1692 qui
3286 1638 3502 1691 semper
3560 1624 3613 1678 in
3671 1624 3866 1694 epulis,
3935 1639 4153 1694 semper
4190 1626 4246 1679 in
4291 1640 4464 1695 pocu-

2851 1712 3030 1767 lorum
3097 1712 3433 1770 aﬂluentium
3502 1715 3751 1771 volumus
3820 1716 4246 1787 ingurgitatione
4303 1717 4460 1788 jace-

2851 1803 2951 1858 re?
2996 1804 3072 1858 De
3120 1804 3319 1873 quibus
3375 1805 3561 1874 utique
3609 1805 3867 1861 Salomon
3916 1806 4031 1860 ait:
4078 1822 4097 1856 ι
4126 1803 4230 1871 Qui
4283 1805 4463 1876 diligit

2777 1883 2826 1942 Β
2854 1892 3064 1962 epulas,
3097 1893 3150 1947 in
3179 1894 3590 1964 egestateerit;
3621 1894 3712 1963 qui
3734 1901 3881 1948 amat
3914 1894 4101 1947 vinum
4129 1901 4182 1948 et
4212 1894 4460 1964 pinguia.

2853 1995 2957 2034 non
2983 1981 3243 2036 ditabitur
3290 1980 3473 2052 (Prov.
3506 1982 3677 2050 κω.»
3729 1981 3796 2036 Ει
3824 1982 4064 2035 iterum:
4109 2000 4127 2032 ι
4154 1981 4458 2036 Luxuriosa

2851 2085 2939 2126 res
2962 2072 3147 2125 vinum
3173 2080 3226 2125 et
3256 2072 3589 2127 tumultuosa
3619 2072 3893 2136 ebrietas;
3927 2072 4016 2140 qui
4046 2071 4133 2126 bis
4154 2071 4460 2126 delectatur

2849 2177 2957 2218 non
2984 2164 3088 2216 erit
3117 2164 3334 2232 sapiens
3372 2161 3558 2232 (Prov.
3591 2164 3743 2234 xx).»
3776 2162 4036 2217 Ventrem
4068 2178 4305 2233 namque
4331 2163 4460 2217 vino

2847 2261 2902 2309 et
2925 2254 3066 2309 escis
3113 2267 3461 2319 assuescere,
3489 2254 3619 2323 quid
3667 2261 3751 2308 est
3802 2253 3946 2308 aliud
3995 2268 4157 2323 quam
4207 2253 4460 2310 hostibus

2848 2342 3074 2407 animae,
3113 2351 3174 2396 ut
3219 2343 3620 2411 ingrediantur,
3679 2343 3860 2397 aditus
3909 2343 4160 2398 anerire?
4204 2343 4361 2399 Unde
4401 2350 4462 2400 et

2848 2432 2993 2490 idem
3038 2434 3338 2490 Salomon:
3392 2453 3413 2486 t
3440 2434 3542 2502 Qui
3587 2436 3842 2500 delicate,
3893 2435 4101 2504 inquit,
4152 2450 4181 2489 a
4217 2436 4458 2506 pueritia

2845 2524 3019 2578 nutrit
3068 2538 3308 2589 servum,
3367 2535 3554 2593 postea
3598 2523 3746 2577 illum
3815 2525 4016 2578 sentiet
4072 2533 4460 2580 contumacem

2845 2607 3032 2674 (Prov.
3081 2611 3289 2683 ιιιχ).›
3338 2610 3482 2666 Bene
3530 2612 3674 2666 hunc
3716 2626 3936 2667 servum
3982 2613 4114 2666 loris
4158 2612 4458 2669 cohibebat

2843 2701 3057 2767 inediae,
3088 2704 3181 2773 qui
3211 2704 3427 2758 dicebat
3455 2720 3469 2757 :
3511 2723 3529 2754 ε
3559 2703 3778 2774 Castigo
3801 2719 3998 2774 corpus
4030 2719 4233 2768 meum,
4260 2713 4456 2759 etser-

2843 2793 3001 2848 vituli
3040 2793 3271 2862 subjicio
3301 2794 3354 2864 (Ι
3377 2794 3502 2850 Cor.
3548 2797 3682 2865 Ix)»
3730 2795 4008 2850 Adversus
4052 2796 4197 2850 hunc
4232 2810 4455 2851 servum

2840 2881 3154 2952 disputabat
3210 2899 3336 2940 cum
3383 2886 3630 2939 diceret:
3711 2901 3731 2935 α
3764 2885 3901 2938 Esca
3931 2886 4108 2938 ventri
4157 2893 4214 2939 et
4259 2893 4454 2939 venter

2839 2975 2983 3030 escis
3008 3014 3024 3040 ,
3069 2975 3213 3030 Deus
3256 2984 3436 3030 autem
3465 2987 3521 3032 et
3550 2978 3694 3030 hunc
3723 2985 3778 3030 et
3805 2976 3924 3030 illas
3962 2975 4210 3032 destruet
4242 2976 4293 3046 (l
4319 2975 4451 3032 Cor.

2839 3063 2972 3133 vi)»
3013 3063 3170 3119 Hunc
3197 3078 3415 3119 servum
3447 3067 3549 3120 sub
3591 3065 3832 3121 calcibus
3858 3081 3980 3120 esse
4009 3064 4334 3120 frenandum
4367 3066 4450 3122 si-

2839 3153 3155 3221 gniﬁcabat,
3180 3169 3305 3210 cum
3329 3155 3570 3209 diceret:
3605 3174 3622 3205 ι
3648 3155 3798 3212 Multi
3828 3155 3973 3210 enim
4003 3156 4289 3210 ambulant
4309 3171 4458 3226 quos

1129 3248 1388 3318 praacipit
1412 3222 1610 3318 populo
1658 3222 1916 3303 silvarum
1964 3251 2241 3305 condensa
2263 3222 2597 3316 'suc—cidcre,
2628 3255 2734 3310 hoc
2762 3222 2808 3284 Ο
2843 3257 2985 3312 διξερε
3017 3242 3263 3297 dicebam
3294 3242 3451 3297 νοδίε

2112 3265 2241 3305 ansa
2263 3222 2597 3316 ἐπείδετε,
2628 3255 2734 3310 hoc
2762 3222 2808 3284 Ο
2843 3257 2985 3312 sape
3017 3242 3263 3297 dicebam
3294 3242 3451 3297 vobis
3471 3283 3486 3306 ,
3525 3259 3666 3297 nunc
3686 3253 3868 3298 autem
3908 3253 3962 3298 et
3988 3243 4124 3299 ﬂens
4147 3245 4269 3299 dico
4289 3286 4304 3311 ,
4327 3222 4444 3300 ini-

1130 3336 1312 3392 innuit
1342 3340 1485 3407 quod
1530 3347 1716 3394 noster
1745 3338 1921 3402 Jesus,
1962 3338 2202 3407 ejusdem
2233 3340 2442 3395 scilicet
2472 3343 2727 3410 nominis,

1127 3427 1486 3496 sequentibus
1526 3427 1759 3496 sejubet
1789 3429 1926 3482 male
1953 3428 2277 3500 pullulantes
2321 3431 2729 3486 silvescentium

1127 3517 1393 3575 vitiorum
1445 3519 1672 3576 frutices
1711 3522 2037 3590 exstirpare.
2089 3520 2350 3576 Hortatur
2379 3532 2436 3575 ut
2467 3537 2575 3578 non
2622 3523 2728 3579 fm-

1135 3609 1290 3676 dera,
1326 3611 1424 3666 sed
1447 3611 1647 3666 bellum
1676 3623 1864 3668 contra
1888 3614 2227 3669 Cbananzeos
2248 3622 2463 3683 gerant,
2486 3623 2545 3667 ut
2574 3630 2730 3670 mon-

1131 3710 1257 3756 tana
1307 3703 1722 3770 conscendant,
1771 3714 2038 3774 quatenus
2065 3713 2121 3759 et
2149 3706 2407 3758 vitiorum
2453 3705 2733 3762 elaborent

1129 3792 1402 3848 debellare
1427 3792 1763 3858 barbariem,
1797 3803 1849 3847 et
1880 3795 2111 3849 arduum
2162 3794 2424 3849 virtutum
2470 3795 2732 3851 festinent

1130 3881 1382 3936 obtinere
1404 3895 1690 3937 cacumen.
1721 3882 1892 3936 Porro
1925 3892 2128 3948 autem,
2159 3883 2301 3951 quod
2328 3882 2403 3937 illi
2447 3884 2727 3953 pusillani-

1127 3970 1291 4024 miler
1317 3980 1731 4040 conqueruntur
1757 3971 2017 4028 adversus
2045 3987 2137 4027 eos
2163 3974 2251 4041 qui
2284 3973 2477 4030 ferreis
2500 3977 2730 4031 uteban-

1129 4064 1219 4110 tur
1246 4058 1501 4114 curribus
1526 4073 1587 4114 se
1609 4075 1716 4113 non
1748 4075 1904 4130 posse
1927 4075 2278 4130 consurgere,
2314 4063 2418 4118 hoc
2446 4073 2552 4129 est,
2581 4065 2727 4132 quod

1131 4161 1230 4201 nos
1276 4149 1577 4204 imbecilles
1607 4158 1662 4203 et
1690 4149 1909 4220 fragiles
1950 4165 2096 4220 strpe
2125 4150 2418 4206 diuidimus
2465 4161 2725 4221 tanquam

1131 4231 1337 4292 ferreos
1368 4252 1601 4315 currus,
1644 4239 1724 4294 sic
1765 4238 2120 4296 adversantes
2154 4240 2519 4312 malignorum
2567 4243 2729 4313 spiri-

2840 3337 3013 3391 micos
3060 3335 3244 3392 crucis
3300 3334 3540 3402 Christi;
3591 3351 3823 3404 quorum
3871 3336 3995 3390 ﬁnis
4048 3337 4346 3402 interitus,
4392 3347 4453 3394 et

2839 3440 3073 3495 quorum
3122 3425 3267 3481 Deus
3326 3437 3520 3482 venter
3574 3438 3680 3492 est,
3708 3437 3760 3480 et
3807 3427 3980 3495 gloria
4024 3428 4077 3481 in
4123 3428 4451 3487 confusione

2838 3533 3027 3572 eorum
3051 3517 3278 3589 (Philip.
3297 3520 3402 3589 ιιι).
3427 3538 3443 3570 ι
3472 3517 3782 3573 Notandum
3811 3529 3990 3573 autem
4017 3530 4071 3574 et
4091 3521 4178 3576 hic
4201 3522 4307 3576 duo
4331 3531 4443 3576 ter-

2839 3608 3018 3663 ribilia
3042 3608 3167 3673 dici,
3203 3618 3258 3663 et
3283 3609 3339 3664 in
3363 3609 3614 3663 inimicos
3645 3609 3824 3664 crucis
3861 3608 4065 3664 Christi
4100 3612 4445 3666 tremendam

2834 3697 3106 3768 depromit
3132 3698 3276 3753 idem
3308 3699 3602 3770 Apostolus
3648 3701 3973 3754 sententiam
4000 3741 4018 3766 ,
4054 3701 4283 3756 dicens:
4325 3719 4344 3753 ι
4379 3701 4446 3759 Si

2834 3789 2956 3857 quis
2991 3800 3102 3841 non
3125 3797 3275 3841 amat
3308 3789 3597 3842 Dominum
3626 3797 3876 3842 nostrum
3916 3788 4103 3843 Jesum
4131 3789 4438 3857 Christum,

2833 3883 2907 3938 sit
2947 3882 3240 3937 anathema
3284 3880 3471 3936 Maran
3520 3883 3660 3936 Atba
3688 3881 3741 3949 (Ι
3774 3881 3899 3936 Cor.
3933 3883 4070 3955 xw).
4097 3903 4116 3936 ι
4174 3883 4276 3951 Qui
4309 3900 4446 3942 vero

2833 3982 3081 4028 ventrem
3108 3987 3208 4042 pro
3231 3972 3342 4027 Deo
3369 3982 3686 4036 veneratur,
3711 3972 3882 4028 Deum
3909 3973 4314 4042 quodammodo
4344 3990 4441 4032 ne-

2835 4079 2966 4135 gare
2987 4064 3351 4128 convincitur,
3379 4079 3444 4117 ac
3473 4079 3572 4133 per
3597 4065 3700 4120 hoc
3723 4064 3828 4119 duo
3849 4066 3964 4120 haec
3995 4075 4204 4120 terrore
4236 4067 4438 4134 plenis-

2835 4153 2972 4208 sima
3025 4167 3192 4206 unum
3241 4152 3535 4215 videntur,
3590 4152 3882 4218 videlicet,
3934 4155 4077 4222 quod
4144 4157 4325 4218 absit.
4380 4168 4439 4214 et

2833 4239 3036 4298 Christi
3079 4239 3359 4294 inimicum
3394 4255 3515 4295 esse
3540 4251 3595 4295 et
3621 4257 3785 4295 unum
3823 4243 3992 4296 Deum
4029 4244 4195 4298 alium
4229 4246 4410 4301 colere

2275 4351 2582 4422 Expliciunt
2615 4355 2914 4408 testimonia
2947 4355 3068 4408 libri
3094 4354 3279 4408 Iosue.

1913 4445 2270 4515 167-168
2305 4445 2650 4500 lNClPlUNT
2699 4445 3048 4501 CAPlTULA
3094 4445 3275 4498 LlBRl
3324 4444 3644 4502 JUDICUM.

1168 4530 1217 4583 l.

1164 4598 1219 4652 2.

1166 4667 1217 4722 3.

1390 4739 1716 4794 Medianilas
1736 4739 1938 4811 pergnt.

1165 4805 1217 4859 4.
1265 4807 1338 4859 De
1366 4825 1424 4859 eo
1446 4810 1535 4859 ani
1563 4810 1619 4859 in
1646 4812 1831 4859 castris
1865 4810 1938 4859 Ha

1261 4531 1415 4604 Quod
1433 4532 1806 4604 _Adonibezech
1837 4551 2091 4588 inausum
2121 4552 2182 4604 ac
2220 4536 2410 4603 pedum
2442 4537 2790 4596 summitates,
2824 4536 2948 4588 dum
2978 4536 3205 4602 capitur,
3231 4545 3590 4604 amputantur.

1265 4599 1627 4674 Ifrathbora
1652 4608 1944 4672 prophetes.
1976 4620 2112 4656 uxor
2139 4599 2425 4672 Laitidoth,
2456 4622 2573 4674 qua:
2593 4605 2873 4672 judicabat
2908 4599 3158 4671 pupulum
3190 4603 3285 4656 illo
3311 4599 3557 4673 tempore.

1261 4668 1670 4748 Quod_Ge_deon
1697 4668 2005 4742 praecipitur
2051 4683 2110 4726 ut
2153 4668 2271 4730 cum
2307 4668 2549 4728 trecentis
2580 4668 2806 4738 tantum,
2832 4668 2922 4748 qui
2957 4668 3152 4741 nquam
3195 4668 3438 4727 munibus
3482 4675 3839 4741 lambuerant,
3884 4681 3955 4734 ad
3995 4681 4186 4735 bellum
4238 4695 4429 4741 contra

1265 4807 1338 4886 ρε
1366 4825 1424 4886 eo
1446 4810 1619 4886 qui_in
1646 4807 1845 4865 castris
1864 4810 2084 4886 Mediol:
2110 4813 2253 4886 socio
2287 4812 2741 4886 referebatgscper
2763 4813 3026 4867 somnium
3051 4811 3240 4866 vidisse
3262 4813 3668 4868 subcinericium
3703 4834 3893 4886 panem
3925 4821 4131 4875 hordei.

1258 4878 1410 4950 Quod
1436 4874 1726 4950 melior-gest
1765 4896 2001 4950 racemus
2030 4879 2286 4950 E;;liraim
2318 4874 2586 4936 vindemiis
2613 4874 2851 4936 Abiezer.

1161 4945 1212 5022 ρ.
1249 4945 1732 5022 ᾼὺὶῃιριςεὴιῄιίμε
1762 4948 2032 5022 ἰενορηαι,
2065 4945 2468 5022 occiditfratres
2495 4969 2617 5005 suos
2649 4955 2978 5022 septuaginta
3013 4953 3149 5004 viros
3171 4969 3329 5022 super
3354 4953 3581 5021 lapidem
3609 4972 3794 5010 unum.

1164 5013 1213 5064 7.
1255 5013 1662 5092 Stetit_Jonthnr_t
1691 5021 1745 5071 in
1776 5020 1958 5072 vertice
2006 5021 2199 5074 montis
2238 5013 2499 5086 G'uriaim,
2525 5013 2994 5092 elevatnqueuvoce
3031 5013 3277 5075 clamavit
3304 5040 3320 5075 :
3357 5013 3546 5078 Audite
3575 5043 3676 5091 me,
3705 5029 3803 5081 viri
3837 5027 4082 5092 Sic/tem,
4112 5033 4188 5085 ita
4220 5044 4278 5086 ut
4316 5053 4421 5088 au-

1371 5089 1479 5140 diat
1509 5105 1596 5142 vos
1609 5087 1784 5150 ‘Deus.
2138 5108 2146 5122 ι

1165 5150 1215 5204 8.
1256 5153 1571 5233 Abimelech,
1616 5159 1834 5233 audiens
1892 5159 2026 5213 viros
2077 5162 2240 5215 turris
2289 5159 2647 5215 Sic/timorum
2702 5163 2904 5233 pariter
2955 5162 3314 5233 conglobatos,
3364 5165 3599 5218 ascendit
3649 5166 3704 5219 in
3762 5180 3990 5223 montem
4041 5170 4254 5224 Selinon
4303 5191 4425 5228 cum

1371 5227 1513 5296 omni
1552 5228 1766 5296 populo.

1162 5285 1214 5344 9.
1254 5289 1402 5356 Quod
1423 5285 1865 5374 dum:A'bimelech
1898 5304 2115 5374 turrim,
2146 5307 2401 5374 quateret
2430 5300 2486 5374 in
2509 5301 2690 5374 medio
2717 5299 2934 5374 Thebes,
2975 5314 3154 5357 amoto
3184 5303 3303 5371 igne
3337 5303 3524 5372 januis
3556 5309 3871 5362 succendere
3901 5323 4198 5374 caneretur,
4228 5312 4423 5366 mulier

1367 5365 1519 5440 malta
1537 5365 1895 5440 fragmentum
1921 5365 2372 5440 ἄρξωμεν-’ἀπίεται
2392 5369 2509 5432 eius
2532 5372 2692 5440 capiti
2721 5372 2890 5426 illisit.

1133 5423 1216 5478 10.
1256 5427 1412 5520 Quod
1431 5423 1653 5520 quidam
1672 5439 1736 5490 de
1761 5423 2386 5520 populaEanimolim
2415 5423 2676 5495 venien'tes
2718 5423 2791 5494 ad
2813 5423 2965 5496 vada
3013 5442 3294 5508 Iordanis,
3341 5442 3471 5496 dum
3508 5445 3766 5501 nescirent
3795 5451 4084 5520 exprimere
4113 5447 4411 5517 Sebbolctli,

1371 5498 1777 5578 Gdlaaditaruni
1812 5498 2002 5578 éladiis
2029 5498 2151 5564 cmi
2181 5519 2327 5564 sunt.

1131 5560 1210 5618 Η.
1249 5560 2154 5662 Cepit§dntaontrecentasﬂvulpcs
2184 5560 2510 5651 caudasque
2561 5597 2744 5636 earum
2786 5583 2976 5650 vinxit,
3018 5583 3268 5653 ndjunxit
3305 5584 3375 5638 ad
3426 5585 3629 5642 caudas
3668 5587 3809 5657 faces
3863 5569 3918 5641 et.
3960 5589 4015 5643 in
4065 5591 4238 5644 medio
4279 5591 4419 5662 liga-

1370 5649 1449 5696 tas
1480 5644 1768 5699 succendit.

1247 5705 1404 5796 Quod
1427 5697 2053 5796 §amsonntandibulam
2077 5720 2220 5796 asini
2239 5722 2504 5796 arripiens
2530 5721 2674 5776 mille
2699 5722 2855 5796 viros_
2866 5723 2919 5777 in
2940 5740 3018 5796 ea
3055 5723 3503 5780 Philisthinorum
3533 5726 3815 5796 interfecit.

1137 5770 1212 5848 15.
1245 5774 1675 5868 ουοιξρρηιὶιξαι
1697 5770 2049 5868 interrogatus;
2073 5770 3884 5868 REInTEsz'JJJm,
3913 5810 3959 5854 et
3999 5801 4211 5856 tandem
4240 5800 4412 5860 Istas:

1365 5848 1644 5920 Benjamin
1666 5854 1857 5925 gladiis
1888 5848 2159 5916 iternitur.

2465 5932 2768 6004 Expliciunl
2799 5933 3054 6006 capitula.
