  <div class='ocr_page' id='page_1' title='image "/cluster/home/n/w/nwhite01/storage/ocr_20150623/144-145/uc1.31175001639262/1079.png"; bbox 0 0 5904 6654; ppageno 0'>
   <div class='ocr_carea' id='block_1_1' title="bbox 1527 408 1669 467">
    <p class='ocr_par' dir='ltr' id='par_1_1' title="bbox 1527 408 1669 467">
     <span class='ocr_line' id='line_1_1' title="bbox 1527 408 1669 467; baseline 0.035 -5"><span class='ocrx_word' id='word_1_1' title='bbox 1527 408 1669 467; x_wconf 67' lang='grc' dir='ltr'>ίεῖθ</span> 
     </span>
    </p>
   </div>
   <div class='ocr_carea' id='block_1_2' title="bbox 2412 363 3871 466">
    <p class='ocr_par' dir='ltr' id='par_1_2' title="bbox 2412 363 3871 466">
     <span class='ocr_line' id='line_1_2' title="bbox 2412 363 3871 466; baseline -0.002 -1"><span class='ocrx_word' id='word_1_2' title='bbox 2412 363 2908 465; x_wconf 56' lang='lat' dir='ltr'><strong>consensu</strong></span> <span class='ocrx_word' id='word_1_3' title='bbox 2950 406 3016 462; x_wconf 79' lang='lat' dir='ltr'><strong>IN</strong></span> <span class='ocrx_word' id='word_1_4' title='bbox 3059 406 3294 466; x_wconf 74' lang='lat' dir='ltr'><strong>verus</strong></span> <span class='ocrx_word' id='word_1_5' title='bbox 3333 405 3871 466; x_wconf 71' lang='lat' dir='ltr'><strong>resnusaruu.</strong></span> 
     </span>
    </p>
   </div>
   <div class='ocr_carea' id='block_1_3' title="bbox 4625 408 4756 464">
    <p class='ocr_par' dir='ltr' id='par_1_3' title="bbox 4625 408 4756 464">
     <span class='ocr_line' id='line_1_3' title="bbox 4625 408 4756 464; baseline 0 0"><span class='ocrx_word' id='word_1_6' title='bbox 4625 408 4756 464; x_wconf 69' lang='lat'><strong>£080</strong></span> 
     </span>
    </p>
   </div>
   <div class='ocr_carea' id='block_1_4' title="bbox 1911 554 4392 650">
    <p class='ocr_par' dir='ltr' id='par_1_4' title="bbox 1911 554 4392 650">
     <span class='ocr_line' id='line_1_4' title="bbox 1911 554 4392 650; baseline 0.003 -10"><span class='ocrx_word' id='word_1_7' title='bbox 1911 557 2546 648; x_wconf 84' lang='lat' dir='ltr'><strong>INCIPIUNT</strong></span> <span class='ocrx_word' id='word_1_8' title='bbox 2617 554 3368 650; x_wconf 84' lang='lat' dir='ltr'><strong>TESTIMONIA</strong></span> <span class='ocrx_word' id='word_1_9' title='bbox 3435 561 3766 648; x_wconf 83' lang='lat' dir='ltr'><strong>LIBRI</strong></span> <span class='ocrx_word' id='word_1_10' title='bbox 3828 558 4392 650; x_wconf 90' lang='lat' dir='ltr'><strong>JUDICUM.</strong></span> 
     </span>
    </p>
   </div>
   <div class='ocr_carea' id='block_1_5' title="bbox 2017 705 2598 765">
    <p class='ocr_par' dir='ltr' id='par_1_5' title="bbox 2017 705 2598 765">
     <span class='ocr_line' id='line_1_5' title="bbox 2017 705 2598 765; baseline 0.003 -4"><span class='ocrx_word' id='word_1_11' title='bbox 2017 705 2244 763; x_wconf 78' lang='lat' dir='ltr'><strong>CAPUT</strong></span> <span class='ocrx_word' id='word_1_12' title='bbox 2305 706 2598 765; x_wconf 78' lang='lat' dir='ltr'><strong>PRIMUM.</strong></span> 
     </span>
    </p>
   </div>
   <div class='ocr_carea' id='block_1_6' title="bbox 1869 795 2734 866">
    <p class='ocr_par' dir='ltr' id='par_1_6' title="bbox 1869 795 2734 866">
     <span class='ocr_line' id='line_1_6' title="bbox 1869 795 2734 866; baseline 0 -16"><span class='ocrx_word' id='word_1_13' title='bbox 1869 795 1939 851; x_wconf 82' lang='lat' dir='ltr'><strong>In</strong></span> <span class='ocrx_word' id='word_1_14' title='bbox 1982 796 2197 866; x_wconf 76' lang='lat' dir='ltr'><strong>epistola</strong></span> <span class='ocrx_word' id='word_1_15' title='bbox 2251 798 2321 851; x_wconf 86' lang='lat' dir='ltr'><strong>ad</strong></span> <span class='ocrx_word' id='word_1_16' title='bbox 2380 795 2438 852; x_wconf 82' lang='lat' dir='ltr'><strong>V.</strong></span> <span class='ocrx_word' id='word_1_17' title='bbox 2475 799 2734 853; x_wconf 77' lang='lat' dir='ltr'><strong>abbatem.</strong></span> 
     </span>
    </p>
   </div>
   <div class='ocr_carea' id='block_1_7' title="bbox 1593 886 3100 959">
    <p class='ocr_par' dir='ltr' id='par_1_7' title="bbox 1593 886 3100 959">
     <span class='ocr_line' id='line_1_7' title="bbox 1593 886 3100 959; baseline 0.001 -17"><span class='ocrx_word' id='word_1_18' title='bbox 1593 909 1610 941; x_wconf 74' lang='grc' dir='ltr'><strong>ε</strong></span> <span class='ocrx_word' id='word_1_19' title='bbox 1640 887 1903 959; x_wconf 82' lang='lat' dir='ltr'><strong>Fugiente</strong></span> <span class='ocrx_word' id='word_1_20' title='bbox 1929 886 2300 942; x_wconf 81' lang='lat' dir='ltr'><strong>Adonibezecb</strong></span> <span class='ocrx_word' id='word_1_21' title='bbox 2339 903 2522 943; x_wconf 87' lang='lat' dir='ltr'><strong>coram</strong></span> <span class='ocrx_word' id='word_1_22' title='bbox 2551 889 2674 942; x_wconf 81' lang='lat' dir='ltr'><strong>ﬁliis</strong></span> <span class='ocrx_word' id='word_1_23' title='bbox 2698 887 2883 951; x_wconf 84' lang='lat' dir='ltr'><strong>Israel,</strong></span> <span class='ocrx_word' id='word_1_24' title='bbox 2915 903 3100 958; x_wconf 87' lang='lat' dir='ltr'><strong>perse-</strong></span> 
     </span>
    </p>
   </div>
   <div class='ocr_carea' id='block_1_8' title="bbox 1514 977 3096 1049">
    <p class='ocr_par' dir='ltr' id='par_1_8' title="bbox 1514 977 3096 1049">
     <span class='ocr_line' id='line_1_8' title="bbox 1514 977 3096 1049; baseline 0 -17"><span class='ocrx_word' id='word_1_25' title='bbox 1514 988 1748 1049; x_wconf 76' lang='lat' dir='ltr'><strong>quentes</strong></span> <span class='ocrx_word' id='word_1_26' title='bbox 1774 977 2300 1046; x_wconf 90' lang='lat' dir='ltr'><strong>comprehenderunt</strong></span> <span class='ocrx_word' id='word_1_27' title='bbox 2325 993 2448 1032; x_wconf 92' lang='lat' dir='ltr'><strong>eum</strong></span> <span class='ocrx_word' id='word_1_28' title='bbox 2471 1019 2489 1044; x_wconf 90' lang='lat'><strong>,</strong></span> <span class='ocrx_word' id='word_1_29' title='bbox 2511 978 2667 1033; x_wconf 63' lang='lat' dir='ltr'><strong>caesis</strong></span> <span class='ocrx_word' id='word_1_30' title='bbox 2694 977 3096 1032; x_wconf 76' lang='lat' dir='ltr'><strong>summitatibus</strong></span> 
     </span>
    </p>
   </div>
   <div class='ocr_carea' id='block_1_9' title="bbox 1513 1065 3093 1143">
    <p class='ocr_par' dir='ltr' id='par_1_9' title="bbox 1513 1065 3093 1143">
     <span class='ocr_line' id='line_1_9' title="bbox 1513 1065 3093 1143; baseline -0.003 -19"><span class='ocrx_word' id='word_1_31' title='bbox 1513 1086 1776 1125; x_wconf 83' lang='lat' dir='ltr'><strong>manuum</strong></span> <span class='ocrx_word' id='word_1_32' title='bbox 1825 1070 1942 1138; x_wconf 80' lang='lat' dir='ltr'><strong>ejus</strong></span> <span class='ocrx_word' id='word_1_33' title='bbox 1993 1084 2059 1124; x_wconf 91' lang='lat' dir='ltr'><strong>ac</strong></span> <span class='ocrx_word' id='word_1_34' title='bbox 2110 1070 2306 1143; x_wconf 85' lang='lat' dir='ltr'><strong>pedum</strong></span> <span class='ocrx_word' id='word_1_35' title='bbox 2359 1068 2506 1140; x_wconf 77' lang='lat' dir='ltr'><strong>(Iud.</strong></span> <span class='ocrx_word' id='word_1_36' title='bbox 2559 1066 2656 1135; x_wconf 68' lang='lat'><strong>1).)</strong></span> <span class='ocrx_word' id='word_1_37' title='bbox 2718 1065 3093 1121; x_wconf 81' lang='lat' dir='ltr'><strong>Adonibezeeb</strong></span> 
     </span>
    </p>
   </div>
   <div class='ocr_carea' id='block_1_10' title="bbox 1513 1156 3093 1230">
    <p class='ocr_par' dir='ltr' id='par_1_10' title="bbox 1513 1156 3093 1230">
     <span class='ocr_line' id='line_1_10' title="bbox 1513 1156 3093 1230; baseline -0.003 -15"><span class='ocrx_word' id='word_1_38' title='bbox 1513 1176 1710 1230; x_wconf 88' lang='lat' dir='ltr'><strong>nempe</strong></span> <span class='ocrx_word' id='word_1_39' title='bbox 1751 1174 2010 1215; x_wconf 83' lang='lat' dir='ltr'><strong>manuum</strong></span> <span class='ocrx_word' id='word_1_40' title='bbox 2049 1174 2113 1214; x_wconf 90' lang='lat' dir='ltr'><strong>ac</strong></span> <span class='ocrx_word' id='word_1_41' title='bbox 2157 1161 2352 1229; x_wconf 83' lang='lat' dir='ltr'><strong>pedum</strong></span> <span class='ocrx_word' id='word_1_42' title='bbox 2405 1159 2715 1214; x_wconf 78' lang='lat' dir='ltr'><strong>summitate</strong></span> <span class='ocrx_word' id='word_1_43' title='bbox 2760 1156 3093 1226; x_wconf 74' lang='lat' dir='ltr'><strong>prmciditur.</strong></span> 
     </span>
    </p>
   </div>
   <div class='ocr_carea' id='block_1_11' title="bbox 1511 1246 3098 1320">
    <p class='ocr_par' dir='ltr' id='par_1_11' title="bbox 1511 1246 3098 1320">
     <span class='ocr_line' id='line_1_11' title="bbox 1511 1246 3098 1320; baseline -0.003 -17"><span class='ocrx_word' id='word_1_44' title='bbox 1511 1253 1638 1304; x_wconf 84' lang='lat' dir='ltr'><strong>dum</strong></span> <span class='ocrx_word' id='word_1_45' title='bbox 1667 1249 1933 1320; x_wconf 88' lang='lat' dir='ltr'><strong>malignus</strong></span> <span class='ocrx_word' id='word_1_46' title='bbox 1983 1249 2124 1303; x_wconf 89' lang='lat' dir='ltr'><strong>inter</strong></span> <span class='ocrx_word' id='word_1_47' title='bbox 2163 1257 2383 1302; x_wconf 88' lang='lat' dir='ltr'><strong>sanctos</strong></span> <span class='ocrx_word' id='word_1_48' title='bbox 2433 1249 2576 1302; x_wconf 89' lang='lat' dir='ltr'><strong>viros</strong></span> <span class='ocrx_word' id='word_1_49' title='bbox 2619 1248 2840 1317; x_wconf 85' lang='lat' dir='ltr'><strong>spiritus</strong></span> <span class='ocrx_word' id='word_1_50' title='bbox 2867 1254 2919 1300; x_wconf 91' lang='lat' dir='ltr'><strong>et</strong></span> <span class='ocrx_word' id='word_1_51' title='bbox 2949 1246 3098 1300; x_wconf 85' lang='lat' dir='ltr'><strong>ince-</strong></span> 
     </span>
    </p>
   </div>
   <div class='ocr_carea' id='block_1_12' title="bbox 1511 1336 3090 1408">
    <p class='ocr_par' dir='ltr' id='par_1_12' title="bbox 1511 1336 3090 1408">
     <span class='ocr_line' id='line_1_12' title="bbox 1511 1336 3090 1408; baseline -0.003 -15"><span class='ocrx_word' id='word_1_52' title='bbox 1511 1339 1671 1393; x_wconf 85' lang='lat' dir='ltr'><strong>dendi</strong></span> <span class='ocrx_word' id='word_1_53' title='bbox 1697 1347 1752 1393; x_wconf 88' lang='lat' dir='ltr'><strong>et</strong></span> <span class='ocrx_word' id='word_1_54' title='bbox 1773 1337 2028 1406; x_wconf 88' lang='lat' dir='ltr'><strong>operandi</strong></span> <span class='ocrx_word' id='word_1_55' title='bbox 2050 1338 2248 1392; x_wconf 90' lang='lat' dir='ltr'><strong>virtute</strong></span> <span class='ocrx_word' id='word_1_56' title='bbox 2272 1338 2531 1408; x_wconf 84' lang='lat' dir='ltr'><strong>privatur.</strong></span> <span class='ocrx_word' id='word_1_57' title='bbox 2559 1337 2658 1402; x_wconf 86' lang='lat' dir='ltr'><strong>Qui</strong></span> <span class='ocrx_word' id='word_1_58' title='bbox 2685 1337 2943 1390; x_wconf 85' lang='lat' dir='ltr'><strong>nimirum</strong></span> <span class='ocrx_word' id='word_1_59' title='bbox 2966 1336 3090 1389; x_wconf 89' lang='lat' dir='ltr'><strong>dum</strong></span> 
     </span>
    </p>
   </div>
   <div class='ocr_carea' id='block_1_13' title="bbox 1507 1423 3090 1496">
    <p class='ocr_par' dir='ltr' id='par_1_13' title="bbox 1507 1423 3090 1496">
     <span class='ocr_line' id='line_1_13' title="bbox 1507 1423 3090 1496; baseline -0.004 -13"><span class='ocrx_word' id='word_1_60' title='bbox 1507 1443 1610 1483; x_wconf 81' lang='lat' dir='ltr'><strong>sua</strong></span> <span class='ocrx_word' id='word_1_61' title='bbox 1646 1429 1867 1483; x_wconf 89' lang='lat' dir='ltr'><strong>vulnera</strong></span> <span class='ocrx_word' id='word_1_62' title='bbox 1907 1427 2138 1496; x_wconf 88' lang='lat' dir='ltr'><strong>patitur,</strong></span> <span class='ocrx_word' id='word_1_63' title='bbox 2179 1429 2293 1482; x_wconf 80' lang='lat' dir='ltr'><strong>lucc</strong></span> <span class='ocrx_word' id='word_1_64' title='bbox 2317 1427 2504 1482; x_wconf 88' lang='lat' dir='ltr'><strong>eadem</strong></span> <span class='ocrx_word' id='word_1_65' title='bbox 2531 1441 2650 1480; x_wconf 85' lang='lat' dir='ltr'><strong>sese</strong></span> <span class='ocrx_word' id='word_1_66' title='bbox 2685 1426 2806 1480; x_wconf 92' lang='lat' dir='ltr'><strong>aliis</strong></span> <span class='ocrx_word' id='word_1_67' title='bbox 2843 1423 3090 1480; x_wconf 83' lang='lat' dir='ltr'><strong>intulisse</strong></span> 
     </span>
    </p>
   </div>
   <div class='ocr_carea' id='block_1_14' title="bbox 1506 1513 3090 1588">
    <p class='ocr_par' dir='ltr' id='par_1_14' title="bbox 1506 1513 3090 1588">
     <span class='ocr_line' id='line_1_14' title="bbox 1506 1513 3090 1588; baseline 0 -21"><span class='ocrx_word' id='word_1_68' title='bbox 1506 1517 1770 1588; x_wconf 70' lang='lat' dir='ltr'><strong>gloriatur</strong></span> <span class='ocrx_word' id='word_1_69' title='bbox 1804 1535 1817 1570; x_wconf 92' lang='lat'><strong>:</strong></span> <span class='ocrx_word' id='word_1_70' title='bbox 1853 1534 1872 1568; x_wconf 73' lang='grc' dir='ltr'>ι</span> <span class='ocrx_word' id='word_1_71' title='bbox 1909 1516 2293 1586; x_wconf 87' lang='lat' dir='ltr'><strong>Septuaginta,</strong></span> <span class='ocrx_word' id='word_1_72' title='bbox 2338 1516 2544 1584; x_wconf 85' lang='lat' dir='ltr'><strong>inquit,</strong></span> <span class='ocrx_word' id='word_1_73' title='bbox 2571 1531 2759 1586; x_wconf 86' lang='lat' dir='ltr'><strong>reges,</strong></span> <span class='ocrx_word' id='word_1_74' title='bbox 2800 1513 3090 1582; x_wconf 65' lang='lat' dir='ltr'><strong>amputatis</strong></span> 
     </span>
    </p>
   </div>
   <div class='ocr_carea' id='block_1_15' title="bbox 1505 1604 3090 1677">
    <p class='ocr_par' dir='ltr' id='par_1_15' title="bbox 1505 1604 3090 1677">
     <span class='ocr_line' id='line_1_15' title="bbox 1505 1604 3090 1677; baseline -0.001 -16"><span class='ocrx_word' id='word_1_75' title='bbox 1505 1622 1765 1661; x_wconf 88' lang='lat' dir='ltr'><strong>manuum</strong></span> <span class='ocrx_word' id='word_1_76' title='bbox 1813 1620 1878 1662; x_wconf 87' lang='lat' dir='ltr'><strong>ac</strong></span> <span class='ocrx_word' id='word_1_77' title='bbox 1929 1606 2124 1677; x_wconf 88' lang='lat' dir='ltr'><strong>pedum</strong></span> <span class='ocrx_word' id='word_1_78' title='bbox 2149 1607 2572 1671; x_wconf 82' lang='lat' dir='ltr'><strong>summitatibus,</strong></span> <span class='ocrx_word' id='word_1_79' title='bbox 2621 1606 2942 1675; x_wconf 77' lang='lat' dir='ltr'><strong>colligebant</strong></span> <span class='ocrx_word' id='word_1_80' title='bbox 2989 1604 3090 1660; x_wconf 86' lang='lat' dir='ltr'><strong>sub</strong></span> 
     </span>
    </p>
   </div>
   <div class='ocr_carea' id='block_1_16' title="bbox 1504 1697 3086 1769">
    <p class='ocr_par' dir='ltr' id='par_1_16' title="bbox 1504 1697 3086 1769">
     <span class='ocr_line' id='line_1_16' title="bbox 1504 1697 3086 1769; baseline 0.001 -19"><span class='ocrx_word' id='word_1_81' title='bbox 1504 1713 1692 1753; x_wconf 87' lang='lat' dir='ltr'><strong>mensa</strong></span> <span class='ocrx_word' id='word_1_82' title='bbox 1719 1713 1838 1756; x_wconf 86' lang='lat' dir='ltr'><strong>mea</strong></span> <span class='ocrx_word' id='word_1_83' title='bbox 1868 1697 2110 1753; x_wconf 86' lang='lat' dir='ltr'><strong>ciborum</strong></span> <span class='ocrx_word' id='word_1_84' title='bbox 2156 1700 2441 1769; x_wconf 90' lang='lat' dir='ltr'><strong>reliquias;</strong></span> <span class='ocrx_word' id='word_1_85' title='bbox 2475 1700 2614 1751; x_wconf 88' lang='lat' dir='ltr'><strong>sicut</strong></span> <span class='ocrx_word' id='word_1_86' title='bbox 2647 1698 2768 1762; x_wconf 82' lang='lat' dir='ltr'><strong>feci,</strong></span> <span class='ocrx_word' id='word_1_87' title='bbox 2797 1698 2871 1752; x_wconf 91' lang='lat' dir='ltr'><strong>ita</strong></span> <span class='ocrx_word' id='word_1_88' title='bbox 2903 1698 3086 1752; x_wconf 51' lang='lat' dir='ltr'><strong>reddi-</strong></span> 
     </span>
    </p>
   </div>
   <div class='ocr_carea' id='block_1_17' title="bbox 1501 1787 3086 1858">
    <p class='ocr_par' dir='ltr' id='par_1_17' title="bbox 1501 1787 3086 1858">
     <span class='ocr_line' id='line_1_17' title="bbox 1501 1787 3086 1858; baseline 0.001 -16"><span class='ocrx_word' id='word_1_89' title='bbox 1501 1788 1587 1842; x_wconf 90' lang='lat' dir='ltr'><strong>dit</strong></span> <span class='ocrx_word' id='word_1_90' title='bbox 1609 1787 1741 1842; x_wconf 89' lang='lat' dir='ltr'><strong>mihi</strong></span> <span class='ocrx_word' id='word_1_91' title='bbox 1760 1789 2022 1842; x_wconf 87' lang='lat' dir='ltr'><strong>Dominus</strong></span> <span class='ocrx_word' id='word_1_92' title='bbox 2046 1787 2254 1857; x_wconf 84' lang='lat' dir='ltr'><strong>(Ibid.).</strong></span> <span class='ocrx_word' id='word_1_93' title='bbox 2278 1808 2296 1840; x_wconf 83' lang='grc'>›</span> <span class='ocrx_word' id='word_1_94' title='bbox 2321 1788 2670 1858; x_wconf 76' lang='lat' dir='ltr'><strong>Septuaginta</strong></span> <span class='ocrx_word' id='word_1_95' title='bbox 2689 1787 3086 1855; x_wconf 73' lang='lat' dir='ltr'><strong>scilicetreges,</strong></span> 
     </span>
    </p>
   </div>
   <div class='ocr_carea' id='block_1_18' title="bbox 1499 1877 3082 1948">
    <p class='ocr_par' dir='ltr' id='par_1_18' title="bbox 1499 1877 3082 1948">
     <span class='ocr_line' id='line_1_18' title="bbox 1499 1877 3082 1948; baseline 0.001 -17"><span class='ocrx_word' id='word_1_96' title='bbox 1499 1877 1841 1948; x_wconf 73' lang='lat' dir='ltr'><strong>septuaginta</strong></span> <span class='ocrx_word' id='word_1_97' title='bbox 1869 1887 1994 1931; x_wconf 92' lang='lat' dir='ltr'><strong>sunt</strong></span> <span class='ocrx_word' id='word_1_98' title='bbox 2026 1877 2326 1946; x_wconf 82' lang='lat' dir='ltr'><strong>linguarum</strong></span> <span class='ocrx_word' id='word_1_99' title='bbox 2359 1878 2782 1948; x_wconf 90' lang='lat' dir='ltr'><strong>discrepantium</strong></span> <span class='ocrx_word' id='word_1_100' title='bbox 2814 1879 3082 1944; x_wconf 86' lang='lat' dir='ltr'><strong>nationes,</strong></span> 
     </span>
    </p>
   </div>
   <div class='ocr_carea' id='block_1_19' title="bbox 1498 1966 3083 2036">
    <p class='ocr_par' dir='ltr' id='par_1_19' title="bbox 1498 1966 3083 2036">
     <span class='ocr_line' id='line_1_19' title="bbox 1498 1966 3083 2036; baseline 0.002 -16"><span class='ocrx_word' id='word_1_101' title='bbox 1498 1969 1698 2035; x_wconf 85' lang='lat' dir='ltr'><strong>quibus</strong></span> <span class='ocrx_word' id='word_1_102' title='bbox 1717 1982 1884 2035; x_wconf 89' lang='lat' dir='ltr'><strong>usque</strong></span> <span class='ocrx_word' id='word_1_103' title='bbox 1903 1968 1969 2021; x_wconf 87' lang='lat' dir='ltr'><strong>ad</strong></span> <span class='ocrx_word' id='word_1_104' title='bbox 1993 1966 2290 2021; x_wconf 90' lang='lat' dir='ltr'><strong>Salvatoris</strong></span> <span class='ocrx_word' id='word_1_105' title='bbox 2311 1968 2600 2022; x_wconf 81' lang='lat' dir='ltr'><strong>adventum</strong></span> <span class='ocrx_word' id='word_1_106' title='bbox 2631 1968 2887 2036; x_wconf 87' lang='lat' dir='ltr'><strong>antiquus</strong></span> <span class='ocrx_word' id='word_1_107' title='bbox 2913 1969 3083 2023; x_wconf 90' lang='lat' dir='ltr'><strong>hostis</strong></span> 
     </span>
    </p>
   </div>
   <div class='ocr_carea' id='block_1_20' title="bbox 3125 707 4752 785">
    <p class='ocr_par' dir='ltr' id='par_1_20' title="bbox 3125 707 4752 785">
     <span class='ocr_line' id='line_1_20' title="bbox 3125 707 4752 785; baseline 0.004 -22"><span class='ocrx_word' id='word_1_108' title='bbox 3125 707 3174 770; x_wconf 74' lang='grc' dir='ltr'><strong>Α</strong></span> <span class='ocrx_word' id='word_1_109' title='bbox 3202 710 3447 780; x_wconf 86' lang='lat' dir='ltr'><strong>pluribus</strong></span> <span class='ocrx_word' id='word_1_110' title='bbox 3494 711 3697 780; x_wconf 83' lang='lat' dir='ltr'><strong>indiget</strong></span> <span class='ocrx_word' id='word_1_111' title='bbox 3753 711 3931 768; x_wconf 77' lang='lat' dir='ltr'><strong>verbis</strong></span> <span class='ocrx_word' id='word_1_112' title='bbox 3960 753 3976 778; x_wconf 93' lang='lat'><strong>,</strong></span> <span class='ocrx_word' id='word_1_113' title='bbox 4023 713 4145 783; x_wconf 87' lang='lat' dir='ltr'><strong>quia</strong></span> <span class='ocrx_word' id='word_1_114' title='bbox 4201 713 4382 769; x_wconf 87' lang='lat' dir='ltr'><strong>multis</strong></span> <span class='ocrx_word' id='word_1_115' title='bbox 4437 723 4520 769; x_wconf 87' lang='lat' dir='ltr'><strong>est</strong></span> <span class='ocrx_word' id='word_1_116' title='bbox 4564 714 4752 785; x_wconf 83' lang='lat' dir='ltr'><strong>repleta</strong></span> 
     </span>
    </p>
   </div>
   <div class='ocr_carea' id='block_1_21' title="bbox 3203 805 4752 874">
    <p class='ocr_par' dir='ltr' id='par_1_21' title="bbox 3203 805 4752 874">
     <span class='ocr_line' id='line_1_21' title="bbox 3203 805 4752 874; baseline 0.003 -16"><span class='ocrx_word' id='word_1_117' title='bbox 3203 806 3513 874; x_wconf 86' lang='lat' dir='ltr'><strong>mysteriis;</strong></span> <span class='ocrx_word' id='word_1_118' title='bbox 3563 806 3658 860; x_wconf 91' lang='lat' dir='ltr'><strong>sed</strong></span> <span class='ocrx_word' id='word_1_119' title='bbox 3700 821 3817 860; x_wconf 91' lang='lat' dir='ltr'><strong>eam</strong></span> <span class='ocrx_word' id='word_1_120' title='bbox 3863 806 4066 861; x_wconf 89' lang='lat' dir='ltr'><strong>idcirco</strong></span> <span class='ocrx_word' id='word_1_121' title='bbox 4117 807 4218 862; x_wconf 86' lang='lat' dir='ltr'><strong>sub</strong></span> <span class='ocrx_word' id='word_1_122' title='bbox 4263 805 4521 863; x_wconf 84' lang='lat' dir='ltr'><strong>brevitate</strong></span> <span class='ocrx_word' id='word_1_123' title='bbox 4552 819 4752 864; x_wconf 83' lang='lat' dir='ltr'><strong>contra-</strong></span> 
     </span>
    </p>
   </div>
   <div class='ocr_carea' id='block_1_22' title="bbox 3201 893 4751 966">
    <p class='ocr_par' dir='ltr' id='par_1_22' title="bbox 3201 893 4751 966">
     <span class='ocr_line' id='line_1_22' title="bbox 3201 893 4751 966; baseline 0.005 -18"><span class='ocrx_word' id='word_1_124' title='bbox 3201 893 3399 958; x_wconf 89' lang='lat' dir='ltr'><strong>himus,</strong></span> <span class='ocrx_word' id='word_1_125' title='bbox 3458 903 3517 947; x_wconf 90' lang='lat' dir='ltr'><strong>ut</strong></span> <span class='ocrx_word' id='word_1_126' title='bbox 3552 895 3891 950; x_wconf 87' lang='lat' dir='ltr'><strong>dilectionem</strong></span> <span class='ocrx_word' id='word_1_127' title='bbox 3949 905 4185 950; x_wconf 88' lang='lat' dir='ltr'><strong>vestram</strong></span> <span class='ocrx_word' id='word_1_128' title='bbox 4238 897 4558 966; x_wconf 75' lang='lat' dir='ltr'><strong>prolixitatis</strong></span> <span class='ocrx_word' id='word_1_129' title='bbox 4609 901 4751 955; x_wconf 67' lang='lat' dir='ltr'><strong>tzdio</strong></span> 
     </span>
    </p>
   </div>
   <div class='ocr_carea' id='block_1_23' title="bbox 3202 981 4741 1055">
    <p class='ocr_par' dir='ltr' id='par_1_23' title="bbox 3202 981 4741 1055">
     <span class='ocr_line' id='line_1_23' title="bbox 3202 981 4741 1055; baseline 0.004 -21"><span class='ocrx_word' id='word_1_130' title='bbox 3202 981 3360 1052; x_wconf 78' lang='lat'><strong>169</strong></span> <span class='ocrx_word' id='word_1_131' title='bbox 3389 997 3492 1036; x_wconf 93' lang='lat' dir='ltr'><strong>non</strong></span> <span class='ocrx_word' id='word_1_132' title='bbox 3531 999 3833 1053; x_wconf 87' lang='lat' dir='ltr'><strong>gravemus.</strong></span> <span class='ocrx_word' id='word_1_133' title='bbox 3863 983 4274 1039; x_wconf 86' lang='lat' dir='ltr'><strong>Consideremus</strong></span> <span class='ocrx_word' id='word_1_134' title='bbox 4311 986 4490 1055; x_wconf 87' lang='lat' dir='ltr'><strong>itaque</strong></span> <span class='ocrx_word' id='word_1_135' title='bbox 4527 987 4615 1041; x_wconf 93' lang='lat' dir='ltr'><strong>ubi</strong></span> <span class='ocrx_word' id='word_1_136' title='bbox 4662 1001 4741 1040; x_wconf 83' lang='lat' dir='ltr'><strong>se-</strong></span> 
     </span>
    </p>
   </div>
   <div class='ocr_carea' id='block_1_24' title="bbox 3197 1072 4751 1143">
    <p class='ocr_par' dir='ltr' id='par_1_24' title="bbox 3197 1072 4751 1143">
     <span class='ocr_line' id='line_1_24' title="bbox 3197 1072 4751 1143; baseline 0.001 -15"><span class='ocrx_word' id='word_1_137' title='bbox 3197 1073 3320 1128; x_wconf 87' lang='lat' dir='ltr'><strong>dem</strong></span> <span class='ocrx_word' id='word_1_138' title='bbox 3374 1072 3574 1128; x_wconf 88' lang='lat' dir='ltr'><strong>habere</strong></span> <span class='ocrx_word' id='word_1_139' title='bbox 3617 1074 3901 1143; x_wconf 83' lang='lat' dir='ltr'><strong>prophetia</strong></span> <span class='ocrx_word' id='word_1_140' title='bbox 3961 1075 4317 1140; x_wconf 87' lang='lat' dir='ltr'><strong>describitur,</strong></span> <span class='ocrx_word' id='word_1_141' title='bbox 4367 1075 4610 1131; x_wconf 80' lang='lat' dir='ltr'><strong>videlicet</strong></span> <span class='ocrx_word' id='word_1_142' title='bbox 4660 1076 4751 1132; x_wconf 88' lang='lat' dir='ltr'><strong>sub</strong></span> 
     </span>
    </p>
   </div>
   <div class='ocr_carea' id='block_1_25' title="bbox 3195 1166 4750 1238">
    <p class='ocr_par' dir='ltr' id='par_1_25' title="bbox 3195 1166 4750 1238">
     <span class='ocr_line' id='line_1_25' title="bbox 3195 1166 4750 1238; baseline 0.005 -19"><span class='ocrx_word' id='word_1_143' title='bbox 3195 1166 3396 1236; x_wconf 92' lang='lat' dir='ltr'><strong>palma,</strong></span> <span class='ocrx_word' id='word_1_144' title='bbox 3433 1169 3557 1236; x_wconf 90' lang='lat' dir='ltr'><strong>quia</strong></span> <span class='ocrx_word' id='word_1_145' title='bbox 3588 1182 3721 1235; x_wconf 91' lang='lat' dir='ltr'><strong>quos</strong></span> <span class='ocrx_word' id='word_1_146' title='bbox 3761 1167 4075 1238; x_wconf 89' lang='lat' dir='ltr'><strong>prophetica</strong></span> <span class='ocrx_word' id='word_1_147' title='bbox 4106 1169 4348 1223; x_wconf 75' lang='lat' dir='ltr'><strong>doctrina</strong></span> <span class='ocrx_word' id='word_1_148' title='bbox 4395 1170 4502 1224; x_wconf 87' lang='lat' dir='ltr'><strong>suis</strong></span> <span class='ocrx_word' id='word_1_149' title='bbox 4549 1171 4750 1226; x_wconf 83' lang='lat' dir='ltr'><strong>institu-</strong></span> 
     </span>
    </p>
   </div>
   <div class='ocr_carea' id='block_1_26' title="bbox 3193 1258 4749 1329">
    <p class='ocr_par' dir='ltr' id='par_1_26' title="bbox 3193 1258 4749 1329">
     <span class='ocr_line' id='line_1_26' title="bbox 3193 1258 4749 1329; baseline 0.003 -18"><span class='ocrx_word' id='word_1_150' title='bbox 3193 1258 3431 1314; x_wconf 80' lang='lat' dir='ltr'><strong>tionibus</strong></span> <span class='ocrx_word' id='word_1_151' title='bbox 3463 1258 3666 1326; x_wconf 91' lang='lat' dir='ltr'><strong>erudit,</strong></span> <span class='ocrx_word' id='word_1_152' title='bbox 3688 1260 3751 1314; x_wconf 91' lang='lat' dir='ltr'><strong>ad</strong></span> <span class='ocrx_word' id='word_1_153' title='bbox 3786 1259 4019 1329; x_wconf 88' lang='lat' dir='ltr'><strong>palmam</strong></span> <span class='ocrx_word' id='word_1_154' title='bbox 4062 1275 4307 1328; x_wconf 73' lang='lat' dir='ltr'><strong>superna:</strong></span> <span class='ocrx_word' id='word_1_155' title='bbox 4350 1261 4634 1316; x_wconf 88' lang='lat' dir='ltr'><strong>vocationis</strong></span> <span class='ocrx_word' id='word_1_156' title='bbox 4665 1263 4749 1316; x_wconf 88' lang='lat' dir='ltr'><strong>ad-</strong></span> 
     </span>
    </p>
   </div>
   <div class='ocr_carea' id='block_1_27' title="bbox 3195 1347 4748 1417">
    <p class='ocr_par' dir='ltr' id='par_1_27' title="bbox 3195 1347 4748 1417">
     <span class='ocr_line' id='line_1_27' title="bbox 3195 1347 4748 1417; baseline 0.001 -14"><span class='ocrx_word' id='word_1_157' title='bbox 3195 1348 3361 1412; x_wconf 86' lang='lat' dir='ltr'><strong>ducit,</strong></span> <span class='ocrx_word' id='word_1_158' title='bbox 3412 1347 3646 1416; x_wconf 74' lang='lat' dir='ltr'><strong>duntque</strong></span> <span class='ocrx_word' id='word_1_159' title='bbox 3680 1363 3777 1417; x_wconf 86' lang='lat' dir='ltr'><strong>per</strong></span> <span class='ocrx_word' id='word_1_160' title='bbox 3811 1363 3928 1402; x_wconf 89' lang='lat' dir='ltr'><strong>eam</strong></span> <span class='ocrx_word' id='word_1_161' title='bbox 3979 1349 4226 1403; x_wconf 80' lang='lat' dir='ltr'><strong>homines</strong></span> <span class='ocrx_word' id='word_1_162' title='bbox 4268 1350 4474 1404; x_wconf 86' lang='lat' dir='ltr'><strong>vivendi</strong></span> <span class='ocrx_word' id='word_1_163' title='bbox 4519 1350 4748 1405; x_wconf 86' lang='lat' dir='ltr'><strong>ordinem</strong></span> 
     </span>
    </p>
   </div>
   <div class='ocr_carea' id='block_1_28' title="bbox 3194 1436 4748 1500">
    <p class='ocr_par' dir='ltr' id='par_1_28' title="bbox 3194 1436 4748 1500">
     <span class='ocr_line' id='line_1_28' title="bbox 3194 1436 4748 1500; baseline 0.003 -10"><span class='ocrx_word' id='word_1_164' title='bbox 3194 1437 3431 1500; x_wconf 87' lang='lat' dir='ltr'><strong>discunt,</strong></span> <span class='ocrx_word' id='word_1_165' title='bbox 3475 1438 3728 1492; x_wconf 88' lang='lat' dir='ltr'><strong>vitiorum</strong></span> <span class='ocrx_word' id='word_1_166' title='bbox 3765 1436 4137 1492; x_wconf 88' lang='lat' dir='ltr'><strong>rebellantium</strong></span> <span class='ocrx_word' id='word_1_167' title='bbox 4185 1439 4414 1494; x_wconf 89' lang='lat' dir='ltr'><strong>victores</strong></span> <span class='ocrx_word' id='word_1_168' title='bbox 4458 1439 4604 1494; x_wconf 88' lang='lat' dir='ltr'><strong>fiunt.</strong></span> <span class='ocrx_word' id='word_1_169' title='bbox 4647 1438 4748 1495; x_wconf 80' lang='lat' dir='ltr'><strong>Nec</strong></span> 
     </span>
    </p>
   </div>
   <div class='ocr_carea' id='block_1_29' title="bbox 3191 1529 4746 1599">
    <p class='ocr_par' dir='ltr' id='par_1_29' title="bbox 3191 1529 4746 1599">
     <span class='ocr_line' id='line_1_29' title="bbox 3191 1529 4746 1599; baseline 0.003 -18"><span class='ocrx_word' id='word_1_170' title='bbox 3191 1531 3620 1599; x_wconf 73' lang='lat' dir='ltr'><strong>prtetcreundum</strong></span> <span class='ocrx_word' id='word_1_171' title='bbox 3659 1530 3801 1599; x_wconf 91' lang='lat' dir='ltr'><strong>quod</strong></span> <span class='ocrx_word' id='word_1_172' title='bbox 3858 1531 4000 1585; x_wconf 86' lang='lat' dir='ltr'><strong>inter</strong></span> <span class='ocrx_word' id='word_1_173' title='bbox 4047 1529 4214 1584; x_wconf 79' lang='lat' dir='ltr'><strong>Rama</strong></span> <span class='ocrx_word' id='word_1_174' title='bbox 4256 1538 4311 1585; x_wconf 86' lang='lat' dir='ltr'><strong>et</strong></span> <span class='ocrx_word' id='word_1_175' title='bbox 4343 1531 4519 1585; x_wconf 86' lang='lat' dir='ltr'><strong>Belltel</strong></span> <span class='ocrx_word' id='word_1_176' title='bbox 4560 1532 4746 1586; x_wconf 80' lang='lat' dir='ltr'><strong>sedisse</strong></span> 
     </span>
    </p>
   </div>
   <div class='ocr_carea' id='block_1_30' title="bbox 3191 1617 4744 1686">
    <p class='ocr_par' dir='ltr' id='par_1_30' title="bbox 3191 1617 4744 1686">
     <span class='ocr_line' id='line_1_30' title="bbox 3191 1617 4744 1686; baseline 0.001 -16"><span class='ocrx_word' id='word_1_177' title='bbox 3191 1617 3537 1686; x_wconf 84' lang='lat' dir='ltr'><strong>perhibetur:</strong></span> <span class='ocrx_word' id='word_1_178' title='bbox 3571 1617 3738 1672; x_wconf 77' lang='lat' dir='ltr'><strong>Rama</strong></span> <span class='ocrx_word' id='word_1_179' title='bbox 3765 1617 4048 1686; x_wconf 85' lang='lat' dir='ltr'><strong>siquidem,</strong></span> <span class='ocrx_word' id='word_1_180' title='bbox 4078 1618 4312 1681; x_wconf 72' lang='lat' dir='ltr'><strong>ea&#39;celsa,‘</strong></span> <span class='ocrx_word' id='word_1_181' title='bbox 4342 1618 4543 1682; x_wconf 89' lang='lat' dir='ltr'><strong>Belbcl,</strong></span> <span class='ocrx_word' id='word_1_182' title='bbox 4572 1619 4744 1671; x_wconf 72' lang='lat' dir='ltr'><strong>domus</strong></span> 
     </span>
    </p>
   </div>
   <div class='ocr_carea' id='block_1_31' title="bbox 3190 1706 4746 1779">
    <p class='ocr_par' dir='ltr' id='par_1_31' title="bbox 3190 1706 4746 1779">
     <span class='ocr_line' id='line_1_31' title="bbox 3190 1706 4746 1779; baseline 0.001 -19"><span class='ocrx_word' id='word_1_183' title='bbox 3190 1706 3309 1770; x_wconf 86' lang='lat' dir='ltr'><strong>Dei,</strong></span> <span class='ocrx_word' id='word_1_184' title='bbox 3344 1707 3482 1761; x_wconf 87' lang='lat' dir='ltr'><strong>sicut</strong></span> <span class='ocrx_word' id='word_1_185' title='bbox 3520 1706 3634 1776; x_wconf 86' lang='lat' dir='ltr'><strong>jam</strong></span> <span class='ocrx_word' id='word_1_186' title='bbox 3667 1709 3922 1772; x_wconf 78' lang='lat' dir='ltr'><strong>diximus,</strong></span> <span class='ocrx_word' id='word_1_187' title='bbox 3966 1708 4364 1776; x_wconf 88' lang='lat' dir='ltr'><strong>interpretatur.</strong></span> <span class='ocrx_word' id='word_1_188' title='bbox 4403 1708 4565 1764; x_wconf 79' lang='lat' dir='ltr'><strong>Recte</strong></span> <span class='ocrx_word' id='word_1_189' title='bbox 4595 1708 4746 1779; x_wconf 88' lang='lat' dir='ltr'><strong>igitur</strong></span> 
     </span>
    </p>
   </div>
   <div class='ocr_carea' id='block_1_32' title="bbox 3187 1797 4742 1868">
    <p class='ocr_par' dir='ltr' id='par_1_32' title="bbox 3187 1797 4742 1868">
     <span class='ocr_line' id='line_1_32' title="bbox 3187 1797 4742 1868; baseline 0.003 -19"><span class='ocrx_word' id='word_1_190' title='bbox 3187 1797 3469 1868; x_wconf 77' lang='lat' dir='ltr'><strong>prophetia</strong></span> <span class='ocrx_word' id='word_1_191' title='bbox 3523 1799 3665 1852; x_wconf 89' lang='lat' dir='ltr'><strong>inter</strong></span> <span class='ocrx_word' id='word_1_192' title='bbox 3713 1799 3882 1852; x_wconf 80' lang='lat' dir='ltr'><strong>Rama</strong></span> <span class='ocrx_word' id='word_1_193' title='bbox 3929 1808 3983 1853; x_wconf 91' lang='lat' dir='ltr'><strong>et</strong></span> <span class='ocrx_word' id='word_1_194' title='bbox 4029 1799 4215 1854; x_wconf 87' lang='lat' dir='ltr'><strong>Bethel</strong></span> <span class='ocrx_word' id='word_1_195' title='bbox 4267 1800 4509 1855; x_wconf 83' lang='lat' dir='ltr'><strong>habitare</strong></span> <span class='ocrx_word' id='word_1_196' title='bbox 4553 1801 4742 1855; x_wconf 83' lang='lat' dir='ltr'><strong>descri-</strong></span> 
     </span>
    </p>
   </div>
   <div class='ocr_carea' id='block_1_33' title="bbox 3186 1889 4745 1961">
    <p class='ocr_par' dir='ltr' id='par_1_33' title="bbox 3186 1889 4745 1961">
     <span class='ocr_line' id='line_1_33' title="bbox 3186 1889 4745 1961; baseline 0.002 -18"><span class='ocrx_word' id='word_1_197' title='bbox 3186 1889 3362 1954; x_wconf 87' lang='lat' dir='ltr'><strong>bitur,</strong></span> <span class='ocrx_word' id='word_1_198' title='bbox 3418 1890 3539 1958; x_wconf 90' lang='lat' dir='ltr'><strong>quia</strong></span> <span class='ocrx_word' id='word_1_199' title='bbox 3595 1890 3839 1958; x_wconf 86' lang='lat' dir='ltr'><strong>quisquis</strong></span> <span class='ocrx_word' id='word_1_200' title='bbox 3883 1890 4212 1959; x_wconf 85' lang='lat' dir='ltr'><strong>propheticis</strong></span> <span class='ocrx_word' id='word_1_201' title='bbox 4259 1891 4435 1946; x_wconf 90' lang='lat' dir='ltr'><strong>studet</strong></span> <span class='ocrx_word' id='word_1_202' title='bbox 4483 1891 4745 1961; x_wconf 86' lang='lat' dir='ltr'><strong>invigilare</strong></span> 
     </span>
    </p>
   </div>
   <div class='ocr_carea' id='block_1_34' title="bbox 3187 1979 4744 2050">
    <p class='ocr_par' dir='ltr' id='par_1_34' title="bbox 3187 1979 4744 2050">
     <span class='ocr_line' id='line_1_34' title="bbox 3187 1979 4744 2050; baseline 0.003 -19"><span class='ocrx_word' id='word_1_203' title='bbox 3187 1979 3473 2043; x_wconf 77' lang='lat' dir='ltr'><strong>doctrinis,</strong></span> <span class='ocrx_word' id='word_1_204' title='bbox 3520 1979 3766 2050; x_wconf 84' lang='lat' dir='ltr'><strong>quisquis</strong></span> <span class='ocrx_word' id='word_1_205' title='bbox 3803 1995 4082 2034; x_wconf 87' lang='lat' dir='ltr'><strong>sacrarum</strong></span> <span class='ocrx_word' id='word_1_206' title='bbox 4116 1980 4506 2050; x_wconf 86' lang='lat' dir='ltr'><strong>Seripturarum</strong></span> <span class='ocrx_word' id='word_1_207' title='bbox 4549 1981 4744 2036; x_wconf 80' lang='lat' dir='ltr'><strong>sincere</strong></span> 
     </span>
    </p>
   </div>
   <div class='ocr_carea' id='block_1_35' title="bbox 1497 2051 4743 2142">
    <p class='ocr_par' dir='ltr' id='par_1_35' title="bbox 1497 2051 4743 2142">
     <span class='ocr_line' id='line_1_35' title="bbox 1497 2051 4743 2142; baseline -0.001 -28"><span class='ocrx_word' id='word_1_208' title='bbox 1497 2071 1552 2114; x_wconf 87' lang='lat' dir='ltr'><strong>et</strong></span> <span class='ocrx_word' id='word_1_209' title='bbox 1574 2071 1721 2116; x_wconf 89' lang='lat' dir='ltr'><strong>recte</strong></span> <span class='ocrx_word' id='word_1_210' title='bbox 1749 2061 2026 2132; x_wconf 78' lang='lat' dir='ltr'><strong>gradiendi</strong></span> <span class='ocrx_word' id='word_1_211' title='bbox 2071 2072 2125 2116; x_wconf 91' lang='lat' dir='ltr'><strong>et</strong></span> <span class='ocrx_word' id='word_1_212' title='bbox 2168 2061 2306 2115; x_wconf 89' lang='lat' dir='ltr'><strong>bona</strong></span> <span class='ocrx_word' id='word_1_213' title='bbox 2338 2060 2570 2116; x_wconf 75' lang='lat' dir='ltr'><strong>faciendi</strong></span> <span class='ocrx_word' id='word_1_214' title='bbox 2601 2078 2825 2131; x_wconf 89' lang='lat' dir='ltr'><strong>prorsus</strong></span> <span class='ocrx_word' id='word_1_215' title='bbox 2848 2063 3082 2117; x_wconf 83' lang='lat' dir='ltr'><strong>abstule-</strong></span> <span class='ocrx_word' id='word_1_216' title='bbox 3108 2051 3156 2112; x_wconf 86' lang='lat' dir='ltr'><strong>B</strong></span> <span class='ocrx_word' id='word_1_217' title='bbox 3185 2080 3340 2126; x_wconf 62' lang='grc' dir='ltr'><strong>νοελι</strong></span> <span class='ocrx_word' id='word_1_218' title='bbox 3388 2072 3652 2140; x_wconf 55' lang='lat' dir='ltr'><strong>eloquiis,</strong></span> <span class='ocrx_word' id='word_1_219' title='bbox 3705 2072 3782 2126; x_wconf 74' lang='lat' dir='ltr'><strong>sic</strong></span> <span class='ocrx_word' id='word_1_220' title='bbox 3838 2073 3891 2125; x_wconf 81' lang='grc' dir='ltr'><strong>ίη</strong></span> <span class='ocrx_word' id='word_1_221' title='bbox 3949 2072 4108 2126; x_wconf 74' lang='lat' dir='ltr'><strong>domo</strong></span> <span class='ocrx_word' id='word_1_222' title='bbox 4157 2071 4248 2126; x_wconf 69' lang='lat' dir='ltr'><strong>Dei</strong></span> <span class='ocrx_word' id='word_1_223' title='bbox 4298 2085 4393 2142; x_wconf 62' lang='lat' dir='ltr'><strong>per</strong></span> <span class='ocrx_word' id='word_1_224' title='bbox 4435 2071 4743 2127; x_wconf 60' lang='lat' dir='ltr'><strong>desiderium</strong></span> 
     </span>
    </p>
   </div>
   <div class='ocr_carea' id='block_1_36' title="bbox 1497 2151 3079 2224">
    <p class='ocr_par' dir='ltr' id='par_1_36' title="bbox 1497 2151 3079 2224">
     <span class='ocr_line' id='line_1_36' title="bbox 1497 2151 3079 2224; baseline 0.003 -20"><span class='ocrx_word' id='word_1_225' title='bbox 1497 2161 1583 2206; x_wconf 88' lang='lat' dir='ltr'><strong>rat</strong></span> <span class='ocrx_word' id='word_1_226' title='bbox 1614 2151 1942 2207; x_wconf 79' lang='lat' dir='ltr'><strong>facultatem.</strong></span> <span class='ocrx_word' id='word_1_227' title='bbox 1974 2152 2069 2207; x_wconf 86' lang='lat' dir='ltr'><strong>Cui</strong></span> <span class='ocrx_word' id='word_1_228' title='bbox 2099 2152 2353 2207; x_wconf 89' lang='lat' dir='ltr'><strong>nimirum</strong></span> <span class='ocrx_word' id='word_1_229' title='bbox 2385 2155 2601 2221; x_wconf 87' lang='lat' dir='ltr'><strong>utrique</strong></span> <span class='ocrx_word' id='word_1_230' title='bbox 2628 2155 2843 2224; x_wconf 85' lang='lat' dir='ltr'><strong>gemino</strong></span> <span class='ocrx_word' id='word_1_231' title='bbox 2870 2154 3079 2209; x_wconf 79' lang='lat' dir='ltr'><strong>vulneri</strong></span> 
     </span>
    </p>
   </div>
   <div class='ocr_carea' id='block_1_37' title="bbox 1497 2243 3073 2308">
    <p class='ocr_par' dir='ltr' id='par_1_37' title="bbox 1497 2243 3073 2308">
     <span class='ocr_line' id='line_1_37' title="bbox 1497 2243 3073 2308; baseline 0.001 -12"><span class='ocrx_word' id='word_1_232' title='bbox 1497 2243 1753 2296; x_wconf 85' lang='lat' dir='ltr'><strong>medetur</strong></span> <span class='ocrx_word' id='word_1_233' title='bbox 1799 2243 2107 2297; x_wconf 91' lang='lat' dir='ltr'><strong>animarum</strong></span> <span class='ocrx_word' id='word_1_234' title='bbox 2156 2243 2396 2297; x_wconf 87' lang='lat' dir='ltr'><strong>medicus</strong></span> <span class='ocrx_word' id='word_1_235' title='bbox 2439 2243 2680 2308; x_wconf 87' lang='lat' dir='ltr'><strong>Paulus,</strong></span> <span class='ocrx_word' id='word_1_236' title='bbox 2743 2259 2863 2298; x_wconf 91' lang='lat' dir='ltr'><strong>cum</strong></span> <span class='ocrx_word' id='word_1_237' title='bbox 2909 2244 3073 2298; x_wconf 88' lang='lat' dir='ltr'><strong>dicit:</strong></span> 
     </span>
    </p>
   </div>
   <div class='ocr_carea' id='block_1_38' title="bbox 1499 2331 3080 2404">
    <p class='ocr_par' dir='ltr' id='par_1_38' title="bbox 1499 2331 3080 2404">
     <span class='ocr_line' id='line_1_38' title="bbox 1499 2331 3080 2404; baseline 0.003 -21"><span class='ocrx_word' id='word_1_238' title='bbox 1499 2331 1824 2388; x_wconf 70' lang='lat' dir='ltr'><strong>tRemissas</strong></span> <span class='ocrx_word' id='word_1_239' title='bbox 1876 2349 2069 2386; x_wconf 76' lang='lat' dir='ltr'><strong>manus</strong></span> <span class='ocrx_word' id='word_1_240' title='bbox 2119 2341 2174 2388; x_wconf 89' lang='lat' dir='ltr'><strong>et</strong></span> <span class='ocrx_word' id='word_1_241' title='bbox 2225 2332 2484 2388; x_wconf 87' lang='lat' dir='ltr'><strong>dissoluta</strong></span> <span class='ocrx_word' id='word_1_242' title='bbox 2533 2349 2706 2402; x_wconf 84' lang='lat' dir='ltr'><strong>genua</strong></span> <span class='ocrx_word' id='word_1_243' title='bbox 2750 2334 2981 2404; x_wconf 81' lang='lat' dir='ltr'><strong>erigite,</strong></span> <span class='ocrx_word' id='word_1_244' title='bbox 3025 2343 3080 2388; x_wconf 90' lang='lat' dir='ltr'><strong>et</strong></span> 
     </span>
    </p>
   </div>
   <div class='ocr_carea' id='block_1_39' title="bbox 1491 2422 3078 2493">
    <p class='ocr_par' dir='ltr' id='par_1_39' title="bbox 1491 2422 3078 2493">
     <span class='ocr_line' id='line_1_39' title="bbox 1491 2422 3078 2493; baseline 0.004 -18"><span class='ocrx_word' id='word_1_245' title='bbox 1491 2436 1714 2492; x_wconf 81' lang='lat' dir='ltr'><strong>gressns</strong></span> <span class='ocrx_word' id='word_1_246' title='bbox 1747 2431 1926 2478; x_wconf 82' lang='lat' dir='ltr'><strong>rectos</strong></span> <span class='ocrx_word' id='word_1_247' title='bbox 1956 2422 2116 2477; x_wconf 85' lang='lat' dir='ltr'><strong>lacitc</strong></span> <span class='ocrx_word' id='word_1_248' title='bbox 2145 2424 2370 2493; x_wconf 81' lang='lat' dir='ltr'><strong>pedibus</strong></span> <span class='ocrx_word' id='word_1_249' title='bbox 2412 2426 2626 2487; x_wconf 85' lang='lat' dir='ltr'><strong>vestris,</strong></span> <span class='ocrx_word' id='word_1_250' title='bbox 2662 2441 2728 2478; x_wconf 90' lang='lat' dir='ltr'><strong>ne</strong></span> <span class='ocrx_word' id='word_1_251' title='bbox 2768 2426 3078 2482; x_wconf 88' lang='lat' dir='ltr'><strong>claudicans</strong></span> 
     </span>
    </p>
   </div>
   <div class='ocr_carea' id='block_1_40' title="bbox 1494 2511 3080 2584">
    <p class='ocr_par' dir='ltr' id='par_1_40' title="bbox 1494 2511 3080 2584">
     <span class='ocr_line' id='line_1_40' title="bbox 1494 2511 3080 2584; baseline 0.005 -21"><span class='ocrx_word' id='word_1_252' title='bbox 1494 2511 1621 2580; x_wconf 87' lang='lat' dir='ltr'><strong>quis</strong></span> <span class='ocrx_word' id='word_1_253' title='bbox 1649 2520 1813 2576; x_wconf 88' lang='lat' dir='ltr'><strong>erret,</strong></span> <span class='ocrx_word' id='word_1_254' title='bbox 1861 2513 2034 2579; x_wconf 88' lang='lat' dir='ltr'><strong>magis</strong></span> <span class='ocrx_word' id='word_1_255' title='bbox 2063 2521 2241 2566; x_wconf 89' lang='lat' dir='ltr'><strong>autem</strong></span> <span class='ocrx_word' id='word_1_256' title='bbox 2283 2524 2504 2567; x_wconf 82' lang='lat' dir='ltr'><strong>sanetur</strong></span> <span class='ocrx_word' id='word_1_257' title='bbox 2530 2513 2715 2584; x_wconf 81' lang='lat' dir='ltr'><strong>(Hebr.</strong></span> <span class='ocrx_word' id='word_1_258' title='bbox 2747 2515 2898 2582; x_wconf 53' lang='lat' dir='ltr'><strong>xu)»</strong></span> <span class='ocrx_word' id='word_1_259' title='bbox 2934 2517 3080 2571; x_wconf 71' lang='lat' dir='ltr'><strong>Ado-</strong></span> 
     </span>
    </p>
   </div>
   <div class='ocr_carea' id='block_1_41' title="bbox 1493 2598 3079 2669">
    <p class='ocr_par' dir='ltr' id='par_1_41' title="bbox 1493 2598 3079 2669">
     <span class='ocr_line' id='line_1_41' title="bbox 1493 2598 3079 2669; baseline 0.005 -19"><span class='ocrx_word' id='word_1_260' title='bbox 1493 2598 1755 2653; x_wconf 84' lang='lat' dir='ltr'><strong>nibezeclt</strong></span> <span class='ocrx_word' id='word_1_261' title='bbox 1785 2600 1980 2669; x_wconf 87' lang='lat' dir='ltr'><strong>quippe</strong></span> <span class='ocrx_word' id='word_1_262' title='bbox 2008 2601 2248 2654; x_wconf 75' lang='lat' dir='ltr'><strong>dominus</strong></span> <span class='ocrx_word' id='word_1_263' title='bbox 2271 2602 2527 2669; x_wconf 80' lang='lat' dir='ltr'><strong>fulminis,</strong></span> <span class='ocrx_word' id='word_1_264' title='bbox 2560 2602 2642 2655; x_wconf 90' lang='lat' dir='ltr'><strong>vel</strong></span> <span class='ocrx_word' id='word_1_265' title='bbox 2683 2603 2924 2658; x_wconf 78' lang='lat' dir='ltr'><strong>dominus</strong></span> <span class='ocrx_word' id='word_1_266' title='bbox 2954 2621 3079 2658; x_wconf 84' lang='lat' dir='ltr'><strong>cou-</strong></span> 
     </span>
    </p>
   </div>
   <div class='ocr_carea' id='block_1_42' title="bbox 1491 2685 3076 2759">
    <p class='ocr_par' dir='ltr' id='par_1_42' title="bbox 1491 2685 3076 2759">
     <span class='ocr_line' id='line_1_42' title="bbox 1491 2685 3076 2759; baseline 0.006 -19"><span class='ocrx_word' id='word_1_267' title='bbox 1491 2697 1666 2741; x_wconf 78' lang='lat' dir='ltr'><strong>tentua</strong></span> <span class='ocrx_word' id='word_1_268' title='bbox 1711 2691 1828 2742; x_wconf 73' lang='lat' dir='ltr'><strong>vani</strong></span> <span class='ocrx_word' id='word_1_269' title='bbox 1873 2685 2283 2759; x_wconf 78' lang='lat' dir='ltr'><strong>interpretatur.</strong></span> <span class='ocrx_word' id='word_1_270' title='bbox 2321 2691 2543 2746; x_wconf 84' lang='lat' dir='ltr'><strong>Fulmen</strong></span> <span class='ocrx_word' id='word_1_271' title='bbox 2586 2709 2709 2746; x_wconf 83' lang='lat' dir='ltr'><strong>mox</strong></span> <span class='ocrx_word' id='word_1_272' title='bbox 2761 2702 2822 2746; x_wconf 91' lang='lat' dir='ltr'><strong>ut</strong></span> <span class='ocrx_word' id='word_1_273' title='bbox 2873 2695 3076 2749; x_wconf 84' lang='lat' dir='ltr'><strong>micare</strong></span> 
     </span>
    </p>
   </div>
   <div class='ocr_carea' id='block_1_43' title="bbox 1488 2779 3072 2850">
    <p class='ocr_par' dir='ltr' id='par_1_43' title="bbox 1488 2779 3072 2850">
     <span class='ocr_line' id='line_1_43' title="bbox 1488 2779 3072 2850; baseline 0.003 -18"><span class='ocrx_word' id='word_1_274' title='bbox 1488 2779 1704 2849; x_wconf 82' lang='lat' dir='ltr'><strong>incipit,</strong></span> <span class='ocrx_word' id='word_1_275' title='bbox 1735 2779 1916 2834; x_wconf 90' lang='lat' dir='ltr'><strong>subito</strong></span> <span class='ocrx_word' id='word_1_276' title='bbox 1939 2781 2140 2835; x_wconf 85' lang='lat' dir='ltr'><strong>deficit.</strong></span> <span class='ocrx_word' id='word_1_277' title='bbox 2181 2781 2282 2836; x_wconf 83' lang='lat' dir='ltr'><strong>Per</strong></span> <span class='ocrx_word' id='word_1_278' title='bbox 2308 2780 2449 2850; x_wconf 87' lang='lat' dir='ltr'><strong>quod</strong></span> <span class='ocrx_word' id='word_1_279' title='bbox 2490 2781 2746 2838; x_wconf 86' lang='lat' dir='ltr'><strong>Judaicus</strong></span> <span class='ocrx_word' id='word_1_280' title='bbox 2788 2793 2960 2850; x_wconf 83' lang='lat' dir='ltr'><strong>potest</strong></span> <span class='ocrx_word' id='word_1_281' title='bbox 2987 2784 3072 2836; x_wconf 92' lang='lat' dir='ltr'><strong>in-</strong></span> 
     </span>
    </p>
   </div>
   <div class='ocr_carea' id='block_1_44' title="bbox 1489 2870 3077 2943">
    <p class='ocr_par' dir='ltr' id='par_1_44' title="bbox 1489 2870 3077 2943">
     <span class='ocr_line' id='line_1_44' title="bbox 1489 2870 3077 2943; baseline 0.003 -20"><span class='ocrx_word' id='word_1_282' title='bbox 1489 2870 1659 2940; x_wconf 80' lang='lat' dir='ltr'><strong>telligi</strong></span> <span class='ocrx_word' id='word_1_283' title='bbox 1687 2872 1938 2941; x_wconf 88' lang='lat' dir='ltr'><strong>populus,</strong></span> <span class='ocrx_word' id='word_1_284' title='bbox 1983 2873 2070 2940; x_wconf 88' lang='lat' dir='ltr'><strong>qui</strong></span> <span class='ocrx_word' id='word_1_285' title='bbox 2120 2872 2378 2927; x_wconf 87' lang='lat' dir='ltr'><strong>nimirum</strong></span> <span class='ocrx_word' id='word_1_286' title='bbox 2427 2874 2659 2940; x_wconf 87' lang='lat' dir='ltr'><strong>quodam</strong></span> <span class='ocrx_word' id='word_1_287' title='bbox 2687 2874 2840 2941; x_wconf 86' lang='lat' dir='ltr'><strong>quasi</strong></span> <span class='ocrx_word' id='word_1_288' title='bbox 2870 2873 3077 2943; x_wconf 78' lang='lat' dir='ltr'><strong>fulgore</strong></span> 
     </span>
    </p>
   </div>
   <div class='ocr_carea' id='block_1_45' title="bbox 1488 2959 3077 3031">
    <p class='ocr_par' dir='ltr' id='par_1_45' title="bbox 1488 2959 3077 3031">
     <span class='ocr_line' id='line_1_45' title="bbox 1488 2959 3077 3031; baseline 0.004 -19"><span class='ocrx_word' id='word_1_289' title='bbox 1488 2959 1719 3024; x_wconf 86' lang='lat' dir='ltr'><strong>micant,</strong></span> <span class='ocrx_word' id='word_1_290' title='bbox 1748 2976 1869 3014; x_wconf 91' lang='lat' dir='ltr'><strong>cum</strong></span> <span class='ocrx_word' id='word_1_291' title='bbox 1899 2961 2141 3015; x_wconf 88' lang='lat' dir='ltr'><strong>dicerent</strong></span> <span class='ocrx_word' id='word_1_292' title='bbox 2166 2979 2180 3014; x_wconf 90' lang='lat'><strong>:</strong></span> <span class='ocrx_word' id='word_1_293' title='bbox 2220 2979 2239 3012; x_wconf 72' lang='grc' dir='ltr'><strong><em>ι</em></strong></span> <span class='ocrx_word' id='word_1_294' title='bbox 2263 2960 2455 3016; x_wconf 90' lang='lat' dir='ltr'><strong>Omnia</strong></span> <span class='ocrx_word' id='word_1_295' title='bbox 2487 2977 2605 3030; x_wconf 69' lang='lat' dir='ltr'><strong>quae</strong></span> <span class='ocrx_word' id='word_1_296' title='bbox 2636 2964 2890 3031; x_wconf 72' lang='lat' dir='ltr'><strong>prmcepit</strong></span> <span class='ocrx_word' id='word_1_297' title='bbox 2920 2964 3077 3018; x_wconf 86' lang='lat' dir='ltr'><strong>nobis</strong></span> 
     </span>
    </p>
   </div>
   <div class='ocr_carea' id='block_1_46' title="bbox 1486 3049 3068 3123">
    <p class='ocr_par' dir='ltr' id='par_1_46' title="bbox 1486 3049 3068 3123">
     <span class='ocr_line' id='line_1_46' title="bbox 1486 3049 3068 3123; baseline -0.001 -17"><span class='ocrx_word' id='word_1_298' title='bbox 1486 3049 1754 3106; x_wconf 84' lang='lat' dir='ltr'><strong>Dominus</strong></span> <span class='ocrx_word' id='word_1_299' title='bbox 1785 3061 1839 3104; x_wconf 93' lang='lat' dir='ltr'><strong>et</strong></span> <span class='ocrx_word' id='word_1_300' title='bbox 1880 3051 2159 3106; x_wconf 91' lang='lat' dir='ltr'><strong>audiemus</strong></span> <span class='ocrx_word' id='word_1_301' title='bbox 2199 3059 2251 3105; x_wconf 91' lang='lat' dir='ltr'><strong>et</strong></span> <span class='ocrx_word' id='word_1_302' title='bbox 2295 3051 2554 3107; x_wconf 89' lang='lat' dir='ltr'><strong>faciemus</strong></span> <span class='ocrx_word' id='word_1_303' title='bbox 2599 3052 2797 3123; x_wconf 72' lang='lat' dir='ltr'><strong>(Exod.</strong></span> <span class='ocrx_word' id='word_1_304' title='bbox 2826 3054 2975 3122; x_wconf 76' lang='lat' dir='ltr'><strong>xxiv)</strong></span> <span class='ocrx_word' id='word_1_305' title='bbox 3004 3069 3017 3116; x_wconf 91' lang='lat'><strong>;</strong></span> <span class='ocrx_word' id='word_1_306' title='bbox 3049 3071 3068 3104; x_wconf 83' lang='grc'><strong>›</strong></span> 
     </span>
    </p>
   </div>
   <div class='ocr_carea' id='block_1_47' title="bbox 1485 3141 3104 3205">
    <p class='ocr_par' dir='ltr' id='par_1_47' title="bbox 1485 3141 3104 3205">
     <span class='ocr_line' id='line_1_47' title="bbox 1485 3141 3104 3205; baseline -0.002 -6"><span class='ocrx_word' id='word_1_307' title='bbox 1485 3143 1584 3200; x_wconf 76' lang='lat' dir='ltr'><strong>sed</strong></span> <span class='ocrx_word' id='word_1_308' title='bbox 1611 3158 1738 3198; x_wconf 83' lang='lat' dir='ltr'><strong>mox</strong></span> <span class='ocrx_word' id='word_1_309' title='bbox 1787 3143 2045 3199; x_wconf 87' lang='lat' dir='ltr'><strong>deficiens</strong></span> <span class='ocrx_word' id='word_1_310' title='bbox 2094 3145 2182 3198; x_wconf 83' lang='lat' dir='ltr'><strong>lux</strong></span> <span class='ocrx_word' id='word_1_311' title='bbox 2231 3145 2332 3199; x_wconf 89' lang='lat' dir='ltr'><strong>ista</strong></span> <span class='ocrx_word' id='word_1_312' title='bbox 2379 3143 2626 3205; x_wconf 89' lang='lat' dir='ltr'><strong>cadebat.</strong></span> <span class='ocrx_word' id='word_1_313' title='bbox 2670 3159 2791 3197; x_wconf 82' lang='lat' dir='ltr'><strong>cmu</strong></span> <span class='ocrx_word' id='word_1_314' title='bbox 2835 3141 3104 3198; x_wconf 81' lang='lat' dir='ltr'><strong>cervices</strong></span> 
     </span>
    </p>
   </div>
   <div class='ocr_carea' id='block_1_48' title="bbox 1486 3232 3074 3291">
    <p class='ocr_par' dir='ltr' id='par_1_48' title="bbox 1486 3232 3074 3291">
     <span class='ocr_line' id='line_1_48' title="bbox 1486 3232 3074 3291; baseline -0.003 0"><span class='ocrx_word' id='word_1_315' title='bbox 1486 3248 1619 3291; x_wconf 76' lang='lat' dir='ltr'><strong>suas</strong></span> <span class='ocrx_word' id='word_1_316' title='bbox 1651 3236 1952 3291; x_wconf 86' lang='lat' dir='ltr'><strong>tenebrosis</strong></span> <span class='ocrx_word' id='word_1_317' title='bbox 1979 3237 2310 3290; x_wconf 77' lang='lat' dir='ltr'><strong>daemonibus</strong></span> <span class='ocrx_word' id='word_1_318' title='bbox 2341 3235 2694 3288; x_wconf 83' lang='lat' dir='ltr'><strong>inclinabant.</strong></span> <span class='ocrx_word' id='word_1_319' title='bbox 2725 3234 2831 3288; x_wconf 87' lang='lat' dir='ltr'><strong>Per</strong></span> <span class='ocrx_word' id='word_1_320' title='bbox 2857 3232 2910 3286; x_wconf 89' lang='lat' dir='ltr'><strong>id</strong></span> <span class='ocrx_word' id='word_1_321' title='bbox 2945 3244 3074 3287; x_wconf 83' lang='lat' dir='ltr'><strong>vero</strong></span> 
     </span>
    </p>
   </div>
   <div class='ocr_carea' id='block_1_49' title="bbox 1486 3323 3071 3393">
    <p class='ocr_par' dir='ltr' id='par_1_49' title="bbox 1486 3323 3071 3393">
     <span class='ocr_line' id='line_1_49' title="bbox 1486 3323 3071 3393; baseline -0.001 -16"><span class='ocrx_word' id='word_1_322' title='bbox 1486 3325 1635 3392; x_wconf 89' lang='lat' dir='ltr'><strong>quod</strong></span> <span class='ocrx_word' id='word_1_323' title='bbox 1666 3324 1885 3390; x_wconf 88' lang='lat' dir='ltr'><strong>dicitur,</strong></span> <span class='ocrx_word' id='word_1_324' title='bbox 1915 3332 2204 3380; x_wconf 86' lang='lat' dir='ltr'><strong>contentus</strong></span> <span class='ocrx_word' id='word_1_325' title='bbox 2250 3324 2398 3382; x_wconf 88' lang='lat' dir='ltr'><strong>vani.</strong></span> <span class='ocrx_word' id='word_1_326' title='bbox 2437 3323 2710 3393; x_wconf 78' lang='lat' dir='ltr'><strong>gentilitas</strong></span> <span class='ocrx_word' id='word_1_327' title='bbox 2739 3323 3071 3392; x_wconf 78' lang='lat' dir='ltr'><strong>designatur,</strong></span> 
     </span>
    </p>
   </div>
   <div class='ocr_carea' id='block_1_50' title="bbox 3182 2163 4743 2228">
    <p class='ocr_par' dir='ltr' id='par_1_50' title="bbox 3182 2163 4743 2228">
     <span class='ocr_line' id='line_1_50' title="bbox 3182 2163 4743 2228; baseline -0.002 -8"><span class='ocrx_word' id='word_1_328' title='bbox 3182 2164 3379 2220; x_wconf 69' lang='lat' dir='ltr'><strong>mentis</strong></span> <span class='ocrx_word' id='word_1_329' title='bbox 3420 2164 3686 2220; x_wconf 89' lang='lat' dir='ltr'><strong>inhabitat</strong></span> <span class='ocrx_word' id='word_1_330' title='bbox 3718 2173 3777 2220; x_wconf 92' lang='lat' dir='ltr'><strong>ut</strong></span> <span class='ocrx_word' id='word_1_331' title='bbox 3819 2180 3923 2220; x_wconf 91' lang='lat' dir='ltr'><strong>non</strong></span> <span class='ocrx_word' id='word_1_332' title='bbox 3953 2163 4134 2219; x_wconf 83' lang='lat' dir='ltr'><strong>intima</strong></span> <span class='ocrx_word' id='word_1_333' title='bbox 4164 2173 4219 2218; x_wconf 90' lang='lat' dir='ltr'><strong>et</strong></span> <span class='ocrx_word' id='word_1_334' title='bbox 4241 2171 4626 2228; x_wconf 85' lang='lat' dir='ltr'><strong>momentanea,</strong></span> <span class='ocrx_word' id='word_1_335' title='bbox 4657 2163 4743 2218; x_wconf 80' lang='lat' dir='ltr'><strong>sed</strong></span> 
     </span>
    </p>
   </div>
   <div class='ocr_carea' id='block_1_51' title="bbox 3181 2253 4740 2327">
    <p class='ocr_par' dir='ltr' id='par_1_51' title="bbox 3181 2253 4740 2327">
     <span class='ocr_line' id='line_1_51' title="bbox 3181 2253 4740 2327; baseline -0.003 -14"><span class='ocrx_word' id='word_1_336' title='bbox 3181 2257 3393 2313; x_wconf 80' lang='lat' dir='ltr'><strong>excelsa</strong></span> <span class='ocrx_word' id='word_1_337' title='bbox 3425 2260 3606 2327; x_wconf 90' lang='lat' dir='ltr'><strong>potius</strong></span> <span class='ocrx_word' id='word_1_338' title='bbox 3635 2266 3797 2326; x_wconf 88' lang='lat' dir='ltr'><strong>atque</strong></span> <span class='ocrx_word' id='word_1_339' title='bbox 3829 2257 4071 2313; x_wconf 83' lang='lat' dir='ltr'><strong>coelestia</strong></span> <span class='ocrx_word' id='word_1_340' title='bbox 4103 2271 4314 2326; x_wconf 87' lang='lat' dir='ltr'><strong>semper</strong></span> <span class='ocrx_word' id='word_1_341' title='bbox 4344 2256 4589 2325; x_wconf 87' lang='lat' dir='ltr'><strong>inquirat.</strong></span> <span class='ocrx_word' id='word_1_342' title='bbox 4621 2253 4740 2309; x_wconf 65' lang='lat' dir='ltr'><strong>Hec</strong></span> 
     </span>
    </p>
   </div>
   <div class='ocr_carea' id='block_1_52' title="bbox 3180 2345 4738 2413">
    <p class='ocr_par' dir='ltr' id='par_1_52' title="bbox 3180 2345 4738 2413">
     <span class='ocr_line' id='line_1_52' title="bbox 3180 2345 4738 2413; baseline 0.001 -16"><span class='ocrx_word' id='word_1_343' title='bbox 3180 2348 3392 2401; x_wconf 77' lang='lat' dir='ltr'><strong>vocavit</strong></span> <span class='ocrx_word' id='word_1_344' title='bbox 3448 2349 3514 2402; x_wconf 87' lang='lat' dir='ltr'><strong>ad</strong></span> <span class='ocrx_word' id='word_1_345' title='bbox 3558 2363 3618 2403; x_wconf 89' lang='lat' dir='ltr'><strong>se</strong></span> <span class='ocrx_word' id='word_1_346' title='bbox 3675 2347 3863 2401; x_wconf 88' lang='lat' dir='ltr'><strong>Barac.</strong></span> <span class='ocrx_word' id='word_1_347' title='bbox 3924 2345 4094 2401; x_wconf 88' lang='lat' dir='ltr'><strong>Porro</strong></span> <span class='ocrx_word' id='word_1_348' title='bbox 4149 2345 4315 2400; x_wconf 87' lang='lat' dir='ltr'><strong>Barac</strong></span> <span class='ocrx_word' id='word_1_349' title='bbox 4368 2345 4738 2413; x_wconf 86' lang='lat' dir='ltr'><strong>interpretatur</strong></span> 
     </span>
    </p>
   </div>
   <div class='ocr_carea' id='block_1_53' title="bbox 3180 2435 4737 2505">
    <p class='ocr_par' dir='ltr' id='par_1_53' title="bbox 3180 2435 4737 2505">
     <span class='ocr_line' id='line_1_53' title="bbox 3180 2435 4737 2505; baseline -0.004 -12"><span class='ocrx_word' id='word_1_350' title='bbox 3180 2441 3492 2493; x_wconf 75' lang='lat' dir='ltr'><strong>coruscatio.</strong></span> <span class='ocrx_word' id='word_1_351' title='bbox 3531 2439 3848 2495; x_wconf 87' lang='lat' dir='ltr'><strong>Coruscatio</strong></span> <span class='ocrx_word' id='word_1_352' title='bbox 3883 2448 4063 2493; x_wconf 90' lang='lat' dir='ltr'><strong>autem</strong></span> <span class='ocrx_word' id='word_1_353' title='bbox 4111 2438 4272 2493; x_wconf 88' lang='lat' dir='ltr'><strong>habet</strong></span> <span class='ocrx_word' id='word_1_354' title='bbox 4301 2436 4509 2505; x_wconf 87' lang='lat' dir='ltr'><strong>quidem</strong></span> <span class='ocrx_word' id='word_1_355' title='bbox 4551 2435 4737 2497; x_wconf 87' lang='lat' dir='ltr'><strong>lucem,</strong></span> 
     </span>
    </p>
   </div>
   <div class='ocr_carea' id='block_1_54' title="bbox 3179 2527 4740 2601">
    <p class='ocr_par' dir='ltr' id='par_1_54' title="bbox 3179 2527 4740 2601">
     <span class='ocr_line' id='line_1_54' title="bbox 3179 2527 4740 2601; baseline -0.004 -15"><span class='ocrx_word' id='word_1_356' title='bbox 3179 2532 3271 2586; x_wconf 90' lang='lat' dir='ltr'><strong>sed</strong></span> <span class='ocrx_word' id='word_1_357' title='bbox 3301 2547 3404 2585; x_wconf 94' lang='lat' dir='ltr'><strong>non</strong></span> <span class='ocrx_word' id='word_1_358' title='bbox 3437 2531 3638 2586; x_wconf 91' lang='lat' dir='ltr'><strong>diutius</strong></span> <span class='ocrx_word' id='word_1_359' title='bbox 3671 2540 4074 2601; x_wconf 89' lang='lat' dir='ltr'><strong>permanentem</strong></span> <span class='ocrx_word' id='word_1_360' title='bbox 4101 2546 4115 2594; x_wconf 88' lang='lat'><strong>;</strong></span> <span class='ocrx_word' id='word_1_361' title='bbox 4146 2545 4267 2584; x_wconf 81' lang='lat' dir='ltr'><strong>mox</strong></span> <span class='ocrx_word' id='word_1_362' title='bbox 4303 2529 4441 2582; x_wconf 89' lang='lat' dir='ltr'><strong>enim</strong></span> <span class='ocrx_word' id='word_1_363' title='bbox 4473 2536 4529 2581; x_wconf 93' lang='lat' dir='ltr'><strong>ut</strong></span> <span class='ocrx_word' id='word_1_364' title='bbox 4570 2527 4740 2582; x_wconf 88' lang='lat' dir='ltr'><strong>lucere</strong></span> 
     </span>
    </p>
   </div>
   <div class='ocr_carea' id='block_1_55' title="bbox 3179 2615 4738 2690">
    <p class='ocr_par' dir='ltr' id='par_1_55' title="bbox 3179 2615 4738 2690">
     <span class='ocr_line' id='line_1_55' title="bbox 3179 2615 4738 2690; baseline -0.006 -13"><span class='ocrx_word' id='word_1_365' title='bbox 3179 2621 3412 2690; x_wconf 90' lang='lat' dir='ltr'><strong>incipit,</strong></span> <span class='ocrx_word' id='word_1_366' title='bbox 3459 2620 3605 2676; x_wconf 90' lang='lat' dir='ltr'><strong>illico</strong></span> <span class='ocrx_word' id='word_1_367' title='bbox 3668 2621 3870 2674; x_wconf 88' lang='lat' dir='ltr'><strong>deficit.</strong></span> <span class='ocrx_word' id='word_1_368' title='bbox 3916 2619 4087 2673; x_wconf 87' lang='lat' dir='ltr'><strong>Barac</strong></span> <span class='ocrx_word' id='word_1_369' title='bbox 4137 2617 4299 2686; x_wconf 85' lang='lat' dir='ltr'><strong>igitur</strong></span> <span class='ocrx_word' id='word_1_370' title='bbox 4339 2618 4437 2671; x_wconf 89' lang='lat' dir='ltr'><strong>iste</strong></span> <span class='ocrx_word' id='word_1_371' title='bbox 4478 2615 4738 2671; x_wconf 83' lang='lat' dir='ltr'><strong>Israclitiei</strong></span> 
     </span>
    </p>
   </div>
   <div class='ocr_carea' id='block_1_56' title="bbox 3177 2705 4737 2781">
    <p class='ocr_par' dir='ltr' id='par_1_56' title="bbox 3177 2705 4737 2781">
     <span class='ocr_line' id='line_1_56' title="bbox 3177 2705 4737 2781; baseline -0.005 -16"><span class='ocrx_word' id='word_1_372' title='bbox 3177 2710 3359 2781; x_wconf 88' lang='lat' dir='ltr'><strong>populi</strong></span> <span class='ocrx_word' id='word_1_373' title='bbox 3398 2708 3623 2778; x_wconf 81' lang='lat' dir='ltr'><strong>figuram</strong></span> <span class='ocrx_word' id='word_1_374' title='bbox 3665 2719 3850 2763; x_wconf 88' lang='lat' dir='ltr'><strong>tenet:</strong></span> <span class='ocrx_word' id='word_1_375' title='bbox 3890 2710 3980 2778; x_wconf 90' lang='lat' dir='ltr'><strong>qui</strong></span> <span class='ocrx_word' id='word_1_376' title='bbox 4027 2708 4233 2777; x_wconf 90' lang='lat' dir='ltr'><strong>primus</strong></span> <span class='ocrx_word' id='word_1_377' title='bbox 4261 2706 4491 2760; x_wconf 89' lang='lat' dir='ltr'><strong>omnium</strong></span> <span class='ocrx_word' id='word_1_378' title='bbox 4520 2705 4737 2774; x_wconf 86' lang='lat' dir='ltr'><strong>prophe-</strong></span> 
     </span>
    </p>
   </div>
   <div class='ocr_carea' id='block_1_57' title="bbox 3179 2795 4738 2867">
    <p class='ocr_par' dir='ltr' id='par_1_57' title="bbox 3179 2795 4738 2867">
     <span class='ocr_line' id='line_1_57' title="bbox 3179 2795 4738 2867; baseline -0.005 -13"><span class='ocrx_word' id='word_1_379' title='bbox 3179 2802 3302 2855; x_wconf 79' lang='lat' dir='ltr'><strong>ticis</strong></span> <span class='ocrx_word' id='word_1_380' title='bbox 3361 2801 3658 2855; x_wconf 90' lang='lat' dir='ltr'><strong>instructus</strong></span> <span class='ocrx_word' id='word_1_381' title='bbox 3711 2798 3948 2854; x_wconf 89' lang='lat' dir='ltr'><strong>oraculis</strong></span> <span class='ocrx_word' id='word_1_382' title='bbox 4005 2795 4388 2867; x_wconf 89' lang='lat' dir='ltr'><strong>aliquantulum</strong></span> <span class='ocrx_word' id='word_1_383' title='bbox 4434 2795 4638 2864; x_wconf 87' lang='lat' dir='ltr'><strong>quidem</strong></span> <span class='ocrx_word' id='word_1_384' title='bbox 4689 2795 4738 2847; x_wconf 84' lang='lat' dir='ltr'><strong>in</strong></span> 
     </span>
    </p>
   </div>
   <div class='ocr_carea' id='block_1_58' title="bbox 3179 2884 4730 2961">
    <p class='ocr_par' dir='ltr' id='par_1_58' title="bbox 3179 2884 4730 2961">
     <span class='ocr_line' id='line_1_58' title="bbox 3179 2884 4730 2961; baseline -0.009 -14"><span class='ocrx_word' id='word_1_385' title='bbox 3179 2903 3398 2959; x_wconf 74' lang='lat' dir='ltr'><strong>accepta</strong></span> <span class='ocrx_word' id='word_1_386' title='bbox 3439 2891 3553 2961; x_wconf 89' lang='lat' dir='ltr'><strong>lege</strong></span> <span class='ocrx_word' id='word_1_387' title='bbox 3591 2890 3818 2951; x_wconf 88' lang='lat' dir='ltr'><strong>refulsit,</strong></span> <span class='ocrx_word' id='word_1_388' title='bbox 3855 2889 3948 2943; x_wconf 86' lang='lat' dir='ltr'><strong>sed</strong></span> <span class='ocrx_word' id='word_1_389' title='bbox 3985 2889 4130 2942; x_wconf 83' lang='lat' dir='ltr'><strong>brevi</strong></span> <span class='ocrx_word' id='word_1_390' title='bbox 4161 2896 4397 2955; x_wconf 89' lang='lat' dir='ltr'><strong>tempore</strong></span> <span class='ocrx_word' id='word_1_391' title='bbox 4423 2884 4730 2940; x_wconf 85' lang='lat' dir='ltr'><strong>coruscavit.</strong></span> 
     </span>
    </p>
   </div>
   <div class='ocr_carea' id='block_1_59' title="bbox 3178 2975 4740 3050">
    <p class='ocr_par' dir='ltr' id='par_1_59' title="bbox 3178 2975 4740 3050">
     <span class='ocr_line' id='line_1_59' title="bbox 3178 2975 4740 3050; baseline -0.008 -11"><span class='ocrx_word' id='word_1_392' title='bbox 3178 2985 3234 3039; x_wconf 91' lang='lat' dir='ltr'><strong>ln</strong></span> <span class='ocrx_word' id='word_1_393' title='bbox 3270 2984 3384 3050; x_wconf 81' lang='lat' dir='ltr'><strong>lege</strong></span> <span class='ocrx_word' id='word_1_394' title='bbox 3414 2982 3632 3050; x_wconf 87' lang='lat' dir='ltr'><strong>quippe,</strong></span> <span class='ocrx_word' id='word_1_395' title='bbox 3674 2981 3739 3033; x_wconf 91' lang='lat' dir='ltr'><strong>de</strong></span> <span class='ocrx_word' id='word_1_396' title='bbox 3769 2995 3870 3049; x_wconf 92' lang='lat' dir='ltr'><strong>qua</strong></span> <span class='ocrx_word' id='word_1_397' title='bbox 3917 2979 4117 3033; x_wconf 91' lang='lat' dir='ltr'><strong>dictum</strong></span> <span class='ocrx_word' id='word_1_398' title='bbox 4148 2985 4231 3031; x_wconf 90' lang='lat' dir='ltr'><strong>est</strong></span> <span class='ocrx_word' id='word_1_399' title='bbox 4263 2995 4276 3028; x_wconf 88' lang='lat'><strong>:</strong></span> <span class='ocrx_word' id='word_1_400' title='bbox 4309 2995 4327 3027; x_wconf 84' lang='grc'><strong>‹</strong></span> <span class='ocrx_word' id='word_1_401' title='bbox 4370 2975 4602 3029; x_wconf 84' lang='lat' dir='ltr'><strong>Lucerna</strong></span> <span class='ocrx_word' id='word_1_402' title='bbox 4652 2987 4740 3043; x_wconf 85' lang='lat' dir='ltr'><strong>pe-</strong></span> 
     </span>
    </p>
   </div>
   <div class='ocr_carea' id='block_1_60' title="bbox 3179 3066 4737 3135">
    <p class='ocr_par' dir='ltr' id='par_1_60' title="bbox 3179 3066 4737 3135">
     <span class='ocr_line' id='line_1_60' title="bbox 3179 3066 4737 3135; baseline -0.007 -5"><span class='ocrx_word' id='word_1_403' title='bbox 3179 3076 3334 3130; x_wconf 67' lang='lat' dir='ltr'><strong>dibus</strong></span> <span class='ocrx_word' id='word_1_404' title='bbox 3369 3073 3504 3126; x_wconf 87' lang='lat' dir='ltr'><strong>meis</strong></span> <span class='ocrx_word' id='word_1_405' title='bbox 3532 3074 3756 3126; x_wconf 83' lang='lat' dir='ltr'><strong>verbum</strong></span> <span class='ocrx_word' id='word_1_406' title='bbox 3788 3080 3959 3135; x_wconf 91' lang='lat' dir='ltr'><strong>tuum,</strong></span> <span class='ocrx_word' id='word_1_407' title='bbox 3983 3070 4232 3131; x_wconf 88' lang='lat' dir='ltr'><strong>Domine,</strong></span> <span class='ocrx_word' id='word_1_408' title='bbox 4264 3077 4318 3121; x_wconf 90' lang='lat' dir='ltr'><strong>et</strong></span> <span class='ocrx_word' id='word_1_409' title='bbox 4341 3067 4512 3121; x_wconf 91' lang='lat' dir='ltr'><strong>lumen</strong></span> <span class='ocrx_word' id='word_1_410' title='bbox 4541 3066 4737 3120; x_wconf 85' lang='lat' dir='ltr'><strong>semitis</strong></span> 
     </span>
    </p>
   </div>
   <div class='ocr_carea' id='block_1_61' title="bbox 3177 3156 4739 3237">
    <p class='ocr_par' dir='ltr' id='par_1_61' title="bbox 3177 3156 4739 3237">
     <span class='ocr_line' id='line_1_61' title="bbox 3177 3156 4739 3237; baseline -0.008 -15"><span class='ocrx_word' id='word_1_411' title='bbox 3177 3169 3309 3222; x_wconf 77' lang='lat' dir='ltr'><strong>meis</strong></span> <span class='ocrx_word' id='word_1_412' title='bbox 3336 3165 3506 3237; x_wconf 80' lang='lat' dir='ltr'><strong>(Psal.</strong></span> <span class='ocrx_word' id='word_1_413' title='bbox 3552 3168 3736 3235; x_wconf 81' lang='lat' dir='ltr'><strong>cxvm)</strong></span> <span class='ocrx_word' id='word_1_414' title='bbox 3769 3208 3784 3232; x_wconf 89' lang='lat'><strong>,</strong></span> <span class='ocrx_word' id='word_1_415' title='bbox 3837 3184 3855 3219; x_wconf 74' lang='grc' dir='ltr'><strong><em>ι</em></strong></span> <span class='ocrx_word' id='word_1_416' title='bbox 3899 3166 4153 3234; x_wconf 91' lang='lat' dir='ltr'><strong>antiquus</strong></span> <span class='ocrx_word' id='word_1_417' title='bbox 4184 3161 4273 3216; x_wconf 89' lang='lat' dir='ltr'><strong>ille</strong></span> <span class='ocrx_word' id='word_1_418' title='bbox 4310 3159 4525 3229; x_wconf 89' lang='lat' dir='ltr'><strong>populus</strong></span> <span class='ocrx_word' id='word_1_419' title='bbox 4569 3156 4739 3210; x_wconf 88' lang='lat' dir='ltr'><strong>lucere</strong></span> 
     </span>
    </p>
   </div>
   <div class='ocr_carea' id='block_1_62' title="bbox 3179 3249 4738 3329">
    <p class='ocr_par' dir='ltr' id='par_1_62' title="bbox 3179 3249 4738 3329">
     <span class='ocr_line' id='line_1_62' title="bbox 3179 3249 4738 3329; baseline -0.009 -14"><span class='ocrx_word' id='word_1_420' title='bbox 3179 3263 3366 3329; x_wconf 74' lang='lat' dir='ltr'><strong>coepit,</strong></span> <span class='ocrx_word' id='word_1_421' title='bbox 3398 3260 3488 3315; x_wconf 90' lang='lat' dir='ltr'><strong>sed</strong></span> <span class='ocrx_word' id='word_1_422' title='bbox 3525 3259 3704 3313; x_wconf 78' lang='lat' dir='ltr'><strong>desiit.</strong></span> <span class='ocrx_word' id='word_1_423' title='bbox 3752 3258 4048 3312; x_wconf 89' lang='lat' dir='ltr'><strong>Coruscum</strong></span> <span class='ocrx_word' id='word_1_424' title='bbox 4097 3253 4244 3324; x_wconf 90' lang='lat' dir='ltr'><strong>quasi</strong></span> <span class='ocrx_word' id='word_1_425' title='bbox 4295 3253 4445 3306; x_wconf 64' lang='lat' dir='ltr'><strong>clara:</strong></span> <span class='ocrx_word' id='word_1_426' title='bbox 4479 3249 4595 3302; x_wconf 69' lang='lat' dir='ltr'><strong>vitte</strong></span> <span class='ocrx_word' id='word_1_427' title='bbox 4623 3263 4738 3314; x_wconf 89' lang='lat' dir='ltr'><strong>pro-</strong></span> 
     </span>
    </p>
   </div>
   <div class='ocr_carea' id='block_1_63' title="bbox 3184 3337 4734 3415">
    <p class='ocr_par' dir='ltr' id='par_1_63' title="bbox 3184 3337 4734 3415">
     <span class='ocr_line' id='line_1_63' title="bbox 3184 3337 4734 3415; baseline -0.01 -11"><span class='ocrx_word' id='word_1_428' title='bbox 3184 3352 3323 3414; x_wconf 87' lang='lat' dir='ltr'><strong>tulit,</strong></span> <span class='ocrx_word' id='word_1_429' title='bbox 3369 3350 3464 3403; x_wconf 90' lang='lat' dir='ltr'><strong>sed</strong></span> <span class='ocrx_word' id='word_1_430' title='bbox 3512 3349 3563 3402; x_wconf 91' lang='lat' dir='ltr'><strong>in</strong></span> <span class='ocrx_word' id='word_1_431' title='bbox 3600 3348 3793 3402; x_wconf 87' lang='lat' dir='ltr'><strong>lucidis</strong></span> <span class='ocrx_word' id='word_1_432' title='bbox 3827 3347 4080 3415; x_wconf 83' lang='lat' dir='ltr'><strong>operibus</strong></span> <span class='ocrx_word' id='word_1_433' title='bbox 4128 3359 4231 3398; x_wconf 90' lang='lat' dir='ltr'><strong>non</strong></span> <span class='ocrx_word' id='word_1_434' title='bbox 4277 3339 4576 3411; x_wconf 82' lang='lat' dir='ltr'><strong>permansit.</strong></span> <span class='ocrx_word' id='word_1_435' title='bbox 4610 3337 4734 3390; x_wconf 81' lang='lat' dir='ltr'><strong>Nam</strong></span> 
     </span>
    </p>
   </div>
   <div class='ocr_carea' id='block_1_64' title="bbox 1485 3407 4736 3504">
    <p class='ocr_par' dir='ltr' id='par_1_64' title="bbox 1485 3407 4736 3504">
     <span class='ocr_line' id='line_1_64' title="bbox 1485 3407 4736 3504; baseline 0.007 -36"><span class='ocrx_word' id='word_1_436' title='bbox 1485 3429 1611 3481; x_wconf 74' lang='lat' dir='ltr'><strong>qua:</strong></span> <span class='ocrx_word' id='word_1_437' title='bbox 1641 3423 1895 3468; x_wconf 90' lang='lat' dir='ltr'><strong>contenta</strong></span> <span class='ocrx_word' id='word_1_438' title='bbox 1932 3413 2232 3468; x_wconf 84' lang='lat' dir='ltr'><strong>visibilibus</strong></span> <span class='ocrx_word' id='word_1_439' title='bbox 2265 3414 2419 3468; x_wconf 88' lang='lat' dir='ltr'><strong>idolis</strong></span> <span class='ocrx_word' id='word_1_440' title='bbox 2461 3430 2565 3467; x_wconf 87' lang='lat' dir='ltr'><strong>non</strong></span> <span class='ocrx_word' id='word_1_441' title='bbox 2599 3415 2826 3468; x_wconf 77' lang='lat' dir='ltr'><strong>curabat</strong></span> <span class='ocrx_word' id='word_1_442' title='bbox 2873 3413 3073 3468; x_wconf 80' lang='lat' dir='ltr'><strong>reverti</strong></span> <span class='ocrx_word' id='word_1_443' title='bbox 3103 3407 3147 3470; x_wconf 91' lang='lat' dir='ltr'>C</span> <span class='ocrx_word' id='word_1_444' title='bbox 3183 3407 3581 3496; x_wconf 49' lang='lat' dir='ltr'><strong>dum&#39;dicerem</strong></span> <span class='ocrx_word' id='word_1_445' title='bbox 3615 3455 3628 3491; x_wconf 72' lang='grc' dir='ltr'>ε</span> <span class='ocrx_word' id='word_1_446' title='bbox 3664 3457 3681 3488; x_wconf 74' lang='grc' dir='ltr'>ι</span> <span class='ocrx_word' id='word_1_447' title='bbox 3719 3407 3909 3492; x_wconf 68' lang='lat' dir='ltr'><strong>Omnia</strong></span> <span class='ocrx_word' id='word_1_448' title='bbox 3960 3451 4077 3503; x_wconf 77' lang='lat' dir='ltr'><strong>qua:</strong></span> <span class='ocrx_word' id='word_1_449' title='bbox 4119 3407 4426 3504; x_wconf 74' lang='lat' dir='ltr'><strong>prteceperil</strong></span> <span class='ocrx_word' id='word_1_450' title='bbox 4468 3429 4612 3483; x_wconf 55' lang='lat' dir='ltr'><strong>nobis</strong></span> <span class='ocrx_word' id='word_1_451' title='bbox 4639 3426 4736 3478; x_wconf 74' lang='lat' dir='ltr'><strong>DO-</strong></span> 
     </span>
    </p>
   </div>
   <div class='ocr_carea' id='block_1_65' title="bbox 1490 3504 3078 3574">
    <p class='ocr_par' dir='ltr' id='par_1_65' title="bbox 1490 3504 3078 3574">
     <span class='ocr_line' id='line_1_65' title="bbox 1490 3504 3078 3574; baseline 0.001 -17"><span class='ocrx_word' id='word_1_452' title='bbox 1490 3506 1558 3558; x_wconf 89' lang='lat' dir='ltr'><strong>ad</strong></span> <span class='ocrx_word' id='word_1_453' title='bbox 1589 3504 2017 3560; x_wconf 84' lang='lat' dir='ltr'><strong>misericordiam</strong></span> <span class='ocrx_word' id='word_1_454' title='bbox 2051 3504 2355 3571; x_wconf 87' lang='lat' dir='ltr'><strong>Creatoris,</strong></span> <span class='ocrx_word' id='word_1_455' title='bbox 2385 3514 2440 3559; x_wconf 90' lang='lat' dir='ltr'><strong>et</strong></span> <span class='ocrx_word' id='word_1_456' title='bbox 2485 3505 2609 3557; x_wconf 91' lang='lat' dir='ltr'><strong>dum</strong></span> <span class='ocrx_word' id='word_1_457' title='bbox 2641 3505 2886 3559; x_wconf 85' lang='lat' dir='ltr'><strong>veritatis</strong></span> <span class='ocrx_word' id='word_1_458' title='bbox 2923 3504 3078 3574; x_wconf 57' lang='lat' dir='ltr'><strong>igno-</strong></span> 
     </span>
    </p>
   </div>
   <div class='ocr_carea' id='block_1_66' title="bbox 1485 3580 3076 3661">
    <p class='ocr_par' dir='ltr' id='par_1_66' title="bbox 1485 3580 3076 3661">
     <span class='ocr_line' id='line_1_66' title="bbox 1485 3580 3076 3661; baseline -0.003 -11"><span class='ocrx_word' id='word_1_459' title='bbox 1485 3597 1648 3651; x_wconf 85' lang='lat' dir='ltr'><strong>rabat</strong></span> <span class='ocrx_word' id='word_1_460' title='bbox 1712 3595 1934 3661; x_wconf 90' lang='lat' dir='ltr'><strong>cultum,</strong></span> <span class='ocrx_word' id='word_1_461' title='bbox 1988 3580 2144 3650; x_wconf 77' lang='lat' dir='ltr'><strong>vanis</strong></span> <span class='ocrx_word' id='word_1_462' title='bbox 2183 3595 2464 3650; x_wconf 85' lang='lat' dir='ltr'><strong>insistebat</strong></span> <span class='ocrx_word' id='word_1_463' title='bbox 2512 3595 2853 3649; x_wconf 65' lang='lat' dir='ltr'><strong>caeremoniis</strong></span> <span class='ocrx_word' id='word_1_464' title='bbox 2907 3594 3076 3648; x_wconf 81' lang='lat' dir='ltr'><strong>idolo-</strong></span> 
     </span>
    </p>
   </div>
   <div class='ocr_carea' id='block_1_67' title="bbox 1481 3685 3071 3756">
    <p class='ocr_par' dir='ltr' id='par_1_67' title="bbox 1481 3685 3071 3756">
     <span class='ocr_line' id='line_1_67' title="bbox 1481 3685 3071 3756; baseline -0.001 -14"><span class='ocrx_word' id='word_1_465' title='bbox 1481 3703 1631 3742; x_wconf 84' lang='lat' dir='ltr'><strong>rum.</strong></span> <span class='ocrx_word' id='word_1_466' title='bbox 1667 3687 1745 3740; x_wconf 88' lang='lat' dir='ltr'><strong>De</strong></span> <span class='ocrx_word' id='word_1_467' title='bbox 1772 3688 1968 3755; x_wconf 91' lang='lat' dir='ltr'><strong>quibus</strong></span> <span class='ocrx_word' id='word_1_468' title='bbox 1997 3687 2129 3741; x_wconf 86' lang='lat' dir='ltr'><strong>dicit</strong></span> <span class='ocrx_word' id='word_1_469' title='bbox 2152 3686 2442 3756; x_wconf 80' lang='lat' dir='ltr'><strong>Apostolus</strong></span> <span class='ocrx_word' id='word_1_470' title='bbox 2470 3704 2482 3737; x_wconf 87' lang='lat'><strong>:</strong></span> <span class='ocrx_word' id='word_1_471' title='bbox 2527 3703 2545 3736; x_wconf 74' lang='grc' dir='ltr'>ι</span> <span class='ocrx_word' id='word_1_472' title='bbox 2569 3685 2705 3751; x_wconf 86' lang='lat' dir='ltr'><strong>Quia</strong></span> <span class='ocrx_word' id='word_1_473' title='bbox 2747 3687 2915 3741; x_wconf 87' lang='lat' dir='ltr'><strong>Deum</strong></span> <span class='ocrx_word' id='word_1_474' title='bbox 2961 3701 3071 3740; x_wconf 92' lang='lat' dir='ltr'><strong>non</strong></span> 
     </span>
    </p>
   </div>
   <div class='ocr_carea' id='block_1_68' title="bbox 1482 3765 3078 3846">
    <p class='ocr_par' dir='ltr' id='par_1_68' title="bbox 1482 3765 3078 3846">
     <span class='ocr_line' id='line_1_68' title="bbox 1482 3765 3078 3846; baseline 0.001 -19"><span class='ocrx_word' id='word_1_475' title='bbox 1482 3765 1925 3846; x_wconf 83' lang='lat' dir='ltr'><strong>gloriﬁcaverunt</strong></span> <span class='ocrx_word' id='word_1_476' title='bbox 1983 3785 2076 3830; x_wconf 91' lang='lat' dir='ltr'><strong>aut</strong></span> <span class='ocrx_word' id='word_1_477' title='bbox 2122 3776 2327 3844; x_wconf 77' lang='lat' dir='ltr'><strong>gratias</strong></span> <span class='ocrx_word' id='word_1_478' title='bbox 2380 3785 2646 3843; x_wconf 85' lang='lat' dir='ltr'><strong>egerunt,</strong></span> <span class='ocrx_word' id='word_1_479' title='bbox 2702 3775 2795 3828; x_wconf 89' lang='lat' dir='ltr'><strong>sed</strong></span> <span class='ocrx_word' id='word_1_480' title='bbox 2843 3789 3078 3828; x_wconf 79' lang='lat' dir='ltr'><strong>evanue-</strong></span> 
     </span>
    </p>
   </div>
   <div class='ocr_carea' id='block_1_69' title="bbox 1485 3864 3075 3934">
    <p class='ocr_par' dir='ltr' id='par_1_69' title="bbox 1485 3864 3075 3934">
     <span class='ocr_line' id='line_1_69' title="bbox 1485 3864 3075 3934; baseline -0.001 -14"><span class='ocrx_word' id='word_1_481' title='bbox 1485 3875 1620 3920; x_wconf 85' lang='lat' dir='ltr'><strong>runt</strong></span> <span class='ocrx_word' id='word_1_482' title='bbox 1648 3866 1700 3920; x_wconf 91' lang='lat' dir='ltr'><strong>in</strong></span> <span class='ocrx_word' id='word_1_483' title='bbox 1728 3865 2146 3934; x_wconf 81' lang='lat' dir='ltr'><strong>cogitationibus</strong></span> <span class='ocrx_word' id='word_1_484' title='bbox 2180 3867 2291 3921; x_wconf 88' lang='lat' dir='ltr'><strong>suis</strong></span> <span class='ocrx_word' id='word_1_485' title='bbox 2326 3865 2498 3934; x_wconf 81' lang='lat' dir='ltr'><strong>(Rom.</strong></span> <span class='ocrx_word' id='word_1_486' title='bbox 2529 3866 2626 3934; x_wconf 77' lang='grc'><strong>1).»</strong></span> <span class='ocrx_word' id='word_1_487' title='bbox 2665 3864 2872 3918; x_wconf 78' lang='lat' dir='ltr'><strong>llorum</strong></span> <span class='ocrx_word' id='word_1_488' title='bbox 2913 3865 3075 3930; x_wconf 74' lang='lat' dir='ltr'><strong>igitur</strong></span> 
     </span>
    </p>
   </div>
   <div class='ocr_carea' id='block_1_70' title="bbox 1485 3955 3076 4027">
    <p class='ocr_par' dir='ltr' id='par_1_70' title="bbox 1485 3955 3076 4027">
     <span class='ocr_line' id='line_1_70' title="bbox 1485 3955 3076 4027; baseline -0.001 -16"><span class='ocrx_word' id='word_1_489' title='bbox 1485 3958 1716 4011; x_wconf 88' lang='lat' dir='ltr'><strong>duorum</strong></span> <span class='ocrx_word' id='word_1_490' title='bbox 1744 3957 2063 4027; x_wconf 90' lang='lat' dir='ltr'><strong>populorum</strong></span> <span class='ocrx_word' id='word_1_491' title='bbox 2101 3973 2166 4012; x_wconf 79' lang='lat' dir='ltr'><strong>ex</strong></span> <span class='ocrx_word' id='word_1_492' title='bbox 2195 3957 2432 4011; x_wconf 74' lang='lat' dir='ltr'><strong>maxima</strong></span> <span class='ocrx_word' id='word_1_493' title='bbox 2477 3964 2630 4026; x_wconf 88' lang='lat' dir='ltr'><strong>parte</strong></span> <span class='ocrx_word' id='word_1_494' title='bbox 2658 3955 2966 4008; x_wconf 84' lang='lat' dir='ltr'><strong>dominatus</strong></span> <span class='ocrx_word' id='word_1_495' title='bbox 2992 3963 3076 4009; x_wconf 86' lang='lat' dir='ltr'><strong>est</strong></span> 
     </span>
    </p>
   </div>
   <div class='ocr_carea' id='block_1_71' title="bbox 1483 4046 3069 4116">
    <p class='ocr_par' dir='ltr' id='par_1_71' title="bbox 1483 4046 3069 4116">
     <span class='ocr_line' id='line_1_71' title="bbox 1483 4046 3069 4116; baseline -0.001 -15"><span class='ocrx_word' id='word_1_496' title='bbox 1483 4047 1870 4102; x_wconf 77' lang='lat' dir='ltr'><strong>Adonibezecb</strong></span> <span class='ocrx_word' id='word_1_497' title='bbox 1896 4087 1912 4112; x_wconf 90' lang='lat'><strong>,</strong></span> <span class='ocrx_word' id='word_1_498' title='bbox 1964 4048 2017 4101; x_wconf 93' lang='lat' dir='ltr'><strong>id</strong></span> <span class='ocrx_word' id='word_1_499' title='bbox 2059 4056 2142 4101; x_wconf 90' lang='lat' dir='ltr'><strong>est</strong></span> <span class='ocrx_word' id='word_1_500' title='bbox 2201 4047 2462 4116; x_wconf 87' lang='lat' dir='ltr'><strong>reprobus</strong></span> <span class='ocrx_word' id='word_1_501' title='bbox 2508 4047 2762 4115; x_wconf 62' lang='lat' dir='ltr'><strong>nequitiae</strong></span> <span class='ocrx_word' id='word_1_502' title='bbox 2805 4046 3069 4114; x_wconf 78' lang='lat' dir='ltr'><strong>spiritus;</strong></span> 
     </span>
    </p>
   </div>
   <div class='ocr_carea' id='block_1_72' title="bbox 1483 4135 3071 4205">
    <p class='ocr_par' dir='ltr' id='par_1_72' title="bbox 1483 4135 3071 4205">
     <span class='ocr_line' id='line_1_72' title="bbox 1483 4135 3071 4205; baseline -0.003 -15"><span class='ocrx_word' id='word_1_503' title='bbox 1483 4137 1614 4204; x_wconf 84' lang='lat' dir='ltr'><strong>quia</strong></span> <span class='ocrx_word' id='word_1_504' title='bbox 1649 4144 1704 4190; x_wconf 89' lang='lat' dir='ltr'><strong>et</strong></span> <span class='ocrx_word' id='word_1_505' title='bbox 1740 4137 1842 4192; x_wconf 91' lang='lat' dir='ltr'><strong>iste</strong></span> <span class='ocrx_word' id='word_1_506' title='bbox 1888 4137 2044 4205; x_wconf 89' lang='lat' dir='ltr'><strong>quasi</strong></span> <span class='ocrx_word' id='word_1_507' title='bbox 2074 4137 2274 4190; x_wconf 89' lang='lat' dir='ltr'><strong>fulmen</strong></span> <span class='ocrx_word' id='word_1_508' title='bbox 2303 4137 2504 4190; x_wconf 90' lang='lat' dir='ltr'><strong>micare</strong></span> <span class='ocrx_word' id='word_1_509' title='bbox 2545 4135 2705 4203; x_wconf 73' lang='lat' dir='ltr'><strong>cmpit</strong></span> <span class='ocrx_word' id='word_1_510' title='bbox 2731 4144 2787 4188; x_wconf 92' lang='lat' dir='ltr'><strong>et</strong></span> <span class='ocrx_word' id='word_1_511' title='bbox 2809 4135 2984 4195; x_wconf 80' lang='lat' dir='ltr'><strong>desiit,</strong></span> <span class='ocrx_word' id='word_1_512' title='bbox 3018 4142 3071 4187; x_wconf 88' lang='lat' dir='ltr'><strong>et</strong></span> 
     </span>
    </p>
   </div>
   <div class='ocr_carea' id='block_1_73' title="bbox 1481 4223 3073 4292">
    <p class='ocr_par' dir='ltr' id='par_1_73' title="bbox 1481 4223 3073 4292">
     <span class='ocr_line' id='line_1_73' title="bbox 1481 4223 3073 4292; baseline -0.001 -13"><span class='ocrx_word' id='word_1_513' title='bbox 1481 4225 1576 4280; x_wconf 83' lang='lat' dir='ltr'><strong>ille</strong></span> <span class='ocrx_word' id='word_1_514' title='bbox 1603 4228 1728 4280; x_wconf 82' lang='lat' dir='ltr'><strong>dum</strong></span> <span class='ocrx_word' id='word_1_515' title='bbox 1760 4226 2002 4280; x_wconf 90' lang='lat' dir='ltr'><strong>vanitate</strong></span> <span class='ocrx_word' id='word_1_516' title='bbox 2031 4227 2333 4280; x_wconf 76' lang='lat' dir='ltr'><strong>dzcmonum</strong></span> <span class='ocrx_word' id='word_1_517' title='bbox 2376 4233 2664 4279; x_wconf 91' lang='lat' dir='ltr'><strong>contentus</strong></span> <span class='ocrx_word' id='word_1_518' title='bbox 2691 4223 2922 4287; x_wconf 78' lang='lat' dir='ltr'><strong>exstitit,</strong></span> <span class='ocrx_word' id='word_1_519' title='bbox 2949 4237 3073 4292; x_wconf 76' lang='lat' dir='ltr'><strong>pro—</strong></span> 
     </span>
    </p>
   </div>
   <div class='ocr_carea' id='block_1_74' title="bbox 1478 4311 2604 4382">
    <p class='ocr_par' dir='ltr' id='par_1_74' title="bbox 1478 4311 2604 4382">
     <span class='ocr_line' id='line_1_74' title="bbox 1478 4311 2604 4382; baseline 0.002 -18"><span class='ocrx_word' id='word_1_520' title='bbox 1478 4313 1582 4382; x_wconf 76' lang='lat' dir='ltr'><strong>prii</strong></span> <span class='ocrx_word' id='word_1_521' title='bbox 1606 4313 1880 4370; x_wconf 88' lang='lat' dir='ltr'><strong>Creatoris</strong></span> <span class='ocrx_word' id='word_1_522' title='bbox 1908 4313 2168 4368; x_wconf 77' lang='lat' dir='ltr'><strong>auxilium</strong></span> <span class='ocrx_word' id='word_1_523' title='bbox 2202 4328 2307 4368; x_wconf 92' lang='lat' dir='ltr'><strong>non</strong></span> <span class='ocrx_word' id='word_1_524' title='bbox 2338 4311 2604 4382; x_wconf 67' lang='lat' dir='ltr'><strong>quaisivit.</strong></span> 
     </span>
    </p>
   </div>
   <div class='ocr_carea' id='block_1_75' title="bbox 2110 4425 2426 4482">
    <p class='ocr_par' dir='ltr' id='par_1_75' title="bbox 2110 4425 2426 4482">
     <span class='ocr_line' id='line_1_75' title="bbox 2110 4425 2426 4482; baseline -0.006 0"><span class='ocrx_word' id='word_1_525' title='bbox 2110 4426 2337 4482; x_wconf 76' lang='lat' dir='ltr'><strong>CAPUT</strong></span> <span class='ocrx_word' id='word_1_526' title='bbox 2365 4425 2426 4480; x_wconf 85' lang='lat' dir='ltr'><strong>ll.</strong></span> 
     </span>
    </p>
   </div>
   <div class='ocr_carea' id='block_1_76' title="bbox 1865 4518 2661 4576">
    <p class='ocr_par' dir='ltr' id='par_1_76' title="bbox 1865 4518 2661 4576">
     <span class='ocr_line' id='line_1_76' title="bbox 1865 4518 2661 4576; baseline -0.008 -1"><span class='ocrx_word' id='word_1_527' title='bbox 1865 4522 1932 4576; x_wconf 83' lang='lat' dir='ltr'><strong>In</strong></span> <span class='ocrx_word' id='word_1_528' title='bbox 1964 4536 2199 4576; x_wconf 74' lang='lat' dir='ltr'><strong>sermone</strong></span> <span class='ocrx_word' id='word_1_529' title='bbox 2223 4520 2286 4572; x_wconf 87' lang='lat' dir='ltr'><strong>de</strong></span> <span class='ocrx_word' id='word_1_530' title='bbox 2315 4519 2377 4574; x_wconf 90' lang='lat' dir='ltr'><strong>S.</strong></span> <span class='ocrx_word' id='word_1_531' title='bbox 2405 4518 2661 4572; x_wconf 76' lang='lat' dir='ltr'><strong>Cassiano</strong></span> 
     </span>
    </p>
   </div>
   <div class='ocr_carea' id='block_1_77' title="bbox 1558 4607 3061 4678">
    <p class='ocr_par' dir='ltr' id='par_1_77' title="bbox 1558 4607 3061 4678">
     <span class='ocr_line' id='line_1_77' title="bbox 1558 4607 3061 4678; baseline -0.003 -13"><span class='ocrx_word' id='word_1_532' title='bbox 1558 4629 1578 4658; x_wconf 82' lang='grc' dir='ltr'><strong><em>σ</em></strong></span> <span class='ocrx_word' id='word_1_533' title='bbox 1607 4610 1740 4666; x_wconf 85' lang='lat' dir='ltr'><strong>Erat</strong></span> <span class='ocrx_word' id='word_1_534' title='bbox 1769 4619 1948 4664; x_wconf 91' lang='lat' dir='ltr'><strong>autem</strong></span> <span class='ocrx_word' id='word_1_535' title='bbox 1980 4611 2189 4664; x_wconf 89' lang='lat' dir='ltr'><strong>Debora</strong></span> <span class='ocrx_word' id='word_1_536' title='bbox 2228 4609 2543 4678; x_wconf 88' lang='lat' dir='ltr'><strong>prophetes,</strong></span> <span class='ocrx_word' id='word_1_537' title='bbox 2593 4622 2732 4663; x_wconf 79' lang='lat' dir='ltr'><strong>uxor</strong></span> <span class='ocrx_word' id='word_1_538' title='bbox 2776 4607 3061 4676; x_wconf 86' lang='lat' dir='ltr'><strong>Lapidoth,</strong></span> 
     </span>
    </p>
   </div>
   <div class='ocr_carea' id='block_1_78' title="bbox 1478 4697 3060 4769">
    <p class='ocr_par' dir='ltr' id='par_1_78' title="bbox 1478 4697 3060 4769">
     <span class='ocr_line' id='line_1_78' title="bbox 1478 4697 3060 4769; baseline -0.002 -15"><span class='ocrx_word' id='word_1_539' title='bbox 1478 4717 1599 4769; x_wconf 67' lang='lat' dir='ltr'><strong>quae</strong></span> <span class='ocrx_word' id='word_1_540' title='bbox 1622 4698 1902 4768; x_wconf 85' lang='lat' dir='ltr'><strong>judicabat</strong></span> <span class='ocrx_word' id='word_1_541' title='bbox 1927 4698 2182 4768; x_wconf 90' lang='lat' dir='ltr'><strong>populum</strong></span> <span class='ocrx_word' id='word_1_542' title='bbox 2212 4698 2302 4751; x_wconf 91' lang='lat' dir='ltr'><strong>illo</strong></span> <span class='ocrx_word' id='word_1_543' title='bbox 2334 4708 2590 4765; x_wconf 88' lang='lat' dir='ltr'><strong>tempore,</strong></span> <span class='ocrx_word' id='word_1_544' title='bbox 2632 4707 2685 4750; x_wconf 90' lang='lat' dir='ltr'><strong>et</strong></span> <span class='ocrx_word' id='word_1_545' title='bbox 2717 4697 2938 4751; x_wconf 85' lang='lat' dir='ltr'><strong>sedebat</strong></span> <span class='ocrx_word' id='word_1_546' title='bbox 2963 4698 3060 4751; x_wconf 87' lang='lat' dir='ltr'><strong>sub</strong></span> 
     </span>
    </p>
   </div>
   <div class='ocr_carea' id='block_1_79' title="bbox 1476 4788 3065 4860">
    <p class='ocr_par' dir='ltr' id='par_1_79' title="bbox 1476 4788 3065 4860">
     <span class='ocr_line' id='line_1_79' title="bbox 1476 4788 3065 4860; baseline -0.003 -16"><span class='ocrx_word' id='word_1_547' title='bbox 1476 4792 1681 4858; x_wconf 87' lang='lat' dir='ltr'><strong>palma,</strong></span> <span class='ocrx_word' id='word_1_548' title='bbox 1707 4805 1828 4860; x_wconf 68' lang='lat' dir='ltr'><strong>qua:</strong></span> <span class='ocrx_word' id='word_1_549' title='bbox 1854 4790 2074 4845; x_wconf 89' lang='lat' dir='ltr'><strong>nomine</strong></span> <span class='ocrx_word' id='word_1_550' title='bbox 2111 4789 2253 4842; x_wconf 92' lang='lat' dir='ltr'><strong>illius</strong></span> <span class='ocrx_word' id='word_1_551' title='bbox 2279 4789 2572 4841; x_wconf 86' lang='lat' dir='ltr'><strong>vocabatur</strong></span> <span class='ocrx_word' id='word_1_552' title='bbox 2596 4827 2611 4851; x_wconf 97' lang='lat'><strong>,</strong></span> <span class='ocrx_word' id='word_1_553' title='bbox 2654 4789 2796 4842; x_wconf 89' lang='lat' dir='ltr'><strong>inter</strong></span> <span class='ocrx_word' id='word_1_554' title='bbox 2817 4788 2983 4840; x_wconf 85' lang='lat' dir='ltr'><strong>Rama</strong></span> <span class='ocrx_word' id='word_1_555' title='bbox 3011 4795 3065 4840; x_wconf 87' lang='lat' dir='ltr'><strong>et</strong></span> 
     </span>
    </p>
   </div>
   <div class='ocr_carea' id='block_1_80' title="bbox 1474 4883 3058 4954">
    <p class='ocr_par' dir='ltr' id='par_1_80' title="bbox 1474 4883 3058 4954">
     <span class='ocr_line' id='line_1_80' title="bbox 1474 4883 3058 4954; baseline -0.002 -16"><span class='ocrx_word' id='word_1_556' title='bbox 1474 4884 1669 4939; x_wconf 79' lang='lat' dir='ltr'><strong>Betltel</strong></span> <span class='ocrx_word' id='word_1_557' title='bbox 1724 4885 1778 4939; x_wconf 90' lang='lat' dir='ltr'><strong>in</strong></span> <span class='ocrx_word' id='word_1_558' title='bbox 1819 4895 2006 4940; x_wconf 87' lang='lat' dir='ltr'><strong>monte</strong></span> <span class='ocrx_word' id='word_1_559' title='bbox 2032 4883 2311 4954; x_wconf 83' lang='lat' dir='ltr'><strong>Ephraim,</strong></span> <span class='ocrx_word' id='word_1_560' title='bbox 2347 4885 2820 4952; x_wconf 84' lang='lat' dir='ltr'><strong>ascendebantque</strong></span> <span class='ocrx_word' id='word_1_561' title='bbox 2845 4884 2909 4935; x_wconf 89' lang='lat' dir='ltr'><strong>ad</strong></span> <span class='ocrx_word' id='word_1_562' title='bbox 2943 4899 3058 4936; x_wconf 83' lang='lat' dir='ltr'><strong>eam</strong></span> 
     </span>
    </p>
   </div>
   <div class='ocr_carea' id='block_1_81' title="bbox 1473 4974 3062 5044">
    <p class='ocr_par' dir='ltr' id='par_1_81' title="bbox 1473 4974 3062 5044">
     <span class='ocr_line' id='line_1_81' title="bbox 1473 4974 3062 5044; baseline 0 -15"><span class='ocrx_word' id='word_1_563' title='bbox 1473 4975 1573 5029; x_wconf 75' lang='lat' dir='ltr'><strong>lilii</strong></span> <span class='ocrx_word' id='word_1_564' title='bbox 1605 4974 1768 5030; x_wconf 85' lang='lat' dir='ltr'><strong>Israel</strong></span> <span class='ocrx_word' id='word_1_565' title='bbox 1797 4977 1848 5029; x_wconf 90' lang='lat' dir='ltr'><strong>in</strong></span> <span class='ocrx_word' id='word_1_566' title='bbox 1874 4991 2036 5030; x_wconf 89' lang='lat' dir='ltr'><strong>omne</strong></span> <span class='ocrx_word' id='word_1_567' title='bbox 2074 4976 2337 5044; x_wconf 86' lang='lat' dir='ltr'><strong>judicium</strong></span> <span class='ocrx_word' id='word_1_568' title='bbox 2375 4975 2526 5044; x_wconf 86' lang='lat' dir='ltr'><strong>(Jud.</strong></span> <span class='ocrx_word' id='word_1_569' title='bbox 2557 4975 2685 5042; x_wconf 49' lang='lat' dir='ltr'><strong>iv)»</strong></span> <span class='ocrx_word' id='word_1_570' title='bbox 2745 4975 2849 5029; x_wconf 79' lang='lat' dir='ltr'><strong>Sed</strong></span> <span class='ocrx_word' id='word_1_571' title='bbox 2893 4975 2970 5027; x_wconf 76' lang='lat' dir='ltr'><strong>sic</strong></span> <span class='ocrx_word' id='word_1_572' title='bbox 2999 4975 3062 5029; x_wconf 86' lang='lat' dir='ltr'><strong>ad</strong></span> 
     </span>
    </p>
   </div>
   <div class='ocr_carea' id='block_1_82' title="bbox 1474 5066 3061 5134">
    <p class='ocr_par' dir='ltr' id='par_1_82' title="bbox 1474 5066 3061 5134">
     <span class='ocr_line' id='line_1_82' title="bbox 1474 5066 3061 5134; baseline -0.002 -15"><span class='ocrx_word' id='word_1_573' title='bbox 1474 5067 1681 5122; x_wconf 85' lang='lat' dir='ltr'><strong>exitum</strong></span> <span class='ocrx_word' id='word_1_574' title='bbox 1731 5066 1960 5121; x_wconf 82' lang='lat' dir='ltr'><strong>celerius</strong></span> <span class='ocrx_word' id='word_1_575' title='bbox 2000 5067 2331 5134; x_wconf 89' lang='lat' dir='ltr'><strong>pervcnitur,</strong></span> <span class='ocrx_word' id='word_1_576' title='bbox 2369 5067 2437 5130; x_wconf 86' lang='lat' dir='ltr'><strong>si,</strong></span> <span class='ocrx_word' id='word_1_577' title='bbox 2472 5067 2598 5118; x_wconf 86' lang='lat' dir='ltr'><strong>dum</strong></span> <span class='ocrx_word' id='word_1_578' title='bbox 2651 5066 2875 5119; x_wconf 83' lang='lat' dir='ltr'><strong>historia</strong></span> <span class='ocrx_word' id='word_1_579' title='bbox 2920 5067 3061 5118; x_wconf 74' lang='lat' dir='ltr'><strong>texi-</strong></span> 
     </span>
    </p>
   </div>
   <div class='ocr_carea' id='block_1_83' title="bbox 1473 5157 3064 5226">
    <p class='ocr_par' dir='ltr' id='par_1_83' title="bbox 1473 5157 3064 5226">
     <span class='ocr_line' id='line_1_83' title="bbox 1473 5157 3064 5226; baseline 0.002 -17"><span class='ocrx_word' id='word_1_580' title='bbox 1473 5167 1585 5219; x_wconf 89' lang='lat' dir='ltr'><strong>tur,</strong></span> <span class='ocrx_word' id='word_1_581' title='bbox 1638 5171 1736 5225; x_wconf 88' lang='lat' dir='ltr'><strong>per</strong></span> <span class='ocrx_word' id='word_1_582' title='bbox 1781 5166 1965 5226; x_wconf 87' lang='lat' dir='ltr'><strong>partes</strong></span> <span class='ocrx_word' id='word_1_583' title='bbox 2011 5159 2230 5210; x_wconf 91' lang='lat' dir='ltr'><strong>interim</strong></span> <span class='ocrx_word' id='word_1_584' title='bbox 2275 5168 2593 5226; x_wconf 72' lang='lat' dir='ltr'><strong>exponetur.</strong></span> <span class='ocrx_word' id='word_1_585' title='bbox 2639 5157 2743 5211; x_wconf 84' lang='lat' dir='ltr'><strong>Per</strong></span> <span class='ocrx_word' id='word_1_586' title='bbox 2796 5158 3064 5212; x_wconf 78' lang='lat' dir='ltr'><strong>Deboram</strong></span> 
     </span>
    </p>
   </div>
   <div class='ocr_carea' id='block_1_84' title="bbox 1475 5249 3061 5318">
    <p class='ocr_par' dir='ltr' id='par_1_84' title="bbox 1475 5249 3061 5318">
     <span class='ocr_line' id='line_1_84' title="bbox 1475 5249 3061 5318; baseline 0.001 -16"><span class='ocrx_word' id='word_1_587' title='bbox 1475 5263 1627 5312; x_wconf 82' lang='lat' dir='ltr'><strong>sane,</strong></span> <span class='ocrx_word' id='word_1_588' title='bbox 1657 5263 1775 5316; x_wconf 60' lang='lat' dir='ltr'><strong>quae</strong></span> <span class='ocrx_word' id='word_1_589' title='bbox 1814 5249 2018 5317; x_wconf 85' lang='lat' dir='ltr'><strong>loquela</strong></span> <span class='ocrx_word' id='word_1_590' title='bbox 2046 5289 2058 5311; x_wconf 96' lang='lat'><strong>,</strong></span> <span class='ocrx_word' id='word_1_591' title='bbox 2107 5249 2223 5302; x_wconf 83' lang='lat' dir='ltr'><strong>sive</strong></span> <span class='ocrx_word' id='word_1_592' title='bbox 2251 5250 2364 5316; x_wconf 71' lang='lat' dir='ltr'><strong>apis</strong></span> <span class='ocrx_word' id='word_1_593' title='bbox 2396 5251 2804 5318; x_wconf 85' lang='lat' dir='ltr'><strong>interpretatur,</strong></span> <span class='ocrx_word' id='word_1_594' title='bbox 2833 5251 3061 5318; x_wconf 82' lang='lat' dir='ltr'><strong>prophe-</strong></span> 
     </span>
    </p>
   </div>
   <div class='ocr_carea' id='block_1_85' title="bbox 1471 5338 3060 5411">
    <p class='ocr_par' dir='ltr' id='par_1_85' title="bbox 1471 5338 3060 5411">
     <span class='ocr_line' id='line_1_85' title="bbox 1471 5338 3060 5411; baseline 0.004 -22"><span class='ocrx_word' id='word_1_595' title='bbox 1471 5338 1548 5391; x_wconf 82' lang='lat' dir='ltr'><strong>tia</strong></span> <span class='ocrx_word' id='word_1_596' title='bbox 1576 5353 1683 5391; x_wconf 91' lang='lat' dir='ltr'><strong>nou</strong></span> <span class='ocrx_word' id='word_1_597' title='bbox 1712 5339 2155 5394; x_wconf 81' lang='lat' dir='ltr'><strong>inconvenienter</strong></span> <span class='ocrx_word' id='word_1_598' title='bbox 2193 5339 2476 5406; x_wconf 88' lang='lat' dir='ltr'><strong>accipitur.</strong></span> <span class='ocrx_word' id='word_1_599' title='bbox 2525 5342 2650 5408; x_wconf 80' lang='lat' dir='ltr'><strong>Apis</strong></span> <span class='ocrx_word' id='word_1_600' title='bbox 2698 5345 2894 5411; x_wconf 81' lang='lat' dir='ltr'><strong>quippe</strong></span> <span class='ocrx_word' id='word_1_601' title='bbox 2925 5343 3060 5396; x_wconf 88' lang='lat' dir='ltr'><strong>mcl-</strong></span> 
     </span>
    </p>
   </div>
   <div class='ocr_carea' id='block_1_86' title="bbox 1474 5430 3055 5505">
    <p class='ocr_par' dir='ltr' id='par_1_86' title="bbox 1474 5430 3055 5505">
     <span class='ocr_line' id='line_1_86' title="bbox 1474 5430 3055 5505; baseline 0.006 -22"><span class='ocrx_word' id='word_1_602' title='bbox 1474 5430 1679 5493; x_wconf 83' lang='lat' dir='ltr'><strong>lificat;</strong></span> <span class='ocrx_word' id='word_1_603' title='bbox 1739 5442 1793 5485; x_wconf 85' lang='lat' dir='ltr'><strong>ct</strong></span> <span class='ocrx_word' id='word_1_604' title='bbox 1841 5434 2233 5505; x_wconf 73' lang='lat' dir='ltr'><strong>tle_prophctia</strong></span> <span class='ocrx_word' id='word_1_605' title='bbox 2286 5449 2383 5503; x_wconf 77' lang='lat' dir='ltr'><strong>per</strong></span> <span class='ocrx_word' id='word_1_606' title='bbox 2430 5433 2770 5489; x_wconf 87' lang='lat' dir='ltr'><strong>Psalmistam</strong></span> <span class='ocrx_word' id='word_1_607' title='bbox 2822 5439 3055 5492; x_wconf 69' lang='lat' dir='ltr'><strong>dicitur:</strong></span> 
     </span>
    </p>
   </div>
   <div class='ocr_carea' id='block_1_87' title="bbox 1480 5519 3055 5595">
    <p class='ocr_par' dir='ltr' id='par_1_87' title="bbox 1480 5519 3055 5595">
     <span class='ocr_line' id='line_1_87' title="bbox 1480 5519 3055 5595; baseline 0.009 -27"><span class='ocrx_word' id='word_1_608' title='bbox 1480 5540 1496 5568; x_wconf 82' lang='grc' dir='ltr'>ι</span> <span class='ocrx_word' id='word_1_609' title='bbox 1526 5519 1698 5585; x_wconf 89' lang='lat' dir='ltr'><strong>Quam</strong></span> <span class='ocrx_word' id='word_1_610' title='bbox 1731 5521 1906 5573; x_wconf 84' lang='lat' dir='ltr'><strong>dulcia</strong></span> <span class='ocrx_word' id='word_1_611' title='bbox 1940 5522 2188 5576; x_wconf 87' lang='lat' dir='ltr'><strong>faucibus</strong></span> <span class='ocrx_word' id='word_1_612' title='bbox 2229 5524 2362 5576; x_wconf 83' lang='lat' dir='ltr'><strong>meis</strong></span> <span class='ocrx_word' id='word_1_613' title='bbox 2393 5523 2603 5591; x_wconf 84' lang='lat' dir='ltr'><strong>eloquia</strong></span> <span class='ocrx_word' id='word_1_614' title='bbox 2657 5534 2774 5585; x_wconf 86' lang='lat' dir='ltr'><strong>tua,</strong></span> <span class='ocrx_word' id='word_1_615' title='bbox 2809 5528 3055 5595; x_wconf 84' lang='lat' dir='ltr'><strong>Dmninc,</strong></span> 
     </span>
    </p>
   </div>
   <div class='ocr_carea' id='block_1_88' title="bbox 1474 5610 3054 5680">
    <p class='ocr_par' dir='ltr' id='par_1_88' title="bbox 1474 5610 3054 5680">
     <span class='ocr_line' id='line_1_88' title="bbox 1474 5610 3054 5680; baseline 0.006 -18"><span class='ocrx_word' id='word_1_616' title='bbox 1474 5625 1632 5678; x_wconf 81' lang='lat' dir='ltr'><strong>super</strong></span> <span class='ocrx_word' id='word_1_617' title='bbox 1679 5610 1783 5662; x_wconf 84' lang='lat' dir='ltr'><strong>mel</strong></span> <span class='ocrx_word' id='word_1_618' title='bbox 1831 5621 1883 5662; x_wconf 88' lang='lat' dir='ltr'><strong>et</strong></span> <span class='ocrx_word' id='word_1_619' title='bbox 1929 5610 2106 5665; x_wconf 83' lang='lat' dir='ltr'><strong>favum</strong></span> <span class='ocrx_word' id='word_1_620' title='bbox 2157 5613 2236 5665; x_wconf 89' lang='lat' dir='ltr'><strong>ori</strong></span> <span class='ocrx_word' id='word_1_621' title='bbox 2271 5616 2422 5666; x_wconf 85' lang='lat' dir='ltr'><strong>meo!</strong></span> <span class='ocrx_word' id='word_1_622' title='bbox 2459 5632 2475 5665; x_wconf 73' lang='grc' dir='ltr'><strong><em>ι</em></strong></span> <span class='ocrx_word' id='word_1_623' title='bbox 2516 5614 2689 5674; x_wconf 72' lang='lat' dir='ltr'><strong>(Paul.</strong></span> <span class='ocrx_word' id='word_1_624' title='bbox 2729 5618 2939 5680; x_wconf 68' lang='grc' dir='ltr'><strong>εγω-ιιι.)</strong></span> <span class='ocrx_word' id='word_1_625' title='bbox 2969 5618 3054 5672; x_wconf 87' lang='lat' dir='ltr'><strong>lu-</strong></span> 
     </span>
    </p>
   </div>
   <div class='ocr_carea' id='block_1_89' title="bbox 1473 5700 3052 5783">
    <p class='ocr_par' dir='ltr' id='par_1_89' title="bbox 1473 5700 3052 5783">
     <span class='ocr_line' id='line_1_89' title="bbox 1473 5700 3052 5783; baseline 0.006 -31"><span class='ocrx_word' id='word_1_626' title='bbox 1473 5701 1631 5755; x_wconf 85' lang='lat' dir='ltr'><strong>terim</strong></span> <span class='ocrx_word' id='word_1_627' title='bbox 1671 5700 1796 5755; x_wconf 91' lang='lat' dir='ltr'><strong>nolo</strong></span> <span class='ocrx_word' id='word_1_628' title='bbox 1833 5717 1930 5756; x_wconf 87' lang='lat' dir='ltr'><strong>vos</strong></span> <span class='ocrx_word' id='word_1_629' title='bbox 1966 5703 2168 5783; x_wconf 76' lang='lat' dir='ltr'><strong>lateat,</strong></span> <span class='ocrx_word' id='word_1_630' title='bbox 2217 5705 2588 5768; x_wconf 87' lang='lat' dir='ltr'><strong>dilectissimi,</strong></span> <span class='ocrx_word' id='word_1_631' title='bbox 2650 5709 2775 5776; x_wconf 88' lang='lat' dir='ltr'><strong>quia</strong></span> <span class='ocrx_word' id='word_1_632' title='bbox 2829 5708 3052 5762; x_wconf 84' lang='lat' dir='ltr'><strong>historia</strong></span> 
     </span>
    </p>
   </div>
   <div class='ocr_carea' id='block_1_90' title="bbox 1473 5789 3044 5871">
    <p class='ocr_par' dir='ltr' id='par_1_90' title="bbox 1473 5789 3044 5871">
     <span class='ocr_line' id='line_1_90' title="bbox 1473 5789 3044 5871; baseline 0.005 -27"><span class='ocrx_word' id='word_1_633' title='bbox 1473 5789 1588 5849; x_wconf 73' lang='lat' dir='ltr'><strong>haec</strong></span> <span class='ocrx_word' id='word_1_634' title='bbox 1616 5833 1629 5856; x_wconf 89' lang='lat'><strong>,</strong></span> <span class='ocrx_word' id='word_1_635' title='bbox 1677 5805 1834 5862; x_wconf 88' lang='lat' dir='ltr'><strong>quam</strong></span> <span class='ocrx_word' id='word_1_636' title='bbox 1880 5795 2212 5850; x_wconf 79' lang='lat' dir='ltr'><strong>tractandam</strong></span> <span class='ocrx_word' id='word_1_637' title='bbox 2256 5811 2316 5850; x_wconf 78' lang='lat' dir='ltr'><strong>ex</strong></span> <span class='ocrx_word' id='word_1_638' title='bbox 2367 5797 2649 5855; x_wconf 86' lang='lat' dir='ltr'><strong>occasione</strong></span> <span class='ocrx_word' id='word_1_639' title='bbox 2694 5800 3044 5871; x_wconf 69' lang='lat' dir='ltr'><strong>suscepimus,</strong></span> 
     </span>
    </p>
   </div>
   <div class='ocr_carea' id='block_1_91' title="bbox 3181 3516 4733 3588">
    <p class='ocr_par' dir='ltr' id='par_1_91' title="bbox 3181 3516 4733 3588">
     <span class='ocr_line' id='line_1_91' title="bbox 3181 3516 4733 3588; baseline -0.012 -2"><span class='ocrx_word' id='word_1_640' title='bbox 3181 3532 3361 3586; x_wconf 77' lang='lat' dir='ltr'><strong>minus</strong></span> <span class='ocrx_word' id='word_1_641' title='bbox 3399 3539 3454 3584; x_wconf 83' lang='lat' dir='ltr'><strong>et</strong></span> <span class='ocrx_word' id='word_1_642' title='bbox 3490 3529 3769 3583; x_wconf 87' lang='lat' dir='ltr'><strong>audiemus</strong></span> <span class='ocrx_word' id='word_1_643' title='bbox 3813 3535 3868 3581; x_wconf 88' lang='lat' dir='ltr'><strong>et</strong></span> <span class='ocrx_word' id='word_1_644' title='bbox 3900 3524 4188 3587; x_wconf 84' lang='lat' dir='ltr'><strong>faciemus,</strong></span> <span class='ocrx_word' id='word_1_645' title='bbox 4230 3540 4248 3573; x_wconf 74' lang='grc' dir='ltr'><strong><em>ι</em></strong></span> <span class='ocrx_word' id='word_1_646' title='bbox 4294 3535 4419 3576; x_wconf 89' lang='lat' dir='ltr'><strong>ecce</strong></span> <span class='ocrx_word' id='word_1_647' title='bbox 4459 3517 4604 3588; x_wconf 87' lang='lat' dir='ltr'><strong>quasi</strong></span> <span class='ocrx_word' id='word_1_648' title='bbox 4645 3516 4733 3568; x_wconf 81' lang='lat' dir='ltr'><strong>lux</strong></span> 
     </span>
    </p>
   </div>
   <div class='ocr_carea' id='block_1_92' title="bbox 3180 3615 4734 3682">
    <p class='ocr_par' dir='ltr' id='par_1_92' title="bbox 3180 3615 4734 3682">
     <span class='ocr_line' id='line_1_92' title="bbox 3180 3615 4734 3682; baseline -0.012 -5"><span class='ocrx_word' id='word_1_649' title='bbox 3180 3621 3572 3678; x_wconf 84' lang='lat' dir='ltr'><strong>coruscatioais</strong></span> <span class='ocrx_word' id='word_1_650' title='bbox 3618 3628 3836 3682; x_wconf 87' lang='lat' dir='ltr'><strong>exorta;</strong></span> <span class='ocrx_word' id='word_1_651' title='bbox 3889 3617 3983 3672; x_wconf 87' lang='lat' dir='ltr'><strong>sed</strong></span> <span class='ocrx_word' id='word_1_652' title='bbox 4032 3615 4157 3669; x_wconf 90' lang='lat' dir='ltr'><strong>dum</strong></span> <span class='ocrx_word' id='word_1_653' title='bbox 4201 3621 4417 3681; x_wconf 79' lang='lat' dir='ltr'><strong>repente</strong></span> <span class='ocrx_word' id='word_1_654' title='bbox 4459 3615 4734 3664; x_wconf 85' lang='lat' dir='ltr'><strong>curvarent</strong></span> 
     </span>
    </p>
   </div>
   <div class='ocr_carea' id='block_1_93' title="bbox 3178 3699 4731 3782">
    <p class='ocr_par' dir='ltr' id='par_1_93' title="bbox 3178 3699 4731 3782">
     <span class='ocr_line' id='line_1_93' title="bbox 3178 3699 4731 3782; baseline -0.014 -16"><span class='ocrx_word' id='word_1_655' title='bbox 3178 3727 3350 3782; x_wconf 86' lang='lat' dir='ltr'><strong>genua</strong></span> <span class='ocrx_word' id='word_1_656' title='bbox 3375 3718 3498 3764; x_wconf 89' lang='lat' dir='ltr'><strong>ante</strong></span> <span class='ocrx_word' id='word_1_657' title='bbox 3514 3708 3658 3770; x_wconf 88' lang='lat' dir='ltr'><strong>Baal,</strong></span> <span class='ocrx_word' id='word_1_658' title='bbox 3687 3722 3812 3761; x_wconf 88' lang='lat' dir='ltr'><strong>ecce</strong></span> <span class='ocrx_word' id='word_1_659' title='bbox 3835 3703 4136 3759; x_wconf 86' lang='lat' dir='ltr'><strong>coruscatio</strong></span> <span class='ocrx_word' id='word_1_660' title='bbox 4160 3702 4436 3755; x_wconf 84' lang='lat' dir='ltr'><strong>videbatur</strong></span> <span class='ocrx_word' id='word_1_661' title='bbox 4459 3699 4731 3753; x_wconf 69' lang='lat' dir='ltr'><strong>exstincta.</strong></span> 
     </span>
    </p>
   </div>
   <div class='ocr_carea' id='block_1_94' title="bbox 3178 3785 4734 3871">
    <p class='ocr_par' dir='ltr' id='par_1_94' title="bbox 3178 3785 4734 3871">
     <span class='ocr_line' id='line_1_94' title="bbox 3178 3785 4734 3871; baseline -0.012 -15"><span class='ocrx_word' id='word_1_662' title='bbox 3178 3803 3324 3856; x_wconf 79' lang='lat' dir='ltr'><strong>Dixit</strong></span> <span class='ocrx_word' id='word_1_663' title='bbox 3352 3817 3482 3871; x_wconf 86' lang='lat' dir='ltr'><strong>ergo</strong></span> <span class='ocrx_word' id='word_1_664' title='bbox 3521 3801 3726 3853; x_wconf 89' lang='lat' dir='ltr'><strong>Debora</strong></span> <span class='ocrx_word' id='word_1_665' title='bbox 3765 3796 3830 3850; x_wconf 91' lang='lat' dir='ltr'><strong>ad</strong></span> <span class='ocrx_word' id='word_1_666' title='bbox 3867 3795 4036 3849; x_wconf 87' lang='lat' dir='ltr'><strong>Barac</strong></span> <span class='ocrx_word' id='word_1_667' title='bbox 4079 3808 4094 3846; x_wconf 91' lang='lat'><strong>:</strong></span> <span class='ocrx_word' id='word_1_668' title='bbox 4139 3811 4157 3843; x_wconf 73' lang='grc' dir='ltr'><strong><em>ι</em></strong></span> <span class='ocrx_word' id='word_1_669' title='bbox 4202 3789 4455 3858; x_wconf 68' lang='lat' dir='ltr'><strong>Prtecepit</strong></span> <span class='ocrx_word' id='word_1_670' title='bbox 4496 3786 4584 3840; x_wconf 89' lang='lat' dir='ltr'><strong>tibi</strong></span> <span class='ocrx_word' id='word_1_671' title='bbox 4631 3785 4734 3839; x_wconf 87' lang='lat' dir='ltr'><strong>Do-</strong></span> 
     </span>
    </p>
   </div>
   <div class='ocr_carea' id='block_1_95' title="bbox 3177 3881 4732 3949">
    <p class='ocr_par' dir='ltr' id='par_1_95' title="bbox 3177 3881 4732 3949">
     <span class='ocr_line' id='line_1_95' title="bbox 3177 3881 4732 3949; baseline -0.012 -2"><span class='ocrx_word' id='word_1_672' title='bbox 3177 3893 3358 3947; x_wconf 75' lang='lat' dir='ltr'><strong>minus</strong></span> <span class='ocrx_word' id='word_1_673' title='bbox 3388 3890 3548 3945; x_wconf 82' lang='lat' dir='ltr'><strong>Israel</strong></span> <span class='ocrx_word' id='word_1_674' title='bbox 3573 3910 3584 3943; x_wconf 88' lang='lat'><strong>:</strong></span> <span class='ocrx_word' id='word_1_675' title='bbox 3612 3889 3760 3942; x_wconf 86' lang='lat' dir='ltr'><strong>Tolle</strong></span> <span class='ocrx_word' id='word_1_676' title='bbox 3791 3897 3965 3941; x_wconf 89' lang='lat' dir='ltr'><strong>tecum</strong></span> <span class='ocrx_word' id='word_1_677' title='bbox 3997 3885 4178 3939; x_wconf 88' lang='lat' dir='ltr'><strong>decem</strong></span> <span class='ocrx_word' id='word_1_678' title='bbox 4208 3881 4368 3936; x_wconf 90' lang='lat' dir='ltr'><strong>millia</strong></span> <span class='ocrx_word' id='word_1_679' title='bbox 4393 3885 4732 3949; x_wconf 88' lang='lat' dir='ltr'><strong>pugnatorum</strong></span> 
     </span>
    </p>
   </div>
   <div class='ocr_carea' id='block_1_96' title="bbox 3177 3965 4731 4041">
    <p class='ocr_par' dir='ltr' id='par_1_96' title="bbox 3177 3965 4731 4041">
     <span class='ocr_line' id='line_1_96' title="bbox 3177 3965 4731 4041; baseline -0.012 -5"><span class='ocrx_word' id='word_1_680' title='bbox 3177 3994 3231 4036; x_wconf 89' lang='lat' dir='ltr'><strong>et</strong></span> <span class='ocrx_word' id='word_1_681' title='bbox 3257 3982 3391 4034; x_wconf 84' lang='lat' dir='ltr'><strong>vade</strong></span> <span class='ocrx_word' id='word_1_682' title='bbox 3427 3981 3480 4034; x_wconf 93' lang='lat' dir='ltr'><strong>in</strong></span> <span class='ocrx_word' id='word_1_683' title='bbox 3509 3991 3742 4033; x_wconf 81' lang='lat' dir='ltr'><strong>montem</strong></span> <span class='ocrx_word' id='word_1_684' title='bbox 3771 3976 3986 4030; x_wconf 87' lang='lat' dir='ltr'><strong>Thabor</strong></span> <span class='ocrx_word' id='word_1_685' title='bbox 4012 3992 4025 4027; x_wconf 89' lang='lat'><strong>:</strong></span> <span class='ocrx_word' id='word_1_686' title='bbox 4055 3987 4152 4041; x_wconf 77' lang='lat' dir='ltr'><strong>ego</strong></span> <span class='ocrx_word' id='word_1_687' title='bbox 4177 3980 4349 4024; x_wconf 88' lang='lat' dir='ltr'><strong>autem</strong></span> <span class='ocrx_word' id='word_1_688' title='bbox 4375 3969 4620 4021; x_wconf 86' lang='lat' dir='ltr'><strong>adducam</strong></span> <span class='ocrx_word' id='word_1_689' title='bbox 4666 3965 4731 4018; x_wconf 86' lang='lat' dir='ltr'><strong>ad</strong></span> 
     </span>
    </p>
   </div>
   <div class='ocr_carea' id='block_1_97' title="bbox 3181 4058 4731 4129">
    <p class='ocr_par' dir='ltr' id='par_1_97' title="bbox 3181 4058 4731 4129">
     <span class='ocr_line' id='line_1_97' title="bbox 3181 4058 4731 4129; baseline -0.012 -5"><span class='ocrx_word' id='word_1_690' title='bbox 3181 4080 3232 4126; x_wconf 90' lang='lat' dir='ltr'><strong>te</strong></span> <span class='ocrx_word' id='word_1_691' title='bbox 3265 4071 3314 4124; x_wconf 92' lang='lat' dir='ltr'><strong>in</strong></span> <span class='ocrx_word' id='word_1_692' title='bbox 3337 4071 3512 4124; x_wconf 91' lang='lat' dir='ltr'><strong>locum</strong></span> <span class='ocrx_word' id='word_1_693' title='bbox 3543 4067 3795 4123; x_wconf 86' lang='lat' dir='ltr'><strong>torrentis</strong></span> <span class='ocrx_word' id='word_1_694' title='bbox 3815 4065 3974 4120; x_wconf 89' lang='lat' dir='ltr'><strong>Cison</strong></span> <span class='ocrx_word' id='word_1_695' title='bbox 4003 4062 4237 4117; x_wconf 86' lang='lat' dir='ltr'><strong>Sisaram</strong></span> <span class='ocrx_word' id='word_1_696' title='bbox 4267 4058 4550 4129; x_wconf 88' lang='lat' dir='ltr'><strong>principem</strong></span> <span class='ocrx_word' id='word_1_697' title='bbox 4580 4069 4731 4109; x_wconf 75' lang='lat' dir='ltr'><strong>exer-</strong></span> 
     </span>
    </p>
   </div>
   <div class='ocr_carea' id='block_1_98' title="bbox 3175 4145 4729 4224">
    <p class='ocr_par' dir='ltr' id='par_1_98' title="bbox 3175 4145 4729 4224">
     <span class='ocr_line' id='line_1_98' title="bbox 3175 4145 4729 4224; baseline -0.012 -9"><span class='ocrx_word' id='word_1_698' title='bbox 3175 4161 3314 4215; x_wconf 92' lang='lat' dir='ltr'><strong>citus</strong></span> <span class='ocrx_word' id='word_1_699' title='bbox 3338 4159 3519 4224; x_wconf 82' lang='lat' dir='ltr'><strong>Jabin,</strong></span> <span class='ocrx_word' id='word_1_700' title='bbox 3546 4167 3600 4212; x_wconf 90' lang='lat' dir='ltr'><strong>et</strong></span> <span class='ocrx_word' id='word_1_701' title='bbox 3627 4171 3818 4212; x_wconf 88' lang='lat' dir='ltr'><strong>currus</strong></span> <span class='ocrx_word' id='word_1_702' title='bbox 3846 4155 3960 4223; x_wconf 82' lang='lat' dir='ltr'><strong>ejus</strong></span> <span class='ocrx_word' id='word_1_703' title='bbox 3985 4164 4304 4218; x_wconf 87' lang='lat' dir='ltr'><strong>omnemque</strong></span> <span class='ocrx_word' id='word_1_704' title='bbox 4332 4145 4729 4206; x_wconf 84' lang='lat' dir='ltr'><strong>multitudinem,</strong></span> 
     </span>
    </p>
   </div>
   <div class='ocr_carea' id='block_1_99' title="bbox 3173 4239 4730 4323">
    <p class='ocr_par' dir='ltr' id='par_1_99' title="bbox 3173 4239 4730 4323">
     <span class='ocr_line' id='line_1_99' title="bbox 3173 4239 4730 4323; baseline -0.011 -15"><span class='ocrx_word' id='word_1_705' title='bbox 3173 4257 3492 4323; x_wconf 78' lang='lat' dir='ltr'><strong>tratlamque</strong></span> <span class='ocrx_word' id='word_1_706' title='bbox 3520 4269 3612 4309; x_wconf 92' lang='lat' dir='ltr'><strong>eos</strong></span> <span class='ocrx_word' id='word_1_707' title='bbox 3640 4254 3692 4307; x_wconf 90' lang='lat' dir='ltr'><strong>in</strong></span> <span class='ocrx_word' id='word_1_708' title='bbox 3732 4267 3891 4306; x_wconf 90' lang='lat' dir='ltr'><strong>manu</strong></span> <span class='ocrx_word' id='word_1_709' title='bbox 3927 4260 4014 4302; x_wconf 89' lang='lat' dir='ltr'><strong>tua</strong></span> <span class='ocrx_word' id='word_1_710' title='bbox 4053 4247 4198 4317; x_wconf 75' lang='lat' dir='ltr'><strong>(Iud.</strong></span> <span class='ocrx_word' id='word_1_711' title='bbox 4230 4245 4322 4314; x_wconf 84' lang='lat' dir='ltr'><strong>tv).</strong></span> <span class='ocrx_word' id='word_1_712' title='bbox 4348 4263 4366 4295; x_wconf 71' lang='grc' dir='ltr'><strong><em>ι</em></strong></span> <span class='ocrx_word' id='word_1_713' title='bbox 4393 4243 4658 4310; x_wconf 89' lang='lat' dir='ltr'><strong>Tanquam</strong></span> <span class='ocrx_word' id='word_1_714' title='bbox 4686 4239 4730 4293; x_wconf 92' lang='lat' dir='ltr'><strong>si</strong></span> 
     </span>
    </p>
   </div>
   <div class='ocr_carea' id='block_1_100' title="bbox 3172 4329 4728 4414">
    <p class='ocr_par' dir='ltr' id='par_1_100' title="bbox 3172 4329 4728 4414">
     <span class='ocr_line' id='line_1_100' title="bbox 3172 4329 4728 4414; baseline -0.01 -18"><span class='ocrx_word' id='word_1_715' title='bbox 3172 4360 3268 4414; x_wconf 76' lang='lat' dir='ltr'><strong>per</strong></span> <span class='ocrx_word' id='word_1_716' title='bbox 3295 4343 3660 4412; x_wconf 88' lang='lat' dir='ltr'><strong>propheticam</strong></span> <span class='ocrx_word' id='word_1_717' title='bbox 3683 4340 3979 4394; x_wconf 89' lang='lat' dir='ltr'><strong>doctrinam</strong></span> <span class='ocrx_word' id='word_1_718' title='bbox 4004 4335 4166 4405; x_wconf 89' lang='lat' dir='ltr'><strong>priori</strong></span> <span class='ocrx_word' id='word_1_719' title='bbox 4187 4332 4384 4403; x_wconf 70' lang='lat' dir='ltr'><strong>populo</strong></span> <span class='ocrx_word' id='word_1_720' title='bbox 4406 4331 4539 4384; x_wconf 91' lang='lat' dir='ltr'><strong>Deus</strong></span> <span class='ocrx_word' id='word_1_721' title='bbox 4562 4329 4728 4383; x_wconf 85' lang='lat' dir='ltr'><strong>omni-</strong></span> 
     </span>
    </p>
   </div>
   <div class='ocr_carea' id='block_1_101' title="bbox 3173 4429 4729 4506">
    <p class='ocr_par' dir='ltr' id='par_1_101' title="bbox 3173 4429 4729 4506">
     <span class='ocr_line' id='line_1_101' title="bbox 3173 4429 4729 4506; baseline -0.009 -18"><span class='ocrx_word' id='word_1_722' title='bbox 3173 4445 3365 4506; x_wconf 89' lang='lat' dir='ltr'><strong>potens</strong></span> <span class='ocrx_word' id='word_1_723' title='bbox 3393 4434 3575 4487; x_wconf 88' lang='lat' dir='ltr'><strong>dicat:</strong></span> <span class='ocrx_word' id='word_1_724' title='bbox 3614 4434 3808 4487; x_wconf 88' lang='lat' dir='ltr'><strong>Decem</strong></span> <span class='ocrx_word' id='word_1_725' title='bbox 3838 4438 4097 4498; x_wconf 72' lang='lat' dir='ltr'><strong>prazecpta</strong></span> <span class='ocrx_word' id='word_1_726' title='bbox 4131 4429 4261 4496; x_wconf 74' lang='lat' dir='ltr'><strong>legis</strong></span> <span class='ocrx_word' id='word_1_727' title='bbox 4296 4439 4502 4479; x_wconf 88' lang='lat' dir='ltr'><strong>assume</strong></span> <span class='ocrx_word' id='word_1_728' title='bbox 4529 4431 4581 4475; x_wconf 90' lang='lat' dir='ltr'><strong>et</strong></span> <span class='ocrx_word' id='word_1_729' title='bbox 4621 4429 4729 4475; x_wconf 67' lang='grc' dir='ltr'><strong>τετ-</strong></span> 
     </span>
    </p>
   </div>
   <div class='ocr_carea' id='block_1_102' title="bbox 3175 4513 4730 4587">
    <p class='ocr_par' dir='ltr' id='par_1_102' title="bbox 3175 4513 4730 4587">
     <span class='ocr_line' id='line_1_102' title="bbox 3175 4513 4730 4587; baseline -0.01 -9"><span class='ocrx_word' id='word_1_730' title='bbox 3175 4536 3349 4579; x_wconf 90' lang='lat' dir='ltr'><strong>tutum</strong></span> <span class='ocrx_word' id='word_1_731' title='bbox 3395 4524 3607 4578; x_wconf 88' lang='lat' dir='ltr'><strong>culmen</strong></span> <span class='ocrx_word' id='word_1_732' title='bbox 3639 4521 3889 4585; x_wconf 87' lang='lat' dir='ltr'><strong>ascende,</strong></span> <span class='ocrx_word' id='word_1_733' title='bbox 3942 4521 4124 4587; x_wconf 81' lang='lat' dir='ltr'><strong>sicque</strong></span> <span class='ocrx_word' id='word_1_734' title='bbox 4158 4517 4495 4585; x_wconf 85' lang='lat' dir='ltr'><strong>reproborum</strong></span> <span class='ocrx_word' id='word_1_735' title='bbox 4539 4513 4730 4581; x_wconf 85' lang='lat' dir='ltr'><strong>princi-</strong></span> 
     </span>
    </p>
   </div>
   <div class='ocr_carea' id='block_1_103' title="bbox 3171 4604 4729 4687">
    <p class='ocr_par' dir='ltr' id='par_1_103' title="bbox 3171 4604 4729 4687">
     <span class='ocr_line' id='line_1_103' title="bbox 3171 4604 4729 4687; baseline -0.008 -19"><span class='ocrx_word' id='word_1_736' title='bbox 3171 4633 3292 4687; x_wconf 78' lang='lat' dir='ltr'><strong>pem</strong></span> <span class='ocrx_word' id='word_1_737' title='bbox 3334 4631 3395 4670; x_wconf 89' lang='lat' dir='ltr'><strong>ac</strong></span> <span class='ocrx_word' id='word_1_738' title='bbox 3444 4615 3606 4670; x_wconf 85' lang='lat' dir='ltr'><strong>totius</strong></span> <span class='ocrx_word' id='word_1_739' title='bbox 3648 4611 3948 4681; x_wconf 89' lang='lat' dir='ltr'><strong>iniquitatis</strong></span> <span class='ocrx_word' id='word_1_740' title='bbox 3999 4617 4293 4672; x_wconf 88' lang='lat' dir='ltr'><strong>auctorem,</strong></span> <span class='ocrx_word' id='word_1_741' title='bbox 4333 4621 4416 4660; x_wconf 89' lang='lat' dir='ltr'><strong>me</strong></span> <span class='ocrx_word' id='word_1_742' title='bbox 4461 4605 4548 4658; x_wconf 89' lang='lat' dir='ltr'><strong>tibi</strong></span> <span class='ocrx_word' id='word_1_743' title='bbox 4595 4604 4729 4656; x_wconf 83' lang='lat' dir='ltr'><strong>vires</strong></span> 
     </span>
    </p>
   </div>
   <div class='ocr_carea' id='block_1_104' title="bbox 3171 4705 3937 4772">
    <p class='ocr_par' dir='ltr' id='par_1_104' title="bbox 3171 4705 3937 4772">
     <span class='ocr_line' id='line_1_104' title="bbox 3171 4705 3937 4772; baseline -0.008 -14"><span class='ocrx_word' id='word_1_744' title='bbox 3171 4705 3606 4767; x_wconf 89' lang='lat' dir='ltr'><strong>administrante,</strong></span> <span class='ocrx_word' id='word_1_745' title='bbox 3635 4711 3937 4772; x_wconf 82' lang='lat' dir='ltr'><strong>prosterno.</strong></span> 
     </span>
    </p>
   </div>
   <div class='ocr_carea' id='block_1_105' title="bbox 3246 4780 4724 4861">
    <p class='ocr_par' dir='ltr' id='par_1_105' title="bbox 3246 4780 4724 4861">
     <span class='ocr_line' id='line_1_105' title="bbox 3246 4780 4724 4861; baseline -0.011 -13"><span class='ocrx_word' id='word_1_746' title='bbox 3246 4794 3356 4848; x_wconf 82' lang='lat' dir='ltr'><strong>Nec</strong></span> <span class='ocrx_word' id='word_1_747' title='bbox 3385 4793 3813 4861; x_wconf 71' lang='lat' dir='ltr'><strong>prretercundum</strong></span> <span class='ocrx_word' id='word_1_748' title='bbox 3843 4792 3982 4861; x_wconf 91' lang='lat' dir='ltr'><strong>quod</strong></span> <span class='ocrx_word' id='word_1_749' title='bbox 4013 4789 4259 4860; x_wconf 85' lang='lat' dir='ltr'><strong>princeps</strong></span> <span class='ocrx_word' id='word_1_750' title='bbox 4292 4787 4377 4840; x_wconf 92' lang='lat' dir='ltr'><strong>ille</strong></span> <span class='ocrx_word' id='word_1_751' title='bbox 4414 4783 4608 4839; x_wconf 82' lang='lat' dir='ltr'><strong>militia:</strong></span> <span class='ocrx_word' id='word_1_752' title='bbox 4644 4780 4724 4834; x_wconf 85' lang='lat' dir='ltr'><strong>Si-</strong></span> 
     </span>
    </p>
   </div>
   <div class='ocr_carea' id='block_1_106' title="bbox 3173 4871 4724 4952">
    <p class='ocr_par' dir='ltr' id='par_1_106' title="bbox 3173 4871 4724 4952">
     <span class='ocr_line' id='line_1_106' title="bbox 3173 4871 4724 4952; baseline -0.01 -14"><span class='ocrx_word' id='word_1_753' title='bbox 3173 4901 3315 4948; x_wconf 87' lang='lat' dir='ltr'><strong>sara,</strong></span> <span class='ocrx_word' id='word_1_754' title='bbox 3348 4884 3437 4952; x_wconf 90' lang='lat' dir='ltr'><strong>qui</strong></span> <span class='ocrx_word' id='word_1_755' title='bbox 3470 4882 3751 4952; x_wconf 87' lang='lat' dir='ltr'><strong>perditioni</strong></span> <span class='ocrx_word' id='word_1_756' title='bbox 3781 4881 4036 4949; x_wconf 72' lang='lat' dir='ltr'><strong>proxima:</strong></span> <span class='ocrx_word' id='word_1_757' title='bbox 4071 4887 4184 4931; x_wconf 89' lang='lat' dir='ltr'><strong>erat</strong></span> <span class='ocrx_word' id='word_1_758' title='bbox 4214 4875 4490 4936; x_wconf 79' lang='lat' dir='ltr'><strong>obnoxius,</strong></span> <span class='ocrx_word' id='word_1_759' title='bbox 4523 4871 4585 4926; x_wconf 87' lang='lat' dir='ltr'><strong>ad</strong></span> <span class='ocrx_word' id='word_1_760' title='bbox 4613 4883 4724 4923; x_wconf 67' lang='lat' dir='ltr'><strong>tor-</strong></span> 
     </span>
    </p>
   </div>
   <div class='ocr_carea' id='block_1_107' title="bbox 3172 4961 4725 5044">
    <p class='ocr_par' dir='ltr' id='par_1_107' title="bbox 3172 4961 4725 5044">
     <span class='ocr_line' id='line_1_107' title="bbox 3172 4961 4725 5044; baseline -0.013 -12"><span class='ocrx_word' id='word_1_761' title='bbox 3172 4989 3382 5032; x_wconf 87' lang='lat' dir='ltr'><strong>rcntcm</strong></span> <span class='ocrx_word' id='word_1_762' title='bbox 3411 4977 3570 5030; x_wconf 83' lang='lat' dir='ltr'><strong>Cison</strong></span> <span class='ocrx_word' id='word_1_763' title='bbox 3599 4974 4013 5044; x_wconf 80' lang='lat' dir='ltr'><strong>promittebatur</strong></span> <span class='ocrx_word' id='word_1_764' title='bbox 4039 4982 4194 5023; x_wconf 87' lang='lat' dir='ltr'><strong>antea</strong></span> <span class='ocrx_word' id='word_1_765' title='bbox 4219 4966 4566 5022; x_wconf 84' lang='lat' dir='ltr'><strong>deducendus.</strong></span> <span class='ocrx_word' id='word_1_766' title='bbox 4591 4961 4725 5028; x_wconf 87' lang='lat' dir='ltr'><strong>Quid</strong></span> 
     </span>
    </p>
   </div>
   <div class='ocr_carea' id='block_1_108' title="bbox 3171 5054 4726 5135">
    <p class='ocr_par' dir='ltr' id='par_1_108' title="bbox 3171 5054 4726 5135">
     <span class='ocr_line' id='line_1_108' title="bbox 3171 5054 4726 5135; baseline -0.012 -12"><span class='ocrx_word' id='word_1_767' title='bbox 3171 5072 3312 5122; x_wconf 90' lang='lat' dir='ltr'><strong>cnim</strong></span> <span class='ocrx_word' id='word_1_768' title='bbox 3367 5083 3462 5135; x_wconf 88' lang='lat' dir='ltr'><strong>per</strong></span> <span class='ocrx_word' id='word_1_769' title='bbox 3503 5076 3795 5119; x_wconf 88' lang='lat' dir='ltr'><strong>torrentem</strong></span> <span class='ocrx_word' id='word_1_770' title='bbox 3844 5063 4036 5120; x_wconf 81' lang='lat' dir='ltr'><strong>Cison.</strong></span> <span class='ocrx_word' id='word_1_771' title='bbox 4095 5061 4194 5114; x_wconf 90' lang='lat' dir='ltr'><strong>nisi</strong></span> <span class='ocrx_word' id='word_1_772' title='bbox 4241 5058 4529 5126; x_wconf 86' lang='lat' dir='ltr'><strong>baptismus</strong></span> <span class='ocrx_word' id='word_1_773' title='bbox 4575 5054 4726 5107; x_wconf 86' lang='lat' dir='ltr'><strong>debet</strong></span> 
     </span>
    </p>
   </div>
   <div class='ocr_carea' id='block_1_109' title="bbox 3174 5143 4727 5227">
    <p class='ocr_par' dir='ltr' id='par_1_109' title="bbox 3174 5143 4727 5227">
     <span class='ocr_line' id='line_1_109' title="bbox 3174 5143 4727 5227; baseline -0.013 -15"><span class='ocrx_word' id='word_1_774' title='bbox 3174 5159 3446 5227; x_wconf 73' lang='lat' dir='ltr'><strong>intelligi?</strong></span> <span class='ocrx_word' id='word_1_775' title='bbox 3502 5156 3634 5209; x_wconf 80' lang='lat' dir='ltr'><strong>Nam</strong></span> <span class='ocrx_word' id='word_1_776' title='bbox 3690 5171 3808 5208; x_wconf 89' lang='lat' dir='ltr'><strong>cum</strong></span> <span class='ocrx_word' id='word_1_777' title='bbox 3865 5153 4277 5208; x_wconf 71' lang='lat' dir='ltr'><strong>caterltimenus</strong></span> <span class='ocrx_word' id='word_1_778' title='bbox 4328 5148 4532 5200; x_wconf 85' lang='lat' dir='ltr'><strong>lavacro</strong></span> <span class='ocrx_word' id='word_1_779' title='bbox 4591 5143 4727 5196; x_wconf 77' lang='lat' dir='ltr'><strong>sacri</strong></span> 
     </span>
    </p>
   </div>
   <div class='ocr_carea' id='block_1_110' title="bbox 3166 5237 4726 5316">
    <p class='ocr_par' dir='ltr' id='par_1_110' title="bbox 3166 5237 4726 5316">
     <span class='ocr_line' id='line_1_110' title="bbox 3166 5237 4726 5316; baseline -0.01 -14"><span class='ocrx_word' id='word_1_780' title='bbox 3166 5250 3328 5303; x_wconf 89' lang='lat' dir='ltr'><strong>fontis</strong></span> <span class='ocrx_word' id='word_1_781' title='bbox 3353 5248 3710 5316; x_wconf 70' lang='lat' dir='ltr'><strong>immergitur,</strong></span> <span class='ocrx_word' id='word_1_782' title='bbox 3736 5257 3986 5313; x_wconf 75' lang='lat' dir='ltr'><strong>tanquam</strong></span> <span class='ocrx_word' id='word_1_783' title='bbox 4011 5243 4188 5297; x_wconf 87' lang='lat' dir='ltr'><strong>Sisara</strong></span> <span class='ocrx_word' id='word_1_784' title='bbox 4219 5258 4335 5294; x_wconf 90' lang='lat' dir='ltr'><strong>cum</strong></span> <span class='ocrx_word' id='word_1_785' title='bbox 4363 5255 4456 5294; x_wconf 92' lang='lat' dir='ltr'><strong>suo</strong></span> <span class='ocrx_word' id='word_1_786' title='bbox 4475 5237 4726 5297; x_wconf 82' lang='lat' dir='ltr'><strong>exercitu,</strong></span> 
     </span>
    </p>
   </div>
   <div class='ocr_carea' id='block_1_111' title="bbox 3167 5328 4723 5408">
    <p class='ocr_par' dir='ltr' id='par_1_111' title="bbox 3167 5328 4723 5408">
     <span class='ocr_line' id='line_1_111' title="bbox 3167 5328 4723 5408; baseline -0.01 -16"><span class='ocrx_word' id='word_1_787' title='bbox 3167 5341 3242 5393; x_wconf 89' lang='lat' dir='ltr'><strong>sic</strong></span> <span class='ocrx_word' id='word_1_788' title='bbox 3284 5341 3645 5408; x_wconf 77' lang='lat' dir='ltr'><strong>nequissimus</strong></span> <span class='ocrx_word' id='word_1_789' title='bbox 3694 5336 3914 5405; x_wconf 81' lang='lat' dir='ltr'><strong>spiritus</strong></span> <span class='ocrx_word' id='word_1_790' title='bbox 3943 5351 4062 5388; x_wconf 86' lang='lat' dir='ltr'><strong>cum</strong></span> <span class='ocrx_word' id='word_1_791' title='bbox 4106 5335 4188 5386; x_wconf 78' lang='lat' dir='ltr'><strong>liis</strong></span> <span class='ocrx_word' id='word_1_792' title='bbox 4220 5348 4334 5402; x_wconf 74' lang='lat' dir='ltr'><strong>qua:</strong></span> <span class='ocrx_word' id='word_1_793' title='bbox 4361 5331 4456 5385; x_wconf 86' lang='lat' dir='ltr'><strong>sibi</strong></span> <span class='ocrx_word' id='word_1_794' title='bbox 4504 5328 4723 5381; x_wconf 84' lang='lat' dir='ltr'><strong>militant</strong></span> 
     </span>
    </p>
   </div>
   <div class='ocr_carea' id='block_1_112' title="bbox 3166 5418 4721 5496">
    <p class='ocr_par' dir='ltr' id='par_1_112' title="bbox 3166 5418 4721 5496">
     <span class='ocr_line' id='line_1_112' title="bbox 3166 5418 4721 5496; baseline -0.01 -12"><span class='ocrx_word' id='word_1_795' title='bbox 3166 5434 3311 5486; x_wconf 86' lang='lat' dir='ltr'><strong>vitiis</strong></span> <span class='ocrx_word' id='word_1_796' title='bbox 3369 5433 3618 5486; x_wconf 73' lang='lat' dir='ltr'><strong>euntibus</strong></span> <span class='ocrx_word' id='word_1_797' title='bbox 3669 5445 3886 5483; x_wconf 83' lang='lat' dir='ltr'><strong>necesse</strong></span> <span class='ocrx_word' id='word_1_798' title='bbox 3945 5436 4027 5482; x_wconf 87' lang='lat' dir='ltr'><strong>est</strong></span> <span class='ocrx_word' id='word_1_799' title='bbox 4079 5425 4386 5496; x_wconf 88' lang='lat' dir='ltr'><strong>perimatur.</strong></span> <span class='ocrx_word' id='word_1_800' title='bbox 4437 5418 4721 5489; x_wconf 81' lang='lat' dir='ltr'><strong>Respondit</strong></span> 
     </span>
    </p>
   </div>
   <div class='ocr_carea' id='block_1_113' title="bbox 3162 5515 4715 5578">
    <p class='ocr_par' dir='ltr' id='par_1_113' title="bbox 3162 5515 4715 5578">
     <span class='ocr_line' id='line_1_113' title="bbox 3162 5515 4715 5578; baseline -0.012 0"><span class='ocrx_word' id='word_1_801' title='bbox 3162 5535 3340 5578; x_wconf 83' lang='lat' dir='ltr'><strong>autem</strong></span> <span class='ocrx_word' id='word_1_802' title='bbox 3383 5526 3549 5578; x_wconf 85' lang='lat' dir='ltr'><strong>Barac</strong></span> <span class='ocrx_word' id='word_1_803' title='bbox 3599 5522 3664 5575; x_wconf 83' lang='lat' dir='ltr'><strong>ad</strong></span> <span class='ocrx_word' id='word_1_804' title='bbox 3710 5523 3969 5575; x_wconf 76' lang='lat' dir='ltr'><strong>Deboram</strong></span> <span class='ocrx_word' id='word_1_805' title='bbox 4018 5538 4029 5571; x_wconf 93' lang='lat'>:</span> <span class='ocrx_word' id='word_1_806' title='bbox 4085 5537 4100 5568; x_wconf 84' lang='lat' dir='ltr'><strong>t</strong></span> <span class='ocrx_word' id='word_1_807' title='bbox 4133 5518 4187 5570; x_wconf 86' lang='lat' dir='ltr'><strong>Si</strong></span> <span class='ocrx_word' id='word_1_808' title='bbox 4231 5515 4436 5569; x_wconf 83' lang='lat' dir='ltr'><strong>veneris</strong></span> <span class='ocrx_word' id='word_1_809' title='bbox 4473 5525 4674 5566; x_wconf 83' lang='lat' dir='ltr'><strong>mecum</strong></span> <span class='ocrx_word' id='word_1_810' title='bbox 4701 5548 4715 5568; x_wconf 90' lang='lat'><em>.</em></span> 
     </span>
    </p>
   </div>
   <div class='ocr_carea' id='block_1_114' title="bbox 3168 5599 4723 5676">
    <p class='ocr_par' dir='ltr' id='par_1_114' title="bbox 3168 5599 4723 5676">
     <span class='ocr_line' id='line_1_114' title="bbox 3168 5599 4723 5676; baseline -0.01 -12"><span class='ocrx_word' id='word_1_811' title='bbox 3168 5614 3356 5665; x_wconf 79' lang='lat' dir='ltr'><strong>vadani</strong></span> <span class='ocrx_word' id='word_1_812' title='bbox 3385 5631 3396 5676; x_wconf 87' lang='lat'>;</span> <span class='ocrx_word' id='word_1_813' title='bbox 3431 5615 3471 5666; x_wconf 76' lang='lat' dir='ltr'><strong>si</strong></span> <span class='ocrx_word' id='word_1_814' title='bbox 3507 5613 3743 5666; x_wconf 81' lang='lat' dir='ltr'><strong>nolueris</strong></span> <span class='ocrx_word' id='word_1_815' title='bbox 3774 5610 3974 5670; x_wconf 69' lang='lat' dir='ltr'><strong>venire,</strong></span> <span class='ocrx_word' id='word_1_816' title='bbox 4003 5623 4104 5660; x_wconf 88' lang='lat' dir='ltr'><strong>non</strong></span> <span class='ocrx_word' id='word_1_817' title='bbox 4138 5620 4350 5674; x_wconf 63' lang='lat' dir='ltr'><strong>[uergant</strong></span> <span class='ocrx_word' id='word_1_818' title='bbox 4385 5601 4558 5668; x_wconf 83' lang='lat' dir='ltr'><strong>(Ibid).</strong></span> <span class='ocrx_word' id='word_1_819' title='bbox 4597 5620 4613 5650; x_wconf 72' lang='grc' dir='ltr'><strong><em>ο</em></strong></span> <span class='ocrx_word' id='word_1_820' title='bbox 4651 5599 4723 5650; x_wconf 81' lang='lat' dir='ltr'><strong>Ac</strong></span> 
     </span>
    </p>
   </div>
   <div class='ocr_carea' id='block_1_115' title="bbox 3166 5687 4721 5779">
    <p class='ocr_par' dir='ltr' id='par_1_115' title="bbox 3166 5687 4721 5779">
     <span class='ocr_line' id='line_1_115' title="bbox 3166 5687 4721 5779; baseline -0.012 -21"><span class='ocrx_word' id='word_1_821' title='bbox 3166 5706 3210 5758; x_wconf 86' lang='lat' dir='ltr'><strong>si</strong></span> <span class='ocrx_word' id='word_1_822' title='bbox 3243 5706 3472 5757; x_wconf 82' lang='lat' dir='ltr'><strong>carnalis</strong></span> <span class='ocrx_word' id='word_1_823' title='bbox 3518 5705 3605 5758; x_wconf 84' lang='lat' dir='ltr'><strong>ille</strong></span> <span class='ocrx_word' id='word_1_824' title='bbox 3654 5701 3815 5756; x_wconf 83' lang='lat' dir='ltr'><strong>lsracl</strong></span> <span class='ocrx_word' id='word_1_825' title='bbox 3855 5699 4145 5779; x_wconf 67' lang='lat' dir='ltr'><strong>prophetia)</strong></span> <span class='ocrx_word' id='word_1_826' title='bbox 4192 5694 4544 5764; x_wconf 78' lang='lat' dir='ltr'><strong>respondeat:</strong></span> <span class='ocrx_word' id='word_1_827' title='bbox 4593 5687 4721 5750; x_wconf 60' lang='lat' dir='ltr'><strong>Nisi,</strong></span> 
     </span>
    </p>
   </div>
   <div class='ocr_carea' id='block_1_116' title="bbox 3155 5781 4718 5869">
    <p class='ocr_par' dir='ltr' id='par_1_116' title="bbox 3155 5781 4718 5869">
     <span class='ocr_line' id='line_1_116' title="bbox 3155 5781 4718 5869; baseline -0.011 -19"><span class='ocrx_word' id='word_1_828' title='bbox 3155 5795 3305 5869; x_wconf 78' lang='lat' dir='ltr'><strong>juxta</strong></span> <span class='ocrx_word' id='word_1_829' title='bbox 3345 5795 3554 5853; x_wconf 81' lang='lat' dir='ltr'><strong>litteras</strong></span> <span class='ocrx_word' id='word_1_830' title='bbox 3585 5804 3630 5852; x_wconf 86' lang='lat' dir='ltr'><strong>ct</strong></span> <span class='ocrx_word' id='word_1_831' title='bbox 3668 5795 3817 5866; x_wconf 81' lang='lat' dir='ltr'><strong>quasi</strong></span> <span class='ocrx_word' id='word_1_832' title='bbox 3873 5792 4162 5850; x_wconf 75' lang='lat' dir='ltr'><strong>secundum</strong></span> <span class='ocrx_word' id='word_1_833' title='bbox 4211 5786 4516 5843; x_wconf 83' lang='lat' dir='ltr'><strong>muliebrem</strong></span> <span class='ocrx_word' id='word_1_834' title='bbox 4567 5781 4718 5836; x_wconf 80' lang='lat' dir='ltr'><strong>intel-</strong></span> 
     </span>
    </p>
   </div>
  </div>
