4260 6412
1010 356 1550 418 PBOLEGOMENA.
1590 386 1663 401 —
1690 345 2122 412 TES'I‘IMONIA
2156 351 2248 410 DE
2285 349 2346 409 S.
2381 349 2615 409 PETRO
2652 347 2992 406 DAMIANO.

352 478 517 537 tilicis.
551 475 807 550 Epistolas
831 471 949 543 ejus
994 472 1202 530 multae.
1251 472 1327 528 De
1374 472 1433 528 S.
1483 471 1759 538 Matthiae,
1810 468 2195 534 ser-Aborat
2240 465 2554 522 inllrmitas.
2602 464 2827 522 Flebilis
2871 461 3196 519 lamentatio
3245 473 3415 534 super
3463 459 3653 520 anima

352 583 525 628 mones
571 570 627 626 3.
681 568 756 623 De
793 563 1127 621 monasterio
1162 561 1470 628 Casinensi,
1505 569 1561 618 et
1603 561 1933 633 quibusdam

353 661 638 724 miraculis,
655 659 723 713 ad
739 655 1076 714 Desiderium
1103 653 1378 711 abbatem.
1399 654 1475 709 De
1489 653 1683 710 bestiis
1708 654 1935 724 quibus-

353 751 488 818 dam,
540 747 638 804 sed
676 746 1001 819 principium
1043 745 1219 802 deest.
1261 743 1456 800 Sermo
1496 745 1567 801 de
1604 753 1792 801 sancta
1823 743 1933 800 Co-

352 841 518 897 lumba
547 839 760 912 virgine
783 846 838 895 et
874 846 1134 909 martyre.
1159 833 1359 893 Sermo
1385 835 1453 893 de
1476 835 1849 908 eleemosyna,
1877 843 1936 893 et

350 932 584 1005 epistolas
611 931 731 1004 ejus
765 931 1031 1004 plurimm.

1024 1021 1219 1080 XXIX.

347 1115 560 1184 Ibidem,
588 1117 646 1173 in
667 1117 776 1173 aiio
813 1116 1047 1200 quodam
1068 1117 1206 1200 libro
1234 1132 1337 1200 ms.
1359 1116 1416 1173 in
1451 1116 1770 1174 membranis
1804 1115 1938 1174 stib—

965 1197 1111 1259 jecta
1131 1197 1276 1244 sunt.

415 1305 603 1365 Sermo
628 1302 696 1362 de
723 1312 917 1363 sancto
937 1304 1225 1363 Bonifacio
1251 1315 1514 1378 martyre.
1540 1305 1619 1362 De
1642 1307 1701 1362 S.
1722 1305 1938 1362 Joanne

347 1398 604 1470 Baptista,
642 1397 769 1455 duo.
799 1396 879 1454 De
923 1396 1026 1454 SS.
1055 1398 1270 1456 Donato
1297 1408 1356 1455 et
1384 1398 1649 1454 Hilarino.
1686 1398 1938 1470 Hymnus

347 1493 414 1550 de
439 1501 626 1550 sancto
645 1492 887 1549 Antimo.
914 1490 1144 1549 Homilia
1160 1507 1327 1564 super
1347 1493 1703 1565 Evangelium
1728 1507 1744 1547 :
1772 1491 1939 1548 Liber

346 1586 742 1646 Generationis.
760 1584 1063 1644 Sermones
1091 1587 1198 1643 duo
1225 1587 1292 1644 de
1315 1587 1606 1643 nativitate
1628 1586 1689 1642 Β.
1727 1585 1933 1642 Mariae.

347 1680 422 1737 De
445 1680 502 1737 S.
529 1679 863 1754 Apollinare,
903 1693 1187 1737 sermones
1215 1688 1347 1736 tres.
1384 1679 1460 1736 De
1488 1678 1550 1736 S.
1591 1678 1784 1743 Vilale,
1816 1693 1938 1735 ser-

345 1788 530 1831 mones
562 1774 688 1829 duo.
717 1771 795 1829 De
830 1770 889 1829 S.
921 1770 1133 1830 Joanne
1171 1772 1543 1846 Evangelista,
1574 1773 1766 1846 hymni
1798 1783 1934 1830 tres.

2040 558 2296 616 sordibus
2316 557 2681 614 immunditiis
2715 556 2921 619 dedita,
2951 556 3032 612 sic
3066 572 3080 612 :
3120 554 3257 626 Ego,
3280 568 3384 626 ego
3410 564 3484 622 te,
3513 551 3654 610 infa-

2038 651 2116 706 lix
2135 651 2339 717 anima,
2365 648 2560 706 deﬂeo.
2591 648 2796 705 Contra
2821 646 3159 712 Sodomitas,
3185 657 3472 708 sermones
3497 652 3653 702 tres:

2040 745 2253 816 primus
2297 744 2380 801 sic
2423 743 2662 815 incipit:
2711 743 2840 808 Eos,
2884 742 2976 813 qui
3025 739 3514 807 irrationabiliter;
3565 755 3658 798 se-

2041 836 2254 892 cundus
2286 853 2300 890 :
2331 834 2580 892 Clericus
2604 844 2788 892 autem
2820 833 3074 900 Domini;
3108 831 3305 889 tertius
3334 850 3347 886 :
3375 831 3492 888 Hoc
3518 848 3657 889 sane

2040 925 2257 981 vitium.
2286 925 2542 983 Citantur
2563 934 2619 982 et
2654 941 2686 982 a
2715 925 3023 982 Trithemio
3058 926 3174 980 haec
3207 924 3496 994 sequentia
3531 939 3545 978 ;
3579 924 3659 980 De

2039 1018 2148 1074 situ
2172 1025 2228 1073 et
2246 1017 2569 1074 t‘undatione
2595 1015 2934 1077 Vivariensis
2963 1014 3226 1080 cmnobii,
3255 1013 3350 1070 lib.
3382 1015 3440 1074 1.
3461 1014 3664 1086 Apolo:

2039 1111 2373 1180 geticorum,
2410 1109 2507 1165 lib.
2548 1109 2607 1176 3,
2644 1109 2872 1165 domino
2900 1122 3000 1164 suo
3036 1106 3285 1164 Nicolao.
3316 1106 3394 1162 De
3427 1107 3661 1164 inconti-

2039 1199 2242 1273 nential
2261 1202 2630 1270 sacerdotum,
2659 1201 2754 1260 lib.
2780 1202 2808 1258 1
2840 1219 2856 1258 :
2888 1200 3074 1272 Nuper
3102 1199 3329 1256 habens.
3359 1199 3439 1257 De
3473 1199 3664 1256 uxori-

2039 1293 2143 1350 bus
2173 1294 2524 1362 clericorum,
2557 1294 2653 1351 lib.
2685 1295 2710 1351 1
2744 1311 2757 1350 :
2786 1292 2896 1350 Vos
2925 1293 3196 1366 alloquor.
3229 1292 3439 1364 Regula
3467 1292 3662 1349 solita-

2041 1379 2274 1455 riorum,
2305 1387 2401 1444 lib.
2437 1387 2462 1442 1
2495 1405 2509 1442 :
2542 1387 2678 1442 Dum
2711 1386 2987 1444 fervorem
3027 1395 3234 1443 sancta:
3264 1385 3660 1442 miraculorum

2041 1481 2127 1538 sui
2157 1482 2443 1552 temporis,
2476 1480 2571 1538 lib.
2599 1482 2649 1538 1.
2677 1480 3048 1539 Dilectissimo
3083 1481 3356 1538 Gerardo.
3389 1481 3668 1538 Exhorta-

2040 1573 2246 1629 torium
2274 1574 2342 1628 ad
2375 1574 2694 1638 monachos,
2723 1573 2819 1630 lib.
2851 1575 2876 1633 1
2908 1591 2923 1628 :
2954 1573 3243 1631 Fratribus
3270 1573 3327 1630 in
3361 1572 3663 1648 Gangensi.

2041 1665 2122 1721 De
2150 1663 2401 1736 proiectu
2435 1666 2852 1731 monachorum,
2887 1664 2983 1722 lib.
3016 1667 3072 1735 l.
3101 1663 3180 1721 De
3217 1665 3513 1722 insolentia
3548 1670 3668 1721 ma—‘

2041 1753 2317 1831 lignorum
2349 1763 2657 1829 hominum,
2687 1761 2785 1818 lib.
2817 1761 2870 1817 1.
2920 1761 2998 1818 De
3025 1762 3260 1817 avaritia
3285 1761 3665 1835 praelatorum,

345 1863 700 1937 Epistolarum
742 1878 967 1921 suarum
1014 1863 1153 1921 liber
1200 1880 1364 1922 unus.
1412 1864 1489 1922 De
1538 1865 1937 1923 incontinentis
1967 1853 2016 1914 B
2043 1851 2140 1909 lib.
2191 1853 2242 1910 l.
2294 1853 2740 1912 Declamationes
2785 1854 3098 1923 rhetoricae,
3173 1849 3268 1912 lib.
3302 1855 3355 1912 1.
3392 1854 3668 1915 Gratissi-

343 1957 734 2029 episcoporum.
768 1957 844 2014 De
873 1957 1211 2029 proprietate
1245 1958 1595 2015 clericorum.
1635 1959 1715 2016 De
1746 1967 1942 2016 sancto

347 2047 756 2115 Bartbolomaeo,
795 2061 1078 2104 sermones
1100 2047 1230 2114 duo,
1260 2057 1317 2105 et
1345 2048 1587 2106 collectae
1624 2050 1693 2106 de
1722 2049 1940 2107 eodem.

343 2136 584 2210 Hymnus
602 2138 670 2195 de
695 2147 887 2195 sancto
913 2136 1188 2195 Ursicino.
1217 2137 1480 2196 Miracula
1511 2140 1689 2196 sancti
1719 2139 1940 2196 Rudini.

344 2232 584 2294 Epistola
618 2232 686 2289 ad
715 2231 981 2304 Agnetem
1030 2233 1460 2304 imperatricem.
1495 2232 1789 2290 Tractatus
1819 2235 1945 2304 pius

343 2323 408 2379 ad
452 2324 769 2385 monachos.
817 2323 974 2381 Alius
1020 2323 1090 2380 de
1136 2323 1475 2396 perfectione
1517 2326 1938 2382 monachorum.

343 2415 596 2488 Dialogus
623 2413 796 2472 Judai
823 2423 882 2471 et
905 2414 1227 2472 Christiani.
1266 2416 1508 2473 lnvectio
1543 2417 1596 2472 in
1623 2419 1943 2490 episcopum

341 2505 640 2563 monachos
677 2505 748 2562 ad
785 2505 1047 2563 saculum
1085 2515 1457 2564 revocantem.
1499 2504 1834 2579 Opusculum
1873 2504 1943 2563 ad

343 2597 647 2655 Teuwnem
675 2596 984 2654 eremitam.
1017 2596 1094 2653 De
1123 2597 1275 2654 horis
1302 2597 1596 2669 canonicis
1621 2598 1940 2668 disputatio.

343 2689 498 2760 Quod
536 2690 740 2762 nuptia
765 2699 997 2763 possunt
1031 2691 1152 2748 ﬁeri
1180 2692 1300 2748 sine
1325 2691 1493 2751 coitu.
1525 2690 1722 2748 Sermo
1760 2693 1828 2749 de
1858 2692 1946 2749 vi-

343 2783 469 2857 gilia
499 2783 674 2841 sancti
709 2782 924 2841 Jacobi.
969 2785 1048 2842 De
1091 2785 1276 2857 vigilia
1317 2786 1492 2842 sancti
1531 2785 1944 2856 Bartholomati,

343 2874 588 2947 epistolae
629 2873 926 2932 nonnullas.
973 2876 1051 2933 De
1078 2875 1369 2950 disciplina
1410 2878 1829 2934 monachorum.
1866 2877 1948 2936 De

343 2966 619 3038 patientiae
653 2967 936 3040 gradibus,
970 2968 1291 3041 disputatio.
1325 2970 1402 3026 De
1431 2970 1720 3045 privilegio
1751 2971 1946 3028 Eccle-

343 3061 440 3116 sia
483 3060 763 3128 Romanis,
792 3061 861 3117 ad
891 3060 1323 3119 Hildebrandum
1366 3063 1838 3121 archidiaconum.
1869 3065 1948 3123 De

2044 1962 2189 2014 mus,
2219 1961 2316 2004 seu
2342 1947 2786 2020 probatissimus,
2817 1946 2913 2005 lib.
2947 1947 2976 2005 1
3011 1967 3026 2005 z
3061 1949 3296 2007 Domino
3333 1942 3402 2006 N.
3449 1951 3670 2010 Raven-

2046 2037 2264 2095 natium.

2118 2130 2376 2202 Ejusdem
2423 2133 2674 2206 epistola:
2707 2133 2774 2191 de
2814 2133 3074 2192 universa
3116 2133 3232 2192 vita
3273 2143 3332 2193 et
3372 2135 3662 2210 religione,

2046 2228 2104 2283 in
2136 2225 2288 2292 lolio,
2338 2227 2393 2282 in
2442 2228 2780 2286 membranis
2818 2243 2923 2287 ms.
2965 2229 3216 2287 existunt
3243 2227 3301 2286 in
3327 2228 3667 2288 bibliotheca

2047 2321 2421 2393 imperatoris,
2456 2320 2702 2378 Viennae.

2119 2411 2369 2470 Excusus
2392 2422 2477 2470 est
2505 2412 2824 2485 Argentinae
2855 2427 3003 2471 anno
3025 2410 3186 2482 156Ξ,
3218 2409 3275 2470 in
3307 2412 3464 2482 folio,
3491 2413 3548 2471 in
3575 2427 3671 2472 ca-

2045 2491 2232 2579 talogo
2265 2505 2487 2563 testium
2531 2505 2805 2572 veritatis,
2853 2514 2914 2562 ut
2944 2505 3048 2578 ipsi
3085 2505 3408 2578 loquuntur,
3441 2505 3667 2579 quidam

2047 2611 2334 2671 tractatus,
2378 2618 2475 2660 seu
2516 2602 2756 2671 libellus,
2796 2605 2900 2660 sub
2941 2603 3060 2674 ejus
3099 2604 3322 2661 nomine
3367 2603 3438 2661 de
3473 2620 3665 2662 corre-

2047 2695 2237 2766 ptione
2263 2693 2506 2766 episcopi
2548 2710 2613 2751 ac
2642 2710 2826 2768 papas;
2859 2695 2954 2768 qui
2988 2706 3171 2752 utrum
3209 2703 3404 2766 partus
3441 2695 3566 2766 ejus
3592 2695 3671 2754 sit

2047 2787 2270 2858 nescio;
2303 2785 2582 2843 cavendus
2623 2794 2809 2843 tamen
2856 2786 2990 2844 mihi
3032 2787 3272 2854 videtur,
3317 2802 3445 2844 cum
3477 2787 3672 2860 hujus-

2049 2877 2197 2937 modi
2225 2877 2608 2950 supposititios
2639 2876 2786 2935 fetus
2819 2879 3025 2936 multos
3047 2879 3208 2937 nobis
3232 2879 3536 2937 obtrudant
3561 2880 3670 2936 hai-

2049 2969 2232 3034 retici,
2263 2977 2324 3025 ut
2346 2983 2478 3026 suas
2498 2969 2856 3041 imposturas,
2881 2970 3041 3041 quasi
3069 2979 3389 3028 sanctorum
3416 2971 3666 3029 virorum

2046 3071 2106 3119 et
2157 3063 2446 3119 doctorum
2498 3060 2759 3117 Ecclesia;
2809 3062 3235 3118 auctoritatibus
3283 3070 3562 3132 tueantur,
3607 3073 3671 3121 ut

342 3151 761 3209 reconciliandis
780 3152 1074 3221 haereticis,
1097 3154 1331 3227 epistola
1350 3155 1506 3228 longa
1530 3156 1599 3212 de
1620 3157 1947 3214 dimittendo
1996 3226 2018 3228 _
2050 3152 2281 3224 contigit
2334 3153 2499 3208 etiam
2552 3153 2606 3207 in
2651 3153 2884 3223 epistola
2938 3152 3030 3209 illa
3085 3153 3437 3226 supposititia
3490 3155 3674 3212 sancti

338 3245 680 3316 episcopatu.
710 3244 963 3302 Nonnulli
987 3226 1258 3306 tractatus
1277 3249 1345 3304 ad
1371 3226 1692 3318 monachos,
1722 3259 1779 3308 et
1799 3266 1949 3323 qua:-
1973 3226 2022 3296 c
2053 3243 2296 3301 Udall'iCi
2323 3244 2568 3317 episcopi
2593 3253 2651 3302 el
2676 3245 2911 3302 aliorum
2936 3246 3226 3304 similium.

340 3340 551 3395 stiones
583 3339 811 3411 aliquot.
849 3339 1106 3412 Epistola
1139 3342 1324 3398 multa:
1354 3344 1423 3398 ad
1450 3343 1750 3400 monachos
1781 3343 1948 3400 Pom-

339 3433 594 3505 posiaws
642 3443 699 3490 et
751 3433 908 3490 alios.
951 3433 1030 3492 De
1071 3435 1304 3493 diversis
1349 3435 1618 3504 historiis,
1663 3451 1857 3493 versus
1893 3443 1953 3493 et

337 3522 607 3596 epistolas.
641 3523 838 3580 Sermo
869 3523 937 3582 de
979 3525 1411 3597 promptitudine
1440 3526 1614 3597 magis
1649 3526 1718 3583 ad
1745 3527 1950 3588 malum

335 3632 501 3688 quam
534 3616 605 3672 ad
636 3616 866 3682 bonum,
909 3627 965 3674 et
993 3619 1060 3674 de
1090 3626 1218 3675 octo
1256 3617 1460 3692 vigiliis
1499 3617 1838 3690 jejunandis,
1869 3618 1952 3676 sic

336 3708 616 3780 incipiens
645 3724 660 3763 :
693 3707 1032 3767 Naturaliter
1058 3720 1240 3767 autem
1273 3712 1378 3768 hoc
1403 3711 1569 3771 modo
1607 3712 1848 3768 humana
1875 3710 1949 3768 la-

2128 3428 2510 3484 Auctoritatem
2539 3437 2794 3489 praeterea
2821 3428 3172 3486 illustrissimi
3196 3430 3402 3488 domini
3421 3433 3676 3489 cardina-

2128 3445 2510 3484 Auctomatcm
2555 3445 2794 3484 iraterea
2821 3445 3171 3486 illustrissimi
3196 3445 3401 3488 aomtnt
3421 3445 3676 3489 caminu-

2056 3498 2124 3554 lis
2138 3498 2378 3575 _Batyni_i
2400 3499 2500 3575 hoc
2531 3445 2646 3575 loco
2667 3499 2864 3575 afferre
2891 3503 3016 3575 ideo
3033 3502 3248 3575 distuli,
3274 3504 3404 3575 quia
3422 3504 3543 3575 ejus
3565 3507 3678 3558 An-

2057 3568 2204 3654 nales
2235 3569 2642 3654 Ecclesiasticos
2686 3568 2846 3654 [agile
2887 3573 3105 3654 quilibet
3135 3568 3410 3654 consulere
3444 3568 3672 3654 'poterit.

2057 3639 2235 3713 Multi
2255 3641 2394 3696 enim
2409 3641 2501 3696 ille
2523 3652 2664 3713 torno
2685 3639 2769 3713 XI
2795 3639 2979 3698 scribit
3007 3645 3073 3700 de
3092 3647 3402 3713 sanctitate,
3425 3639 3676 3702 doctrina

2056 3727 2121 3766 ac
2157 3712 2310 3768 rebus
2335 3713 2491 3783 gestis
2516 3712 2654 3769 beati
2693 3711 2841 3769 Petri
2879 3715 3154 3770 Damiani.

343 3900 3656 3940 Μ

1032 4074 1950 4176 MONITIUNCULA

2054 4081 2208 4172 AD
2281 4083 2990 4181 LECTOBEM.

413 4321 807 4410 'Hooc'te‘latsrs
834 4316 1124 4410 noluimus,
1341 4317 1819 4410 {fiorpejusd‘em
1840 4297 1910 4376 Β.
1943 4318 2095 4410 Petri
2130 4321 2332 4410 Vitam,
2370 4337 2488 4410 post
2519 4328 2870 4410 prtegedentis
2894 4339 3190 4410 auctorem,
3220 4332 3323 4410 qui.
3373 4333 3674 4410 σύνχρᾳνος

337 4391 490 4479 illius
517 4394 620 4466 {uit
643 4403 806 4479 atque
827 4389 1490 4479 discipulums‘tglo‘ctiam
1508 4389 1815 4479 prosecutos
1844 4390 2256 4479 esse'_(oannem
2285 4389 2579 4479 Antonium
2619 4397 2931 4456 Flavinium
2971 4389 3534 4479 orocorr'teliensen'i';
3554 4389 3672 4479 Au:

343 4457 623 4547 glutinum
651 4457 979 4519 Fortunium
1007 4457 1470 4546 Cantaldulcnsem
1496 4457 1839 4547 monachum,
1861 4475 1909 4520 et
1943 4495 1950 4518 Α

338 4554 399 4591 stt
425 4534 674 4616 Romana
701 4533 1045 4606 epistolarum
1072 4533 1303 4616 editione
1332 4533 1596 4616 deductis,
1623 4550 1749 4616 quia
1778 4536 1950 4591 eosdel

2051 4481 2331 4552 ronymunt
2355 4467 2598 4525 Rubeum
2624 4487 2644 4526 :
2670 4486 2737 4526 ea:
2760 4487 2987 4552 quorum
3009 4472 3470 4556 lucubrationibus
3499 4457 3676 4560 fusius

2048 4534 2288 4616 Damtam
2318 4557 2401 4616 res
2433 4551 2626 4616 gestas
2647 4558 2782 4616 quas
2822 4558 2942 4604 eius
2971 4542 3288 4613 discipulus,
3318 4561 3475 4616 quem
3505 4560 3676 4603 secutt

339 4605 817 4690 sunthead‘emgue
844 4619 1061 4690 prorsus
1081 4605 1218 4687 serie
1251 4613 1505 4690 narrant,
1523 4605 1816 4690 cantantum
1837 4622 1958 4690 quis
1993 4606 2051 4690 in
2079 4611 2340 4690 superiori
2366 4605 2547 4690 deesse
2577 4605 2910 4690 videbantur,
2930 4605 3198 4690 guwsane
3224 4605 3492 4690 perpauca
3526 4629 3673 4690 sunt,

325 4678 572 4758 agnilio
593 4675 896 4758 doctiOrum
916 4675 1326 4758 discerpsimus;
1355 4689 1418 4730 ne
1436 4676 1702 4758 ejusdem.
1737 4675 2065 4746 narrationis
2103 4675 2258 4735 toties
2281 4684 2521 4758 repetitis
2563 4684 2844 4758 proliuitas
2866 4675 3172 4758 legentibus
3224 4675 3488 4758 ingereret
3519 4675 3674 4758 fasti:

342 4748 512 4830 ᾀὲαιιξγ
727 4763 890 4820 quam
917 4743 1123 4830 legendi
1149 4747 1405 4830 studium.
1429 4743 1585 4814 om
1607 4760 1654 4830 et
1683 4749 1992 4830 inveteratus
2019 4743 2222 4830 quoque
2255 4753 2322 4808 de
2340 4743 2578 4830 ’παριοτὲ
2607 4743 3368 4830 ιερεὶνηοηὲἱίοὸωνυαυὶωᾶε,
3396 4775 3462 4814 ex
3490 4743 3682 4827 quibus

342 4816 814 4912 grauitatis'cau'sa
846 4833 910 4912 ea
942 4816 1160 4912 tantur:
1181 4816 1603 4912 selegimu's'guw
1627 4819 1841 4912 testium
1865 4816 2548 4912 commendabauctoritas,
2585 4825 2665 4881 vel
2701 4841 2822 4912 qua:
2845 4827 2918 4882 ad
2945 4829 3188 4885 auctoris
3213 4816 3381 4898 ipsius
3407 4816 3682 4888 commen-

341 4889 627 4948 lationem
649 4889 820 4964 magis
846 4887 1074 4960 faciunt.
1111 4885 1239 4945 Hac
1265 4885 1389 4945 vero
1409 4885 1506 4945 illa
1533 4899 1660 4949 sunt
1683 4907 1805 4964 qua!
1824 4892 2135 4950 omndicis
2172 4893 2282 4950 vice
2304 4885 2581 4967 gratanter
2605 4885 2856 4968 accipies.

353 5323 449 5382 Ea:
488 5325 585 5396 li}.
625 5339 662 5382 v
710 5321 1076 5396 Historiarum
1139 5321 1632 5381 Camaldulensium
1680 5323 1964 5396 Augustini

503 5395 788 5462 Fortunii,
822 5395 1057 5467 ejusdem
1095 5396 1518 5468 congregationis
1552 5395 1820 5451 monachi.

432 5488 564 5545 Erat
609 5485 779 5544 Petro
820 5487 960 5543 alius
1003 5485 1199 5552 frater,
1242 5485 1543 5542 Damianus
1585 5486 1830 5552 nomine,
1871 5485 1965 5556 qui

358 5582 575 5654 aliquot
614 5593 794 5636 annos
814 5594 846 5635 a
875 5579 1054 5651 patria
1082 5578 1354 5636 abfuerat.
1389 5579 1439 5636 ls
1467 5579 1706 5647 rediens,
1732 5589 1791 5636 et
1819 5577 1968 5636 Petri

360 5672 556 5730 fratris
604 5672 904 5730 miseratus
948 5684 1250 5738 erumnas,
1298 5670 1482 5743 patrio
1533 5679 1713 5728 tactus
1753 5685 1963 5736 amore,

360 5769 573 5826 exemit
601 5782 735 5826 mox
767 5765 918 5822 illum
945 5767 1013 5822 de
1039 5765 1337 5823 miserabili
1363 5766 1628 5824 servitute
1654 5781 1762 5838 qua
1791 5765 1966 5837 major

365 5869 496 5918 nats
519 5859 717 5926 frater.
739 5855 900 5928 cujus
927 5871 1072 5912 curze
1098 5866 1223 5927 post
1244 5857 1534 5928 utriusque
1568 5859 1815 5929 parentis
1850 5858 1968 5916 obi-

709 5974 985 6032 Panos.
1017 5971 1289 6039 CXLIV.

1989 5226 2046 5288 D
2074 5239 2188 5288 tum
2235 5232 2326 5288 vix
2371 5233 2499 5303 dum
2544 5235 2849 5293 ablactatus
2897 5252 3057 5311 puer,
3099 5243 3431 5302 commissus
3480 5247 3686 5314 fuerat.

2069 5339 2194 5380 eum
2227 5324 2525 5382 crudeliter
2553 5327 2873 5399 depressum
2909 5331 3164 5400 tenebat;
3199 5335 3359 5392 novis
3388 5337 3567 5395 induit
3591 5355 3687 5396 ve-

2067 5416 2342 5473 stimentis
2371 5427 2428 5475 et
2452 5419 2522 5476 ad
2547 5420 2793 5477 scholam
2825 5423 2978 5479 misit
3005 5424 3060 5479 in
3082 5429 3465 5496 grammaticis
3485 5431 3687 5490 studiis

2069 5509 2465 5578 erudiendum;
2513 5526 2676 5584 quem
2716 5530 2841 5570 cum
2885 5517 3096 5587 Optimo
3136 5520 3429 5590 praeditum
3463 5524 3687 5594 ingenio

2069 5605 2442 5676 cognovisset,
2479 5607 2547 5662 ad
2589 5607 2986 5677 amplexandas
3025 5611 3165 5669 alias
3210 5613 3534 5687 disciplinas
3573 5618 3689 5676 ido-

2073 5710 2260 5764 neum,
2287 5695 2609 5755 Faventiam
2631 5702 2894 5772 primum,
2920 5703 3118 5762 deinde
3142 5705 3396 5762 Parmam
3421 5707 3597 5776 misit,
3619 5725 3689 5767 ac

2075 5786 2234 5856 fovit,
2277 5797 2340 5846 ut
2383 5790 2562 5846 doctis
2605 5792 2741 5846 viris
2791 5808 3019 5864 operam
3067 5797 3201 5852 dare
3235 5798 3688 5858 commodissime

2077 5888 2284 5936 posset.
2319 5879 2423 5938 Ubi
2451 5895 2574 5937 cum
2617 5881 2769 5938 brevi
2809 5883 3041 5940 multum
3086 5887 3438 5957 profecisset,
3481 5903 3682 5947 nomen

3197 5978 3237 6039 '1'
