5904 6628
1216 446 1350 505 1081

2461 440 2530 498 ΙΝ
2580 439 2846 499 LIBRUM
2898 438 3220 499 ιυοιαιιιι.

4362 450 4507 506 1082

1213 562 1432 626 lectum,
1471 564 1527 614 te
1557 571 1770 614 mecum
1814 568 2028 626 semper
2056 553 2325 619 habuero,
2374 554 2657 622 spirituale
2685 570 2802 609 cer-
2827 561 2879 619 Α
2905 552 3113 614 littera.
3148 568 3269 620 qua:
3299 551 3554 608 videlicet
3583 554 3763 610 crucis
3797 557 4054 626 exprimit
4079 561 4339 630 speciem,
4371 580 4504 619 con-

1213 664 1396 708 tameu
1441 648 1662 720 aggredi
1708 663 1818 703 non
1869 661 2156 717 praesumo.
2202 646 2298 701 Cui
2331 645 2585 700 Dehora:
2639 663 2658 695 ι
2709 646 2802 700 11›ο

1211 739 1428 812 qui'dem
1470 747 1669 803 tecum,
1713 737 1807 792 sed
1857 737 1954 791 tibi
2008 735 2238 792 victoria
2286 752 2391 790 non
2440 737 2800 806 reputabitur,

1211 830 1338 902 quia
1384 831 1439 885 in
1486 844 1708 884 manum
1756 827 1996 882 mulieris
2047 827 2290 882 tradetur
2320 826 2740 896 Sisara(lbid.).
2777 843 2796 877 ι

1208 921 1371 974 Velut
1412 920 1457 975 si
1500 927 1746 974 vetustus
1783 917 1873 972 ille
1911 917 2140 987 populus
2185 918 2411 972 audiat:
2448 918 2649 972 Tecum
2677 917 2802 986 qui-

1209 1013 1332 1066 dem
1361 1011 1467 1067 erit
1510 1009 1769 1075 exterior,
1801 1018 1859 1062 ut
1887 1008 2149 1076 postulas,
2178 1009 2481 1078 prophetia,
2515 1009 2610 1062 scd
2643 1007 2805 1077 spiri—

1209 1102 1409 1158 tualem
1439 1116 1508 1156 ex
1552 1101 1776 1169 antiquo
1819 1100 1974 1153 hoste
2016 1099 2370 1168 triumphum,
2423 1115 2527 1153 non
2580 1109 2656 1163 tu,
2707 1099 2802 1153 sed

1207 1203 1397 1249 sancta
1459 1193 1640 1262 potius
1695 1191 1962 1247 obtinebit
2014 1189 2273 1245 Ecclesia.
2335 1191 2412 1244 llli
2476 1201 2664 1254 certe,
2725 1191 2801 1246 illi

1205 1285 1492 1355 proveniet
1519 1286 1643 1353 jure
1694 1283 1960 1348 victoria,
2025 1299 2143 1354 quas
2193 1284 2246 1337 in
2296 1283 2590 1353 Scriptura:
2642 1285 2803 1354 170

1205 1375 1518 1448 mysteriis,
1569 1374 1697 1428 dum
1745 1373 2043 1442 spiritualis
2100 1373 2467 1443 intelligentiae
2508 1375 2800 1428 medullam

1203 1469 1434 1540 quaerit,
1482 1467 1780 1522 occidentis
1829 1466 2024 1520 litterae
2072 1465 2256 1536 paleas
2309 1481 2636 1535 magnopere
2691 1481 2799 1521 non

1205 1565 1458 1621 attendit.
1486 1564 1788 1619 Commisso
1812 1563 1994 1631 itaque
2023 1561 2182 1628 bello,
2211 1563 2424 1615 tandem
2451 1561 2583 1630 fugit
2616 1560 2800 1616 Sisara

1204 1655 1262 1710 in
1287 1656 1505 1709 domum
1532 1653 1704 1718 Jabel,
1735 1652 2051 1722 alienigena:
2086 1650 2339 1705 videlicet
2371 1650 2636 1704 mulieris.
2669 1650 2800 1717 Qua:

1202 1741 1452 1815 profecto
1479 1742 1682 1796 sitienti
1704 1750 1879 1795 utrem
1913 1741 2068 1794 lactis
2095 1740 2307 1809 aperuit
2333 1749 2386 1794 et
2413 1749 2596 1809 potum
2622 1741 2799 1804 dedit;

1203 1833 1400 1888 deinde
1428 1833 1641 1887 clavum
1675 1831 1727 1885 in
1759 1831 2043 1885 cerebrum
2074 1830 2190 1897 ejus
2227 1846 2324 1899 per
2353 1839 2563 1898 tempus
2593 1839 2800 1882 utrum-

2908 645 3145 699 tinetur?
3173 644 3272 699 Cui
3321 643 3568 714 profecto
3600 645 3797 701 litterae
3844 649 3889 702 si
3929 665 4095 720 super
4136 661 4502 709 transversam

2905 737 3103 792 lineam
3135 736 3188 791 id
3216 736 3508 790 adderetur
3535 739 3678 806 quod
3718 740 3770 792 in
3801 755 3962 795 cruce
3999 745 4250 813 superius
4276 746 4505 811 eminet,

2905 843 3012 882 non
3053 825 3165 894 jam
3197 827 3374 880 crucis
3405 828 3636 896 species,
3679 830 3773 883 sed
3801 831 3981 899 potius
4023 832 4136 902 ipsa
4169 849 4306 888 crux
4336 851 4502 892 esset.

2907 917 3044 982 Quia
3093 917 3259 986 igitur
3309 918 3772 970 trecentenarium
3825 934 4110 974 numerum
4155 920 4268 976 Tau
4320 922 4502 979 littera

2906 1007 3173 1071 continet,
3205 1021 3325 1074 quae
3353 1005 3578 1076 ﬁguram
3610 1007 3788 1062 crucis
3817 1010 4058 1072 exhibet.
4091 1025 4198 1065 non
4231 1011 4508 1069 immerito

2906 1095 2960 1148 in
2998 1094 3084 1148 his
3126 1094 3384 1148 trecentis
3427 1093 3739 1148 Gedeoncm
3788 1096 4162 1165 sequentibus,
4207 1097 4282 1152 illi
4314 1115 4507 1157 omnes

2907 1184 3172 1253 designati
3199 1193 3326 1238 sunt
3361 1184 3560 1254 quibus
3589 1185 3825 1239 dicitur:
3864 1205 3882 1238 ‹
3927 1185 3984 1241 Si
4013 1187 4137 1257 quis
4171 1189 4286 1242 vult
4315 1191 4506 1256 venire

2905 1287 3027 1347 post
3055 1292 3163 1340 me,
3187 1276 3420 1346 abneget
3442 1276 3815 1344 semetipsum,
3839 1287 3895 1331 et
3923 1277 4073 1332 tollat
4100 1294 4318 1334 crucem
4348 1296 4504 1336 suam

2905 1367 3146 1437 quotidie
3186 1376 3244 1421 et
3271 1376 3530 1436 sequatur
3557 1368 3711 1438 171
3750 1383 3838 1423 me
3878 1368 4030 1438 (Luc.
4078 1369 4176 1439 ιιι).
4216 1387 4236 1422 ι
4271 1369 4372 1435 Qui
4417 1371 4505 1424 ni-

2907 1459 3105 1511 mirum
3154 1465 3446 1526 sequentes
3494 1456 3778 1510 Dominum
3840 1467 3993 1511 tanto
4047 1458 4231 1513 verius
4285 1472 4508 1513 crucem

2907 1546 3101 1600 tollunt
3127 1556 3331 1615 quanto
3366 1555 3422 1599 et
3458 1546 3558 1615 ipsi
3597 1548 3780 1600 acrius
3806 1545 4138 1616 affliguntur,
4169 1555 4222 1602 et
4256 1562 4386 1619 erga
4414 1549 4510 1604 de-

2903 1634 3211 1705 linquentes
3253 1635 3531 1704 proximos
3574 1635 3656 1689 vel
3691 1645 3912 1705 egentes
3963 1637 4065 1706 piae
4114 1638 4510 1706 compassionil

2905 1725 3157 1779 incendio
3171 1734 3613 1780 concremantnr.
3632 1724 3786 1780 Unde.
3799 1741 3896 1795 per
3908 1725 4249 1782 Ezechielem
4265 1728 4465 1784 dicitur
4489 1745 4503 1782 :

2911 1836 2932 1870 ι
2983 1819 3146 1888 Signa
3189 1819 3300 1873 Tau
3348 1834 3511 1888 super
3549 1818 3757 1873 frontes
3802 1819 4047 1874 vivorum
4081 1822 4412 1891 gementium
4449 1828 4507 1878 et

1203 1939 1312 1994 que
1356 1922 1564 1988 defixit,
1596 1923 1782 1992 sicque
1828 1922 1880 1976 in
1914 1921 2148 1975 hominis
2197 1921 2377 1989 specie
2419 1935 2798 1988 perversurum
2830 1928 2877 1988 Β
2907 1910 3204 1965 dolentium
3233 1925 3398 1978 super
3437 1911 3653 1965 cunctis
3677 1911 4193 1978 abominatiouihus,
4219 1927 4338 1982 qum
4371 1911 4510 1969 fiunt

1202 2015 1485 2070 hominum
1513 2023 1676 2081 caput
1714 2012 1985 2067 diabolum
2023 2012 2313 2066 interfecit.
2345 2011 2484 2078 Quid
2529 2011 2674 2065 enim
2705 2009 2796 2064 Ja-

1201 2104 1314 2170 hel,
1351 2120 1471 2174 qua:
1506 2103 1740 2157 ascensio
1771 2102 2179 2171 interpretatur,
2230 2101 2334 2154 nisi
2368 2110 2610 2154 sanctam
2659 2099 2800 2153 desi-

1199 2205 1336 2266 gnat
1359 2195 1677 2258 Ecclesium,
1718 2208 1815 2262 per
1839 2209 2002 2262 quam
2035 2191 2281 2246 videlicet
2311 2190 2480 2244 solam
2519 2189 2797 2244 beatitudo

1199 2291 1443 2346 caelestis
1482 2289 1840 2344 ascenditur?
1885 2287 2038 2343 Unde
2065 2297 2120 2342 ct
2164 2287 2450 2357 Synagoga
2498 2286 2566 2340 de
2606 2285 2797 2341 eadem

1198 2381 1445 2436 Ecclesia
1494 2381 1625 2435 dicit
1671 2381 1725 2434 in
1767 2379 2049 2436 Canticis:
2104 2396 2124 2429 ι
2183 2378 2311 2445 Qua:
2362 2387 2448 2431 est
2495 2376 2620 2442 ista,
2676 2391 2798 2444 qua:

1198 2472 1448 2526 ascendit
1484 2472 1550 2525 de
1581 2471 1814 2534 deserto,
1858 2470 2069 2524 deliciis
2118 2468 2356 2528 aflluens,
2400 2468 2586 2521 innixa
2635 2482 2798 2538 super

1198 2561 1459 2616 dilectum
1487 2562 1719 2616 suum?»
1756 2560 1932 2629 (Cant.
1958 2561 2097 2629 vtu.)
2123 2559 2247 2614 llmc
2270 2559 2462 2612 nmlier
2491 2558 2795 2627 alienigena

1196 2653 1324 2716 fuit,
1364 2652 1490 2721 quia
1541 2661 1726 2706 sancta
1757 2651 1996 2706 Ecclesia
2040 2651 2108 2705 de
2153 2650 2456 2720 gentilitate
2501 2647 2792 2718 processit.

1198 2745 1330 2800 llaec
1355 2743 1720 2797 lsraelitarutn
1754 2745 1961 2797 hostem
1996 2744 2145 2812 prius
2180 2743 2317 2796 lacte
2348 2742 2572 2811 potavit,
2603 2751 2791 2809 postea

1195 2833 1369 2904 pilum
1411 2833 1574 2904 capiti
1607 2833 1722 2902 ejus
1769 2833 1962 2894 infixit,
1996 2831 2121 2900 quia
2167 2832 2386 2885 humani
2432 2832 2647 2900 generis
2692 2831 2798 2883 ini-

1196 2924 1424 2984 micnm,
1463 2937 1626 2991 quem
1674 2929 1859 2975 sancta
1895 2922 2046 2989 prius
2097 2920 2338 2974 Ecclesia
2382 2920 2674 2974 carnaliter
2718 2921 2798 2974 vi-

1196 3014 1380 3067 vendo
1406 3013 1646 3076 lactavit,
1678 3013 2020 3082 postmodum
2051 3011 2400 3080 spiritualiter
2422 3011 2796 3064 conversando

1194 3104 1435 3172 quodam
1460 3102 1706 3156 acumine
1723 3117 1784 3155 ac
1803 3102 2002 3154 virtute
2015 3101 2191 3154 crucis
2214 3099 2494 3154 exstinxit.
2514 3098 2626 3152 Nisi
2649 3100 2793 3154 enim

1192 3191 1522 3248 insatiabilis
1575 3191 1842 3246 homicida
1893 3191 2251 3260 perditionem
2305 3189 2524 3242 humani
2581 3190 2796 3258 generis

2903 1999 2957 2053 in
2992 2000 3172 2052 medio
3202 1997 3540 2053 Hierusalem
3581 1999 3798 2071 (Ezech.
3832 2002 3930 2070 ix).
3972 2020 3992 2054 ι
4024 1999 4119 2056 Vel
4149 2012 4296 2058 certe
4336 2004 4388 2056 in
4421 2002 4510 2060 his

2901 2090 3186 2154 trecentis,
3230 2091 3321 2158 qui
3369 2087 3483 2142 Tau
3521 2089 3699 2152 littera
3727 2090 4100 2157 continentur,
4124 2093 4228 2150 hoc
4247 2094 4508 2164 exprimi-

2900 2189 3012 2249 tur,
3038 2182 3182 2252 quod
3210 2181 3415 2237 ferrum
3441 2183 3680 2237 hostium
3725 2185 3904 2239 crucis
3941 2183 4088 2257 ligno
4114 2196 4422 2258 superetur.

3511 2273 3744 2329 CAPUT
3796 2273 3887 2330 IV.

3206 2364 3277 2420 In
3307 2380 3547 2419 sermone
3576 2365 3642 2418 de
3663 2367 3861 2419 sanctis
3884 2365 4190 2436 virginibus.

2977 2477 2997 2510 ι
3031 2457 3169 2514 Cum
3209 2459 3427 2514 Gedeon
3462 2459 3808 2514 auscultandi
3844 2461 4019 2530 gratia
4061 2459 4128 2513 ad
4171 2468 4351 2514 castra
4387 2457 4506 2514 Ma-

2901 2551 3062 2615 dian,
3121 2549 3352 2607 Domino
3420 2551 3800 2620 praecipiente.
3872 2551 4157 2622 dirigitur,
4214 2551 4509 2607 Madianita

2901 2640 3192 2709 quispiam,
3221 2642 3360 2696 alter
3390 2642 3457 2696 ad
3485 2641 3720 2697 alterum
3747 2641 3950 2696 vidisse
3984 2657 4043 2696 se
4074 2643 4345 2696 somnium
4374 2659 4505 2697 con-

2901 2718 3108 2786 litetur.
3148 2732 3466 2798 Videbatur,
3511 2733 3706 2802 inquit,
3738 2734 3868 2788 mihi
3913 2733 4066 2802 quasi
4113 2733 4509 2788 subcincricius

2901 2825 3059 2894 panis
3079 2839 3144 2878 ex
3165 2825 3367 2878 hordeo
3384 2824 3526 2878 volvi
3549 2835 3602 2878 et
3624 2827 3677 2878 in
3703 2834 3883 2878 castra
3903 2825 4115 2877 Madian
4141 2824 4500 2888 descendere;

2899 2931 3135 2985 cumque
3164 2916 3506 2984 pervenisset
3526 2917 3594 2970 ad
3628 2917 4061 2979 tabernaculum,
4085 2917 4352 2984 percussit
4377 2914 4508 2970 illud

2899 3017 3063 3079 atque
3083 2991 3372 3072 subvertit,
3400 3018 3455 3064 ct
3481 3017 3621 3064 terra
3649 3008 3891 3063 funditus
3914 3008 4235 3077 comquavit.
4264 3006 4507 3076 Respon-

2899 3101 2978 3154 dit
3017 3101 3233 3156 auditor
3262 3121 3274 3154 :
3299 3101 3416 3156 Non
3441 3111 3527 3156 est
3549 3103 3650 3157 hoc
3675 3102 3824 3156 aliud
3848 3102 3952 3155 nisi
3978 3101 4191 3169 gladius
4229 3099 4498 3154 Gedeonis

2901 3191 2995 3244 filii
3023 3191 3150 3247 Joas
3199 3193 3299 3245 viri
3344 3193 3602 3247 lsraclitm
3634 3211 3646 3246 :
3677 3193 3902 3246 tradidit
3949 3192 4100 3245 enim
4147 3191 4408 3244 Dominus
4447 3189 4504 3244 in

1192 3283 1508 3352 inexplebili
1558 3297 1779 3352 prorsus
1827 3283 2083 3336 aviditate
2131 3282 2336 3344 sitiret,
2391 3281 2457 3334 de
2508 3281 2598 3334 illo
2641 3291 2789 3336 certe
2817 3295 2863 3357 ρ
2900 3297 3092 3334 manus
3133 3283 3250 3351 ejus
3274 3282 3486 3336 Madian
3536 3291 3593 3336 et
3611 3283 3792 3336 omnia
3817 3291 3996 3336 castra
4018 3282 4135 3350 ejus
4157 3279 4308 3349 (Iud.
4341 3280 4500 3347 Vll).|

1195 3376 1482 3444 Scriptura
1511 3391 1615 3430 non
1639 3376 1877 3429 diceret:
1908 3393 1926 3425 ‹
1957 3374 2282 3428 Absorhebit
2313 3373 2558 3439 fluvium,
2597 3383 2651 3427 et
2679 3390 2787 3429 non

1189 3473 1520 3537 mirabitur;
1561 3481 1616 3525 et
1647 3473 1808 3525 habet
1854 3470 2103 3524 fiduciam
2141 3469 2285 3537 quod
2317 3466 2508 3521 influat
2536 3468 2792 3523 Jordanis

1189 3565 1250 3618 in
1281 3577 1343 3616 os
1377 3561 1493 3630 ejus
1524 3562 1644 3632 (Job
1673 3563 1786 3629 xc).
1823 3578 1841 3610 ›
1863 3559 1970 3613 Lac
1993 3573 2119 3613 vero
2145 3558 2355 3611 fructus
2381 3564 2466 3610 est
2495 3559 2700 3621 carnis,
2735 3569 2791 3612 ct

1190 3655 1566 3712 blandimenta
1606 3654 1841 3708 carnalis
1876 3652 2147 3723 significat
2189 3652 2499 3718 voluptatis.
2540 3650 2788 3715 Quatuliu

1190 3761 1332 3816 ergo
1361 3745 1575 3817 gentilis
1601 3745 2000 3814 pupulnsjuxta
2032 3743 2204 3810 legem
2251 3744 2432 3795 carnis
2470 3741 2791 3818 \oluptuose

1188 3838 1352 3902 vixit,
1398 3847 1651 3906 tanquam
1694 3837 1797 3898 lac,
1838 3836 1907 3886 ita
1954 3835 2076 3885 vitae
2105 3847 2215 3884 suae
2259 3831 2537 3883 mollitiem
2582 3831 2789 3883 sitienti

1188 3937 1427 3984 mortem
1467 3936 1710 3981 nostram
1749 3923 1964 3977 diabolo
2005 3922 2336 3992 propinavit.
2384 3921 2449 3972 At
2498 3929 2782 3988 postquam

1185 4018 1296 4074 sub
1338 4017 1561 4087 spiritus
1595 4031 1654 4070 se
1696 4013 1976 4081 disciplina
2015 4012 2362 4073 constrinxit,
2410 4010 2624 4063 invicta:
2661 4023 2788 4062 mox

1183 4110 1371 4168 erucis
1411 4123 1560 4162 arma
1597 4106 1880 4173 corripuit,
1935 4105 2254 4171 hostemque
2297 4101 2491 4155 salutis
2514 4100 2780 4160 lmmanm,

1184 4216 1355 4272 quem
1386 4199 1584 4254 dudum
1619 4195 1905 4263 voluptatis
1934 4194 2076 4247 lacte
2105 4201 2406 4261 potaverat,
2441 4207 2580 4244 nunc
2613 4191 2788 4258 νωιιί-

1188 4289 1376 4345 tentia:
1402 4288 1606 4341 tnunita
1644 4285 1918 4356 prrcsidio,
1951 4284 2098 4352 ligno
2139 4282 2430 4335 transfixit.
2458 4282 2550 4333 Sic
2599 4281 2784 4348 itaque

1183 4395 1351 4451 quem
1379 4378 1671 4433 Israelitica
1699 4375 1846 4444 plebs
1870 4389 2128 4443 superare
2151 4390 2253 4427 non
2280 4373 2473 4442 pomit,
2497 4374 2785 4440 peregrina

1182 4471 1409 4535 mulier,
1447 4471 1549 4524 hoc
1592 4477 1678 4523 est
1708 4469 1925 4539 gentilis
1954 4467 2223 4531 Ecclesia,
2272 4467 2388 4521 solo
2421 4467 2600 4521 crucis
2632 4465 2785 4535 signo

1182 4560 1506 4632 prostravit.

1813 4631 2190 4703 carurtuy

1436 4740 1502 4794 In
1541 4757 1777 4794 sermone
1805 4743 1868 4793 de
1899 4740 2216 4793 multatione
2245 4738 2305 4792 S.
2348 4739 2536 4792 crucis.

1261 4831 1374 4885 ΙΙοε
1404 4833 1583 4884 crucis
1612 4847 1804 4899 nempe
1826 4831 2076 4884 vexillum
2106 4830 2394 4884 etGedeon
2428 4831 2527 4883 sibi
2566 4829 2786 4898 suisque

1180 4919 1648 4977 commilitonibus
1701 4921 1873 4990 typicc
1924 4920 2183 4988 protulit,
2257 4920 2347 4987 qui
2398 4928 2585 4973 contra
2639 4936 2784 4972 arma

1179 5026 1338 5066 arma
1370 5011 1631 5073 deseruit,
1667 5011 1888 5063 inermis
1927 5021 2165 5062 armatos
2196 5010 2392 5062 invasit
2418 5018 2471 5062 ct
2503 5009 2566 5060 ad
2601 5009 2787 5061 debel-

1178 5101 1408 5153 landum
1441 5099 1858 5152 Madiauitarum
1890 5100 2305 5157 multitudinem,
2351 5099 2574 5150 dimissa
2605 5098 2786 5150 multi-

1180 5193 1395 5253 tudine,
1429 5206 1549 5243 cmu
1582 5191 1769 5260 paucis
1801 5191 1963 5244 venit.
2013 5190 2203 5243 Divina
2237 5190 2502 5259 siquidem
2547 5190 2647 5242 sibi
2695 5189 2788 5242 ad-

1177 5284 1484 5340 monitione
1512 5293 1840 5350 prtcccptum
1887 5292 1970 5336 est
2000 5282 2162 5351 (Iud.
2209 5285 2322 5352 vn)
2368 5291 2425 5335 ut
2471 5283 2535 5335 ad
2567 5282 2786 5334 fluvium

1175 5375 1410 5428 \enicus
1452 5388 1669 5436 omnes,
1712 5388 1847 5440 quos
1887 5373 2038 5426 flexis
2081 5374 2309 5452 gepibus
2357 5388 2524 5440 aquas
2571 5373 2788 5423 haurire

1176 5465 1550 5532 conside-cret,
1580 5479 1608 5515 a
1658 5463 1924 5517 bellorum
1962 5463 2438 5533 congressionibus
2489 5470 2785 5513 amoveret.

1176 5557 1516 5623 Factumque
1540 5565 1620 5608 est
1647 5565 1698 5608 et
1726 5556 1952 5607 trecenti
1978 5555 2077 5608 viri
2105 5557 2497 5619 tantummodo,
2523 5555 2612 5622 qtti
2638 5563 2788 5608 stan-

1179 5659 1266 5699 tes
1299 5647 1545 5699 manibus
1569 5661 1738 5712 aquas
1763 5647 2074 5709 hauserunt,
2113 5657 2507 5700 remanserunt.
2534 5647 2673 5712 Quid
2703 5654 2788 5699 est

1173 5749 1360 5790 autem
1406 5737 1545 5806 quod
1596 5739 1833 5804 Gedeon,
1879 5743 2135 5793 trecentis
2177 5750 2461 5796 contentus
2497 5741 2778 5805 militibus,

1175 5830 1246 5885 ad
1277 5829 1411 5883 bella
1460 5831 1822 5900 progreditur,
1857 5832 1956 5885 ιιὶδί
1990 5833 2112 5901 quia
2153 5833 2236 5887 hic
2287 5848 2545 5888 numerus
2575 5833 2625 5886 in
2663 5832 2777 5886 Tati

2901 3372 3004 3427 Pcr
3031 3375 3406 3443 cheon,qni,
3435 3391 3540 3429 non
3569 3376 3852 3440 circuitus,
3881 3376 3974 3430 sed
3999 3377 4254 3428 circuiens
4280 3375 4333 3428 in
4359 3383 4506 3426 utero

2899 3464 3122 3529 dicitur,
3173 3466 3262 3520 ille
3307 3467 3506 3520 merito
3553 3466 3873 3536 designatur
3917 3468 4028 3535 qui,
4078 3466 4206 3520 dum
4253 3464 4508 3535 virginali

2899 3556 3246 3610 clauderetur
3283 3557 3335 3611 in
3385 3557 3542 3620 alvo,
3592 3565 3762 3610 totam
3809 3558 3992 3610 mundi
4044 3556 4354 3610 machinam
4405 3569 4507 3610 suo

2899 3645 3274 3698 circumdabat
3305 3660 3369 3698 ac
3393 3645 3718 3715 dispoaebat
3749 3647 3995 3716 imperio.
4026 3645 4130 3700 Per
4160 3645 4372 3700 Madian
4404 3661 4504 3699 au-

2898 3750 3026 3801 tem,
3058 3741 3148 3810 qui
3183 3741 3495 3809 dc'judicio
3538 3742 3949 3810 interpretatur,
3994 3740 4224 3810 populus
4269 3739 4506 3796 infidelis

2897 3831 3182 3898 accipitur,
3211 3831 3278 3884 de
3307 3847 3414 3898 quo
3439 3832 3701 3884 Dominus
3727 3832 3834 3884 ait:
3866 3851 3882 3881 ε
3916 3831 4016 3896 Qui
4035 3846 4142 3885 non
4166 3831 4362 3894 credit,
4387 3828 4502 3898 jam

2889 3918 3168 3987 judicatus
3198 3928 3282 3972 est
3306 3917 3489 3988 (Joan.
3512 3922 3616 3989 ut).
3639 3919 3846 3974 iPorro
3874 3929 4054 3973 autem
4084 3934 4254 3987 usque
4285 3920 4351 3972 ad
4380 3916 4506 3972 Sal-

2899 4013 3101 4065 vatoris
3121 4013 3434 4075 adventum,
3458 4030 3609 4068 more
3633 4014 3842 4077 hordei,
3862 4013 3962 4067 sub
3983 4013 4149 4081 paleis
4173 4012 4500 4078 litterarum,

2895 4112 2949 4157 et
2998 4103 3130 4171 legis
3169 4112 3437 4172 praecepta
3473 4114 3529 4158 ct
3570 4104 3957 4174 prephetarum
4002 4103 4324 4173 tegebantur
4371 4115 4500 4154 ora—

2894 4181 3055 4258 cula;
3096 4196 3189 4247 scd
3241 4203 3528 4263 postquam
3573 4195 3663 4248 ille
3707 4195 3932 4249 veniens
3962 4209 4126 4264 panes
4169 4193 4503 4247 hordeaceos

2895 4286 3079 4356 fregit,
3111 4287 3368 4355 deditque
3401 4288 3682 4356 discipulis
3713 4297 3773 4341 ut
3803 4287 3976 4340 turbis
4001 4294 4366 4355 opponerent.
4392 4283 4503 4339 Cu-

2889 4377 2977 4445 jus
3002 4379 3166 4431 etiam
3193 4381 3375 4447 operis
3401 4381 3670 4447 expositio
3693 4381 3940 4449 estquod
3971 4379 4299 4448 evangelista
4331 4377 4497 4431 dicit:

2893 4469 3149 4536 quoniam
3213 4486 3231 4518 ‹
3294 4470 3509 4536 aperuit
3574 4469 3679 4522 illis
3737 4484 3957 4524 sensum
4017 4479 4076 4521 ut
4137 4468 4502 4536 intelligerent

2895 4558 3207 4626 Scripturas
3235 4556 3386 4627 (an.
3420 4559 3621 4627 xxiv),i
3649 4559 3761 4625 jam
3796 4575 3860 4613 ex
3889 4560 4116 4623 hordeo,
4153 4560 4294 4630 quod
4326 4559 4502 4612 brutis

2814 4643 2866 4703 D
2894 4652 3178 4704 videbatur
3218 4652 3543 4705 animalibus
3577 4666 3900 4722 congruere,
3950 4668 4144 4722 panem
4193 4650 4376 4706 facere
4417 4651 4500 4705 di-

2892 4753 3087 4813 gnatus
3132 4753 3216 4797 est
3271 4746 3598 4798 animarum.
3657 4746 3809 4800 Sicut
3847 4746 3992 4799 enim
4042 4744 4304 4798 hordeum
4357 4744 4501 4798 inter

2893 4835 3092 4888 molam
3127 4845 3413 4904 utramque
3442 4837 3742 4890 conteritur
3768 4879 3783 4900 ,
3828 4847 3884 4891 ut
3929 4852 3958 4890 a
4011 4836 4198 4890 farinae
4227 4835 4498 4899 farragine

2893 4927 3214 4980 cautabrum
3268 4937 3620 4992 secernatur;
3682 4929 3754 4981 ita
3799 4928 3947 4982 velut
3994 4928 4138 4980 inter
4179 4929 4333 4989 duos,
4366 4925 4499 4994 legis

2893 5017 3104 5070 Scilicet
3161 5025 3217 5071 ct
3261 5017 3556 5086 Evangelii,
3596 5017 3802 5087 lapides
3848 5029 4049 5072 saucuc
4097 5018 4353 5072 Ecclesiae
4401 5017 4498 5068 do-

2894 5110 3069 5162 ctrina
3117 5110 3484 5173 commolitur,
3519 5119 3576 5161 ut
3621 5110 3815 5163 littera:
3857 5109 4177 5179 superficies
4226 5124 4255 5160 a
4292 5106 4500 5160 medul-

2892 5202 3033 5256 lihus
3065 5204 3289 5270 spiritus
3319 5205 3681 5256 discernatur.
3721 5203 3826 5257 Sed
3860 5214 3920 5255 ut
3967 5203 4018 5256 in
4060 5202 4144 5256 his
4178 5200 4356 5254 verbis
4386 5215 4494 5252 non

2893 5295 3096 5348 diutius
3139 5296 3512 5356 immorentur,
3549 5295 3663 5348 haec
3712 5295 3901 5348 hordei
3940 5293 4114 5346 farina
4153 5291 4290 5344 sacri
4318 5292 4494 5358 bapti-

2893 5387 3084 5439 Smatis
3114 5401 3251 5453 aqua
3282 5400 3599 5454 conspersa,
3637 5388 3750 5439 sive
3795 5383 4046 5448 conflata,
4074 5393 4127 5438 et
4158 5383 4326 5434 sancti
4367 5381 4492 5449 Spi-

2895 5478 3031 5529 ritus
3072 5478 3193 5545 igne
3241 5489 3491 5544 percocta
3523 5476 3582 5529 fit
3627 5478 3819 5546 panis;
3864 5478 3953 5545 qui
3992 5473 4241 5542 videlicet
4281 5472 4491 5526 Madian

2891 5576 3071 5620 eastra
3115 5566 3400 5630 subvertit,
3431 5568 3551 5636 quia
3597 5578 3822 5621 cunctas
3867 5564 4163 5617 infidelium
4210 5562 4490 5616 machinas

2890 5656 3147 5709 destruit.
3187 5656 3285 5708 llic
3315 5659 3491 5724 panis,
3514 5658 3667 5725 juxta
3696 5656 3805 5708 veri
3837 5654 3979 5707 illius
4008 5651 4322 5720 interpretis
4351 5665 4487 5704 con-

2881 5746 3173 5814 jecturam,
3203 5744 3476 5799 cheouis
3509 5755 3589 5798 est
3617 5745 3846 5814 gladius,
3877 5743 4000 5812 quia
4030 5743 4173 5796 sicut
4197 5739 4489 5809 Apostolus

2887 5838 2961 5890 ait
2989 5853 3000 5890 :
3042 5856 3058 5888 ε
3093 5835 3315 5892 Gladius
3340 5837 3563 5906 spiritus
3595 5846 3676 5890 est
3710 5835 3932 5891 verbum
3964 5833 4052 5888 Dei
4083 5820 4300 5903 (Ephes.
4330 5844 4428 5902 ιη.
4464 5847 4482 5879 ι
