5904 6654
1455 381 1597 441 1088
2356 379 2856 437 COLLECTANEA
2896 379 2961 434 IN
3004 377 3232 436 VETUS
3269 375 3787 435 TESTAMENTUM

2356 379 2856 437 COLLECTANEA
2896 379 2961 434 IN
3004 377 3232 436 VETUS
3269 375 3811 435 TESTAMENTUM.
4565 367 4679 424 lﬁdl

1449 471 1566 528 lloc
1598 472 1769 528 sancti
1797 471 2028 542 Spiritus
2061 469 2239 540 gladio
2274 484 2369 525 rex
2398 470 2735 524 exercituum
2777 469 3025 525 Christus
3052 473 3098 529 Α
3128 482 3234 538 quo
3258 476 3376 523 erat
3399 468 3513 537 ipse
3536 465 3829 522 venturus?
3860 483 3879 516 ι
3915 462 4066 535 (Luc.
4092 463 4174 533 ι.)
4201 462 4299 519 Hie
4320 462 4484 516 etiam
4510 459 4682 529 praedi-

1444 575 1575 618 snos
1602 570 1777 616 armat
1809 560 2035 623 milites;
2063 560 2166 613 hoc
2194 559 2357 613 etiam
2387 573 2511 612 suas
2539 558 2821 629 praecingit
2848 574 2911 613 ac
2943 573 3028 612 ro-
3128 557 3367 615 cantium
3419 557 3554 609 ordo
3593 558 3703 625 jam
3752 554 4085 625 ﬁgurabatur
4127 555 4180 608 in
4225 551 4347 613 illis,
4392 551 4459 604 de
4504 550 4683 618 quibus

1444 649 1606 705 borat
1641 649 1965 706 bellatrices.
1998 650 2076 706 Ex
2110 658 2342 719 utroque
2371 648 2635 718 siquidem
2664 664 2793 703 sexu
2822 649 3029 704 militia:
3128 648 3194 702 ad
3241 647 3456 719 Moysen
3493 648 3751 702 Dominus
3783 646 3897 700 ait:
3936 663 3953 697 α
3992 644 4264 716 Cougrega
4312 642 4440 697 mihi
4480 650 4681 710 septua-

1444 756 1558 795 ωτι
1587 754 1789 795 cuneos
1820 741 2038 794 instruit
2083 741 2336 808 aciesque
2376 740 2672 806 componit,
2718 739 2841 807 quia
2881 739 3027 793 viros
3129 738 3276 808 ginta
3315 738 3462 793 viros
3496 738 3564 793 de
3592 737 3897 793 senioribus
3924 734 4109 799 Israel,
4139 749 4272 805 quos
4299 745 4353 787 tu
4381 733 4519 788 nosti
4551 729 4681 802 quod

1443 847 1511 886 sc
1558 830 1793 889 feminas
1840 832 1907 886 ad
1949 832 2229 904 praemium
2267 831 2413 887 beati
2463 831 2771 887 certaminis
2816 830 3029 887 indiﬁ'e-
3128 844 3289 885 senes
3310 829 3490 899 populi
3522 829 3630 883 sint
3650 838 3706 883 et
3732 828 3996 899 magistri,
4024 835 4079 881 et
4109 826 4268 881 duces
4294 824 4471 880 eosad
4495 822 4677 878 ostium

1444 930 1631 977 tenter
1655 922 1907 976 admittit.
3132 910 3289 988 173
3319 918 3653 973 tabernaculi
3678 916 3894 972 fmderis
3921 913 4109 983 (Num.
4134 914 4230 985 ιι).
4252 932 4271 965 ι
4290 912 4423 980 Quid
4450 926 4573 965 vero
4590 925 4679 981 per

1976 1011 2132 1081 172
2177 1009 2402 1066 CAPUT
2445 1008 2507 1062 νο
3127 1006 3464 1075 Abimeleeh,
3491 1012 3581 1080 qui
3612 1026 3798 1065 eorum
3832 1009 4004 1065 frater
4026 1017 4164 1073 erat,
4196 1009 4288 1063 sed
4313 1007 4550 1077 spurius,
4582 1005 4678 1061 nisi

1828 1100 1896 1155 In
1923 1118 2158 1155 sermone
2181 1103 2245 1154 de
2280 1100 2333 1155 S.
2373 1100 2645 1155 Mattiaco.
3126 1100 3391 1158 luxuriosi
3416 1111 3579 1170 atque
3603 1101 3851 1156 carnales
3879 1100 4203 1170 intelligendi
4234 1108 4358 1154 sunt
4379 1098 4573 1162 clerici,
4593 1097 4678 1166 qui

1519 1208 1540 1244 ι
1580 1189 1786 1253 Nonne,
1844 1209 1863 1241 ι
1897 1190 2069 1258 inquit
2104 1174 2345 1253 Gedeon,
2383 1209 2401 1241 ι
2443 1190 2633 1244 melius
2667 1198 2748 1242 est
2778 1204 3029 1246 racemus
3130 1191 3523 1249 catholicorum
3573 1198 3997 1258 sanctorumque
4042 1186 4347 1257 pontiﬁcum
4396 1195 4448 1241 et
4493 1185 4678 1239 fratres

1442 1282 1700 1351 Ephraim
1731 1281 2019 1336 vindemiis
2050 1282 2313 1337 Abiezer?
2347 1304 2365 1336 ι
2402 1283 2552 1353 (Iud.
2574 1283 2717 1353 vin.)
2742 1282 2875 1337 Nam
2901 1285 3029 1353 quia
3129 1282 3344 1352 quidem
3377 1289 3503 1336 sunt
3533 1296 3629 1351 per
3665 1290 3945 1352 acceptum
3976 1280 4390 1335 ecclesiasticum
4410 1278 4675 1359 ordinem,

1442 1372 1728 1445 Ephraim,
1773 1374 1915 1442 quod
1955 1372 2326 1441 fecunditatem
2374 1384 2549 1437 sonat,
2596 1374 2896 1428 Ecclesium
2941 1388 3030 1428 ει·
3129 1381 3184 1425 et
3204 1381 3382 1427 tamen
3409 1370 3576 1439 spurii
3592 1370 3903 1437 iudicantur
3920 1385 4017 1439 per
4035 1368 4314 1441 degeneris
4332 1369 4450 1423 vita
4470 1376 4521 1423 et
4541 1368 4681 1437 igno-

1441 1464 1652 1535 primit,
1688 1462 1814 1532 quid
1838 1476 1934 1532 per
1957 1478 2232 1518 racemum
2263 1464 2543 1533 Ephraim,
2577 1465 2680 1517 nisi
2712 1464 3027 1532 Christum}
3126 1463 3315 1518 biliutn
3337 1477 3561 1532 operum
3588 1463 3946 1533 pravitatem?
3974 1461 4034 1516 Hi
4060 1462 4253 1517 fratres
4275 1476 4398 1517 suns
4422 1462 4676 1527 occidunt,

1442 1554 1574 1623 quid
1602 1568 1699 1621 per
1724 1554 2024 1608 vindemias
2049 1554 2300 1618 Abieser,
2335 1556 2437 1609 nisi
2468 1554 2809 1609 Judaicorum
2844 1553 3028 1607 multi-
3131 1568 3252 1607 cum
3288 1564 3605 1608 sanctorum
3635 1551 3856 1607 Patrum
3881 1551 4081 1622 judicia
4108 1553 4399 1614 destruunt,
4428 1566 4545 1605 cum
4567 1566 4680 1606 san-

1445 1652 1497 1697 tu
1524 1642 1685 1697 linem
1713 1644 2087 1709 sacerdotum;
2122 1644 2237 1697 sive
2273 1643 2434 1697 etiam
2461 1659 2557 1711 per
2582 1658 2877 1705 racemum,
2906 1656 3030 1711 par-
3130 1642 3338 1698 ctiones
3378 1657 3566 1697 eorum
3600 1650 3766 1711 atque
3790 1642 4003 1698 decreta
4032 1655 4283 1711 perverse
4314 1640 4532 1695 vivendo
4563 1654 4679 1694 conc

1442 1746 1542 1786 vus
1573 1731 1808 1787 ildelium
1854 1748 2113 1787 numerus
2154 1733 2441 1803 primitiva:
2483 1732 2759 1795 Ecclesiae,
2787 1746 2883 1800 per
2912 1732 3032 1785 vin-
3130 1732 3377 1790 fundunt.
3407 1734 3470 1788 Et
3506 1735 3619 1789 hac
3650 1732 3955 1789 interfectio
3983 1731 4043 1787 ﬁt
4067 1746 4227 1801 super
4250 1731 4470 1802 lapidem
4502 1745 4676 1784 unum.

1444 1821 1679 1875 demiam
1721 1837 1849 1878 vero
1874 1822 2160 1877 multitudo
2188 1822 2531 1892 intelligenda
2571 1830 2655 1876 est
2690 1820 3029 1891 Synagogtef
3057 1824 3103 1883 Β
3129 1822 3291 1892 Lapis
3317 1824 3420 1878 iste
3447 1822 3743 1878 Salvatoris
3769 1831 3853 1878 est
3873 1822 4141 1891 Ecclesia,
4162 1822 4229 1877 de
4250 1836 4349 1892 qua
4374 1834 4467 1891 per
4488 1819 4680 1874 Zacha-

1443 1908 1633 1965 Melior
1651 1920 1734 1965 est
1762 1927 1888 1980 ergo
1911 1927 2162 1967 racemus
2184 1912 2437 1981 prraim
2457 1911 2739 1965 vindemiis
2759 1911 3022 1978 Abiezer;
3131 1914 3267 1969 riam
3316 1914 3555 1969 dicitur:
3593 1932 3612 1966 t
3647 1912 3788 1969 Ecce
3827 1928 3927 1984 ego
3972 1912 4229 1967 adducam
4275 1925 4482 1967 servum
4513 1923 4676 1963 meum

1443 1999 1570 2065 quia
1602 2000 1809 2055 beatior
1854 2000 1956 2054 fuit
1985 2002 2257 2071 primitiva
2298 2001 2561 2066 Ecclesia,
2606 2016 2726 2071 quae
2752 2016 2922 2070 usque
2970 2000 3025 2056 in
3128 1994 3442 2071 Urientem,
3472 2003 3597 2071 quia
3630 2018 3756 2060 ecce
3783 2003 3948 2073 lapis,
3981 2016 4139 2073 quem
4170 2000 4291 2057 dedi
4324 2014 4499 2054 coram
4525 1996 4673 2061 Jesu;

1437 2086 1605 2145 ﬁnem
1636 2089 1816 2144 saeculi
1854 2092 2245 2145 reuascentium
2276 2091 2457 2147 sobole
2483 2091 2833 2156 fecundatur;
2865 2106 3026 2161 quam
3129 2108 3294 2164 super
3318 2094 3551 2163 lapidem
3584 2109 3749 2149 unum
3773 2100 3977 2164 septem
4006 2091 4145 2148 oculi
4170 2100 4291 2147 sunt
4321 2086 4493 2160 (luela.
4531 2087 4629 2156 in).
4654 2105 4674 2139 ι

1442 2180 1746 2252 Syttagoga,
1786 2198 1905 2252 quae
1948 2184 2206 2251 paulatim
2254 2184 2491 2252 quotidie
2522 2183 2792 2239 defectura
2832 2184 3029 2240 minui-
3127 2184 3290 2255 Lapis
3325 2185 3428 2241 iste
3454 2186 3740 2255 utrobique
3765 2200 3903 2239 unus
3928 2183 4202 2253 aptissime
4229 2182 4455 2245 dicitur,
4482 2186 4541 2233 ut
4565 2176 4674 2233 uni—

1440 2280 1553 2325 tur.
1601 2271 1754 2326 Unde
1783 2281 1838 2325 et
1874 2288 1971 2341 per
2006 2274 2196 2327 Isaiam
2228 2274 2460 2328 dicitur:
2491 2292 2509 2327 ο
2550 2273 2756 2337 Lauda,
2800 2273 3023 2338 sterilis,
3129 2284 3211 2329 tas
3250 2275 3508 2330 Ecclesiae
3552 2274 3993 2340 commendetur;
4035 2271 4102 2329 de
4148 2286 4247 2341 qua
4277 2283 4497 2341 sponsus
4528 2268 4601 2321 ait
4627 2268 4673 2321 in

1442 2376 1567 2431 qua:
1592 2376 1695 2417 non
1728 2363 1907 2432 paris;
1943 2365 2166 2419 decanta
2193 2366 2404 2420 laudem
2424 2376 2477 2421 et
2502 2368 2751 2436 hymnos,
2777 2382 2894 2435 qua:
2918 2382 3025 2421 non
3128 2364 3369 2420 Canticis
3398 2383 3411 2418 :
3445 2382 3463 2415 ι
3502 2364 3619 2419 Una
3646 2373 3728 2418 est
3757 2363 4006 2417 columba
4032 2376 4169 2425 mea,
4194 2374 4297 2413 una
4318 2365 4397 2412 est
4417 2356 4676 2428 genitricis

1442 2449 1712 2519 pariebas,
1744 2452 1998 2519 quoniam
2050 2454 2199 2508 multi
2237 2454 2329 2509 ﬁlii
2372 2457 2602 2510 deserta:
2649 2459 2822 2526 magis
2864 2473 3025 2526 quam
3130 2471 3241 2513 Siue
3269 2455 3443 2525 (Cant.
3471 2454 3569 2524 vi).
3612 2474 3630 2505 ι
3662 2452 3799 2521 Quid
3834 2459 3960 2507 sunt
3986 2460 4162 2505 autem
4189 2456 4387 2518 septem
4415 2444 4551 2501 oeuli
4591 2459 4673 2499 su-

1442 2539 1559 2608 tjns
1589 2556 1708 2609 qum
1738 2543 1900 2595 habet
1942 2543 2144 2607 virum;
2183 2544 2345 2598 dilata
2397 2544 2572 2599 locum
2605 2548 2817 2601 mnmrii
2862 2548 2939 2601 tui
2976 2554 3030 2601 el:
3130 2562 3226 2615 per
3247 2546 3480 2614 lapidem
3503 2558 3685 2603 unum.
3715 2543 3863 2597 salvo
3894 2551 4091 2605 tamen,
4115 2539 4158 2593 si
4180 2548 4282 2600 est,
4306 2535 4478 2590 altiori
4499 2542 4676 2603 myste-

1440 2628 1610 2698 pelles
1655 2632 2123 2687 tabernaculorum
2157 2643 2369 2687 tuorum
2399 2637 2660 2703 extende;
2696 2650 2765 2689 ne.
2809 2650 3023 2702 parcas,
3130 2637 3233 2699 rio,
3254 2636 3359 2693 nisi
3388 2635 3461 2688 illi
3490 2635 3827 2703 septuaginta
3857 2632 3979 2698 viri,
4004 2631 4104 2684 hoc
4123 2637 4226 2691 est,
4252 2629 4493 2681 doctores
4516 2621 4672 2677 sancti

1440 2717 1631 2788 longos
1661 2718 1749 2773 fac
1790 2720 2056 2775 funiculos
2088 2732 2208 2777 tuos
2238 2733 2293 2777 et
2318 2724 2507 2779 clavos
2544 2734 2663 2781 tuos
2704 2726 3021 2791 consolids;
3130 2727 3185 2779 in
3217 2723 3603 2779 ecclesiasticae
3632 2723 3779 2792 pacis
3810 2721 4014 2783 unitate
4051 2717 4315 2789 conjuncti
4354 2726 4405 2771 et
4438 2713 4674 2782 septifor-

1440 2805 1508 2859 ad
1552 2805 1829 2862 dexteram
1862 2810 2007 2863 enim
2037 2820 2095 2864 et
2126 2814 2192 2865 ad
2237 2814 2421 2866 heram
2456 2816 2787 2883 penetrabili,
2835 2826 2889 2868 et.
2935 2831 3025 2869 se-
3131 2818 3237 2871 mis
3264 2815 3442 2871 sancti
3466 2813 3704 2885 Spiritus
3724 2810 4139 2867 charismatibus
4165 2804 4567 2862 illustrati2Per
4587 2804 4679 2857 hos

1441 2908 1567 2948 men
1593 2903 1739 2949 tuum
1782 2907 1969 2967 gentes
1996 2902 2335 2955 haereditaLit
2362 2904 2497 2973 (Isa.
2520 2905 2650 2975 Liv).
2685 2924 2702 2955 ι
2729 2904 2853 2959 Haec
2874 2919 3026 2969 sane,
3132 2906 3275 2960 enim
3318 2906 3505 2959 oculos
3539 2911 3727 2957 sancta
3776 2902 4024 2955 videlicet
4052 2898 4285 2953 Ecclesia
4320 2911 4411 2965 per
4442 2897 4535 2949 bos
4563 2908 4678 2947 con-

1440 2984 1597 3053 cujus
1636 3000 1823 3071 setnen
1874 2998 2062 3057 gentes
2114 2990 2414 3053 haereditat,
2469 2994 2706 3049 Ecclesia
2756 3006 2855 3054 est.
2910 3009 3029 3063 qua
3134 2995 3293 3065 spicit
3314 2993 3405 3049 ubi
3430 2993 3562 3049 recti
3585 2992 3766 3063 operis
3790 2992 3975 3060 pedem
4003 2999 4164 3060 ponat
4186 3003 4247 3043 ac
4266 3002 4359 3057 per
4378 2986 4511 3039 viam
4539 2998 4674 3037 man.

1438 3066 1683 3145 quotidie
1712 3066 1881 3145 genus
1912 3078 2201 3133 humanum
2232 3096 2327 3147 per
2348 3098 2473 3137 suos
2499 3084 2635 3138 ﬁlios
2668 3086 2733 3137 ad
2765 3085 2887 3139 ﬁdei
2911 3085 3029 3139 unio
3134 3084 3383 3137 datorum
3413 3082 3508 3137 Dei
3550 3082 3803 3151 gradiens
3841 3094 4084 3135 normam
4118 3074 4444 3132 rectitudinis
4475 3087 4574 3126 non
4604 3071 4676 3125 oi-

1439 3177 1605 3223 tatem
1633 3179 1809 3224 vocat.
1827 3169 1952 3225 Huic
1978 3181 2080 3235 est,
2103 3173 2171 3226 de
2192 3189 2295 3242 qua
2318 3176 2515 3230 dicitur
2536 3178 2587 3230 in
2611 3177 2861 3245 psalmis:
2885 3196 2903 3229 ‹
2924 3177 3030 3233 Pro
3056 3174 3101 3238 C
3132 3172 3335 3229 fcndat.
3368 3172 3683 3228 Abimclech
3712 3185 3841 3241 ergo
3870 3184 4089 3225 manzer
4133 3177 4187 3222 et
4228 3166 4433 3237 spurius
4477 3172 4678 3233 septua-

1436 3275 1526 3323 ca,
1554 3274 1675 3329 qua:
1700 3264 2050 3331 consequitur
2084 3265 2449 3319 htereditatem
2483 3268 2570 3338 (In
2604 3270 2682 3321 tit.
2728 3270 2874 3323 Psal.
2910 3272 2964 3340 v)
3005 3289 3025 3323 ι
3133 3266 3282 3334 ginta
3314 3264 3587 3335 legitimos
3614 3264 3813 3317 fratres
3842 3277 4002 3331 super
4023 3274 4185 3314 unum
4211 3258 4429 3327 lapidem
4453 3255 4673 3325 perimit.

1440 3348 1570 3405 Hac
1609 3359 1692 3405 est
1728 3352 1884 3403 vinea
1917 3368 2034 3420 quae
2085 3353 2297 3408 laudem
2340 3357 2635 3413 decantare
2681 3361 3027 3429 praecipitur;
3135 3357 3351 3424 quando
3396 3371 3521 3425 pars
3560 3354 3879 3409 clericorum
3923 3355 3991 3408 ab
4038 3350 4403 3407 ecclesiastica:
4430 3346 4677 3402 castitatis

1439 3439 1583 3494 sicut
1626 3450 1682 3493 et
1719 3442 1858 3510 apud
1895 3444 2149 3497 eumdem
2184 3444 2500 3513 prophetam
2547 3447 3030 3518 alibi'reperitur:
3134 3448 3420 3502 nobilitate
3464 3446 3821 3517 degenerans,
3865 3444 4108 3500 obscentc
4136 3455 4193 3497 se
4230 3440 4445 3495 luxuria:
4486 3438 4677 3510 legibus

1445 3547 1465 3581 ε
1500 3528 1559 3583 ln
1586 3528 1675 3583 illa
1705 3530 1791 3585 die
1818 3531 1975 3585 vinea
2018 3534 2154 3587 meri
2202 3536 2443 3588 cantabit
2486 3537 2572 3591 ei:
2613 3537 2724 3608 Ego
2752 3539 3031 3607 Dominus,
3136 3536 3374 3605 subjicit,
3400 3544 3455 3590 et
3476 3536 3601 3589 dum
3632 3549 3821 3589 sacros
3844 3546 4076 3587 canones
4101 3524 4678 3599 reprobandosjudicst.

1440 3618 1533 3687 qui
1570 3633 1726 3673 servo
1757 3635 1876 3674 cam
1910 3620 2044 3691 (lsa.
2080 3624 2276 3693 xxvii).
2320 3644 2339 3676 ι
2378 3625 2453 3679 De
2500 3626 2603 3680 hac
2653 3629 2809 3683 vinea
2838 3630 3032 3685 beatus
3134 3637 3322 3681 eorum
3348 3626 3680 3690 conditores,
3708 3632 3925 3679 sanctos
3952 3620 4200 3676 videlicet
4226 3619 4366 3673 viros
4386 3631 4446 3670 ac
4471 3630 4563 3685 per
4586 3616 4678 3670 hoc

1442 3724 1661 3778 quoque
1690 3710 1976 3766 Mattlimus
2024 3714 2309 3768 Dominum
2354 3716 2557 3771 dixisse
2601 3728 2989 3775 commemorat
3013 3735 3029 3773 :
3133 3716 3341 3770 nobtles
3366 3714 3661 3777 Gedeonés,
3687 3714 3739 3768 id
3758 3722 3862 3778 est,
3888 3711 4182 3767 Salvatoris
4208 3719 4263 3765 et
4286 3708 4529 3764 Ecclesia
4550 3705 4682 3762 ﬁlios

1446 3800 1586 3866 Quia
1639 3820 1658 3851 ε
1709 3802 1871 3857 homo
1905 3813 2025 3857 erat
2068 3804 2457 3873 paterfamilias
2506 3808 2598 3877 qui
2638 3809 2903 3878 plantavit
2947 3812 3029 3863 vi-
3134 3806 3303 3877 impia
3331 3806 3734 3876 quodammodo
3761 3804 4078 3861 crudelitate
4109 3802 4353 3857 trucidat.
4380 3799 4679 3868 Quanquam

1443 3904 1631 3954 neam,
1662 3900 1720 3944 et
1748 3906 1932 3960 sepem
1962 3894 2323 3949 circumdedit
2359 3898 2431 3961 ei,
2478 3906 2533 3950 et
2564 3898 2697 3952 fodit
2728 3899 2782 3952 in
2814 3916 2877 3954 ea
2924 3910 3031 3954 tor-
3132 3912 3243 3951 non
3289 3897 3605 3966 ignoremus
3641 3910 3747 3949 non
3794 3894 4023 3949 absurde
4074 3890 4358 3962 signiﬁcari
4400 3903 4554 3957 posse
4593 3900 4682 3957 per

1443 3980 1613 4042 cular,
1640 3990 1691 4035 et
1714 3982 1999 4039 :ediiicavit
2030 3988 2243 4049 turrim,
2266 3996 2321 4041 ct
2344 3987 2542 4042 locavit
2565 4003 2681 4042 eam
2707 3991 2956 4060 agricolis
2980 4000 3036 4046 ct
3132 3986 3383 4043 Jeroboal
3414 3988 3719 4051 Christum;
3752 4000 3847 4055 per
3879 3983 4188 4040 Abimelech
4216 4023 4231 4045 ,
4265 3979 4677 4035 Antichristum:

1440 4083 1671 4139 peregre
1700 4069 1971 4139 profectus
1996 4083 2081 4127 est
2106 4074 2320 4141 (Matth.
2362 4076 2497 4147 xxi).
2547 4096 2565 4129 ι
2612 4078 2738 4132 llaec
2766 4080 2922 4135 vinea
2966 4098 3033 4135 ex
3135 4078 3229 4148 qui
3266 4078 3524 4131 nimirum
3555 4078 3699 4131 sicut
3726 4075 3813 4131 ille
3840 4073 4171 4139 concubine,
4200 4072 4279 4126 sic
4296 4080 4349 4125 et
4378 4071 4474 4123 iste
4500 4077 4581 4122 est
4604 4082 4683 4121 re-

1444 4156 1537 4210 illo
1566 4158 1766 4226 prodiit
1789 4158 1961 4222 botro,
1998 4162 2087 4230 qui
2117 4164 2343 4230 pedibus
2376 4162 2684 4219 Iudaeorum
2710 4177 2875 4237 atque
2900 4184 3033 4238 gen-
3128 4166 3286 4235 jectaa
3318 4168 3459 4222 ﬁlius
3484 4167 3813 4238 Synagogzc;
3846 4179 3940 4234 per
3966 4163 4295 4233 septuaginta
4327 4175 4448 4215 vero
4478 4158 4683 4220 fratres,

1447 4243 1619 4300 tlitim
1652 4248 1704 4301 in
1732 4251 1924 4331 crucis
1944 4251 2183 4307 calcatus
2213 4261 2295 4308 est
2340 4255 2528 4323 prmio,
2560 4272 2627 4310 ex
2660 4272 2769 4327 quo
2806 4259 3029 4327 pretiosi
3135 4272 3271 4325 quos
3299 4256 3613 4312 Abimelech
3644 4256 3909 4309 occidisse
3941 4263 4212 4316 narratur,
4236 4251 4561 4321 septuaginta
4588 4248 4683 4300 lin-

1448 4339 1724 4407 sanguinis
1746 4341 1887 4394 unda
1909 4342 2189 4411 proﬁnxit,
2212 4361 2332 4415 quae
2355 4358 2565 4402 mentes
2591 4350 2866 4403 hominum
2893 4353 3033 4407 male
3136 4364 3363 4419 gnarum
3390 4358 3603 4417 gentes,
3629 4361 3765 4415 quas
3792 4344 4150 4400 Antichrisws
4175 4342 4227 4397 in
4246 4340 4419 4398 seculi
4448 4341 4547 4394 ﬁne
4571 4353 4687 4411 per-

1448 4430 1658 4483 sohrias
1685 4434 1809 4486 vino
1839 4437 2136 4503 spiritualis
2178 4441 2367 4511 gratia:
2412 4442 2704 4497 salubriter
2745 4446 3028 4500 debriavit.
3138 4448 3416 4509 sequetur.

1448 4520 1525 4575 De
1556 4536 1663 4591 quo
1695 4524 1898 4579 scilicet
1926 4529 2050 4584 vino
2080 4546 2201 4584 cum
2235 4534 2461 4587 diversis
2493 4535 2688 4604 linguis
2721 4551 2815 4605 per
2858 4538 3030 4607 Spiri—
3064 4516 3113 4571 D
3743 4528 3968 4584 CAPUT
4012 4528 4113 4583 Vil.

1446 4620 1560 4713 ΜΡ]
1616 4624 1862 4713 “"9"”?
1912 4619 2263 4713 loq"9‘¢“"3’
2327 4627 2593 4694 θρθδιοίίν
2656 4630 2856 4683 dicm")
2908 4641 3029 4685 εειε
3143 4642 3206 4697 In
3236 4644 3449 4713 epistola
3485 4642 3554 4695 ad
3590 4641 3925 4711 Bouificium
3975 4642 4265 4711 episcopum
4308 4637 4371 4691 de
4416 4634 4691 4689 curialibus

1453 4721 1470 4754 ι
1507 4701 1682 4760 Musio
1708 4706 1852 4776 pleni
1882 4718 2007 4764 sunt
2037 4712 2122 4765 isti
2154 4714 2289 4781 (Act.
2327 4718 2407 4781 ιι).
2437 4738 2452 4769 ο
3262 4701 3273 4713 ’
3728 4701 3739 4711 ’
3791 4701 4062 4781 episcopis.

2058 4820 2286 4877 CAPUT
2329 4823 2415 4877 γι,
3216 4825 3233 4855 ι
3273 4803 3437 4859 Stetit
3480 4804 3713 4859 Joathan
3761 4804 3815 4857 in
3846 4804 4051 4858 vertice
4083 4802 4277 4863 montis
4306 4797 4555 4859 Garizim,
4588 4795 4695 4851 elc-

1496 4904 1561 4961 In
1590 4907 1810 4976 epistola
1834 4908 1903 4962 ad
1929 4909 2145 4986 Petrum
2180 4914 2684 4986 archipresbyterum
2713 4918 2776 4972 de
2798 4920 2978 4975 incvn-
3138 4908 3373 4967 νθίδίῖυθ
3404 4912 3534 4953 Voce
3558 4897 3813 4952 cumam

2360 4915 2684 4986 (rubylemm
2713 4918 2776 4972 (ιε
2798 4920 2978 4975 imam
3138 4908 3373 4967 vataque
3404 4912 3534 4953 voce
3558 4897 3852 4952 clamavit:
3883 4895 4077 4951 Audite
4105 4909 4209 4957 me,
4241 4894 4335 4947 viri
4368 4892 4600 4952 Sicbem,
4624 4890 4692 4943 ita

1959 4982 2176 5035 tinentia
2202 4982 2532 5039 clericorurn.
3138 4989 3325 5042 audiat
3363 5001 3459 5042 vos
3490 4986 3632 5041 Deus
3664 5001 3677 5039 :
3726 4986 3908 5040 lerunt
3957 4985 4120 5056 ligna,
4149 4996 4205 5037 ut
4251 4990 4503 5053 ungerent
4535 4993 4696 5048 super

1526 5087 1544 5119 ι
1576 5068 2322 5141 Abimelechﬁliusleroboal,
2352 5095 2370 5127 ι
2402 5092 2562 5147 quem
2587 5078 2864 5150 Scriptura
2886 5084 3035 5153 geni—
3138 5098 3199 5137 se
3232 5095 3417 5150 regem
3438 5120 3452 5143 ,
3503 5079 3864 5148 dixeruntque
3909 5077 4063 5131 olivae
4093 5096 4103 5129 :
4132 5077 4331 5145 Impera
4375 5072 4540 5126 nobis.
4572 5070 4698 5136 Qua:

1453 5165 1566 5213 tum
1593 5161 1767 5215 refert
1797 5161 1862 5214 de
1888 5163 2209 5227 concubina,
2233 5182 2393 5235 quam
2423 5170 2689 5225 habuerat
2719 5172 2770 5226 in
2795 5172 3034 5240 Sichem,
3142 5173 3423 5245 respondit
3452 5190 3465 5226 :
3494 5170 3745 5241 Nunquid
3775 5185 3994 5243 possum
4038 5170 4285 5225 deserere
4327 5166 4697 5239 pinguedinem

1463 5273 1479 5304 ι
1507 5256 1699 5311 occidit
1720 5256 1917 5312 fratres
1937 5272 2063 5313 suos
2087 5258 2224 5315 ﬁlios
2238 5260 2509 5328 Jeroboal,
2533 5268 2871 5336 septuaginta
2894 5268 3038 5323 viros
3143 5279 3345 5327 meam,
3378 5278 3485 5335 qua
3514 5271 3569 5316 et
3593 5263 3666 5317 dii
3691 5270 3918 5317 utuntur
3945 5269 4002 5316 et
4030 5260 4290 5322 homines,
4322 5269 4374 5313 et
4402 5257 4606 5319 venire;
4640 5262 4697 5307 ut

1372 5408 1375 5411 Α
1455 5354 1615 5415 super
1629 5346 1864 5416 lapidem
1901 5363 2065 5401 unum
2096 5348 2251 5418 (Iud.
2280 5367 2396 5416 vm,
2421 5358 2522 5425 ix).
2556 5376 2573 5409 ι
2605 5356 2743 5422 Quid
2770 5358 2913 5412 enim
2944 5374 3041 5427 per
3142 5354 3288 5408 inter
3311 5354 3452 5424 ligna
3484 5352 3848 5422 promovear?
3881 5351 4243 5420 Dixeruntque
4278 5348 4415 5420 ligna
4449 5349 4511 5400 ad
4538 5347 4696 5402 arbo-

1458 5438 1790 5507 septuaginta
1824 5438 1989 5504 viros,
2029 5441 2573 5511 nisi‘przcdicatorum
2606 5449 2859 5505 Ecclesia:
2901 5450 3039 5506 libra
3143 5465 3257 5506 rem
3309 5450 3469 5506 ﬁcum
3517 5464 3533 5501 :
3577 5447 3710 5504 Veni
3768 5457 3823 5504 et
3870 5462 4035 5517 super
4087 5459 4184 5501 nos
4221 5455 4441 5512 regnum
4498 5437 4697 5506 accipe.

1459 5528 1722 5597 signatur,
1747 5531 1811 5586 de
1837 5531 2028 5599 quibus
2054 5534 2131 5587 ait
2154 5534 2328 5589 Lucas
2355 5537 2714 5608 evangelista:
2742 5541 2876 5607 Qui:
2896 5562 2913 5593 σ
2944 5543 3039 5597 de—
3144 5540 3273 5607 Qua:
3300 5540 3582 5611 respondit
3634 5540 3716 5595 eis
3764 5556 3778 5592 :
3831 5536 4078 5607 Nunquid
4113 5549 4325 5606 possum
4375 5528 4699 5586 dulcedinem

1462 5620 1694 5691 SigltaVit
1739 5624 1995 5683 Dominus
2042 5628 2385 5698 septuaginta
2433 5640 2489 5685 ct
2534 5631 2683 5685 misit
2722 5632 2840 5689 illos
2882 5635 3040 5691 binos
3144 5647 3322 5688 meam
3352 5633 3609 5688 deserere
3649 5629 3963 5697 fructusque
3990 5624 4356 5687 suavissimas,
4398 5628 4451 5675 et
4486 5618 4563 5675 ire
4588 5658 4603 5681 .
4647 5622 4704 5667 ιιι

1466 5719 1586 5767 ante
1625 5710 1817 5771 faciem
1868 5732 2019 5772 suam
2071 5719 2125 5773 in
2176 5731 2389 5773 omnem
2438 5721 2711 5780 civitatem
2759 5736 2813 5780 ct
2860 5725 3039 5782 locum
3146 5723 3287 5780 inter
3313 5736 3509 5801 caetera
3554 5722 3695 5795 ligna
3731 5717 4084 5793 promovear?
4110 5715 4310 5773 Locuta
4352 5722 4471 5769 sunt
4497 5720 4703 5781 quoqu
