5904 6598
1100 379 1232 439 1088

2332 377 2401 433 IN
2446 376 2705 434 LIBRUM
2744 374 3067 433 JUDIJUM.

4249 371 4389 429 1086

1097 493 1239 564 ligna
1273 500 1330 547 et
1355 492 1422 547 ad
1450 492 1613 549 vitem
1644 509 1659 547 :
1690 489 1826 548 Veni
1862 498 1916 546 et
1946 489 2153 560 impera
2201 490 2380 546 nobis.
2424 490 2554 556 Quae
2595 504 2679 545 re-
2706 491 2759 551 Α
2783 488 3340 544 concilianthomines
3356 486 3643 544 Creatori?
3669 508 3687 539 ι
3708 486 3907 555 Quam,
3930 486 4125 556 inquit,
4155 486 4389 558 speciosi

1096 581 1308 653 spondit
1334 597 1349 636 :
1372 582 1510 637 Num
1544 596 1765 652 possum
1794 582 2049 637 deserere
2081 582 2262 635 vinum
2293 597 2472 635 meum
2493 622 2508 647 ,
2539 579 2683 649 quod

1094 672 1334 728 laetiﬁcat
1371 675 1539 729 Deum
1585 680 1640 727 et
1685 672 1974 736 homines,
2008 682 2082 747 et_
2109 672 2251 726 inter
2296 681 2489 726 caetera
2537 670 2682 741 ligna

1094 764 1435 834 promoveri?
1459 783 1476 814 ι
1506 762 1708 817 Deinde
1727 762 2011 832 Scriptura
2030 760 2145 828 subj
2155 762 2332 831 ungit:
2359 779 2376 811 ι
2401 761 2686 815 Dixerunt-

1092 867 1199 921 que
1227 852 1409 907 omnia
1438 851 1583 922 ligna
1604 852 1671 905 ad
1693 850 1977 905 rhamnum
2006 868 2019 903 :
2052 848 2211 921 174
2232 848 2363 903 Veni
2392 859 2447 905 et
2476 850 2685 918 impera

1089 944 1269 1000 nobis.
1316 944 1418 1011 Qui
1461 943 1741 1013 respondit
1767 943 1848 998 eis
1880 960 1893 995 :
1930 940 1988 996 Si
2020 956 2149 995 vere
2191 955 2375 1016 regem
2406 955 2493 994 me
2524 940 2687 995 vobis

1089 1034 1451 1099 constituitis,
1498 1034 1681 1088 venite
1724 1040 1779 1087 et
1819 1030 1921 1086 sub
1951 1031 2143 1086 umbra
2192 1047 2311 1085 mea
2354 1030 2687 1098 requiescite

1087 1122 1245 1192 (Iud.
1273 1122 1371 1193 rx).
1409 1141 1427 1173 ι
1464 1120 1711 1191 Longum
1744 1128 1860 1186 est,
1906 1120 1951 1174 si
1991 1119 2238 1175 dicamus
2263 1119 2572 1175 Gedeonem
2608 1125 2688 1188 ty-

1084 1226 1215 1281 pum
1262 1220 1446 1266 tenere
1490 1210 1823 1273 Salvatoris;
1871 1224 1969 1279 per
2011 1209 2277 1278 plurimas
2306 1208 2423 1276 ejus
2462 1224 2681 1275 uxores,

1085 1299 1336 1355 diversas
1362 1299 1562 1354 debere
1591 1300 1841 1353 nationes
1864 1298 2114 1370 intelligi,
2140 1314 2262 1368 quae
2283 1299 2384 1353 sibi
2410 1299 2687 1353 cohazsere

1082 1402 1185 1457 per
1213 1389 1405 1455 ﬁdem;
1440 1404 1537 1459 per
1568 1391 1908 1459 septuaginta
1937 1390 2099 1455 ﬁlios,
2128 1390 2353 1444 totidem
2378 1390 2686 1459 linguarum

1081 1478 1330 1549 populos;
1366 1493 1464 1548 per
1490 1480 1853 1534 concubinam
1875 1520 1890 1545 ,
1933 1480 2308 1551 Syuagogam;
2343 1496 2440 1549 per
2467 1481 2689 1535 Abime-

1081 1567 1205 1623 lech
1233 1606 1249 1633 ,
1296 1567 1716 1635 Antichristum,
1745 1570 1836 1638 qui
1869 1569 2172 1641 Synagogae
2198 1570 2342 1625 ﬁlius
2371 1572 2495 1625 erit.
2532 1571 2689 1628 Unde

1079 1664 1139 1712 et
1167 1657 1223 1710 in
1252 1657 1575 1729 Apocalypsi
1606 1659 1691 1713 his
1714 1660 1804 1728 qui
1832 1660 2091 1715 credituri
2121 1670 2244 1715 sunt
2265 1660 2466 1716 dicitur
2491 1679 2505 1716 :
2535 1680 2553 1712 ι
2583 1662 2686 1729 Qui

1079 1746 1275 1802 dicunt
1305 1762 1364 1802 se
1391 1748 1607 1805 Judaeos
1642 1763 1763 1805 esse
1802 1758 1857 1805 et
1900 1764 2008 1804 nou
2044 1760 2204 1817 sunt,
2242 1752 2334 1806 sed
2368 1760 2495 1807 sunt
2524 1766 2686 1822 syna-

2788 581 2953 651 pedes
2965 577 3848 650 evangelizantiumpacem(Rom.
3874 583 3951 648 x).
3973 596 3992 629 ι
4021 575 4183 631 Ficus
4208 586 4391 630 autem

2787 684 2958 725 sacrae
2992 669 3125 740 legis
3164 669 3456 739 imaginem
3488 677 3659 723 tenet.
3702 667 3858 724 Unde
3886 675 3943 721 et
3990 667 4045 721 in
4095 665 4393 738 Evangelio

2788 759 2989 814 dicitur
3006 759 3130 829 quia
3160 777 3179 811 ι
3212 759 3433 830 quidam
3450 758 3847 828 paterfamilias
3864 757 4134 828 plantavit
4153 756 4391 819 vineam,

2787 853 2844 907 in
2890 868 2995 922 qua
3046 852 3260 906 scilicet
3294 851 3567 921 plantavit
3593 860 3647 907 et
3678 848 3839 905 ﬁcum
3870 848 4085 921 (Matth.
4121 847 4260 919 nt).
4293 846 4394 902 Vi-

2788 958 2890 998 nea
2914 942 3112 1012 quippe
3138 942 3352 997 Domini
3376 940 3616 996 Sabaoth
3661 941 3855 995 domus
3904 948 3988 994 est
4034 937 4207 993 Israel
4249 935 4390 1009 (Ita.

2787 1032 2881 1103 v);
2924 1051 2943 1085 ι
2974 1032 3027 1086 in
3058 1046 3164 1101 qua
3200 1029 3458 1085 nimirum
3482 1030 3750 1099 plantavit
3788 1030 3969 1085 divina
3996 1043 4195 1084 manus
4220 1028 4395 1084 Deca-

2788 1122 2970 1194 logum
3000 1122 3155 1191 legis.
3197 1120 3303 1177 Sed
3346 1122 3463 1177 haec
3491 1120 3627 1175 ﬁcus
3667 1121 3907 1191 priorem
3948 1118 4207 1190 populum
4234 1119 4394 1190 quasi

2794 1212 2954 1283 175
2978 1228 3197 1283 gressus
3225 1226 3375 1277 suos,
3417 1211 3602 1267 aridOs
3627 1211 3839 1266 scilicet
3866 1218 3923 1265 et
3948 1208 4172 1265 inutiles
4198 1217 4393 1279 protu-

2789 1306 2854 1359 lit
2900 1314 2955 1361 et
3001 1305 3229 1376 abjecit;
3260 1319 3458 1359 novum
3488 1318 3619 1359 vero
3658 1302 3984 1365 Christianae
4011 1301 4133 1357 ﬁdei
4170 1315 4395 1373 germen

2791 1400 2858 1453 ad
2889 1398 3256 1453 maturitatem
3296 1397 3523 1451 internas
3570 1395 3913 1466 pinguedinis
3959 1394 4396 1464 suavitatemque

2792 1489 3065 1560 perduxit.
3098 1487 3173 1543 De
3200 1487 3399 1558 quibus
3427 1486 3695 1542 Jeremias
3721 1486 3799 1541 ait
3829 1500 3844 1539 :
3884 1504 3903 1537 ι
3937 1483 4108 1541 Video
4133 1484 4269 1539 ﬁcus
4296 1481 4397 1539 bo-

2790 1596 2909 1646 nas,
2942 1579 3114 1635 bonas
3143 1580 3330 1646 valde;
3383 1590 3439 1633 et
3474 1578 3668 1644 malas,
3700 1578 3876 1634 malas
3916 1576 4107 1643 valde,
4150 1589 4273 1647 quae
4297 1589 4394 1631 eo-

2790 1675 2934 1729 medi
2962 1689 3067 1728 non
3101 1682 3356 1743 possunt,
3394 1688 3459 1728 eo
3483 1672 3629 1742 quod
3658 1671 3769 1727 sint
3798 1670 3955 1724 malae
3986 1667 4123 1741 (Jer.
4155 1667 4330 1737 xxxv).
4367 1686 4390 1720 ι

2791 1762 2899 1818 Per
2924 1764 3060 1817 ﬁcus
3084 1777 3216 1832 ergo
3240 1762 3315 1816 illi
3346 1768 3574 1832 possunt
3602 1775 3711 1814 non
3749 1758 4201 1813 inconvenienter
4231 1755 4392 1812 intel-

1078 1851 1217 1907 goga
1238 1837 1457 1894 Satanae
1476 1839 1659 1909 (Apoc.
1686 1838 1771 1909 ιι).
1804 1859 1823 1892 ι
1849 1840 1915 1894 Ει
1939 1839 2082 1896 sicut
2103 1841 2193 1895 ille
2213 1843 2447 1911 peremit
2466 1852 2681 1911 septua-
2713 1834 2758 1893 Β
2787 1851 2881 1923 ligi
2924 1853 3017 1922 qui
3064 1866 3234 1907 sacra:
3265 1850 3410 1922 Legi:

2062 1841 2193 1895 ιίΠθ
2213 1843 2447 1911 Ρθτθηιίι
2466 1852 2681 1911 seilllla-
2713 1834 2758 1893 Β
2787 1851 2881 1923 ligi
2924 1853 3017 1922 qui
3064 1866 3234 1907 sacra:
3265 1850 3426 1922 Legis
3456 1849 3765 1905 eruditione
3794 1855 3921 1903 sunt
3950 1846 4283 1901 suﬁicienter
4306 1844 4394 1899 in-

1076 1927 1233 1996 glnta
1257 1928 1487 1995 fratres;
1517 1930 1597 1985 sic
1630 1931 1731 1986 iste
1760 1942 2151 2001 persecuturus
2178 1942 2263 1988 est
2304 1949 2525 1999 omnes,
2559 1950 2681 2003 quae

1076 2018 1185 2074 sibi
1222 2034 1327 2074 non
1354 2022 1717 2085 consentient.
1745 2024 2013 2079 nationes.
2046 2025 2162 2090 His,
2194 2027 2439 2094 inquam,
2466 2028 2682 2084 omissis

1075 2119 1200 2175 qua:
1225 2107 1486 2178 longioris
1512 2110 1639 2180 styli
1670 2111 1925 2165 videntur
1949 2128 2111 2182 egere
2141 2123 2399 2180 tractatu,
2430 2115 2482 2169 iu
2509 2132 2681 2184 quan-

1075 2203 1195 2250 tum
1249 2197 1456 2266 patitur
1502 2200 1795 2268 epistolare
1849 2203 2229 2271 compendium
2286 2203 2359 2257 ita
2416 2206 2682 2259 duntaxat

1075 2298 1275 2359 emptae
1305 2291 1655 2361 disputationi
1686 2308 1987 2363 congruere
2026 2295 2304 2360 videatur,
2339 2296 2561 2366 prolixa:
2593 2297 2677 2351 hi-

1079 2381 1271 2435 storia
1321 2381 1551 2451 ﬁguram
1600 2384 1878 2438 succincte
1910 2384 2347 2454 perstringimus.
2383 2386 2521 2451 Quid
2551 2401 2683 2456 ergo

1073 2487 1177 2543 per
1228 2472 1499 2541 Joathan,
1546 2476 1639 2545 qui
1687 2476 2084 2546 interpretatur
2116 2490 2533 2543 consummatus,
2566 2480 2682 2534 sive

1075 2568 1365 2637 perfectus,
1398 2567 1502 2622 nisi
1522 2577 1772 2623 sanctum
1802 2578 1857 2623 et
1890 2568 2112 2624 doctum
2145 2572 2453 2641 quempiam
2487 2573 2682 2641 praedi-

1077 2662 1328 2710 catorem
1354 2656 1613 2711 debemus
1644 2658 1935 2726 accipere?
1964 2656 2062 2712 Hic
2092 2659 2145 2712 in
2176 2668 2415 2713 montem
2441 2660 2681 2715 Garizim

1078 2748 1332 2802 ascendit
1358 2758 1412 2802 et
1438 2764 1572 2804 voce
1612 2764 1811 2818 magna
1841 2750 2117 2804 clamavit.
2164 2750 2319 2805 Prius
2357 2753 2601 2805 ascendit
2628 2760 2684 2805 ct

1076 2837 1428 2906 postmodum
1457 2837 1735 2892 clamavit.
1766 2838 1907 2893 Ante
1941 2840 2222 2908 consurgit
2263 2841 2316 2893 in
2358 2848 2596 2895 montem
2628 2849 2684 2895 et

1078 2926 1162 2980 sic
1191 2926 1374 2981 elevat
1410 2942 1620 2982 vocem.
1673 2927 1809 2994 Quia
1852 2930 1956 2983 nisi
2005 2930 2192 2983 doctor
2237 2929 2495 2982 virtutum
2533 2929 2683 2998 prius

1078 3016 1300 3071 culmen
1331 3018 1622 3083 ascendat,
1653 3018 1889 3072 inaniter
1919 3018 2157 3083 clamat;
2189 3019 2330 3074 sicut
2364 3034 2462 3088 per
2486 3020 2678 3073 Isaiam

1079 3104 1285 3160 dicitur
1315 3122 1330 3159 :
1370 3125 1389 3158 ι
1425 3106 1601 3175 Super
1628 3117 1867 3163 montem
1898 3111 2171 3163 excelsum
2203 3110 2435 3165 ascende
2472 3119 2526 3163 tu
2549 3151 2561 3169 .
2586 3110 2679 3178 qui

1080 3197 1431 3265 evangelizas
1452 3196 1621 3261 Sion;
1659 3199 1841 3253 exalta
1866 3200 1919 3253 in
1950 3199 2268 3255 fortitudine
2293 3194 2481 3255 vocem
2510 3209 2678 3267 tuam,

1076 3286 1171 3355 qui
1203 3286 1547 3358 evangelizas
1572 3286 1866 3343 Jerusalem
1904 3287 2042 3359 (Isa.
2075 3288 2185 3361 ιι).
2221 3308 2241 3340 ι

1148 3400 1262 3456 Per
1299 3400 1540 3456 Garizim
1588 3412 1770 3457 autem
1817 3412 2007 3459 sancta
2049 3404 2368 3475 designatur
2416 3405 2681 3469 Ecclesia,

1076 3504 1204 3560 qua:
1230 3492 1497 3545 virtutum
1525 3493 1769 3546 omnium
1798 3502 1884 3548 est
1905 3493 2091 3549 schola
2122 3504 2177 3549 et
2201 3494 2505 3550 caelestium
2530 3510 2686 3564 sege-

1078 3587 1199 3634 tum
1231 3579 1483 3635 ubertate
1510 3580 1767 3637 fecunda.
1793 3582 1893 3639 Hic
1920 3593 2007 3638 est
2034 3584 2179 3638 enim
2204 3592 2396 3648 mons,
2427 3586 2519 3653 qui
2547 3584 2683 3638 dan-

1078 3668 1164 3723 dis
1194 3684 1298 3739 per
1337 3669 1559 3742 Moysen
1606 3671 2080 3728 benedictionibus
2124 3673 2418 3744 deputatus
2462 3682 2569 3730 est.
2616 3674 2687 3729 Et

1075 3757 1331 3815 Ecclesia
1360 3775 1516 3815 mons
1546 3762 1939 3816 benedictionis
1964 3771 2067 3827 est,
2100 3764 2255 3829 cujus
2277 3762 2403 3817 ﬁliis
2423 3778 2519 3831 per
2544 3763 2687 3832 Apo-

1078 3849 1290 3905 stolum
1315 3850 1514 3905 dicitur
1546 3869 1559 3903 :
1590 3869 1610 3902 ι
1647 3852 1702 3904 ln
1735 3852 1838 3906 hoc
1867 3852 2045 3906 vocati
2075 3853 2320 3917 estis,~ut
2352 3853 2687 3907 benedictio-

1076 3953 1209 3994 nem
1246 3938 1567 3995 haereditate
1596 3941 1919 4010 possideatis
1943 3940 1997 4011 (1
2030 3939 2179 3996 Patr.
2206 3941 2315 4013 ιιι).
2346 3960 2366 3995 ι
2400 3941 2552 3997 Hanc
2574 3943 2686 3998 ha:-

1076 4028 1378 4083 reditatem
1420 4044 1453 4084 a
1496 4028 1653 4083 vidua
1687 4038 1863 4083 matre
1906 4029 2246 4098 suscepimus
2277 4069 2293 4095 ,
2340 4045 2441 4099 pro
2470 4046 2574 4099 qua
2602 4030 2686 4085 vir

1075 4122 1199 4191 ejus
1232 4121 1375 4176 mori
1401 4121 1654 4190 dignatus
1678 4129 1784 4185 est,
1808 4120 1876 4173 de
1901 4127 2086 4189 qua'et
2112 4134 2212 4189 per
2236 4118 2579 4174 Psalmistam
2605 4119 2687 4174 di-

1074 4216 1265 4270 citur:
1299 4230 1320 4264 ι
1356 4210 1589 4267 Viduam
1636 4210 1754 4280 ejus
1801 4211 2127 4267 benedicens
2160 4210 2479 4265 benedicam
2508 4209 2681 4282 (Psal.

1074 4305 1295 4368 cum).
1328 4324 1348 4357 ι
1381 4304 1447 4359 Ει
1474 4319 1712 4374 congrue
1739 4302 2000 4369 Garizim,
2054 4305 2149 4373 qui
2178 4305 2572 4374 interpretatur
2602 4304 2686 4359 di-

1074 4400 1232 4463 visio,
1267 4395 1355 4451 vel
1383 4396 1608 4462 advena,
1639 4405 1881 4450 sanctam
1928 4396 2129 4467 ﬁgurat
2174 4397 2493 4462 Ecclesiam,
2543 4413 2698 4466 quo--

2784 1942 3001 1997 structi.
3032 1941 3173 1996 Vitis
3204 1941 3369 1995 etiam
3402 1939 3635 2008 idipsum
3661 1952 3801 2009 pene
3831 1937 4048 1991 videtur
4080 1934 4398 2005 signiﬁcare

2784 2032 2928 2103 quod
2975 2031 3130 2087 ﬁcus.
3186 2031 3330 2086 Dicit
3359 2030 3505 2084 enim
3554 2028 3821 2084 Dominus
3856 2046 3869 2080 :
3906 2045 3926 2079 (
3968 2026 4081 2096 Ego
4112 2040 4231 2079 sum
4268 2024 4398 2080 vitis

2783 2138 2935 2185 vera.
2966 2131 3022 2177 et
3047 2138 3143 2177 vos
3170 2121 3423 2192 palmites
3452 2120 3636 2191 (Joan.
3664 2119 3779 2190 xv).
3813 2138 3831 2170 ι
3858 2117 3929 2172 Et
3955 2117 4082 2187 quia
4111 2116 4177 2170 de
4204 2114 4398 2185 palmi-

2786 2213 2930 2269 tibus
2980 2212 3119 2266 ﬁunt
3161 2211 3303 2266 vites
3323 2252 3339 2276 ,
3388 2210 3518 2279 quid
3552 2210 3750 2264 mirum
3782 2208 3827 2262 si
3856 2217 3914 2263 et
3938 2206 4112 2262 sancti
4141 2206 4399 2262 doctores

2785 2311 3104 2358 asserantur
3138 2303 3308 2366 vites,
3337 2309 3398 2355 ut
3427 2302 3570 2370 quod
3604 2299 3857 2355 Salvator
3887 2298 4074 2353 mundi
4108 2312 4207 2366 per
4236 2304 4398 2352 natu-

2785 2407 2936 2457 ram,
2986 2393 3089 2447 hoc
3143 2391 3217 2446 illi
3264 2390 3565 2462 glorientur
3616 2390 3817 2444 habere
3858 2404 3955 2458 per
3985 2385 4394 2458 gratiam?0ui

2784 2484 3043 2538 nimirum
3074 2483 3201 2537 dum
3232 2482 3570 2550 triumphum
3613 2480 3912 2535 Dominicaa
3949 2477 4219 2549 passionis
4247 2490 4394 2546 prae-

2786 2575 2970 2629 dicare
3022 2590 3129 2628 non
3179 2582 3426 2638 cessant,
3457 2573 3614 2642 quasi
3654 2588 3751 2642 per
3777 2572 4041 2626 doctrinae
4071 2585 4183 2625 suae
4207 2570 4397 2625 botros

2786 2665 2995 2718 arentia
3031 2665 3194 2718 corda
3226 2675 3412 2719 nostra
3450 2664 3576 2716 vino
3606 2663 3749 2717 beati
3782 2661 3993 2714 cruoris
4027 2658 4321 2714 inebriaut.

2858 2755 2936 2810 De
2968 2758 3071 2810 hoc
3094 2757 3221 2809 vino
3248 2770 3344 2823 per
3371 2755 3540 2809 Jacob
3571 2768 3736 2823 super
3770 2752 4057 2807 Salvatore
4093 2760 4281 2805 nostro
4309 2748 4395 2805 al-

2785 2845 3024 2916 legorice
3051 2846 3251 2899 dicitur
3277 2862 3291 2898 :
3323 2864 3339 2896 ι
3372 2844 3601 2897 Lavabit
3626 2843 3677 2895 in
3703 2841 3831 2895 vino
3856 2839 4051 2894 stolam
4080 2852 4237 2893 suam
4261 2846 4317 2893 et
4338 2837 4395 2893 iu

2787 2938 3053 3012 sanguine
3082 2936 3494 3006 palliumsuum
3538 2930 3694 3002 (Gen.
3730 2930 3898 2998 xux).
3940 2948 3958 2980 ι
3997 2928 4146 2983 Stola
4186 2926 4395 2984 Christi

2788 3030 2889 3084 fuit
2928 3029 2982 3083 in
3029 3025 3316 3097 apostolis.
3347 3032 3403 3078 et
3448 3022 3663 3078 caeteris
3691 3018 4041 3074 credentibus
4072 3018 4392 3089 Synagoga;

2789 3122 2946 3191 cujus
2973 3121 3139 3175 etiam
3176 3118 3397 3189 pallium
3427 3115 3647 3185 gentilis
3674 3121 3759 3168 est
3786 3111 4039 3181 populus.
4076 3111 4154 3165 De
4197 3109 4398 3179 quibus

2793 3213 2895 3268 sibi
2928 3227 3027 3282 per
3055 3212 3376 3281 prophetam
3400 3207 3602 3261 dicitur
3629 3220 3643 3259 :
3678 3226 3696 3256 ι
3731 3203 3868 3258 Vivo
3895 3218 4020 3274 ego,
4045 3203 4180 3257 dicit
4208 3201 4396 3257 Domi-

2773 3305 2924 3375 nus,
2972 3309 3100 3378 quia
3150 3307 3238 3362 his
3282 3306 3537 3361 omnibus
3587 3303 3736 3357 velut
3775 3309 4101 3356 ornamento
4145 3298 4399 3355 vestieris

2789 3397 2927 3470 (ιω.
2957 3397 3131 3465 χιιι).
3171 3414 3191 3447 ι
3228 3394 3341 3449 Hos
3372 3395 3557 3462 itaque
3593 3391 3845 3446 Christus
3896 3390 3949 3444 in
3981 3388 4243 3458 sanguine
4275 3402 4396 3442 uva:

2786 3486 2942 3551 lavit,
2971 3499 3134 3555 quem
3163 3484 3232 3538 de
3259 3482 3554 3550 semetipso
3598 3481 3868 3535 contritus
3913 3480 3967 3533 in
4012 3477 4179 3549 praelo
4214 3477 4398 3533 crucis

2787 3574 3081 3645 expressit.
3109 3572 3264 3629 Unde
3289 3582 3346 3626 et
3370 3570 3608 3626 Joannes
3633 3570 3711 3625 ait
3747 3586 3763 3625 :
3800 3589 3818 3621 ι
3861 3567 3963 3636 Qui
3994 3568 4186 3623 dilexit
4216 3582 4315 3623 nos
4339 3575 4398 3621 et

2788 3668 2921 3723 lavit
2945 3683 3044 3723 nos
3061 3683 3091 3721 a
3107 3666 3349 3737 peccatis
3368 3664 3568 3720 nostris
3594 3664 3647 3719 in
3672 3664 3935 3735 sanguine
3958 3678 4058 3723 suo
4082 3662 4269 3732 (Apoc.
4287 3660 4347 3732 ι).
4368 3679 4389 3713 ι

2787 3758 2922 3814 Cum
2953 3759 3118 3829 igitur
3143 3757 3307 3820 oliva,
3340 3755 3475 3810 ﬁcus
3505 3771 3571 3809 ac
3601 3755 3750 3819 vitis,
3789 3755 3893 3808 hoc
3921 3762 4029 3819 est,
4077 3751 4397 3823 spirituales

2786 3851 2889 3905 viri
2918 3850 3079 3920 lignis
3115 3862 3349 3920 prasesse
3394 3846 3771 3910 silvestribus,
3803 3846 3856 3901 id
3886 3854 4002 3912 est,
4036 3843 4271 3900 terrenis
4296 3842 4395 3899 ho-

2788 3942 3027 3997 minibus
3075 3950 3241 4011 atque
3294 3940 3605 3996 carnalibus
3647 3938 3957 3994 nullatenus
4005 3938 4392 4007 acquiescant,

2788 4030 2949 4086 oﬁ‘ert
2978 4044 3036 4085 se
3067 4032 3353 4097 rhamnus,
3385 4038 3441 4084 et
3476 4029 3545 4083 ab
3569 4028 3649 4083 eis
3678 4028 4078 4083 consumendus
4101 4036 4156 4081 et
4176 4026 4391 4090 eadem,

2785 4121 2872 4175 vel
2895 4136 3077 4191 pravae
3096 4119 3529 4176 conversationis
3551 4118 3820 4185 exemplo,
3837 4117 3920 4171 vel
3936 4116 4153 4172 erronei
4178 4118 4399 4187 dogma-

2790 4214 2861 4267 tis
2912 4213 3164 4268 incendio
3209 4219 3654 4279 consumpturus.
3706 4210 3989 4262 Rhamnus
4032 4208 4178 4261 enim
4222 4205 4397 4275 spinis

2788 4305 3263 4361 crebrescentibus
3306 4304 3526 4369 horret;
3579 4317 3677 4371 per
3719 4314 3880 4369 quem
3916 4296 4127 4353 scilicet
4165 4295 4398 4365 quilibet

2789 4410 3080 4467 pervorsus
3112 4394 3357 4449 immitur
3383 4393 3475 4463 qui
3511 4392 3591 4447 sic
3618 4399 3970 4461 peccatorum
4012 4398 4269 4458 tanquam
4300 4402 4396 4444 ve-

1073 4488 1227 4542 niam
1260 4484 1507 4541 Ecclesia
1534 4485 1795 4555 gentium,
1822 4500 1942 4555 qua:
1972 4487 2121 4553 prius
2148 4487 2357 4541 exstitit
2385 4486 2626 4541 funditus
2652 4504 2682 4542 a
2715 4526 2763 4584 Β
2792 4485 2970 4552 prium
3017 4482 3312 4553 asperitate
3356 4482 3635 4536 densatur.
3684 4480 3837 4536 Unde
3880 4488 3937 4534 et
3976 4479 4154 4548 primo
4185 4476 4397 4532 homini

1072 4579 1197 4649 lege
1230 4577 1329 4632 Dei
1362 4578 1549 4638 divisa,
1582 4576 1635 4630 in
1667 4578 1844 4647 prima
1877 4577 2160 4631 vocatione
2186 4576 2329 4631 facta
2364 4587 2448 4632 est
2475 4578 2683 4631 advena

1068 4667 1305 4738 jamque
1334 4682 1431 4737 per
1467 4667 1862 4721 incrementum
1910 4667 2101 4737 gratim
2147 4666 2290 4721 facta
2336 4676 2421 4722 est
2463 4668 2685 4723 omnino

1074 4758 1404 4815 domestica.
1458 4758 1614 4813 Unde
1648 4757 1763 4826 jam
1798 4758 2031 4812 ﬁrmiter
2075 4757 2332 4811 radicatis
2356 4768 2411 4811 et
2440 4758 2588 4813 velut
2630 4759 2683 4812 in

1074 4852 1216 4907 urbe
1245 4851 1564 4920 compositis
1587 4850 1787 4904 Paulus
1822 4850 1899 4904 ait
1928 4863 1942 4902 :
1982 4869 2000 4901 ι
2035 4848 2151 4902 Jam
2186 4866 2293 4904 non
2324 4852 2459 4905 estis
2504 4851 2686 4920 hospi-

1076 4954 1161 4998 tes
1190 4953 1251 4997 et
1273 4943 1517 5004 advenae.
1547 4942 1641 4997 sed
1665 4942 1797 4997 estis
1820 4945 1966 4997 cives
1987 4951 2304 4997 sanctorum
2323 4952 2379 4997 et
2401 4943 2683 4999 domestici

1075 5031 1171 5087 Dei
1207 5032 1430 5102 (Epltes.
1460 5034 1547 5103 ιι).
1582 5054 1599 5086 ι
1649 5032 1757 5088 Sed
1804 5043 1863 5087 ut
1907 5036 2219 5089 omittentes
2264 5034 2494 5105 plurima
2541 5035 2686 5102 quod

1075 5125 1426 5194 propositum
1456 5135 1539 5181 est
1569 5125 1922 5181 transiliendo
1946 5126 2203 5181 celeriter
2251 5141 2638 5198 percurramus
2667 5142 2681 5179 :

1074 5218 1255 5289 Ligna
1287 5217 1441 5272 silva:
1476 5226 1604 5273 sunt
1653 5220 1902 5273 homines
1948 5219 2093 5283 vani,
2142 5227 2198 5273 et
2247 5218 2569 5273 infructuosi
2620 5233 2685 5272 ac

1073 5307 1320 5362 ﬂammis
1364 5307 1651 5363 ultricibus
1693 5309 1891 5364 merito
1934 5324 2047 5364 sua-
2085 5309 2391 5365 sterilitatis
2440 5310 2681 5364 obnoxii.

1079 5418 1097 5449 ι
1143 5397 1351 5454 Omnis
1373 5400 1517 5452 enim
1548 5399 1733 5463 arbor,
1757 5414 1877 5467 qum
1904 5415 2011 5453 non
2040 5398 2170 5454 facit
2192 5399 2429 5454 fructum
2452 5397 2681 5466 bonum,

1073 5491 1406 5550 excidetur.
1438 5498 1491 5543 et
1526 5492 1578 5545 in
1610 5491 1788 5562 ignem
1819 5493 2065 5546 mittetur
2094 5491 2309 5562 (Matth.
2345 5492 2449 5563 ιιι).
2488 5510 2505 5542 ι
2544 5490 2686 5557 Quid

1073 5596 1173 5649 per
1194 5580 1405 5633 olivam
1421 5594 1575 5645 vero,
1592 5596 1712 5650 quae
1732 5590 1787 5636 et
1803 5583 2017 5653 signum
2042 5584 2194 5652 pacis
2214 5584 2452 5639 ostendit
2472 5584 2686 5654 oleique

1074 5668 1474 5743 pinguedinem
1488 5669 1689 5735 fundit,
1714 5673 1816 5727 nisi
1842 5673 1913 5727 illi
1930 5674 2305 5744 designantur,
2330 5675 2421 5745 qui
2447 5674 2684 5744 Spiritus

1076 5762 1262 5821 sancti
1310 5760 1638 5836 pinguedine
1666 5763 1887 5822 delibuti
1916 5766 2341 5839 evangelizando
2368 5782 2558 5839 pacem
2593 5783 2685 5824 re-

2790 4575 2994 4627 dictum
3024 4582 3110 4629 est
3141 4590 3154 4626 :
3190 4591 3209 4624 ι
3247 4572 3429 4628 Terra'
3447 4582 3537 4627 tua
3568 4574 3753 4643 spinas
3780 4580 3835 4626 et
3864 4570 4091 4625 tribulos
4117 4570 4393 4640 germina-

2790 4664 2869 4718 bit
2898 4664 2991 4718 tibi
3023 4662 3178 4735 (Gen.
3212 4662 3295 4733 ιιι)
3332 4681 3346 4716 :
3386 4683 3403 4714 ι
3439 4662 3493 4717 id
3528 4671 3646 4725 est,
3679 4676 3878 4731 corpus
3929 4671 4082 4715 tuum
4130 4658 4397 4716 aculeatis

2791 4757 3047 4810 vitiorum
3086 4756 3473 4826 punctionibus
3500 4755 3819 4825 subiacebit.
3853 4754 3922 4808 Et
3945 4768 4042 4823 per
4069 4753 4398 4823 prophetam

2792 4844 3053 4899 Dominus
3086 4864 3098 4898 :
3141 4862 3159 4897 ι
3201 4845 3407 4914 Spinis,
3434 4846 3631 4915 inquit,
3659 4855 4010 4915 peccatorum
4038 4859 4261 4899 suorum
4284 4843 4395 4899 cir-

2790 4936 3113 4990 cumderunt
3142 4950 3229 4990 me
3260 4934 3481 5003 (Thren.
3508 4938 3615 5005 ιιι).
3655 4954 3674 4986 ι
3717 4934 3900 5005 Lignis
3949 4934 4127 5002 itaque
4157 4931 4393 5001 petenti-

2795 5028 2895 5082 bus
2925 5042 3131 5097 rcgem,
3188 5026 3240 5081 id
3270 5034 3374 5092 est,
3408 5028 3593 5096 pravis
3638 5025 3943 5095 quibusque
3972 5022 4267 5078 carnaliter
4287 5020 4378 5077 eli-

2795 5124 3048 5193 gentibus
3099 5122 3407 5191 praesulem,
3457 5123 3722 5176 rbamnus
3765 5118 3981 5174 accedit
4022 5117 4078 5172 in
4128 5114 4389 5179 medium,

2796 5211 3025 5281 quilibet
3046 5211 3299 5266 videlicet
3325 5212 3607 5280 reprobus,
3630 5210 3721 5278 qui
3747 5217 3803 5263 et
3824 5207 4003 5279 ignem
4027 5202 4394 5260 damnationis

2795 5302 2849 5360 in
2882 5317 2943 5357 se
2969 5317 3035 5356 ex
3058 5317 3248 5357 eorum
3278 5301 3634 5371 pravitatibus
3660 5307 3887 5369 augeat;
3926 5307 3983 5351 et
4012 5310 4106 5351 eos
4138 5307 4396 5365 perverso

2794 5392 3028 5446 vivendo
3051 5432 3066 5455 ,
3103 5392 3187 5445 vel
3234 5392 3479 5446 docendo
3517 5393 3793 5461 reciproca
3844 5387 4218 5444 combustione
4254 5399 4392 5440 con-

2790 5492 2990 5540 sumat.
3028 5482 3180 5538 Unde
3218 5492 3272 5538 et
3307 5482 3419 5537 illic
3461 5483 3660 5537 dicitur
3690 5499 3704 5535 :
3742 5499 3758 5531 ι
3795 5479 4119 5550 Egrediatur
4152 5476 4293 5549 ignis
4322 5491 4391 5535 ex

2790 5596 2894 5645 eo,
2938 5589 2999 5635 ut
3046 5594 3333 5635 consumat
3380 5579 3718 5634 habitatores
3758 5576 3978 5633 Sichem
4033 5584 4087 5630 et
4132 5574 4395 5647 oppiduni

2792 5669 2948 5725 Melle
2965 5710 2979 5735 ,
3005 5670 3424 5739 egrediaturque
3450 5670 3595 5740 ignis
3624 5669 3691 5725 de
3719 5667 3853 5724 viris
3878 5666 4099 5733 Sichem
4123 5676 4181 5724 et
4203 5665 4270 5721 de
4295 5679 4386 5735 op-

2791 5762 2917 5831 pido
2962 5758 3121 5816 Melle
3165 5769 3222 5818 et
3266 5762 3488 5818 devoret
3514 5759 3827 5818 Abimelech
3875 5759 4026 5832 (Jud.
4055 5774 4157 5831 ιιι.
4192 5774 4211 5812 ι
4267 5754 4392 5813 Haec
