5904 6654
1513 378 1574 436 37
2339 381 2837 439 COLLECTANEA
2874 383 2944 440 ΙΝ
2985 383 3213 440 VETUS
3252 382 3792 441 TESTAMENTUM.

4527 382 4642 438 £088

1507 485 1601 525 .em
1633 469 1854 526 Joatbas
1880 469 2207 526 constitutus
2238 468 2292 525 in
2322 471 2527 526 vertice
2555 473 2757 526 montis
2787 471 2998 542 eloqui-
3025 477 3073 535 Α
3102 486 3324 545 percute
3353 491 3439 530 me
3461 515 3477 541 ,
3526 490 3594 530 ne
3637 474 3774 530 forte
3803 473 4016 530 dicatur
4043 475 4182 545 quod
4208 489 4238 530 a
4266 473 4464 529 femina
4507 477 4644 530 inter-

1503 577 1512 590 ο
1536 577 1549 623 ;
1578 562 1702 630 quia
1734 575 1830 630 per
1855 569 2074 616 sanctos
2101 560 2154 615 in
2183 561 2420 616 Ecclesia
2449 562 2831 632 praedicatores
2857 565 3007 618 addi-

1493 665 1624 704 .mus
1663 653 1933 718 quomodo
1976 651 2282 721 quibusque
2324 653 2597 722 perversis
2646 668 2711 710 ac
2758 655 3006 726 reprobis

1492 752 1558 791 na
1588 739 1893 806 petentibus
1924 740 2265 795 resistamus.

2016 850 2245 906 CAPUT
2284 853 2413 907 Vlll.

1472 954 1486 990 ι
1518 937 1736 1008 epistola
1771 940 1842 992 ad
1872 937 2088 1014 Pezrmn
2134 944 2636 1014 αγεΙιὶρι-ςιὺῃιεγιιηι
2678 945 2743 1000 de
2779 946 3007 1002 inconti-

1943 1013 2115 1067 nenn'c
2147 1013 2473 1066 clericorum.

1494 1113 1514 1148 ι
1548 1095 1864 1154 Abimclech
1895 1101 2121 1153 audiens
2143 1100 2288 1153 viros
2320 1102 2483 1155 turris
2516 1101 2881 1170 Sichimorum
2909 1119 3008 1173 pa-

1453 1189 1554 1242 iter
1598 1189 1969 1258 conglobatos,
2004 1191 2247 1245 ascendit
2286 1192 2336 1245 in
2360 1202 2595 1247 montem
2629 1193 2849 1249 Selmou
2880 1211 3003 1250 cum

1445 1279 1564 1331 κτιιηί
1611 1293 1708 1332 suo
1753 1280 1948 1348 populo
1995 1289 2050 1335 et
2097 1291 2310 1350 arrepta
2346 1283 2505 1353 176
2532 1285 2707 1338 securi
2758 1285 3004 1352 praecidit

1439 1364 1632 1418 urboris
1662 1381 1903 1430 ramum,
1945 1369 2365 1439 impositnmque
2396 1370 2577 1426 ferens
2609 1374 2834 1426 humero
2867 1374 3004 1427 dixit

1433 1452 1484 1505 td
1532 1453 1748 1510 socios:
1781 1454 1934 1521 Quod
1985 1472 2074 1512 me
2106 1458 2298 1512 videtis
2342 1458 2521 1514 facere
2549 1501 2562 1523 ,
2605 1461 2712 1514 cito
2757 1462 2933 1516 facite.
2977 1481 2997 1514 ι

1423 1542 1620 1595 Deinde
1645 1546 1889 1613 sequitur
1920 1564 1933 1599 :
1969 1565 1988 1598 ι
2025 1547 2193 1617 Igitur
2218 1551 2466 1603 certatim
2497 1565 2678 1604 ramos
2702 1552 2769 1605 de
2793 1552 3003 1606 arbori-

1416 1637 1517 1690 bus
1549 1639 1934 1706 praecidentes,
1985 1641 2349 1707 sequebantur
2391 1641 2614 1706 ducem;
2663 1643 2860 1710 quibus
2895 1644 3004 1697 cir-

1416 1731 1736 1784 cumdantes
1753 1731 2057 1798 praesidium
2080 1733 2494 1795 succenderunt,
2517 1741 2679 1800 atque
2702 1734 2772 1787 ita
2799 1732 2999 1788 factum

3110 569 3282 621 fectus
3340 583 3460 622 sum
3510 567 3608 634 Qui
3641 566 3789 634 iussa
3833 565 4156 636 perﬂeiens,
4220 565 4483 622 interfecit
4523 582 4643 622 eum.

3109 657 3259 728 (Jud.
3285 659 3421 728 ιιι).
3468 678 3487 710 ι
3527 658 3592 713 Ut
3621 668 3801 728 autem
3833 659 3884 712 in
3914 658 3997 712 his
4021 659 4199 713 verbis
4221 674 4325 712 non
4357 659 4550 713 diutius
4569 659 4647 713 im-

3109 761 3404 810 moremur,
3434 751 3674 816 fragmen
3707 749 3808 802 hoc
3855 747 4039 811 molae,
4078 747 4216 818 quod
4245 748 4546 802 Ahimelech
4573 763 4647 802 co-

3109 837 3325 893 rcbrum
3354 837 3534 908 fregit.
3563 839 3693 893 nihil
3713 848 3800 893 est
3821 839 3966 891 aliud
3991 854 4150 908 quam
4171 854 4357 894 saxum
4381 839 4505 894 illud
4525 839 4644 907 quod

3107 931 3296 985 Daniel
3323 931 3439 984 sine
3468 933 3714 985 manibus
3745 933 4038 986 abscissum
4075 933 4140 986 de
4175 943 4354 987 monte
4396 933 4646 999 conspexit

3106 1021 3269 1091 (Dan.
3299 1023 3393 1085 tt);
3427 1023 3540 1091 ipse
3562 1022 3813 1076 videlicet
3840 1023 4111 1084 Dominus,
4142 1023 4231 1092 qui
4257 1023 4318 1075 de
4341 1038 4398 1076 se
4421 1023 4472 1075 in
4497 1021 4646 1075 Evan-

3107 1109 3244 1179 gelio
3274 1111 3403 1162 dicit
3451 1127 3464 1162 :
3511 1127 3529 1160 ι
3568 1108 3670 1176 Qui
3718 1109 3971 1164 ceciderit
4013 1125 4171 1178 super
4212 1109 4433 1179 lapidem
4475 1111 4644 1172 istum,

3106 1197 3506 1267 confringetur;
3543 1213 3702 1267 super
3742 1213 3898 1266 quem
3951 1214 4078 1254 vero
4119 1199 4401 1265 ceciderit,
4430 1207 4648 1252 conteret

3105 1304 3228 1344 eum
3260 1289 3474 1358 (Matth.
3507 1295 3641 1359 XXI).
3680 1309 3697 1340 ι
3735 1289 3923 1344 Mulier
3949 1305 4076 1345 vero
4097 1331 4112 1356 ,
4143 1291 4208 1345 de
4236 1288 4383 1358 cujus
4421 1288 4648 1344 manibus

3105 1381 3355 1443 mittitur,
3390 1395 3545 1434 sacra
3577 1379 3658 1434 lex
3690 1389 3793 1443 est,
3828 1381 3984 1450 177
4014 1395 4132 1450 quae
4161 1379 4431 1448 ﬂagitiosis
4456 1378 4647 1448 pudici-

3105 1473 3193 1527 tia:
3215 1473 3673 1543 contemptoribus
3690 1473 4024 1542 repentinum
4045 1473 4240 1527 Christi
4255 1471 4504 1541 judicium
4525 1486 4649 1526 eom-

3105 1565 3362 1618 minatur.
3407 1565 3482 1618 De
3523 1579 3629 1634 quo
3668 1579 3763 1634 per
3799 1564 4084 1619 Jcremiam
4115 1563 4304 1618 dicitur
4329 1582 4342 1616 :
4369 1583 4388 1614 ι
4422 1562 4647 1632 Nunquid

3104 1669 3210 1708 non
3240 1656 3402 1708 verba
3438 1669 3556 1708 mea
3590 1663 3714 1707 sunt
3743 1654 3897 1723 quasi
3938 1654 4097 1724 ignis,
4138 1653 4262 1708 dicit
4300 1653 4575 1709 Dominus.
4602 1662 4648 1708 et

3105 1743 3257 1810 quasi
3285 1742 3508 1796 malleus
3539 1753 3827 1797 conterens
3855 1745 4106 1812 petram?
4141 1762 4160 1794 ι
4187 1741 4316 1812 (Jer.
4344 1741 4519 1811 χχιιι.)
4555 1743 4647 1794 Ar-

1417 1827 1501 1874 cst
1530 1828 1589 1872 ut
1625 1819 1773 1873 fumo
1801 1831 1854 1873 et
1887 1821 2006 1888 igne
2038 1820 2180 1874 mille
2210 1822 2486 1874 hominum
2519 1833 2872 1888 necarentur,
2895 1825 2997 1879 viri
3032 1835 3073 1891 Β
3105 1832 3278 1898 miger
3311 1845 3440 1884 vero
3466 1831 3806 1892 Abimelech.
3857 1831 4097 1886 diabolus
4126 1841 4241 1897 est,
4289 1831 4377 1901 qui
4424 1829 4649 1885 videlicet

1416 1908 1625 1978 pariter
1651 1917 1707 1962 et
1733 1909 1988 1964 mulieres
2021 1910 2350 1966 habitatores
2380 1913 2546 1966 turris
2583 1913 2800 1968 Siehem
2843 1914 2998 1984 (Iud.

1415 2000 1516 2064 rx.)
1551 2017 1568 2048 ι
1603 1998 1720 2053 Non
1753 2009 1837 2054 est
1867 2000 2028 2068 hujus
2059 2002 2158 2056 loci
2196 2019 2364 2058 sacra:
2401 2004 2598 2071 ﬁguras
2632 2007 2870 2060 historiae
2913 2023 2999 2061 so-

1413 2085 1581 2142 lerter
1607 2103 1908 2158 exponere;
1941 2091 2131 2146 suﬂ'icit
2160 2094 2342 2157 nobis,
2371 2103 2631 2164 quantum
2657 2096 2721 2149 ad
2751 2099 3001 2167 proposi-

1417 2186 1530 2230 tum
1563 2179 1788 2243 attinet,
1831 2196 1945 2235 rem
1986 2193 2356 2238 summotenus
2392 2184 2690 2253 przelibare.
2723 2186 2878 2240 Rami
2917 2203 3004 2240 ar-

1413 2266 1607 2322 borum
1636 2279 1760 2323 sunt
1787 2273 2122 2328 sententiolae
2147 2274 2571 2344 Scripturarum,
2596 2293 2732 2346 quas
2751 2279 2876 2331 dum
2903 2280 3006 2332 im-

1415 2358 1597 2427 pudici
1642 2361 1845 2429 quique
1891 2363 1958 2414 ad
2011 2363 2350 2433 allegationis
2400 2382 2512 2420 sua:
2540 2368 2708 2420 robur
2737 2368 3003 2422 violenter

1415 2447 1736 2515 inflectunt,
1787 2451 1933 2506 fumo
1961 2454 2118 2507 simul
2148 2466 2204 2508 et
2233 2457 2353 2525 igne
2382 2473 2699 2512 numerosas
2724 2459 3000 2512 hominum

1414 2552 1662 2596 catervas
1706 2546 2087 2614 exstinguunt:
2122 2547 2270 2601 fumo
2307 2550 2515 2603 scilicet
2558 2551 2762 2604 erroris
2804 2560 2856 2604 et
2881 2552 3004 2619 igne

1413 2628 1681 2698 libidinis;
1736 2644 1795 2687 ut
1843 2636 2096 2704 deceptas
2145 2637 2284 2692 male
2330 2640 2654 2693 discentium
2700 2649 2909 2693 mentes
2947 2648 3003 2692 ct

1416 2720 1648 2776 luxuriae
1685 2722 1897 2778 ﬂamma
1929 2728 2222 2782 succendat
2261 2738 2316 2782 et
2343 2731 2491 2797 pravi
2536 2731 2801 2799 dogmatis
2825 2730 2999 2800 caligo

1414 2812 1730 2868 confundat.
1759 2815 1851 2870 "re
1873 2831 2000 2870 sunt
2021 2820 2167 2872 enim
2197 2836 2424 2883 merces,
2452 2835 2570 2889 qua:
2598 2823 2662 2873 de
2689 2821 2919 2874 Sodoma
2947 2830 3001 2875 et

1414 2901 1716 2958 Gomorrha
1749 2909 1963 2974 prodire
1989 2910 2117 2964 visre
2148 2920 2274 2963 sunt
2300 2921 2420 2979 post
2446 2911 2738 2965 excidium.
2774 2931 2791 2962 ι
2821 2913 3002 2966 Abra-

1420 2991 1565 3057 ham,
1605 2992 1778 3061 inquit
1805 2995 2102 3064 Scriptura,
2137 3016 2472 3068 consurgens
2497 3016 2652 3052 mane
2671 3041 2683 3063 ,
2712 3001 2797 3053 ubi
2832 3010 3002 3053 stete-

1420 3097 1504 3139 rat
1531 3089 1677 3155 prins
1699 3105 1820 3143 cum
1853 3091 2104 3157 Domino,
2137 3094 2363 3148 intuitus
2387 3105 2469 3148 est
2496 3095 2782 3148 Sodomam
2813 3105 2868 3149 et
2889 3095 3000 3149 Go-

1420 3179 1697 3232 morrham
1728 3191 1781 3234 et
1810 3185 2120 3237 universam
2153 3195 2350 3238 terram
2377 3186 2610 3254 regionis
2638 3186 2811 3249 illius;
2845 3186 3004 3239 vidit-
3032 3167 3077 3231 Ο

1419 3287 1524 3338 que
1553 3275 1934 3328 ascendentem
1965 3277 2201 3331 favillam
2235 3281 2300 3332 de
2339 3289 2480 3332 terra
2508 3319 2522 3344 ,
2569 3280 2724 3348 quasi
2768 3277 3006 3333 fornacis

1419 3361 1624 3418 fumum
1658 3363 1809 3434 (Gen.
1847 3367 1977 3437 XIX).
2019 3386 2036 3417 ι

2033 3456 2261 3511 CAPUT
2301 3457 2390 3511 IX.

1941 3546 2005 3600 In
2035 3550 2212 3600 eadem
2244 3549 2480 3616 epistula.

1493 3635 1662 3690 Porro
1703 3644 1883 3690 autem
1914 3638 2036 3690 dum
2069 3647 2122 3691 et
2169 3639 2376 3690 Thebes
2412 3654 2533 3691 cum
2568 3639 2678 3691 suis
2705 3638 3007 3707 agminibus

1422 3724 1694 3779 obsideret
1723 3726 1997 3794 oppidum,
2031 3727 2276 3781 eumdem
2309 3738 2496 3781 contra
2531 3730 2839 3782 castitatem
2869 3729 3006 3782 Abi-

1424 3815 1631 3870 ntelech
1662 3819 1871 3872 videtur
1901 3817 2162 3886 ﬁgurasse
2204 3817 2533 3872 conﬂictum.
2586 3838 2604 3869 ι
2643 3819 2773 3872 Erat
2819 3830 3001 3871 autem

1425 3903 1592 3954 turris
1615 3903 1842 3963 excelsa,
1875 3921 1892 3953 ι
1924 3913 1982 3955 ιιι
2004 3904 2282 3970 Scriptura
2313 3913 2560 3968 testatur,
2595 3923 2612 3955 ι
2641 3905 2691 3956 ἰιι
2723 3904 2900 3956 medio
2926 3905 3005 3956 ei-

1425 3990 1635 4054 vitatis,
1665 3993 1730 4044 ad
1761 4008 1920 4060 quam
1954 3992 2304 4057 confugerant
2333 3994 2432 4046 viri
2459 3994 2615 4047 simul
2641 4009 2702 4045 ac
2731 3993 3008 4057 mulieres,

1424 4089 1477 4134 et
1500 4096 1688 4134 omnes
1708 4082 1979 4152 principes
2001 4083 2260 4144 civitatis,
2286 4083 2464 4137 clausa
2494 4083 3002 4149 ﬁrmissimcjanua,

1423 4187 1479 4230 et
1498 4193 1659 4246 super
1682 4179 1846 4231 turris
1871 4188 2067 4232 tectum
2093 4188 2298 4231 stantes
2314 4195 2408 4247 per
2425 4180 2826 4249 propugnacula
2852 4177 3003 4245 (Iud.

1420 4271 1518 4333 Ix).
1557 4286 1574 4317 ι
1603 4266 1826 4331 Civitas,
1856 4269 2178 4320 universalis
2208 4268 2482 4331 Ecclesia;
2523 4270 2704 4330 turris,
2737 4269 3006 4324 castitatis

1421 4366 1503 4408 est
1533 4358 1860 4421 eminentia;
1908 4359 1973 4410 ad
2020 4375 2182 4426 quam
2224 4358 2581 4426 confugerant
2627 4360 2722 4410 viri
2753 4359 2911 4411 simul
2941 4376 3006 4414 ac

1423 4444 1701 4505 mulieres,
1750 4445 1917 4498 fortes
1963 4447 2169 4499 scilicet
2200 4455 2252 4499 et
2278 4447 2506 4509 inﬁrmi;
2542 4448 2813 4515 principes
2840 4450 3003 4502 etiam

1424 4535 1683 4596 civitatis,
1714 4537 1846 4590 ordo
1871 4537 2117 4590 videlicet
2143 4538 2483 4600 clericorum,
2515 4540 2604 4606 qui
2645 4549 2790 4591 tenet
2821 4539 3006 4595 Eccle-

1422 4629 1516 4679 sia:
1539 4628 1916 4696 principatum.
1951 4647 1967 4677 ι
2000 4630 2277 4681 Accedens
2310 4631 2486 4696 itaque
2517 4629 2823 4682 Abimelecb
2848 4629 3002 4695 juxta

1423 4717 1616 4769 turrim
1649 4719 1814 4784 cmpit
1846 4718 2133 4771 instantius
2183 4719 2462 4777 dimicare,
2492 4728 2544 4771 et
2572 4722 3009 4788 appropinquans

1420 4807 1560 4861 ostio
1591 4807 1768 4875 ignem
1793 4808 2094 4861 conabatur
2123 4808 2618 4877 apponere(lbid.).
2650 4831 2664 4860 ι
2698 4810 2807 4862 lloc
2829 4812 3011 4876 itaque

1421 4897 1581 4951 modo
1628 4896 1812 4950 clerici
1839 4898 2143 4964 petulantes
2184 4907 2237 4949 ct
2264 4897 2530 4959 infruniti,
2561 4900 2690 4950 turri
2740 4900 3010 4954 castitatis

1425 4986 2068 5048 tuoliunturincendium,
2092 4988 2218 5039 dum
2250 4988 2446 5041 multos
2478 4988 2539 5039 ad
2568 5005 2675 5041 suze
2695 4990 2930 5042 libidinis
2953 4998 3010 5044 et

1423 5075 1702 5128 a's'uantis
1758 5077 1982 5129 insanitn
2028 5079 2382 5130 cohortantur
2429 5080 2757 5146 exemplum.
2787 5082 3008 5150 Ignibus

1423 5165 1615 5218 armati
1643 5165 1832 5217 turrim
1854 5167 2120 5219 castitatis
2144 5171 2426 5235 impetunt,
2454 5169 2577 5220 dum
2610 5169 2798 5221 incesti
2829 5178 3009 5220 castos

1427 5252 1638 5306 ﬂamma
1672 5254 1943 5322 pestifera:
1985 5258 2351 5324 persuasionis
2386 5261 2703 5313 accendunt.
2745 5262 2850 5313 Sed
2885 5261 3010 5313 huic

1428 5346 1707 5398 certamini
1739 5347 1825 5413 qui
1861 5347 1982 5400 ﬁnis
2012 5349 2348 5415 imponitur?
2379 5365 2513 5417 quos
2549 5351 2789 5404 victoriae
2823 5351 3009 5409 titulos

1429 5433 1542 5488 hrec
1567 5450 1740 5503 pugna
1765 5438 2030 5490 sortitur?
2064 5458 2078 5488 ι
2110 5440 2276 5501 Ecce,
2305 5441 2495 5507 inquit,
2525 5443 2718 5497 mulier
2742 5444 3010 5513 fragmen-

1432 5541 1536 5575 .nm
1561 5525 1716 5578 mola:
1741 5527 1968 5594 desuper
1991 5529 2201 5596 jaeiens
2232 5531 2382 5584 illisit
2414 5533 2574 5599 capiti
2608 5534 2922 5587 Abimelech
2955 5543 3010 5588 et

1432 5617 1686 5685 cinfrcgit
1713 5621 1990 5674 cerebrum
2016 5622 2148 5690 ejus.
2182 5622 2280 5686 Qui
2312 5627 2520 5678 vocavit
2548 5628 2652 5680 cito
2679 5627 3008 5696 armigerum

1433 5722 1606 5774 suum,
1659 5719 1711 5764 ct
1752 5714 1822 5763 ait
1872 5715 1932 5765 ad
1981 5731 2100 5767 cum
2147 5734 2155 5765 :
2203 5714 2431 5784 ljvagina
2484 5718 2563 5787 ειη
2593 5719 2717 5772 lium
2769 5728 2916 5771 tuutn
2956 5728 3009 5771 at

3104 1921 3357 1976 onmibus
3387 1923 3481 1991 qui
3521 1923 3709 1976 turrim
3740 1922 4007 1976 castitatis
4033 1933 4337 1992 oppugnant
4365 1935 4511 1975 arma
4545 1920 4649 1974 libi-

3105 2013 3246 2066 dinis
3268 2022 3323 2067 et
3346 2022 3504 2068 acuta
3539 2013 3764 2068 luxuria:
3802 2012 3980 2080 jacula
4024 2013 4410 2068 subministrat.
4455 2011 4528 2066 De
4546 2011 4649 2080 qui-

3104 2102 3205 2156 bus
3227 2102 3420 2170 jaculis
3454 2103 3582 2157 dicit
3607 2103 3891 2172 Apostolus
3921 2117 3936 2156 :
3970 2122 3990 2155 ι
4023 2103 4078 2158 1η
4108 2103 4352 2158 omnibus
4387 2111 4640 2155 sumentes

3105 2201 3316 2247 scutum
3368 2192 3492 2248 ﬂdei
3512 2235 3526 2258 ,
3565 2194 3616 2247 in
3643 2209 3750 2263 quo
3780 2193 3999 2262 possitis
4023 2194 4200 2248 omnia
4231 2193 4328 2247 tela
4360 2191 4648 2262 nequissimi

3105 2283 3259 2351 ignea
3290 2285 3634 2354 exstinguere
3663 2283 3877 2355 (Ep/tes.
3908 2283 4007 2354 vt).
4044 2304 4062 2337 ι
4094 2285 4158 2339 Et
4185 2285 4432 2353 propheta
4467 2302 4480 2336 :
4511 2301 4529 2333 ι
4559 2282 4645 2348 lh‘,

3105 2375 3298 2442 inquit,
3332 2376 3500 2429 Assur
3527 2391 3648 2431 cum
3681 2377 3845 2430 armis
3865 2377 3978 2431 suis
3997 2376 4212 2446 (Bacch.
4237 2376 4421 2443 xxx").
4453 2394 4470 2427 ι
4497 2375 4646 2442 Quem

3105 2480 3233 2534 ergo
3265 2468 3458 2520 mulier
3484 2465 3746 2536 fragmine
3774 2465 3925 2520 mola:
3956 2466 4249 2535 percussit,
4276 2465 4500 2534 armiger
4536 2479 4647 2518 ense

3104 2560 3332 2625 peremit
3350 2598 3363 2618 ,
3384 2558 3508 2625 quia
3526 2559 3794 2612 castitatis
3811 2558 4166 2621 adversarios,
4183 2557 4370 2626 quibus
4391 2555 4647 2624 Scriptura

3105 2661 3259 2698 saera
3282 2645 3541 2712 judicium
3564 2647 3758 2700 divina:
3784 2646 4260 2700 animadversionis
4281 2645 4523 2707 intentat,
4544 2643 4644 2697 dia-

3103 2735 3257 2789 bolus
3287 2743 3500 2788 mterna:
3520 2735 3707 2788 mortis
3733 2735 4098 2789 internecione
4120 2733 4372 2798 trucidat;
4397 2740 4450 2785 ut
4471 2731 4645 2800 quibus

3105 2826 3284 2880 fuerat
3323 2826 3571 2880 minister
3599 2827 3652 2880 in
3692 2842 3869 2896 pugna
3899 2825 4206 2879 eorumdem
4236 2825 4302 2878 sit
4333 2822 4644 2892 postmodum

3107 2927 3278 2972 tortor
3300 2920 3352 2971 in
3378 2933 3568 2987 ptena,
3599 2932 3822 2986 qumque
3852 2917 3953 2971 illis
3981 2925 4162 2970 contra
4187 2915 4485 2984 pudicitiam
4513 2927 4644 2965 arma

3107 3015 3478 3078 suggesserat,
3529 3009 3713 3061 eadem
3757 3006 4089 3076 exigentibus
4136 3005 4338 3060 meritis
4388 3005 4438 3057 in
4479 3017 4646 3058 eorum

3107 3105 3232 3151 tunc
3255 3097 3501 3166 jugulum
3525 3106 3720 3150 vertat.

3730 3184 3955 3241 CAPUT
3993 3185 4060 3240 Χ.

3429 3273 3498 3328 In
3549 3290 3784 3328 sermone
3819 3275 3881 3326 de
3919 3282 4097 3329 sancto
4126 3273 4346 3327 Antimo.

3183 3365 3550 3433 Quorumdam
3590 3365 3746 3434 plane
3782 3365 3912 3419 ﬁdes
3948 3374 4031 3418 est
4058 3380 4211 3424 vana,
4251 3363 4491 3426 ﬂaccida,
4517 3376 4646 3432 pra:-

3113 3457 3337 3511 tendcns
3387 3456 3601 3525 quidem
3644 3455 3695 3509 in
3746 3455 4029 3524 superficie
4082 3453 4501 3516 similitudinem,
4550 3467 4647 3505 non

3111 3560 3290 3605 autem
3324 3551 3529 3604 habens
3567 3550 3891 3604 intrinsecus
3931 3549 4228 3603 veritatem.
4268 3545 4459 3599 Horum
4495 3559 4648 3614 porro

3111 3651 3334 3695 tenuere
3373 3640 3598 3711 ﬁguram
3649 3641 3737 3708 qui
3786 3639 3911 3694 olim
3947 3639 4013 3693 dc
4050 3637 4237 3708 pepulo
4284 3635 4530 3706 Ephraim
4567 3650 4652 3688 ve-

3109 3731 3320 3785 nientes
3359 3733 3424 3783 ad
3450 3731 3581 3783 vada
3612 3729 3881 3792 Jordanis,
3913 3729 4038 3783 dum
4067 3728 4329 3782 nescirent
4361 3724 4650 3792 exprimere

3109 3821 3385 3874 schboleth
3434 3817 3869 3892 [schibboletth],
3911 3819 4002 3873 sed
4047 3817 4308 3886 jebbolcth
4351 3811 4649 3886 [sibbolctli]

3109 3910 3325 3978 potius,
3366 3918 3618 3976 tanquam
3655 3908 3934 3977 peregrina
3971 3906 4146 3972 lingua
4184 3902 4504 3972 proferrent,
4551 3899 4652 3954 Ga-

3114 3997 3437 4051 laaditarum
3471 3996 3662 4064 gladiis
3711 3994 3834 4050 Caesi
3867 4003 3990 4049 sunt
4026 3993 4173 4063 (Iud.
4203 3991 4317 4061 xu).
4356 3990 4488 4055 Quid
4517 3989 4654 4042 enim

3112 4103 3208 4155 per
3250 4087 3574 4150 Iordanem,
3627 4087 3679 4139 in
3739 4101 3844 4152 quo
3883 4084 4129 4137 Salvator
4176 4090 4351 4135 noster
4404 4076 4653 4148 baptizari

3111 4182 3363 4248 dignatus
3391 4188 3496 4241 est,
3525 4178 3624 4232 nisi
3658 4176 3988 4244 baptismus?
4019 4173 4152 4240 Quid
4195 4188 4317 4225 vero
4347 4185 4438 4240 per
4469 4169 4653 4222 schbo-

3109 4269 3238 4330 leth,
3269 4267 3408 4336 quod
3441 4269 3826 4334 interpretatur
3862 4264 4027 4332 spica,
4058 4263 4155 4316 nisi
4184 4261 4311 4314 ﬁdes
4345 4268 4425 4314 est
4458 4257 4652 4311 intelli-

3113 4358 3322 4428 genda?
3359 4359 3496 4410 sicut
3521 4357 3662 4409 enim
3696 4355 3842 4423 spica
3877 4353 4072 4406 victum
4108 4351 4301 4421 praebet
4336 4346 4654 4406 hominibus,

3113 4450 3184 4504 ita
3234 4459 3289 4502 et
3334 4449 3399 4502 de
3449 4448 3551 4500 ﬁde
3599 4446 3796 4498 dicitur
3839 4444 3962 4513 quia
4011 4461 4028 4492 ι
4077 4443 4250 4508 justus
4287 4453 4347 4492 ex
4399 4436 4497 4490 fide
4533 4436 4658 4487 vivit

3110 4539 3339 4606 (Ilabac.
3371 4553 3440 4600 ιι;
3478 4535 3628 4588 Rom.
3666 4537 3726 4601 ι).
3761 4552 3777 4584 ι
3808 4534 3874 4588 Ει
3920 4533 4057 4586 sicut
4088 4530 4232 4599 spica
4271 4526 4426 4581 multa
4457 4525 4513 4578 in
4551 4526 4659 4578 suis

3111 4631 3294 4682 aristis
3324 4642 3486 4697 grana
3529 4626 3786 4687 recondit,
3824 4625 3892 4676 ita
3924 4631 3977 4676 et
4002 4620 4288 4692 symbolum
4316 4627 4505 4670 nostra:
4536 4631 4661 4669 cou-

3113 4719 3361 4772 fessionis
3397 4716 3622 4784 plurima
3654 4716 3703 4768 in
3740 4727 3798 4767 se
3826 4712 3942 4766 ﬁdei
3968 4711 4167 4764 semina
4197 4708 4404 4776 colligit.
4435 4705 4661 4758 Venien-

3115 4819 3193 4862 tes
3251 4811 3428 4876 itaque
3481 4807 3545 4860 ad
3602 4805 3887 4859 Jordancm
3937 4799 4195 4871 Ephrattei
4241 4794 4586 4851 consuluntur
4631 4810 4660 4844 a

3114 4899 3407 4953 Galaaditis
3454 4896 3722 4966 quomodo
3774 4895 3974 4961 spicam
4017 4891 4356 4958 exprimant:
4390 4887 4662 4939 venientes

3113 4991 3272 5043 etiam
3307 4989 3372 5041 ad
3403 4987 3652 5056 baptismi
3684 4985 3952 5037 lavacrum
3989 4977 4344 5036 catechumeai
4380 4976 4660 5043 inquirun-

3116 5092 3200 5134 tur
3248 5097 3275 5132 a
3326 5078 3698 5133 sacerdotibus
3743 5076 3972 5144 qualiter
4023 5071 4257 5127 credant.
4309 5067 4371 5121 Et
4411 5068 4659 5135 quoniam

3114 5171 3313 5226 Galaad
3366 5172 3749 5236 interpretatur
3787 5181 3995 5218 acervus
4035 5157 4335 5220 testimonii,
4378 5165 4523 5209 recte
4571 5169 4662 5222 per

3115 5261 3423 5315 Galaaditas
3480 5258 3789 5312 sacerdotes
3845 5253 4093 5308 Ecclesia:
4149 5247 4508 5315 intelliguntur
4575 5242 4660 5310 qui

3115 5350 3586 5421 prmdieationibus
3634 5348 3746 5402 suis
3791 5361 3948 5415 opera
4005 5342 4177 5395 divina
4235 5346 4509 5392 testantur.
4563 5334 4662 5388 Per

3113 5445 3368 5513 Ephraitn
3417 5457 3570 5505 vero,
3605 5441 3745 5509 quod
3783 5437 4144 5507 fecunditatem
4183 5439 4366 5492 sonat,
4406 5430 4476 5482 illi
4521 5425 4657 5479 desi—

3113 5543 3347 5603 gnantur
3375 5533 3464 5600 qui
3503 5532 3702 5585 idcirco
3742 5530 3805 5582 ad
3855 5527 3972 5581 ﬁdei
4013 5524 4325 5594 perveniunt
4373 5520 4570 5588 spicam
4609 5519 4663 5566 ut

3114 5633 3428 5694 proventum
3488 5620 3829 5676 fecunditatis
3888 5632 3981 5687 per
4034 5615 4154 5668 boni
4213 5613 4388 5683 operis
4433 5617 4658 5662 segetem

3116 5716 3411 5783 proferant.
3460 5712 3609 5770 Sicut
3646 5727 3775 5780 ergo
3808 5710 3840 5762 ii
3891 5707 3976 5778 qui
4019 5706 4081 5761 ad
4127 5703 4406 5760 Iordanem
4453 5699 4661 5752 veniunt
