5904 6602
1147 439 1170 495 Ι
1182 435 1282 494 (‘39

2413 419 2481 477 1N
2519 413 2786 474 LIBRUM
2841 408 3161 470 JUDICUM.

4285 403 4423 459 ιοθε)

1145 557 1346 626 spicam
1383 548 1599 621 quidem
1627 542 1953 614 intelligunt,
1986 538 2104 604 sed,
2137 537 2261 608 quia
2292 534 2599 606 exprimere
2624 546 2722 585 ne-
2751 533 2802 592 Α
2829 527 2951 595 igne
2988 524 3218 620 mystice
3271 534 3366 590 per
3401 517 3747 586 Psaltnistam
3793 515 3994 572 dicitur
4101 531 4120 566 ι
4175 513 4427 569 Tradidit

1146 621 1344 707 sciunt,
1393 642 1735 695 moriuntur:
1771 635 1841 686 ita
1889 639 1944 684 et
1987 628 2078 698 qtti
2126 627 2330 680 fontem
2385 621 2727 692 baptismatis

1148 739 1430 803 expetunt,
1457 745 1487 782 a
1515 727 1622 780 vita
1646 723 1890 776 funditus
1918 719 2192 778 decidunt,
2217 716 2318 768 nisi
2346 715 2502 767 ﬁdem
2529 713 2724 780 ipsam,

1145 800 1306 895 quam
1341 818 1517 875 cdocti
1548 824 1675 870 sunt
1713 813 1954 873 credere,
1997 806 2306 862 studuerint
2346 803 2509 856 etiam
2557 800 2728 854 bono-

1146 893 1266 970 rum
1325 925 1545 981 operum
1591 905 1963 963 enuntiatione
2029 900 2292 971 proferre.
2343 897 2420 950 lta
2469 893 2726 948 nimirum

1145 1004 1372 1056 alterum
1415 1001 1609 1068 pendet
1645 1011 1712 1048 ex
1757 994 1924 1046 altero
1955 1001 2012 1044 ut
2041 1004 2222 1042 semen
2273 985 2394 1038 ﬁdei
2435 995 2730 1052 exsurgere

1145 1089 1339 1143 debeat
1379 1087 1430 1140 in
1462 1085 1664 1153 spicam
1696 1079 2049 1149 operationis.
2083 1075 2234 1140 Quod
2267 1083 2319 1127 et
2352 1071 2603 1124 Salvator
2633 1084 2730 1122 uo-

1145 1190 1259 1233 ster
1289 1177 1567 1231 evidenter
1595 1171 1848 1226 ostendit.
1888 1166 2018 1219 Nam
2055 1181 2177 1220 cum
2219 1163 2534 1232 praeciperet
2569 1159 2728 1213 disci-

1143 1270 1308 1340 pulis,
1359 1269 1590 1322 dicens:
1641 1283 1659 1314 ι
1697 1263 1794 1326 lte,
1841 1261 2032 1312 docete
2081 1272 2270 1311 omnes
2307 1265 2514 1323 gentes,
2550 1251 2729 1320 bapti-

1148 1371 1337 1416 zantes
1383 1374 1477 1412 eos
1515 1358 1568 1410 in
1618 1353 1835 1407 nomine
1880 1350 2089 1410 Patris,
2139 1357 2192 1400 et
2223 1345 2374 1409 Filii,
2405 1354 2460 1398 et
2498 1343 2732 1413 Spiritus

1147 1450 1352 1511 sancti;
1402 1469 1418 1500 ι
1457 1446 1700 1516 protinus
1739 1442 1943 1495 addidit
1979 1456 1990 1490 :
2031 1440 2344 1494 «Doceutes
2380 1449 2473 1488 eos
2514 1445 2732 1486 servare

1147 1542 1326 1594 omnia
1376 1549 1707 1607 quaecunque
1767 1531 2015 1586 mandavi
2077 1528 2238 1596 17s
2294 1526 2443 1580 vobis
2497 1522 2730 1594 (Matt/1.

1149 1631 1362 1698 xxvnt).
1397 1649 1413 1680 ›
1433 1629 1508 1681 Ac
1533 1627 1577 1680 si
1601 1635 1786 1694 aperte
1814 1623 1956 1675 dicat
1987 1638 1998 1672 :
2025 1620 2219 1672 Semen
2248 1617 2367 1669 ﬁdei
2398 1615 2450 1668 in
2478 1614 2734 1668 cordibus

1148 1719 1428 1773 hominum
1482 1715 1674 1775 serite,
1719 1722 1773 1766 et
1813 1725 1935 1763 mox
1990 1708 2367 1760 mandatorum
2421 1703 2730 1772 germinan-

1148 1811 1284 1863 tium
1336 1809 1540 1878 Spicam
1588 1805 1820 1874 qualiter
1847 1799 2178 1869 operationis
2216 1798 2394 1865 lingua
2425 1795 2734 1863 exprimere

1149 1867 1408 1963 debeant,
1453 1898 1703 1959 cdocete,
1739 1909 1805 1947 ue
1836 1893 2200 1946 soloecismum
2245 1888 2444 1939 faciant
2489 1885 2542 1938 in
2588 1883 2736 1951 spica
2771 1886 2813 1944 Β
2841 1867 3012 1920 δίυιυε

1149 1989 1352 2057 operis,
1385 1987 1475 2055 qui
1512 2002 1570 2040 se
1613 1987 1678 2037 de
1707 1991 1884 2037 monte
1916 1978 2200 2049 Ephraim,
2233 1977 2336 2030 hoc
2363 1982 2446 2028 est
2478 1976 2542 2028 de
2571 1973 2731 2027 celsi-

1149 2080 1338 2133 tudine
1409 2092 1528 2130 esse
1595 2083 1860 2128 testantur
1923 2069 2305 2124 ecclesiastica:
2365 2064 2732 2118 fecunditatis.

1149 2173 1506 2240 Quapropter,
1539 2164 1897 2226 dilectissimi,
1927 2176 2216 2216 caveamus
2254 2174 2320 2212 tte
2365 2157 2501 2212 ﬁdes
2548 2163 2735 2209 nostra

1150 2262 1481 2330 superducto
1513 2273 1610 2311 nos
1654 2255 1821 2309 solius
1860 2249 2211 2321 professionis
2258 2247 2437 2301 colore
2481 2243 2734 2312 decipiat,

1151 2364 1208 2409 et
1241 2365 1491 2421 tanquam
1527 2351 1704 2404 inanis
1730 2349 1897 2417 spica,
1932 2344 2253 2399 vacantibus
2282 2341 2501 2403 culmis,
2532 2341 2739 2408 absque

1155 2446 1460 2499 dilectionis
1507 2441 1736 2496 medulla
1791 2437 2053 2491 follescat.
2085 2434 2364 2486 Imitemur
2402 2429 2560 2483 ﬁdem
2595 2444 2739 2482 utar-

1155 2548 1359 2607 tyt'ttnt,
1394 2549 1488 2602 per
1517 2547 1676 2601 quam
1722 2531 2002 2582 vincentes
2041 2539 2207 2592 regna
2249 2531 2516 2574 terrarum
2556 2518 2737 2585 adepti

1155 2637 1283 2682 sunt
1310 2626 1526 2695 prmmia
1557 2621 1820 2692 promissa
1857 2618 2115 2672 caelorum
2150 2612 2333 2682 (Hebr.
2370 2611 2469 2678 ιιι).
2500 2608 2581 2664 Sit
2611 2623 2739 2675 ergo

1156 2717 1295 2770 ﬁdes
1327 2725 1510 2768 nostra
1545 2711 1734 2772 solida,
1784 2711 1854 2763 sit
1891 2721 2038 2767 vera,
2090 2704 2162 2763 sit
2209 2703 2451 2762 robusta,
2501 2706 2559 2750 ut
2595 2709 2742 2753 nunc

1157 2812 1336 2865 eundo
1372 2825 1468 2878 per
1498 2808 1653 2860 ﬁdem
1687 2803 2063 2875 perveniamus
2110 2799 2175 2852 ad
2227 2796 2480 2865 speciem,
2509 2793 2741 2846 videndo

1155 2917 1255 2971 per
1302 2897 1602 2964 :cnigmatis
1648 2892 1960 2962 speculum,
2010 2887 2333 2957 quandoque
2381 2882 2744 2951 perducantur

1155 2990 1225 3044 ad
1259 2989 1426 3056 ipsius
1452 2999 1674 3041 summa:
1705 2980 1948 3035 veritatis
1975 2979 2223 3032 obtutum
2252 2974 2299 3040 (I
2328 2971 2454 3027 Cor.
2487 2971 2607 3041 xu).

1767 3089 1995 3148 CAPUT
2037 3089 2128 3143 XI.

1156 3212 1228 3268 In
1259 3209 1477 3279 epistola
1519 3207 1587 3279 ad
1625 3203 1925 3258 Atleluiticm
1957 3199 2293 3278 comitissant,
2337 3211 2441 3279 qua
2473 3207 2587 3279 earn
2618 3205 2743 3270 con-

1231 3269 1448 3352 [uiderat
1493 3269 1730 3347 episcopo
1782 3281 1992 3342 propter
2041 3269 2437 3320 incontinentiat

1231 3443 1384 3498 Sicut
1413 3448 1566 3494 vetus
1597 3444 1781 3490 narrat
1812 3430 2037 3487 historia
2070 3446 2082 3481 :
2119 3447 2136 3478 ι
2167 3425 2318 3495 Cepit
2359 3422 2589 3477 Samson
2630 3429 2741 3475 tre-

1157 3544 1348 3593 centas
1377 3533 1582 3602 vulpes,
1615 3529 1921 3595 caudasque
1949 3539 2136 3578 earnm
2160 3519 2403 3587 adjunxit
2432 3518 2497 3571 ad
2519 3518 2741 3582 caudas,

1157 3637 1218 3680 et
1273 3624 1418 3679 faces
1470 3622 1654 3692 ligavit
1704 3620 1756 3672 in
1796 3619 1998 3680 medio;
2049 3631 2184 3683 quas
2235 3613 2358 3679 igne
2412 3610 2746 3664 succendens

1160 3712 1370 3768 dimisit
1403 3719 1460 3764 ut
1511 3711 1613 3762 huc
1662 3708 1893 3775 illucque
1951 3705 2360 3759 discurrerent:
2400 3714 2520 3766 qua:
2561 3699 2745 3751 statim

1157 3809 1522 3875 perrexerunt
1558 3801 1609 3852 in
1649 3806 1860 3866 segetes
1902 3793 2331 3848 Philistinorum.
2367 3788 2573 3853 Quibus
2625 3800 2748 3839 suc-

1158 3874 1340 3946 censis
1369 3902 1422 3944 et
1443 3883 1915 3957 comportataejam
1945 3882 2143 3949 fruges,
2170 3887 2224 3933 et
2246 3879 2425 3932 adhuc
2456 3885 2662 3930 stantes
2691 3874 2746 3928 in

1157 3982 1382 4049 stipula,
1419 3985 1774 4032 roncrcntatze
1802 3981 1924 4027 sunt
1962 3973 2013 4024 in
2048 3978 2255 4023 tantum
2295 3973 2348 4019 ut
2392 3965 2577 4018 vineas
2607 3978 2745 4031 quo-

1157 4087 1268 4139 que
1303 4079 1354 4123 et
1395 4067 1587 4122 oliveta
1617 4064 1831 4118 ﬂamma
1859 4067 2199 4116 consumeret
2229 4055 2380 4125 (Iud.
2414 4054 2526 4122 xv).
2565 4073 2582 4104 ι
2623 4052 2748 4107 11ωο

1159 4162 1328 4232 plane
1367 4157 1589 4212 historia
1615 4156 1740 4208 licet
1763 4149 2136 4222 principaliter
2174 4146 2416 4213 designet
2441 4143 2746 4203 haereticos,

1159 4252 1256 4319 qui
1304 4248 1455 4316 quasi
1495 4242 1891 4298 trecentenario
1941 4252 2166 4292 numero
2213 4235 2588 4295 continentur,
2624 4232 2749 4300 quia

1158 4348 1367 4396 sanctae
1395 4335 1677 4391 Trinitatis
1719 4332 1878 4385 ﬁdem
1919 4330 2245 4382 verboterms
2275 4327 2621 4384 conﬁtentur,
2651 4321 2746 4377 sed

1161 4433 1294 4485 dum
1327 4427 1425 4482 sub
1472 4425 1776 4480 velamento
1806 4420 2120 4474 orthodoxa:
2166 4415 2286 4471 ﬁdei
2331 4415 2385 4468 iu
2427 4415 2602 4482 prima
2637 4427 2749 4466 scr-

1158 4517 1340 4572 monis
1377 4516 1458 4569 sui
1489 4514 1667 4567 fronte
1693 4527 1750 4565 se
1781 4511 2028 4580 palliaut,
2063 4509 2240 4575 ignem
2266 4520 2447 4573 pravae
2484 4503 2746 4556 doctrina:

2830 614 3082 682 grandini
3133 611 3381 679 jumenta
3439 623 3662 672 eorum,
3713 615 3769 661 et
3817 606 4189 676 possessiones
4235 619 4424 658 eorum

2830 705 2938 773 igni
2971 701 3142 773 (Paul.
3167 704 3396 768 cum).
3435 719 3452 751 ι
3485 699 3750 765 Quoniam
3781 697 3922 754 sicut
3949 696 4076 750 beni
4111 695 4425 750 sacerdotes

2831 795 2941 847 Deo
2981 791 3349 860 quorumlibet
3400 789 3634 842 ﬁdelium
3672 787 3974 842 oblationes
4011 795 4065 840 et
4100 797 4222 838 vota
4271 799 4426 838 com-

2832 883 3114 947 mendant,
3147 882 3217 932 ita
3246 881 3560 949 plerumque
3589 879 3679 948 qui
3717 878 3892 931 sacris
3923 877 4182 930 altaribus
4218 876 4422 945 indigni

2831 982 2977 1036 sunt,
3021 972 3357 1025 horribiliter
3385 978 3634 1040 gravant.
3664 968 3817 1034 Quod
3855 976 4035 1020 autem
4068 967 4192 1020 mali
4238 982 4425 1019 sacer-

2833 1060 2985 1112 dotes
3031 1059 3281 1127 vulpibus
3326 1068 3731 1126 comparentur,
3761 1055 4015 1108 Ezechiel
4057 1069 4270 1123 quoque
4302 1069 4428 1122 pro-

2831 1149 2992 1218 pheta
3036 1159 3285 1213 testatur,
3333 1148 3519 1201 dicens
3552 1165 3564 1199 :
3597 1164 3615 1197 ι
3665 1146 3828 1212 Quasi
3869 1146 4058 1214 vulpes
4104 1147 4158 1200 in
4187 1147 4420 1202 desertis

2832 1239 3108 1307 propheta:
3139 1238 3213 1290 tui
3236 1246 3411 1297 erant,
3444 1235 3606 1288 Israel
3635 1234 3852 1302 (Ecce/2.
3887 1238 4025 1303 λιιι).
4058 1253 4078 1285 ι

3340 1325 3504 1394 179
3541 1323 3768 1377 tJAl’U'l‘
3815 1322 3926 1376 xu.

3134 1415 3203 1469 In
3235 1432 3472 1469 sermone
3507 1415 3570 1466 de
3603 1415 3796 1466 sanctis
3823 1413 4131 1481 virginibus.

2908 1507 3163 1560 Salvator
3201 1516 3410 1569 noster,
3457 1506 3510 1558 in
3557 1504 3717 1572 hujus
3762 1505 3945 1558 mundi
3983 1518 4232 1574 campum
4279 1514 4427 1574 pote-

2839 1607 3010 1653 states
3060 1611 3250 1652 aereas
3311 1595 3678 1649 debellaturus
3724 1594 4061 1659 adveniens,
4117 1609 4223 1648 non
4269 1595 4435 1662 elegit

2838 1692 3087 1744 rhetores
3137 1698 3194 1743 et
3238 1687 3620 1758 philosophos,
3653 1687 3748 1740 sed
3779 1685 4056 1754 simplices
4088 1701 4151 1739 ac
4180 1686 4434 1740 litterulis

2838 1779 3118 1832 industria:
3148 1792 3370 1846 prorsus
3410 1777 3662 1846 ignaros;
3697 1776 3985 1843 quoniam,
4011 1776 4152 1830 sicut
4180 1777 4257 1828 ait
4284 1777 4432 1844 Apo-

3053 1884 3066 1917 :
3113 1886 3130 1916 ι
3167 1866 3297 1932 Quae
3324 1866 3487 1918 stulta
3514 1874 3639 1919 sunt
3672 1865 3830 1931 hujus
3859 1865 4044 1917 mundi
4079 1864 4241 1933 elegit
4267 1863 4434 1930 Deus,

2837 1968 2897 2012 ut
2944 1958 3241 2013 confundat
3304 1958 3607 2026 sapientes;
3656 1967 3709 2010 et
3760 1957 3999 2023 inﬁrma,
4034 1965 4093 2010 ut
4139 1956 4439 2011 confundat

2839 2050 2922 2104 for
2952 2051 2999 2103 ia
3034 2049 3081 2118 (ι
3113 2048 3236 2102 Cor.
3265 2049 3326 2119 ι).
3363 2067 3381 2100 ι
3415 2047 3527 2102 Hoc
3552 2062 3786 2116 namque
3821 2047 3909 2100 illa
3941 2047 4172 2101 Samson
4206 2049 4434 2102 victoria

2837 2143 2977 2196 bene
3017 2142 3302 2212 ﬁguravit,
3344 2156 3446 2209 qtta
3475 2138 3866 2208 lmandibulam
3907 2141 4046 2193 asini
4085 2139 4434 2212 fervefactam

2837 2232 3136 2302 arripiens,
3179 2232 3327 2284 mille
3381 2230 3795 2284 Pliilistinorum
3843 2231 3993 2285 viros
4039 2231 4260 2284 occidit.
4296 2208 4436 2297 Quid

2837 2322 2982 2376 enim
3028 2337 3124 2390 per
3157 2319 3522 2374 mandibulam
3577 2319 3749 2383 asini,
3779 2321 3923 2388 quod
3972 2320 4160 2389 utique
4206 2321 4436 2390 simplex

2838 2423 2923 2470 est
2957 2413 3153 2467 animal
3176 2453 3188 2476 ,
3219 2415 3320 2467 nisi
3361 2414 3612 2483 imperita
3643 2413 3971 2482 simplicium
4012 2415 4292 2469 hominum
4341 2432 4438 2470 ora

2839 2504 3163 2572 signantur?
3192 2502 3421 2557 Samson
3455 2504 3639 2572 itaque
3670 2520 3775 2558 non
3801 2519 3924 2559 cum
3955 2506 4154 2571 armis,
4183 2522 4288 2561 non
4316 2522 4439 2561 cum

2841 2593 3072 2648 diversis
3117 2594 3344 2647 telorum
3408 2595 3737 2662 generibus,
3799 2596 3894 2650 sed
3952 2612 4075 2649 cum
4129 2599 4442 2654 tuandilmla

2841 2683 2981 2736 asini
3028 2683 3174 2737 mille
3217 2677 3632 2749 viros'occidit,
3683 2685 3810 2754 quia
3861 2685 4193 2756 lledcmptor
4231 2700 4442 2755 noster,

2842 2787 3004 2842 quem
3036 2773 3126 2827 ille
3151 2773 3419 2842 signabat,
3450 2790 3574 2828 cum
3615 2775 3885 2844 imperitis
3910 2786 3964 2830 et
3998 2779 4224 2832 rudibus
4259 2779 4442 2847 perfe-

2844 2873 2993 2915 ctum
3043 2863 3340 2916 inﬁdelium
3391 2880 3678 2918 numerum
3741 2879 3774 2918 a
3828 2865 3940 2919 vita
3991 2867 4192 2921 veteris
4235 2869 4443 2923 erroris

2844 2953 3126 3006 exstinxit.
3172 2952 3310 3019 Quid
3340 2963 3522 3007 autem
3563 2955 3791 3020 mirum,
3835 2957 3878 3010 si
3926 2967 4145 3014 sanctos
4176 2960 4442 3028 praedica-

2846 3049 2991 3096 tores
3019 3057 3118 3110 per
3144 3043 3281 3097 asini
3311 3044 3584 3097 maxillam
3612 3060 3828 3098 sacrum
3859 3046 4108 3117 designet
4137 3049 4439 3117 eloquium,

2847 3149 2970 3188 cum
2998 3144 3053 3188 et
3101 3135 3275 3204 ipsum
3313 3136 3719 3205 prtedicatiouis
3770 3137 3998 3191 verbmn
4050 3155 4148 3206 per
4178 3141 4443 3195 hordeum

2441 3224 2743 3314 n°"c';;'.”i:;:
2769 3238 2814 3298 ε
2846 3224 3168 3294 quandoque
3199 3225 3510 3291 denuntiet,
3539 3225 3684 3294 quod
3711 3235 3796 3279 est
3833 3227 4019 3294 utique
4061 3227 4320 3296 pabulum
4357 3227 4448 3295 ju-

2850 3315 3194 3369 mentorum?
3226 3315 3379 3380 Quod
3429 3325 3580 3370 certe
3627 3331 3732 3370 non
3764 3318 3924 3372 modo
3953 3334 4049 3387 per
4089 3318 4446 3390 Evangelicos

2849 3407 3090 3474 quinque
3136 3421 3302 3475 panes
3335 3408 3650 3475 agnoscitur
3692 3406 3889 3478 (Joan.
3917 3423 3970 3460 vt
3992 3411 4038 3477 ),
4068 3408 4163 3463 sed
4194 3427 4289 3480 per
4320 3411 4448 3465 illud

2849 3509 3064 3564 quoque
3103 3495 3415 3565 quod-ille,
3455 3498 3546 3566 qui
3588 3497 3640 3550 in
3689 3499 3886 3552 castris
3931 3499 4145 3554 Madian
4195 3516 4255 3555 se
4301 3517 4452 3556 som-

2851 3587 3030 3640 niasse
3079 3587 3420 3656 perhibebat,
3467 3588 3617 3642 socio
3667 3587 3937 3642 referebat
3983 3607 3996 3642 :
4041 3607 4059 3640 ι
4114 3589 4446 3658 Videbatur,

2849 3678 3062 3746 inquit,
3095 3678 3226 3731 tuibi
3276 3679 3432 3748 quasi
3483 3679 3878 3735 subcinericius
3928 3681 4085 3750 panis
4129 3697 4197 3736 ex
4241 3683 4448 3737 hordeo

2848 3771 3027 3834 volvi,
3072 3781 3126 3824 et
3172 3770 3237 3824 irr
3272 3770 3485 3824 Madian
3542 3781 3722 3826 castra
3774 3773 4104 3826 descendere
4151 3790 4165 3826 :
4211 3788 4448 3843 cumque

2855 3861 3017 3930 180
3045 3861 3384 3930 pervenisset
3415 3863 3482 3915 ad
3531 3860 3973 3929 tabernaculum,
4003 3863 4274 3933 percussit
4319 3861 4452 3919 illud

2849 3963 3017 4022 atque
3041 3952 3308 4007 subvertit
3337 3950 3488 4023 (Jud.
3525 3951 3643 4021 vn).
3677 3970 3697 4005 ι

3441 4041 3672 4097 CAPUT
3714 4041 3853 4097 XIII.

3102 4131 3173 4187 In
3211 4133 3430 4202 epistola
3471 4134 3539 4186 ad
3579 4135 3860 4187 canonicos
3905 4130 4199 4191 Fanenses.

2922 4223 3025 4292 Qui
3078 4224 3213 4279 alios
3258 4225 3327 4278 ad
3379 4225 3721 4280 rectitudinis
3767 4226 3910 4279 viam
3953 4228 4115 4282 debet
4155 4230 4450 4296 instruere,

2850 4315 3007 4369 valde
3038 4315 3340 4368 cavendum
3373 4322 3457 4368 est
3499 4327 3565 4367 ne
3597 4314 3732 4383 ipse,
3777 4314 3920 4383 quod
3968 4317 4132 4382 absit,
4181 4319 4233 4372 in
4266 4319 4450 4389 aliquo

2851 4405 3101 4459 videatur
3137 4419 3345 4457 errare.
3380 4403 3515 4457 llinc
3545 4412 3629 4457 est
3665 4406 3810 4472 quod
3855 4405 4186 4462 lsraeliticus
4223 4411 4454 4478 populus

2851 4496 2917 4549 ad
2943 4496 3308 4550 ulciscendum
3326 4495 3505 4550 scelus
3535 4495 3811 4565 Beniamin
3839 4495 4126 4570 [Belamiu]
4145 4501 4260 4555 zelo
4287 4504 4452 4557 recti-

1160 4609 1217 4662 in
1250 4603 1660 4676 posterioribus,
1694 4617 1801 4670 quo
1827 4599 2007 4664 fruges
2041 4598 2281 4650 omnium
2323 4595 2588 4649 bonorum
2620 4607 2746 4662 ope-
2775 4581 2824 4640 Ῐ)
2855 4586 3055 4640 Ιιιιιίηίδ
3087 4585 3472 4650 inﬂammatur.
3514 4595 3568 4640 Cl
3598 4596 3776 4639 lumen
3819 4588 3960 4640 idem
3995 4589 4224 4658 populus
4255 4589 4451 4660 gladiis

1157 4715 1283 4753 rum
1319 4704 1640 4757 exuruntur,
1682 4690 1991 4752 occultant;
2031 4687 2308 4755 quamvis,
2361 4686 2613 4753 inquam,
2649 4698 2746 4752 per

1156 4790 1262 4845 bas
1293 4786 1476 4854 vulpes
1501 4784 1848 4853 designentur
1896 4779 2159 4841 haeretici,
2208 4777 2291 4830 his
2333 4787 2511 4828 tamen
2559 4775 2746 4828 incorr-

1158 4883 1398 4938 tiuentcs
1429 4879 1610 4934 clerici
1642 4893 1763 4931 cum
1794 4876 1909 4931 suis
1942 4874 2222 4946 pellicibus
2255 4880 2480 4940 possunt
2512 4885 2617 4925 non
2659 4871 2745 4924 in-

1157 4971 1548 5029 convenienter
1575 4967 1774 5037 aptari,
1812 4968 1902 5036 qui
1934 4965 2086 5034 quasi
2138 4964 2329 5020 solutis
2359 4963 2583 5032 pedibus
2617 4977 2743 5032 gra-

1157 5065 1404 5128 diuntur,
1433 5066 1558 5120 dum
1587 5062 1887 5117 honestatis
1913 5060 2201 5129 aliquando
2225 5058 2458 5128 speciem
2484 5054 2742 5111 simulare

1155 5157 1532 5226 prtetendunt;
1567 5153 1660 5208 sed
1696 5168 1816 5207 cum
1849 5150 2094 5206 accensis
2126 5149 2330 5204 facibus
2359 5147 2744 5202 combinantur

1154 5248 1216 5301 in
1244 5246 1448 5310 caudis,
1479 5245 1603 5314 quia
1630 5243 1782 5313 quasi
1823 5241 2141 5312 postposito,
2172 5249 2248 5303 et,
2274 5240 2326 5292 in
2358 5247 2621 5308 quantum
2651 5251 2744 5291 va-

1157 5339 1297 5402 lent,
1331 5337 1523 5393 occulti
1566 5339 1687 5406 igne
1726 5335 1984 5404 impudici
2032 5332 2477 5402 conglutinautur
2518 5328 2741 5382 amoris.

1158 5427 1258 5482 lla:
1292 5428 1475 5495 itaque
1502 5425 1818 5494 vulpeculie,
1855 5423 1978 5492 igne
2001 5420 2394 5475 interveniente
2416 5418 2741 5486 conjuncta,

1158 5528 1216 5574 ct
1247 5517 1484 5572 libidinis
1515 5515 1725 5571 facibus
1749 5514 2088 5578 combinatte,
2122 5512 2302 5566 omnia
2336 5509 2742 5564 Philistinorum

1158 5617 1281 5666 sata
1331 5616 1696 5665 consumunt:
1727 5605 1852 5676 quia
1889 5603 2200 5675 spirituales
2244 5603 2450 5657 fructus
2492 5599 2745 5656 Ecclesia!

1157 5700 1467 5761 destruunt,
1491 5706 1544 5753 et
1574 5705 1833 5766 quantum
1867 5696 1933 5750 ad
1965 5710 2042 5759 se,
2075 5695 2213 5750 bona
2244 5707 2408 5764 opera
2447 5689 2620 5746 ﬁdelis
2647 5703 2745 5759 po-

1155 5789 1272 5864 puli
1319 5789 1514 5845 divina:
1551 5786 1938 5858 indignationis
1980 5785 2099 5858 igne
2147 5783 2500 5844 succendunt.
2535 5783 2610 5839 De
2638 5795 2745 5852 quo

2847 4676 3132 4745 Beniamin
3179 4687 3304 4730 ante
3347 4676 3712 4744 prosternitur
3751 4675 3903 4744 (Jud.
3950 4677 4065 4748 xx).
4103 4677 4273 4744 Quem
4302 4681 4448 4734 enim

2847 4783 2956 4822 non
2987 4775 3200 4820 moveat
3227 4767 3366 4834 quod
3396 4766 3654 4820 Dominus
3692 4767 3776 4822 bis
3813 4768 4209 4838 interrogatus,
4258 4770 4342 4824 bis
4381 4771 4449 4824 ad

2848 4858 3144 4913 ineundum
3175 4869 3361 4911 contra
3389 4857 3669 4927 Beniamin
3698 4858 3944 4927 prailium
3968 4859 4116 4914 dedit
4139 4876 4446 4924 assensum,

2849 4960 2906 5002 et
2932 4958 3110 5002 tamen
3157 4948 3210 5001 in
3258 4949 3435 5017 primo
3462 4949 3765 5002 certamine
3811 4949 3997 5017 viginti
4046 4951 4152 5005 duo
4184 4952 4349 5004 millia
4382 4953 4449 5006 (ἑο

2849 5041 3132 5104 lsraelitis,
3167 5040 3220 5093 in
3274 5040 3513 5094 secundo
3563 5057 3693 5097 vero
3742 5042 3928 5097 decem
3981 5051 4035 5096 et
4090 5053 4212 5096 octo
4279 5043 4445 5096 millia

2851 5133 3186 5187 ceciderunt.
3262 5131 3402 5199 Quid
3482 5132 3648 5203 igitur
3734 5133 3789 5186 in
3873 5132 3960 5187 his
4038 5133 4445 5204 intelligendum

2852 5234 2973 5290 est,
3040 5225 3168 5294 quid
3227 5225 3607 5286 sentiendum.
3666 5225 3771 5278 nisi
3821 5225 3947 5294 quia
4006 5226 4156 5294 prius
4218 5227 4445 5280 curandi

2853 5331 2978 5374 sunt
3022 5335 3050 5371 a
3084 5328 3298 5372 tumore
3333 5319 3532 5388 preprii
3588 5317 3829 5373 vulneris
3869 5318 3962 5387 qui
4013 5317 4181 5372 ferire
4228 5317 4447 5372 morbos

2851 5410 3046 5466 aliena:
3089 5414 3328 5481 gestiunt
3373 5409 3678 5480 pravitatis,
3728 5418 3786 5463 ut
3818 5409 3916 5478 ipsi
3962 5407 4077 5476 jam
4131 5409 4317 5462 tuundi
4349 5426 4448 5478 per

2849 5503 3112 5557 ultionem
3169 5501 3370 5557 suimet
3436 5503 3655 5557 veniant
3716 5494 3806 5571 qiii
3873 5501 4102 5556 aliorum
4157 5512 4444 5571 percutere

2849 5611 3013 5668 prava
3048 5597 3338 5659 festinant,
3377 5595 3519 5651 sicut
3557 5596 3609 5650 in
3657 5594 3951 5664 Evangelio
3985 5595 4182 5650 dicitur
4233 5613 4244 5648 :
4287 5613 4304 5645 ι
4341 5595 4445 5662 Qui

2850 5689 2970 5744 sine
3018 5697 3246 5759 peccato
3280 5698 3362 5744 est
3409 5696 3646 5743 vestrum
3728 5687 3880 5756 prius
3923 5687 3976 5742 in
4012 5685 4158 5740 illam
4209 5687 4444 5758 lapidem

2853 5781 3072 5838 mittat?
3103 5801 3120 5834 ι
3156 5780 3336 5852 (Joan.
3367 5781 3514 5852 vttt.)
3539 5779 3691 5836 Uttdc
3722 5790 3871 5836 recte
3891 5793 4015 5836 cum
4049 5780 4122 5836 illi
4159 5781 4447 5838 hominum
