  <div class='ocr_page' id='page_1' title='image "/cluster/home/n/w/nwhite01/storage/ocr_20150623/144-145/uc1.31175001639262/1085.png"; bbox 0 0 5904 6658; ppageno 0'>
   <div class='ocr_carea' id='block_1_1' title="bbox 1583 418 1716 474">
    <p class='ocr_par' dir='ltr' id='par_1_1' title="bbox 1583 418 1716 474">
     <span class='ocr_line' id='line_1_1' title="bbox 1583 418 1716 474; baseline -0.023 0"><span class='ocrx_word' id='word_1_1' title='bbox 1583 418 1716 474; x_wconf 68' lang='grc'><strong>1091</strong></span> 
     </span>
    </p>
   </div>
   <div class='ocr_carea' id='block_1_2' title="bbox 2477 409 3952 468">
    <p class='ocr_par' dir='ltr' id='par_1_2' title="bbox 2477 409 3952 468">
     <span class='ocr_line' id='line_1_2' title="bbox 2477 409 3952 468; baseline -0.003 0"><span class='ocrx_word' id='word_1_2' title='bbox 2477 409 2968 468; x_wconf 73' lang='lat' dir='ltr'><strong>COLLECTANEA</strong></span> <span class='ocrx_word' id='word_1_3' title='bbox 3031 409 3096 464; x_wconf 77' lang='lat' dir='ltr'><strong>IN</strong></span> <span class='ocrx_word' id='word_1_4' title='bbox 3139 410 3364 466; x_wconf 79' lang='lat' dir='ltr'><strong>VETUS</strong></span> <span class='ocrx_word' id='word_1_5' title='bbox 3406 411 3952 468; x_wconf 74' lang='lat' dir='ltr'><strong>TESTAMENTUM.</strong></span> 
     </span>
    </p>
   </div>
   <div class='ocr_carea' id='block_1_3' title="bbox 4711 415 4813 470">
    <p class='ocr_par' dir='ltr' id='par_1_3' title="bbox 4711 415 4813 470">
     <span class='ocr_line' id='line_1_3' title="bbox 4711 415 4813 470; baseline 0.02 -2"><span class='ocrx_word' id='word_1_6' title='bbox 4711 415 4813 470; x_wconf 67' lang='lat' dir='ltr'><strong>i093</strong></span> 
     </span>
    </p>
   </div>
   <div class='ocr_carea' id='block_1_4' title="bbox 1581 530 4810 603">
    <p class='ocr_par' dir='ltr' id='par_1_4' title="bbox 1581 530 4810 603">
     <span class='ocr_line' id='line_1_4' title="bbox 1581 530 4810 603; baseline 0.001 -19"><span class='ocrx_word' id='word_1_7' title='bbox 1581 531 1927 586; x_wconf 70' lang='lat' dir='ltr'><strong>consulentes</strong></span> <span class='ocrx_word' id='word_1_8' title='bbox 1961 532 2180 586; x_wconf 87' lang='lat' dir='ltr'><strong>dicunt:</strong></span> <span class='ocrx_word' id='word_1_9' title='bbox 2224 549 2239 580; x_wconf 75' lang='grc' dir='ltr'>ι</span> <span class='ocrx_word' id='word_1_10' title='bbox 2278 530 2408 596; x_wconf 87' lang='lat' dir='ltr'><strong>Quis</strong></span> <span class='ocrx_word' id='word_1_11' title='bbox 2452 532 2556 585; x_wconf 88' lang='lat' dir='ltr'><strong>erit</strong></span> <span class='ocrx_word' id='word_1_12' title='bbox 2603 532 2653 584; x_wconf 92' lang='lat' dir='ltr'><strong>in</strong></span> <span class='ocrx_word' id='word_1_13' title='bbox 2685 533 2926 584; x_wconf 76' lang='lat' dir='ltr'><strong>exercitu</strong></span> <span class='ocrx_word' id='word_1_14' title='bbox 2974 540 3161 585; x_wconf 90' lang='lat' dir='ltr'><strong>nostro</strong></span> <span class='ocrx_word' id='word_1_15' title='bbox 3190 531 3426 599; x_wconf 71' lang='lat' dir='ltr'><strong>Ajudex</strong></span> <span class='ocrx_word' id='word_1_16' title='bbox 3478 533 3857 595; x_wconf 86' lang='lat' dir='ltr'><strong>constituitur,</strong></span> <span class='ocrx_word' id='word_1_17' title='bbox 3892 540 3952 586; x_wconf 92' lang='lat' dir='ltr'><strong>ut</strong></span> <span class='ocrx_word' id='word_1_18' title='bbox 4001 531 4252 586; x_wconf 85' lang='lat' dir='ltr'><strong>nimirum</strong></span> <span class='ocrx_word' id='word_1_19' title='bbox 4303 535 4455 603; x_wconf 85' lang='lat' dir='ltr'><strong>prius</strong></span> <span class='ocrx_word' id='word_1_20' title='bbox 4493 547 4594 603; x_wconf 86' lang='lat' dir='ltr'><strong>per</strong></span> <span class='ocrx_word' id='word_1_21' title='bbox 4641 533 4810 587; x_wconf 62' lang='lat' dir='ltr'><strong>confes</strong></span> 
     </span>
    </p>
   </div>
   <div class='ocr_carea' id='block_1_5' title="bbox 1580 621 3160 692">
    <p class='ocr_par' dir='ltr' id='par_1_5' title="bbox 1580 621 3160 692">
     <span class='ocr_line' id='line_1_5' title="bbox 1580 621 3160 692; baseline 0.002 -19"><span class='ocrx_word' id='word_1_22' title='bbox 1580 622 1835 691; x_wconf 82' lang='lat' dir='ltr'><strong>princeps</strong></span> <span class='ocrx_word' id='word_1_23' title='bbox 1861 623 2170 676; x_wconf 77' lang='lat' dir='ltr'><strong>certaminis</strong></span> <span class='ocrx_word' id='word_1_24' title='bbox 2197 632 2381 676; x_wconf 88' lang='lat' dir='ltr'><strong>contra</strong></span> <span class='ocrx_word' id='word_1_25' title='bbox 2412 621 2688 689; x_wconf 76' lang='lat' dir='ltr'><strong>Beniamin</strong></span> <span class='ocrx_word' id='word_1_26' title='bbox 2720 623 2893 678; x_wconf 81' lang='lat' dir='ltr'><strong>ﬁlios?</strong></span> <span class='ocrx_word' id='word_1_27' title='bbox 2916 623 3160 692; x_wconf 80' lang='lat' dir='ltr'><strong>Respon-</strong></span> 
     </span>
    </p>
   </div>
   <div class='ocr_carea' id='block_1_6' title="bbox 1581 708 3156 781">
    <p class='ocr_par' dir='ltr' id='par_1_6' title="bbox 1581 708 3156 781">
     <span class='ocr_line' id='line_1_6' title="bbox 1581 708 3156 781; baseline 0.002 -19"><span class='ocrx_word' id='word_1_28' title='bbox 1581 709 1659 762; x_wconf 90' lang='lat' dir='ltr'><strong>dit</strong></span> <span class='ocrx_word' id='word_1_29' title='bbox 1692 727 1702 760; x_wconf 92' lang='lat'><strong>:</strong></span> <span class='ocrx_word' id='word_1_30' title='bbox 1733 708 1897 764; x_wconf 81' lang='lat' dir='ltr'><strong>Judas</strong></span> <span class='ocrx_word' id='word_1_31' title='bbox 1942 711 2014 764; x_wconf 93' lang='lat' dir='ltr'><strong>sit</strong></span> <span class='ocrx_word' id='word_1_32' title='bbox 2064 711 2167 763; x_wconf 77' lang='lat' dir='ltr'><strong>dux</strong></span> <span class='ocrx_word' id='word_1_33' title='bbox 2219 721 2397 764; x_wconf 80' lang='lat' dir='ltr'><strong>vester</strong></span> <span class='ocrx_word' id='word_1_34' title='bbox 2437 711 2587 780; x_wconf 88' lang='lat' dir='ltr'><strong>(Jud.</strong></span> <span class='ocrx_word' id='word_1_35' title='bbox 2633 712 2746 781; x_wconf 78' lang='lat' dir='ltr'><strong>xx).</strong></span> <span class='ocrx_word' id='word_1_36' title='bbox 2787 732 2803 763; x_wconf 73' lang='grc' dir='ltr'><strong><em>ι</em></strong></span> <span class='ocrx_word' id='word_1_37' title='bbox 2839 713 2971 776; x_wconf 90' lang='lat' dir='ltr'><strong>Quia</strong></span> <span class='ocrx_word' id='word_1_38' title='bbox 3012 713 3156 766; x_wconf 87' lang='lat' dir='ltr'><strong>enim</strong></span> 
     </span>
    </p>
   </div>
   <div class='ocr_carea' id='block_1_7' title="bbox 1580 798 3155 870">
    <p class='ocr_par' dir='ltr' id='par_1_7' title="bbox 1580 798 3155 870">
     <span class='ocr_line' id='line_1_7' title="bbox 1580 798 3155 870; baseline 0.003 -21"><span class='ocrx_word' id='word_1_39' title='bbox 1580 798 1745 851; x_wconf 77' lang='lat' dir='ltr'><strong>Judas</strong></span> <span class='ocrx_word' id='word_1_40' title='bbox 1774 800 2033 868; x_wconf 74' lang='lat' dir='ltr'><strong>confessio</strong></span> <span class='ocrx_word' id='word_1_41' title='bbox 2078 801 2482 870; x_wconf 85' lang='lat' dir='ltr'><strong>interpretatur,</strong></span> <span class='ocrx_word' id='word_1_42' title='bbox 2518 812 2667 856; x_wconf 88' lang='lat' dir='ltr'><strong>recte</strong></span> <span class='ocrx_word' id='word_1_43' title='bbox 2713 801 2817 856; x_wconf 80' lang='lat' dir='ltr'><strong>dux</strong></span> <span class='ocrx_word' id='word_1_44' title='bbox 2859 803 3001 856; x_wconf 89' lang='lat' dir='ltr'><strong>illius</strong></span> <span class='ocrx_word' id='word_1_45' title='bbox 3034 802 3155 857; x_wconf 81' lang='lat' dir='ltr'><strong>belli</strong></span> 
     </span>
    </p>
   </div>
   <div class='ocr_carea' id='block_1_8' title="bbox 3270 620 4810 692">
    <p class='ocr_par' dir='ltr' id='par_1_8' title="bbox 3270 620 4810 692">
     <span class='ocr_line' id='line_1_8' title="bbox 3270 620 4810 692; baseline 0.001 -18"><span class='ocrx_word' id='word_1_46' title='bbox 3270 623 3476 674; x_wconf 87' lang='lat' dir='ltr'><strong>sionem</strong></span> <span class='ocrx_word' id='word_1_47' title='bbox 3517 621 3733 690; x_wconf 82' lang='lat' dir='ltr'><strong>prepria</strong></span> <span class='ocrx_word' id='word_1_48' title='bbox 3777 620 4029 674; x_wconf 89' lang='lat' dir='ltr'><strong>studeant</strong></span> <span class='ocrx_word' id='word_1_49' title='bbox 4072 633 4246 675; x_wconf 66' lang='lat' dir='ltr'><strong>errata</strong></span> <span class='ocrx_word' id='word_1_50' title='bbox 4276 623 4575 692; x_wconf 83' lang='lat' dir='ltr'><strong>corrigere,</strong></span> <span class='ocrx_word' id='word_1_51' title='bbox 4602 623 4689 692; x_wconf 81' lang='lat' dir='ltr'><strong>qui</strong></span> <span class='ocrx_word' id='word_1_52' title='bbox 4719 622 4810 677; x_wconf 83' lang='lat' dir='ltr'><strong>aliis</strong></span> 
     </span>
    </p>
   </div>
   <div class='ocr_carea' id='block_1_9' title="bbox 3269 713 4479 772">
    <p class='ocr_par' dir='ltr' id='par_1_9' title="bbox 3269 713 4479 772">
     <span class='ocr_line' id='line_1_9' title="bbox 3269 713 4479 772; baseline 0.003 -7"><span class='ocrx_word' id='word_1_53' title='bbox 3269 713 3454 766; x_wconf 87' lang='lat' dir='ltr'><strong>volunt</strong></span> <span class='ocrx_word' id='word_1_54' title='bbox 3482 728 3723 768; x_wconf 88' lang='lat' dir='ltr'><strong>errorem</strong></span> <span class='ocrx_word' id='word_1_55' title='bbox 3755 713 4132 768; x_wconf 90' lang='lat' dir='ltr'><strong>conﬁtentibus</strong></span> <span class='ocrx_word' id='word_1_56' title='bbox 4166 714 4479 772; x_wconf 85' lang='lat' dir='ltr'><strong>subvenire.</strong></span> 
     </span>
    </p>
   </div>
   <div class='ocr_carea' id='block_1_10' title="bbox 2671 911 3746 984">
    <p class='ocr_par' dir='ltr' id='par_1_10' title="bbox 2671 911 3746 984">
     <span class='ocr_line' id='line_1_10' title="bbox 2671 911 3746 984; baseline -0.006 -14"><span class='ocrx_word' id='word_1_57' title='bbox 2671 915 2973 984; x_wconf 73' lang='lat' dir='ltr'><strong>Ezpliciunt</strong></span> <span class='ocrx_word' id='word_1_58' title='bbox 3004 914 3300 968; x_wconf 83' lang='lat' dir='ltr'><strong>testimonia</strong></span> <span class='ocrx_word' id='word_1_59' title='bbox 3333 912 3451 965; x_wconf 86' lang='lat' dir='ltr'><strong>libri</strong></span> <span class='ocrx_word' id='word_1_60' title='bbox 3477 911 3746 964; x_wconf 86' lang='lat' dir='ltr'><strong>Judicum.</strong></span> 
     </span>
    </p>
   </div>
   <div class='ocr_carea' id='block_1_11' title="bbox 2471 987 3954 1080">
    <p class='ocr_par' dir='ltr' id='par_1_11' title="bbox 2471 987 3954 1080">
     <span class='ocr_line' id='line_1_11' title="bbox 2471 987 3954 1080; baseline -0.005 -1"><span class='ocrx_word' id='word_1_61' title='bbox 2471 1024 2812 1080; x_wconf 76' lang='lat' dir='ltr'><strong>INCIPIUNT</strong></span> <span class='ocrx_word' id='word_1_62' title='bbox 2852 1023 3194 1077; x_wconf 76' lang='lat' dir='ltr'><strong>CAPITULA</strong></span> <span class='ocrx_word' id='word_1_63' title='bbox 3243 1021 3421 1076; x_wconf 82' lang='lat' dir='ltr'>LIBRI</span> <span class='ocrx_word' id='word_1_64' title='bbox 3467 1019 3655 1074; x_wconf 69' lang='lat' dir='ltr'><strong>PRM&quot;</strong></span> <span class='ocrx_word' id='word_1_65' title='bbox 3693 987 3954 1075; x_wconf 67' lang='lat' dir='ltr'><strong>HEGUM.</strong></span> 
     </span>
    </p>
   </div>
   <div class='ocr_carea' id='block_1_12' title="bbox 1647 1135 3241 1206">
    <p class='ocr_par' dir='ltr' id='par_1_12' title="bbox 1647 1135 3241 1206">
     <span class='ocr_line' id='line_1_12' title="bbox 1647 1135 3241 1206; baseline -0.004 -16"><span class='ocrx_word' id='word_1_66' title='bbox 1647 1139 1699 1190; x_wconf 76' lang='grc'><strong>1.</strong></span> <span class='ocrx_word' id='word_1_67' title='bbox 1744 1137 1820 1190; x_wconf 90' lang='lat' dir='ltr'><strong>De</strong></span> <span class='ocrx_word' id='word_1_68' title='bbox 1854 1137 2005 1200; x_wconf 83' lang='lat' dir='ltr'><strong>&quot;eli,</strong></span> <span class='ocrx_word' id='word_1_69' title='bbox 2039 1140 2126 1206; x_wconf 89' lang='lat' dir='ltr'><strong>qui</strong></span> <span class='ocrx_word' id='word_1_70' title='bbox 2150 1139 2378 1206; x_wconf 68' lang='lat' dir='ltr'><strong>ﬁliorum</strong></span> <span class='ocrx_word' id='word_1_71' title='bbox 2410 1145 2618 1204; x_wconf 84' lang='lat' dir='ltr'><strong>peccata</strong></span> <span class='ocrx_word' id='word_1_72' title='bbox 2651 1153 2754 1188; x_wconf 85' lang='lat' dir='ltr'><strong>non</strong></span> <span class='ocrx_word' id='word_1_73' title='bbox 2785 1136 2937 1203; x_wconf 81' lang='lat' dir='ltr'><strong>digne</strong></span> <span class='ocrx_word' id='word_1_74' title='bbox 2967 1135 3241 1206; x_wconf 75' lang='lat' dir='ltr'><strong>corripuit.</strong></span> 
     </span>
    </p>
   </div>
   <div class='ocr_carea' id='block_1_13' title="bbox 1646 1200 4801 1274">
    <p class='ocr_par' dir='ltr' id='par_1_13' title="bbox 1646 1200 4801 1274">
     <span class='ocr_line' id='line_1_13' title="bbox 1646 1200 4801 1274; baseline 0 -14"><span class='ocrx_word' id='word_1_75' title='bbox 1646 1208 1700 1260; x_wconf 73' lang='grc'><strong>2.</strong></span> <span class='ocrx_word' id='word_1_76' title='bbox 1747 1208 1921 1271; x_wconf 80' lang='lat' dir='ltr'><strong>Quod.</strong></span> <span class='ocrx_word' id='word_1_77' title='bbox 1957 1200 2078 1261; x_wconf 79' lang='lat' dir='ltr'><strong>dunt</strong></span> <span class='ocrx_word' id='word_1_78' title='bbox 2113 1200 2245 1261; x_wconf 83' lang='lat' dir='ltr'><strong>cires</strong></span> <span class='ocrx_word' id='word_1_79' title='bbox 2274 1200 2431 1260; x_wconf 77' lang='lat' dir='ltr'><strong>labes</strong></span> <span class='ocrx_word' id='word_1_80' title='bbox 2465 1206 2672 1260; x_wconf 85' lang='lat' dir='ltr'><strong>Gulaad</strong></span> <span class='ocrx_word' id='word_1_81' title='bbox 2703 1200 2871 1273; x_wconf 74' lang='lat' dir='ltr'><strong>[tedas</strong></span> <span class='ocrx_word' id='word_1_82' title='bbox 2900 1206 2962 1256; x_wconf 93' lang='lat' dir='ltr'><strong>ab</strong></span> <span class='ocrx_word' id='word_1_83' title='bbox 2995 1200 3117 1256; x_wconf 70' lang='lat' dir='ltr'><strong>Nati</strong></span> <span class='ocrx_word' id='word_1_84' title='bbox 3141 1205 3456 1274; x_wconf 82' lang='lat' dir='ltr'><strong>Ammonitc,</strong></span> <span class='ocrx_word' id='word_1_85' title='bbox 3482 1203 3569 1274; x_wconf 85' lang='lat' dir='ltr'><strong>qui</strong></span> <span class='ocrx_word' id='word_1_86' title='bbox 3600 1218 3713 1254; x_wconf 88' lang='lat' dir='ltr'><strong>eam</strong></span> <span class='ocrx_word' id='word_1_87' title='bbox 3741 1200 4026 1266; x_wconf 72' lang='lat' dir='ltr'><strong>obsidebat,</strong></span> <span class='ocrx_word' id='word_1_88' title='bbox 4056 1211 4366 1270; x_wconf 78' lang='lat' dir='ltr'><strong>expeterent,</strong></span> <span class='ocrx_word' id='word_1_89' title='bbox 4395 1201 4543 1256; x_wconf 83' lang='lat' dir='ltr'><strong>Naas</strong></span> <span class='ocrx_word' id='word_1_90' title='bbox 4571 1211 4801 1274; x_wconf 70' lang='lat' dir='ltr'><strong>respondit</strong></span> 
     </span>
    </p>
   </div>
   <div class='ocr_carea' id='block_1_14' title="bbox 1815 1273 3755 1343">
    <p class='ocr_par' dir='ltr' id='par_1_14' title="bbox 1815 1273 3755 1343">
     <span class='ocr_line' id='line_1_14' title="bbox 1815 1273 3755 1343; baseline -0.003 -16"><span class='ocrx_word' id='word_1_91' title='bbox 1815 1280 1866 1330; x_wconf 86' lang='lat' dir='ltr'><strong>in</strong></span> <span class='ocrx_word' id='word_1_92' title='bbox 1897 1281 1991 1329; x_wconf 80' lang='lat' dir='ltr'><strong>hoc</strong></span> <span class='ocrx_word' id='word_1_93' title='bbox 2020 1295 2072 1329; x_wconf 88' lang='lat' dir='ltr'><strong>se</strong></span> <span class='ocrx_word' id='word_1_94' title='bbox 2101 1295 2215 1329; x_wconf 85' lang='lat' dir='ltr'><strong>cum</strong></span> <span class='ocrx_word' id='word_1_95' title='bbox 2243 1280 2315 1329; x_wconf 82' lang='lat' dir='ltr'><strong>eis</strong></span> <span class='ocrx_word' id='word_1_96' title='bbox 2343 1277 2498 1343; x_wconf 82' lang='lat' dir='ltr'><strong>ferire</strong></span> <span class='ocrx_word' id='word_1_97' title='bbox 2528 1276 2718 1343; x_wconf 74' lang='lat' dir='ltr'><strong>fcedus,</strong></span> <span class='ocrx_word' id='word_1_98' title='bbox 2745 1285 2799 1326; x_wconf 88' lang='lat' dir='ltr'><strong>ut</strong></span> <span class='ocrx_word' id='word_1_99' title='bbox 2838 1286 3038 1326; x_wconf 82' lang='lat' dir='ltr'><strong>erueret</strong></span> <span class='ocrx_word' id='word_1_100' title='bbox 3068 1275 3296 1326; x_wconf 85' lang='lat' dir='ltr'><strong>omnium</strong></span> <span class='ocrx_word' id='word_1_101' title='bbox 3326 1273 3501 1324; x_wconf 88' lang='lat' dir='ltr'><strong>oculos</strong></span> <span class='ocrx_word' id='word_1_102' title='bbox 3527 1273 3755 1323; x_wconf 71' lang='lat' dir='ltr'><strong>dextros.</strong></span> 
     </span>
    </p>
   </div>
   <div class='ocr_carea' id='block_1_15' title="bbox 1647 1340 4530 1412">
    <p class='ocr_par' dir='ltr' id='par_1_15' title="bbox 1647 1340 4530 1412">
     <span class='ocr_line' id='line_1_15' title="bbox 1647 1340 4530 1412; baseline 0 -14"><span class='ocrx_word' id='word_1_103' title='bbox 1647 1345 1702 1398; x_wconf 80' lang='grc'><strong>5.</strong></span> <span class='ocrx_word' id='word_1_104' title='bbox 1745 1344 1917 1398; x_wconf 78' lang='lat' dir='ltr'><strong>Filius</strong></span> <span class='ocrx_word' id='word_1_105' title='bbox 1944 1349 2096 1398; x_wconf 85' lang='lat' dir='ltr'><strong>unius</strong></span> <span class='ocrx_word' id='word_1_106' title='bbox 2122 1347 2244 1398; x_wconf 88' lang='lat' dir='ltr'><strong>anni</strong></span> <span class='ocrx_word' id='word_1_107' title='bbox 2268 1340 2376 1397; x_wconf 76' lang='lat' dir='ltr'><strong>erat</strong></span> <span class='ocrx_word' id='word_1_108' title='bbox 2411 1340 2564 1408; x_wconf 76' lang='lat' dir='ltr'><strong>Saul,</strong></span> <span class='ocrx_word' id='word_1_109' title='bbox 2598 1361 2713 1397; x_wconf 84' lang='lat' dir='ltr'><strong>cum</strong></span> <span class='ocrx_word' id='word_1_110' title='bbox 2741 1361 2957 1412; x_wconf 84' lang='lat' dir='ltr'><strong>regnare</strong></span> <span class='ocrx_word' id='word_1_111' title='bbox 2986 1344 3217 1409; x_wconf 70' lang='lat' dir='ltr'><strong>cmpisset</strong></span> <span class='ocrx_word' id='word_1_112' title='bbox 3249 1354 3266 1391; x_wconf 90' lang='lat'><strong><em>:</em></strong></span> <span class='ocrx_word' id='word_1_113' title='bbox 3301 1345 3502 1392; x_wconf 57' lang='lat' dir='ltr'><strong>(.Qobus</strong></span> <span class='ocrx_word' id='word_1_114' title='bbox 3528 1351 3703 1412; x_wconf 80' lang='lat' dir='ltr'><strong>autem</strong></span> <span class='ocrx_word' id='word_1_115' title='bbox 3730 1340 3882 1393; x_wconf 85' lang='lat' dir='ltr'><strong>annis</strong></span> <span class='ocrx_word' id='word_1_116' title='bbox 3915 1342 4140 1412; x_wconf 70' lang='lat' dir='ltr'><strong>regnarit</strong></span> <span class='ocrx_word' id='word_1_117' title='bbox 4171 1358 4322 1410; x_wconf 90' lang='lat' dir='ltr'><strong>super</strong></span> <span class='ocrx_word' id='word_1_118' title='bbox 4342 1340 4530 1398; x_wconf 81' lang='lat' dir='ltr'><strong>Israel.</strong></span> 
     </span>
    </p>
   </div>
   <div class='ocr_carea' id='block_1_16' title="bbox 1642 1409 4289 1483">
    <p class='ocr_par' dir='ltr' id='par_1_16' title="bbox 1642 1409 4289 1483">
     <span class='ocr_line' id='line_1_16' title="bbox 1642 1409 4289 1483; baseline -0.002 -17"><span class='ocrx_word' id='word_1_119' title='bbox 1642 1415 1696 1466; x_wconf 74' lang='grc'><strong>4.</strong></span> <span class='ocrx_word' id='word_1_120' title='bbox 1743 1413 1893 1478; x_wconf 82' lang='lat' dir='ltr'><strong>Quod</strong></span> <span class='ocrx_word' id='word_1_121' title='bbox 1926 1433 2043 1468; x_wconf 87' lang='lat' dir='ltr'><strong>cum</strong></span> <span class='ocrx_word' id='word_1_122' title='bbox 2077 1415 2208 1469; x_wconf 82' lang='lat' dir='ltr'><strong>Saul</strong></span> <span class='ocrx_word' id='word_1_123' title='bbox 2242 1432 2455 1483; x_wconf 73' lang='lat' dir='ltr'><strong>regnare</strong></span> <span class='ocrx_word' id='word_1_124' title='bbox 2485 1415 2653 1481; x_wconf 65' lang='lat' dir='ltr'><strong>capit,</strong></span> <span class='ocrx_word' id='word_1_125' title='bbox 2685 1409 2832 1483; x_wconf 69' lang='lat' dir='ltr'><strong>faber</strong></span> <span class='ocrx_word' id='word_1_126' title='bbox 2861 1413 3114 1483; x_wconf 79' lang='lat' dir='ltr'><strong>ferrarius</strong></span> <span class='ocrx_word' id='word_1_127' title='bbox 3153 1428 3255 1483; x_wconf 84' lang='lat' dir='ltr'><strong>uau</strong></span> <span class='ocrx_word' id='word_1_128' title='bbox 3296 1413 3648 1483; x_wconf 72' lang='lat' dir='ltr'><strong>inveniebatur</strong></span> <span class='ocrx_word' id='word_1_129' title='bbox 3685 1409 3738 1460; x_wconf 80' lang='lat' dir='ltr'><strong>in</strong></span> <span class='ocrx_word' id='word_1_130' title='bbox 3769 1413 3908 1462; x_wconf 85' lang='lat' dir='ltr'><strong>omni</strong></span> <span class='ocrx_word' id='word_1_131' title='bbox 3940 1422 4077 1483; x_wconf 85' lang='lat' dir='ltr'><strong>terra</strong></span> <span class='ocrx_word' id='word_1_132' title='bbox 4106 1409 4289 1483; x_wconf 84' lang='lat' dir='ltr'><strong>Israel.</strong></span> 
     </span>
    </p>
   </div>
   <div class='ocr_carea' id='block_1_17' title="bbox 1647 1480 4801 1551">
    <p class='ocr_par' dir='ltr' id='par_1_17' title="bbox 1647 1480 4801 1551">
     <span class='ocr_line' id='line_1_17' title="bbox 1647 1480 4801 1551; baseline 0.002 -14"><span class='ocrx_word' id='word_1_133' title='bbox 1647 1484 1700 1537; x_wconf 82' lang='grc'><strong>5.</strong></span> <span class='ocrx_word' id='word_1_134' title='bbox 1744 1484 1822 1536; x_wconf 88' lang='lat' dir='ltr'><strong>De</strong></span> <span class='ocrx_word' id='word_1_135' title='bbox 1862 1484 2038 1538; x_wconf 83' lang='lat' dir='ltr'><strong>Merob</strong></span> <span class='ocrx_word' id='word_1_136' title='bbox 2065 1496 2110 1536; x_wconf 89' lang='lat' dir='ltr'><strong>et</strong></span> <span class='ocrx_word' id='word_1_137' title='bbox 2144 1480 2356 1546; x_wconf 59' lang='lat' dir='ltr'><strong>illic/tat,</strong></span> <span class='ocrx_word' id='word_1_138' title='bbox 2380 1485 2590 1551; x_wconf 79' lang='lat' dir='ltr'><strong>ﬁliabus</strong></span> <span class='ocrx_word' id='word_1_139' title='bbox 2624 1480 2780 1546; x_wconf 75' lang='grc' dir='ltr'><strong>δααι,</strong></span> <span class='ocrx_word' id='word_1_140' title='bbox 2807 1499 2938 1551; x_wconf 85' lang='lat' dir='ltr'><strong>quas</strong></span> <span class='ocrx_word' id='word_1_141' title='bbox 2965 1482 3051 1534; x_wconf 83' lang='lat' dir='ltr'><strong>ille</strong></span> <span class='ocrx_word' id='word_1_142' title='bbox 3077 1481 3344 1548; x_wconf 71' lang='lat' dir='ltr'><strong>{wderauit</strong></span> <span class='ocrx_word' id='word_1_143' title='bbox 3371 1480 3540 1532; x_wconf 72' lang='lat' dir='ltr'><strong>David</strong></span> <span class='ocrx_word' id='word_1_144' title='bbox 3573 1482 3627 1532; x_wconf 84' lang='lat' dir='ltr'><strong>in</strong></span> <span class='ocrx_word' id='word_1_145' title='bbox 3657 1496 3878 1543; x_wconf 76' lang='lat' dir='ltr'><strong>uxores;</strong></span> <span class='ocrx_word' id='word_1_146' title='bbox 3911 1482 3999 1532; x_wconf 82' lang='lat' dir='ltr'><strong>sed</strong></span> <span class='ocrx_word' id='word_1_147' title='bbox 4027 1497 4130 1532; x_wconf 85' lang='lat' dir='ltr'><strong>una</strong></span> <span class='ocrx_word' id='word_1_148' title='bbox 4154 1482 4437 1549; x_wconf 73' lang='lat' dir='ltr'><strong>subtracta,</strong></span> <span class='ocrx_word' id='word_1_149' title='bbox 4467 1481 4682 1540; x_wconf 81' lang='lat' dir='ltr'><strong>alterum</strong></span> <span class='ocrx_word' id='word_1_150' title='bbox 4721 1489 4801 1541; x_wconf 84' lang='lat' dir='ltr'><strong>sibi</strong></span> 
     </span>
    </p>
   </div>
   <div class='ocr_carea' id='block_1_18' title="bbox 1811 1555 2536 1622">
    <p class='ocr_par' dir='ltr' id='par_1_18' title="bbox 1811 1555 2536 1622">
     <span class='ocr_line' id='line_1_18' title="bbox 1811 1555 2536 1622; baseline -0.003 -16"><span class='ocrx_word' id='word_1_151' title='bbox 1811 1555 1978 1606; x_wconf 70' lang='lat' dir='ltr'><strong>David</strong></span> <span class='ocrx_word' id='word_1_152' title='bbox 2007 1570 2216 1606; x_wconf 73' lang='lat' dir='ltr'><strong>uxorem</strong></span> <span class='ocrx_word' id='word_1_153' title='bbox 2245 1555 2536 1622; x_wconf 66' lang='lat' dir='ltr'><strong>conjunxit.</strong></span> 
     </span>
    </p>
   </div>
   <div class='ocr_carea' id='block_1_19' title="bbox 1645 1614 4212 1692">
    <p class='ocr_par' dir='ltr' id='par_1_19' title="bbox 1645 1614 4212 1692">
     <span class='ocr_line' id='line_1_19' title="bbox 1645 1614 4212 1692; baseline -0 -17"><span class='ocrx_word' id='word_1_154' title='bbox 1645 1623 1697 1676; x_wconf 88' lang='grc'><strong>6.</strong></span> <span class='ocrx_word' id='word_1_155' title='bbox 1743 1622 1894 1692; x_wconf 82' lang='lat' dir='ltr'><strong>Quod</strong></span> <span class='ocrx_word' id='word_1_156' title='bbox 1923 1623 2110 1683; x_wconf 82' lang='lat' dir='ltr'><strong>David,</strong></span> <span class='ocrx_word' id='word_1_157' title='bbox 2143 1641 2173 1674; x_wconf 91' lang='lat' dir='ltr'><strong>a</strong></span> <span class='ocrx_word' id='word_1_158' title='bbox 2206 1614 2504 1692; x_wconf 54' lang='lat' dir='ltr'><strong>[acie&#39;regis</strong></span> <span class='ocrx_word' id='word_1_159' title='bbox 2536 1622 2666 1676; x_wconf 84' lang='lat' dir='ltr'><strong>Saul</strong></span> <span class='ocrx_word' id='word_1_160' title='bbox 2689 1623 2915 1692; x_wconf 75' lang='lat' dir='ltr'><strong>fugiens,</strong></span> <span class='ocrx_word' id='word_1_161' title='bbox 2946 1636 3121 1692; x_wconf 72' lang='lat' dir='ltr'><strong>coram</strong></span> <span class='ocrx_word' id='word_1_162' title='bbox 3153 1620 3308 1692; x_wconf 66' lang='lat' dir='ltr'><strong>Acbis</strong></span> <span class='ocrx_word' id='word_1_163' title='bbox 3340 1634 3457 1692; x_wconf 80' lang='lat' dir='ltr'><strong>rege</strong></span> <span class='ocrx_word' id='word_1_164' title='bbox 3485 1614 3614 1670; x_wconf 79' lang='lat' dir='ltr'><strong>Getlt</strong></span> <span class='ocrx_word' id='word_1_165' title='bbox 3653 1635 3704 1692; x_wconf 80' lang='lat' dir='ltr'><strong>se</strong></span> <span class='ocrx_word' id='word_1_166' title='bbox 3737 1618 3908 1692; x_wconf 78' lang='lat' dir='ltr'><strong>furere</strong></span> <span class='ocrx_word' id='word_1_167' title='bbox 3933 1617 4212 1692; x_wconf 75' lang='lat' dir='ltr'><strong>simulavit.</strong></span> 
     </span>
    </p>
   </div>
   <div class='ocr_carea' id='block_1_20' title="bbox 1643 1689 4421 1761">
    <p class='ocr_par' dir='ltr' id='par_1_20' title="bbox 1643 1689 4421 1761">
     <span class='ocr_line' id='line_1_20' title="bbox 1643 1689 4421 1761; baseline -0 -16"><span class='ocrx_word' id='word_1_168' title='bbox 1643 1693 1694 1745; x_wconf 89' lang='lat'><strong>7.</strong></span> <span class='ocrx_word' id='word_1_169' title='bbox 1739 1693 1815 1744; x_wconf 84' lang='lat' dir='ltr'><strong>De</strong></span> <span class='ocrx_word' id='word_1_170' title='bbox 1846 1691 2158 1761; x_wconf 80' lang='lat' dir='ltr'><strong>Pythonissa</strong></span> <span class='ocrx_word' id='word_1_171' title='bbox 2183 1708 2298 1761; x_wconf 68' lang='lat' dir='ltr'><strong>quia</strong></span> <span class='ocrx_word' id='word_1_172' title='bbox 2323 1689 2590 1761; x_wconf 80' lang='lat' dir='ltr'><strong>regiSaul</strong></span> <span class='ocrx_word' id='word_1_173' title='bbox 2619 1689 2871 1759; x_wconf 48' lang='lat' dir='ltr'><strong>bona&#39;pro</strong></span> <span class='ocrx_word' id='word_1_174' title='bbox 2899 1690 3053 1742; x_wconf 85' lang='lat' dir='ltr'><strong>malis</strong></span> <span class='ocrx_word' id='word_1_175' title='bbox 3079 1689 3299 1741; x_wconf 69' lang='lat' dir='ltr'><strong>reddens</strong></span> <span class='ocrx_word' id='word_1_176' title='bbox 3331 1689 3550 1740; x_wconf 76' lang='lat' dir='ltr'><strong>vitulum</strong></span> <span class='ocrx_word' id='word_1_177' title='bbox 3582 1689 3719 1742; x_wconf 77' lang='lat' dir='ltr'><strong>coxit</strong></span> <span class='ocrx_word' id='word_1_178' title='bbox 3758 1699 3805 1741; x_wconf 91' lang='lat' dir='ltr'><strong>et</strong></span> <span class='ocrx_word' id='word_1_179' title='bbox 3835 1689 4066 1742; x_wconf 84' lang='lat' dir='ltr'><strong>edulium</strong></span> <span class='ocrx_word' id='word_1_180' title='bbox 4093 1692 4421 1758; x_wconf 68' lang='lat' dir='ltr'><strong>praeparauit.</strong></span> 
     </span>
    </p>
   </div>
   <div class='ocr_carea' id='block_1_21' title="bbox 2908 1801 3503 1871">
    <p class='ocr_par' dir='ltr' id='par_1_21' title="bbox 2908 1801 3503 1871">
     <span class='ocr_line' id='line_1_21' title="bbox 2908 1801 3503 1871; baseline -0.002 -16"><span class='ocrx_word' id='word_1_181' title='bbox 2908 1801 3215 1871; x_wconf 77' lang='lat' dir='ltr'><strong>Expliciunt</strong></span> <span class='ocrx_word' id='word_1_182' title='bbox 3252 1801 3503 1870; x_wconf 84' lang='lat' dir='ltr'><strong>capitula.</strong></span> 
     </span>
    </p>
   </div>
   <div class='ocr_carea' id='block_1_22' title="bbox 1845 1953 4568 2048">
    <p class='ocr_par' dir='ltr' id='par_1_22' title="bbox 1845 1953 4568 2048">
     <span class='ocr_line' id='line_1_22' title="bbox 1845 1953 4568 2048; baseline -0.001 0"><span class='ocrx_word' id='word_1_183' title='bbox 1845 1959 2430 2048; x_wconf 80' lang='lat' dir='ltr'><strong>NCIPIUNT</strong></span> <span class='ocrx_word' id='word_1_184' title='bbox 2495 1953 3244 2045; x_wconf 88' lang='lat' dir='ltr'><strong>TESTIMONIA</strong></span> <span class='ocrx_word' id='word_1_185' title='bbox 3295 1954 3624 2041; x_wconf 82' lang='lat' dir='ltr'>LIBRI</span> <span class='ocrx_word' id='word_1_186' title='bbox 3706 1955 4053 2042; x_wconf 85' lang='lat' dir='ltr'><strong>PRIMI</strong></span> <span class='ocrx_word' id='word_1_187' title='bbox 4134 1955 4568 2047; x_wconf 81' lang='lat' dir='ltr'><strong>REGUM.</strong></span> 
     </span>
    </p>
   </div>
   <div class='ocr_carea' id='block_1_23' title="bbox 1891 2121 2843 2197">
    <p class='ocr_par' dir='ltr' id='par_1_23' title="bbox 1891 2121 2843 2197">
     <span class='ocr_line' id='line_1_23' title="bbox 1891 2121 2843 2197; baseline -0.015 -9"><span class='ocrx_word' id='word_1_188' title='bbox 1891 2126 2242 2197; x_wconf 71' lang='lat'><strong>181-182</strong></span> <span class='ocrx_word' id='word_1_189' title='bbox 2289 2122 2515 2178; x_wconf 81' lang='lat' dir='ltr'><strong>CAPUT</strong></span> <span class='ocrx_word' id='word_1_190' title='bbox 2555 2121 2843 2176; x_wconf 80' lang='lat' dir='ltr'><strong>PRIMUM.</strong></span> 
     </span>
    </p>
   </div>
   <div class='ocr_carea' id='block_1_24' title="bbox 1630 2231 3098 2314">
    <p class='ocr_par' dir='ltr' id='par_1_24' title="bbox 1630 2231 3098 2314">
     <span class='ocr_line' id='line_1_24' title="bbox 1630 2231 3098 2314; baseline -0.005 -23"><span class='ocrx_word' id='word_1_191' title='bbox 1630 2237 1696 2291; x_wconf 84' lang='lat' dir='ltr'><strong>lu</strong></span> <span class='ocrx_word' id='word_1_192' title='bbox 1725 2234 1943 2305; x_wconf 85' lang='lat' dir='ltr'><strong>epistola</strong></span> <span class='ocrx_word' id='word_1_193' title='bbox 1975 2235 2042 2288; x_wconf 84' lang='lat' dir='ltr'><strong>ad</strong></span> <span class='ocrx_word' id='word_1_194' title='bbox 2074 2232 2356 2314; x_wconf 70' lang='lat' dir='ltr'><strong>Nicolaum</strong></span> <span class='ocrx_word' id='word_1_195' title='bbox 2385 2247 2593 2300; x_wconf 84' lang='lat' dir='ltr'><strong>papam,</strong></span> <span class='ocrx_word' id='word_1_196' title='bbox 2628 2231 2692 2285; x_wconf 86' lang='lat' dir='ltr'><strong>de</strong></span> <span class='ocrx_word' id='word_1_197' title='bbox 2721 2232 3098 2284; x_wconf 82' lang='lat' dir='ltr'><strong>iucontiueutia</strong></span> 
     </span>
    </p>
   </div>
   <div class='ocr_carea' id='block_1_25' title="bbox 2165 2319 2544 2370">
    <p class='ocr_par' dir='ltr' id='par_1_25' title="bbox 2165 2319 2544 2370">
     <span class='ocr_line' id='line_1_25' title="bbox 2165 2319 2544 2370; baseline -0.003 -15"><span class='ocrx_word' id='word_1_198' title='bbox 2165 2319 2544 2370; x_wconf 72' lang='grc' dir='ltr'><strong>εριεοορονυηι.</strong></span> 
     </span>
    </p>
   </div>
   <div class='ocr_carea' id='block_1_26' title="bbox 1642 2391 3154 2464">
    <p class='ocr_par' dir='ltr' id='par_1_26' title="bbox 1642 2391 3154 2464">
     <span class='ocr_line' id='line_1_26' title="bbox 1642 2391 3154 2464; baseline -0.005 -14"><span class='ocrx_word' id='word_1_199' title='bbox 1642 2397 1784 2460; x_wconf 91' lang='lat' dir='ltr'><strong>lleli,</strong></span> <span class='ocrx_word' id='word_1_200' title='bbox 1817 2397 1907 2464; x_wconf 89' lang='lat' dir='ltr'><strong>qui</strong></span> <span class='ocrx_word' id='word_1_201' title='bbox 1934 2395 2164 2448; x_wconf 90' lang='lat' dir='ltr'><strong>ﬁliorum</strong></span> <span class='ocrx_word' id='word_1_202' title='bbox 2191 2403 2414 2461; x_wconf 79' lang='lat' dir='ltr'><strong>peccata</strong></span> <span class='ocrx_word' id='word_1_203' title='bbox 2443 2393 2715 2460; x_wconf 90' lang='lat' dir='ltr'><strong>cognovit,</strong></span> <span class='ocrx_word' id='word_1_204' title='bbox 2738 2393 2831 2445; x_wconf 88' lang='lat' dir='ltr'><strong>sed</strong></span> <span class='ocrx_word' id='word_1_205' title='bbox 2857 2406 2951 2445; x_wconf 91' lang='lat' dir='ltr'><strong>eos</strong></span> <span class='ocrx_word' id='word_1_206' title='bbox 2974 2391 3154 2444; x_wconf 87' lang='lat' dir='ltr'><strong>invec-</strong></span> 
     </span>
    </p>
   </div>
   <div class='ocr_carea' id='block_1_27' title="bbox 1567 2482 3154 2556">
    <p class='ocr_par' dir='ltr' id='par_1_27' title="bbox 1567 2482 3154 2556">
     <span class='ocr_line' id='line_1_27' title="bbox 1567 2482 3154 2556; baseline -0.006 -14"><span class='ocrx_word' id='word_1_207' title='bbox 1567 2491 1714 2543; x_wconf 88' lang='lat' dir='ltr'><strong>tione</strong></span> <span class='ocrx_word' id='word_1_208' title='bbox 1739 2504 1843 2556; x_wconf 87' lang='lat' dir='ltr'><strong>qua</strong></span> <span class='ocrx_word' id='word_1_209' title='bbox 1871 2487 2019 2556; x_wconf 79' lang='lat' dir='ltr'><strong>digiti</strong></span> <span class='ocrx_word' id='word_1_210' title='bbox 2043 2494 2201 2539; x_wconf 88' lang='lat' dir='ltr'><strong>erant</strong></span> <span class='ocrx_word' id='word_1_211' title='bbox 2220 2483 2482 2537; x_wconf 86' lang='lat' dir='ltr'><strong>acerrima</strong></span> <span class='ocrx_word' id='word_1_212' title='bbox 2509 2498 2612 2536; x_wconf 90' lang='lat' dir='ltr'><strong>non</strong></span> <span class='ocrx_word' id='word_1_213' title='bbox 2637 2483 2920 2551; x_wconf 88' lang='lat' dir='ltr'><strong>corripuit,</strong></span> <span class='ocrx_word' id='word_1_214' title='bbox 2948 2482 3154 2534; x_wconf 79' lang='lat' dir='ltr'><strong>eisdem</strong></span> 
     </span>
    </p>
   </div>
   <div class='ocr_carea' id='block_1_28' title="bbox 1570 2569 3156 2639">
    <p class='ocr_par' dir='ltr' id='par_1_28' title="bbox 1570 2569 3156 2639">
     <span class='ocr_line' id='line_1_28' title="bbox 1570 2569 3156 2639; baseline -0.006 -8"><span class='ocrx_word' id='word_1_215' title='bbox 1570 2578 1696 2631; x_wconf 90' lang='lat' dir='ltr'><strong>liliis</strong></span> <span class='ocrx_word' id='word_1_216' title='bbox 1728 2594 1756 2629; x_wconf 92' lang='lat' dir='ltr'><strong>a</strong></span> <span class='ocrx_word' id='word_1_217' title='bbox 1792 2575 2078 2629; x_wconf 91' lang='lat' dir='ltr'><strong>Philistiim</strong></span> <span class='ocrx_word' id='word_1_218' title='bbox 2112 2573 2162 2625; x_wconf 90' lang='lat' dir='ltr'><strong>in</strong></span> <span class='ocrx_word' id='word_1_219' title='bbox 2192 2571 2332 2625; x_wconf 87' lang='lat' dir='ltr'><strong>bello</strong></span> <span class='ocrx_word' id='word_1_220' title='bbox 2359 2572 2673 2639; x_wconf 86' lang='lat' dir='ltr'><strong>peremptis,</strong></span> <span class='ocrx_word' id='word_1_221' title='bbox 2699 2572 2811 2639; x_wconf 87' lang='lat' dir='ltr'><strong>ipse</strong></span> <span class='ocrx_word' id='word_1_222' title='bbox 2834 2585 3048 2639; x_wconf 88' lang='lat' dir='ltr'><strong>quoque</strong></span> <span class='ocrx_word' id='word_1_223' title='bbox 3088 2569 3156 2623; x_wconf 90' lang='lat' dir='ltr'><strong>de</strong></span> 
     </span>
    </p>
   </div>
   <div class='ocr_carea' id='block_1_29' title="bbox 1565 2661 3156 2730">
    <p class='ocr_par' dir='ltr' id='par_1_29' title="bbox 1565 2661 3156 2730">
     <span class='ocr_line' id='line_1_29' title="bbox 1565 2661 3156 2730; baseline -0.006 -8"><span class='ocrx_word' id='word_1_224' title='bbox 1565 2669 1700 2723; x_wconf 83' lang='lat' dir='ltr'><strong>sella</strong></span> <span class='ocrx_word' id='word_1_225' title='bbox 1731 2678 2026 2722; x_wconf 90' lang='lat' dir='ltr'><strong>retrorsum</strong></span> <span class='ocrx_word' id='word_1_226' title='bbox 2047 2665 2243 2718; x_wconf 78' lang='lat' dir='ltr'><strong>cecidit</strong></span> <span class='ocrx_word' id='word_1_227' title='bbox 2274 2663 2569 2730; x_wconf 82' lang='lat' dir='ltr'><strong>fractisque</strong></span> <span class='ocrx_word' id='word_1_228' title='bbox 2594 2662 2897 2715; x_wconf 81' lang='lat' dir='ltr'><strong>cervicibus</strong></span> <span class='ocrx_word' id='word_1_229' title='bbox 2914 2661 3156 2728; x_wconf 75' lang='lat' dir='ltr'><strong>exspira-</strong></span> 
     </span>
    </p>
   </div>
   <div class='ocr_carea' id='block_1_30' title="bbox 1561 2753 3156 2822">
    <p class='ocr_par' dir='ltr' id='par_1_30' title="bbox 1561 2753 3156 2822">
     <span class='ocr_line' id='line_1_30' title="bbox 1561 2753 3156 2822; baseline -0.003 -13"><span class='ocrx_word' id='word_1_230' title='bbox 1561 2759 1660 2811; x_wconf 90' lang='lat' dir='ltr'><strong>vit.</strong></span> <span class='ocrx_word' id='word_1_231' title='bbox 1692 2758 1828 2822; x_wconf 88' lang='lat' dir='ltr'><strong>Quin</strong></span> <span class='ocrx_word' id='word_1_232' title='bbox 1871 2765 1922 2811; x_wconf 90' lang='lat' dir='ltr'><strong>et</strong></span> <span class='ocrx_word' id='word_1_233' title='bbox 1960 2771 2085 2809; x_wconf 87' lang='lat' dir='ltr'><strong>arca</strong></span> <span class='ocrx_word' id='word_1_234' title='bbox 2137 2755 2340 2808; x_wconf 89' lang='lat' dir='ltr'><strong>Domini</strong></span> <span class='ocrx_word' id='word_1_235' title='bbox 2384 2753 2450 2805; x_wconf 91' lang='lat' dir='ltr'><strong>ab</strong></span> <span class='ocrx_word' id='word_1_236' title='bbox 2487 2753 2733 2806; x_wconf 90' lang='lat' dir='ltr'><strong>hostibus</strong></span> <span class='ocrx_word' id='word_1_237' title='bbox 2772 2761 2926 2820; x_wconf 87' lang='lat' dir='ltr'><strong>capta</strong></span> <span class='ocrx_word' id='word_1_238' title='bbox 2964 2761 3068 2813; x_wconf 86' lang='lat' dir='ltr'><strong>est,</strong></span> <span class='ocrx_word' id='word_1_239' title='bbox 3099 2760 3156 2805; x_wconf 88' lang='lat' dir='ltr'><strong>et</strong></span> 
     </span>
    </p>
   </div>
   <div class='ocr_carea' id='block_1_31' title="bbox 1561 2841 3151 2916">
    <p class='ocr_par' dir='ltr' id='par_1_31' title="bbox 1561 2841 3151 2916">
     <span class='ocr_line' id='line_1_31' title="bbox 1561 2841 3151 2916; baseline -0.004 -17"><span class='ocrx_word' id='word_1_240' title='bbox 1561 2848 1715 2916; x_wconf 82' lang='lat' dir='ltr'><strong>prius</strong></span> <span class='ocrx_word' id='word_1_241' title='bbox 1746 2846 1962 2914; x_wconf 84' lang='lat' dir='ltr'><strong>quidem</strong></span> <span class='ocrx_word' id='word_1_242' title='bbox 1995 2854 2224 2914; x_wconf 88' lang='lat' dir='ltr'><strong>quatuor</strong></span> <span class='ocrx_word' id='word_1_243' title='bbox 2266 2844 2451 2905; x_wconf 83' lang='lat' dir='ltr'><strong>millia,</strong></span> <span class='ocrx_word' id='word_1_244' title='bbox 2493 2842 2685 2896; x_wconf 87' lang='lat' dir='ltr'><strong>deinde</strong></span> <span class='ocrx_word' id='word_1_245' title='bbox 2729 2843 2945 2910; x_wconf 81' lang='lat' dir='ltr'><strong>triginta</strong></span> <span class='ocrx_word' id='word_1_246' title='bbox 2987 2841 3151 2893; x_wconf 77' lang='lat' dir='ltr'><strong>millia</strong></span> 
     </span>
    </p>
   </div>
   <div class='ocr_carea' id='block_1_32' title="bbox 1562 2932 3155 3000">
    <p class='ocr_par' dir='ltr' id='par_1_32' title="bbox 1562 2932 3155 3000">
     <span class='ocr_line' id='line_1_32' title="bbox 1562 2932 3155 3000; baseline -0.002 -13"><span class='ocrx_word' id='word_1_247' title='bbox 1562 2937 1806 2989; x_wconf 85' lang='lat' dir='ltr'><strong>virorum</strong></span> <span class='ocrx_word' id='word_1_248' title='bbox 1861 2943 1987 2988; x_wconf 87' lang='lat' dir='ltr'><strong>sunt</strong></span> <span class='ocrx_word' id='word_1_249' title='bbox 2048 2933 2321 2988; x_wconf 71' lang='lat' dir='ltr'><strong>Pltilistmo</strong></span> <span class='ocrx_word' id='word_1_250' title='bbox 2386 2933 2688 2986; x_wconf 90' lang='lat' dir='ltr'><strong>trucidante</strong></span> <span class='ocrx_word' id='word_1_251' title='bbox 2740 2940 3032 3000; x_wconf 89' lang='lat' dir='ltr'><strong>prostrata.</strong></span> <span class='ocrx_word' id='word_1_252' title='bbox 3090 2932 3155 2984; x_wconf 81' lang='lat' dir='ltr'><strong>Et</strong></span> 
     </span>
    </p>
   </div>
   <div class='ocr_carea' id='block_1_33' title="bbox 1564 3023 3156 3094">
    <p class='ocr_par' dir='ltr' id='par_1_33' title="bbox 1564 3023 3156 3094">
     <span class='ocr_line' id='line_1_33' title="bbox 1564 3023 3156 3094; baseline -0.001 -15"><span class='ocrx_word' id='word_1_253' title='bbox 1564 3025 1784 3094; x_wconf 86' lang='lat' dir='ltr'><strong>quidem</strong></span> <span class='ocrx_word' id='word_1_254' title='bbox 1817 3024 2113 3094; x_wconf 77' lang='lat' dir='ltr'><strong>redarguit,</strong></span> <span class='ocrx_word' id='word_1_255' title='bbox 2147 3033 2201 3076; x_wconf 94' lang='lat' dir='ltr'><strong>et</strong></span> <span class='ocrx_word' id='word_1_256' title='bbox 2229 3024 2443 3091; x_wconf 88' lang='lat' dir='ltr'><strong>quidem</strong></span> <span class='ocrx_word' id='word_1_257' title='bbox 2471 3023 2762 3090; x_wconf 90' lang='lat' dir='ltr'><strong>corripuit;</strong></span> <span class='ocrx_word' id='word_1_258' title='bbox 2805 3024 2896 3077; x_wconf 90' lang='lat' dir='ltr'><strong>sed</strong></span> <span class='ocrx_word' id='word_1_259' title='bbox 2935 3023 3156 3077; x_wconf 89' lang='lat' dir='ltr'><strong>lenitate</strong></span> 
     </span>
    </p>
   </div>
   <div class='ocr_carea' id='block_1_34' title="bbox 1562 3113 3156 3178">
    <p class='ocr_par' dir='ltr' id='par_1_34' title="bbox 1562 3113 3156 3178">
     <span class='ocr_line' id='line_1_34' title="bbox 1562 3113 3156 3178; baseline -0.002 -10"><span class='ocrx_word' id='word_1_260' title='bbox 1562 3123 1620 3168; x_wconf 89' lang='lat' dir='ltr'><strong>et</strong></span> <span class='ocrx_word' id='word_1_261' title='bbox 1650 3114 2064 3167; x_wconf 86' lang='lat' dir='ltr'><strong>mansuetudine</strong></span> <span class='ocrx_word' id='word_1_262' title='bbox 2115 3114 2303 3178; x_wconf 91' lang='lat' dir='ltr'><strong>patris,</strong></span> <span class='ocrx_word' id='word_1_263' title='bbox 2339 3127 2443 3165; x_wconf 89' lang='lat' dir='ltr'><strong>non</strong></span> <span class='ocrx_word' id='word_1_264' title='bbox 2476 3113 2764 3166; x_wconf 82' lang='lat' dir='ltr'><strong>severitate</strong></span> <span class='ocrx_word' id='word_1_265' title='bbox 2794 3113 2875 3166; x_wconf 89' lang='lat' dir='ltr'><strong>vel</strong></span> <span class='ocrx_word' id='word_1_266' title='bbox 2918 3114 3156 3166; x_wconf 87' lang='lat' dir='ltr'><strong>auctori-</strong></span> 
     </span>
    </p>
   </div>
   <div class='ocr_carea' id='block_1_35' title="bbox 1561 3199 3152 3270">
    <p class='ocr_par' dir='ltr' id='par_1_35' title="bbox 1561 3199 3152 3270">
     <span class='ocr_line' id='line_1_35' title="bbox 1561 3199 3152 3270; baseline 0.001 -15"><span class='ocrx_word' id='word_1_267' title='bbox 1561 3211 1675 3255; x_wconf 84' lang='lat' dir='ltr'><strong>tate</strong></span> <span class='ocrx_word' id='word_1_268' title='bbox 1708 3200 2017 3270; x_wconf 90' lang='lat' dir='ltr'><strong>pontiﬁcis:</strong></span> <span class='ocrx_word' id='word_1_269' title='bbox 2055 3219 2072 3250; x_wconf 78' lang='grc' dir='ltr'>ι</span> <span class='ocrx_word' id='word_1_270' title='bbox 2106 3201 2305 3266; x_wconf 88' lang='lat' dir='ltr'><strong>Quare,</strong></span> <span class='ocrx_word' id='word_1_271' title='bbox 2335 3201 2542 3268; x_wconf 82' lang='lat' dir='ltr'><strong>inquit,</strong></span> <span class='ocrx_word' id='word_1_272' title='bbox 2576 3199 2753 3255; x_wconf 87' lang='lat' dir='ltr'><strong>facitis</strong></span> <span class='ocrx_word' id='word_1_273' title='bbox 2781 3216 2868 3255; x_wconf 90' lang='lat' dir='ltr'><strong>res</strong></span> <span class='ocrx_word' id='word_1_274' title='bbox 2897 3201 3152 3269; x_wconf 85' lang='lat' dir='ltr'><strong>hujusce-</strong></span> 
     </span>
    </p>
   </div>
   <div class='ocr_carea' id='block_1_36' title="bbox 1559 3290 3148 3361">
    <p class='ocr_par' dir='ltr' id='par_1_36' title="bbox 1559 3290 3148 3361">
     <span class='ocr_line' id='line_1_36' title="bbox 1559 3290 3148 3361; baseline -0.001 -14"><span class='ocrx_word' id='word_1_275' title='bbox 1559 3291 1734 3353; x_wconf 88' lang='lat' dir='ltr'><strong>modi,</strong></span> <span class='ocrx_word' id='word_1_276' title='bbox 1769 3306 1905 3360; x_wconf 89' lang='lat' dir='ltr'><strong>quas</strong></span> <span class='ocrx_word' id='word_1_277' title='bbox 1928 3306 2029 3360; x_wconf 90' lang='lat' dir='ltr'><strong>ego</strong></span> <span class='ocrx_word' id='word_1_278' title='bbox 2058 3292 2236 3355; x_wconf 86' lang='lat' dir='ltr'><strong>audio,</strong></span> <span class='ocrx_word' id='word_1_279' title='bbox 2273 3306 2358 3345; x_wconf 88' lang='lat' dir='ltr'><strong>res</strong></span> <span class='ocrx_word' id='word_1_280' title='bbox 2382 3291 2642 3358; x_wconf 84' lang='lat' dir='ltr'><strong>pessimas</strong></span> <span class='ocrx_word' id='word_1_281' title='bbox 2663 3290 2730 3344; x_wconf 91' lang='lat' dir='ltr'><strong>ab</strong></span> <span class='ocrx_word' id='word_1_282' title='bbox 2757 3291 2902 3345; x_wconf 91' lang='lat' dir='ltr'><strong>omni</strong></span> <span class='ocrx_word' id='word_1_283' title='bbox 2929 3293 3148 3361; x_wconf 73' lang='lat' dir='ltr'><strong>populo?</strong></span> 
     </span>
    </p>
   </div>
   <div class='ocr_carea' id='block_1_37' title="bbox 1557 3380 3146 3451">
    <p class='ocr_par' dir='ltr' id='par_1_37' title="bbox 1557 3380 3146 3451">
     <span class='ocr_line' id='line_1_37' title="bbox 1557 3380 3146 3451; baseline 0 -15"><span class='ocrx_word' id='word_1_284' title='bbox 1557 3381 1759 3443; x_wconf 80' lang='lat' dir='ltr'><strong>Nolite,</strong></span> <span class='ocrx_word' id='word_1_285' title='bbox 1798 3381 1890 3434; x_wconf 90' lang='lat' dir='ltr'><strong>ﬁlii</strong></span> <span class='ocrx_word' id='word_1_286' title='bbox 1922 3381 2057 3444; x_wconf 89' lang='lat' dir='ltr'><strong>mei;</strong></span> <span class='ocrx_word' id='word_1_287' title='bbox 2089 3395 2192 3434; x_wconf 93' lang='lat' dir='ltr'><strong>non</strong></span> <span class='ocrx_word' id='word_1_288' title='bbox 2223 3391 2305 3434; x_wconf 91' lang='lat' dir='ltr'><strong>est</strong></span> <span class='ocrx_word' id='word_1_289' title='bbox 2339 3381 2480 3433; x_wconf 90' lang='lat' dir='ltr'><strong>enim</strong></span> <span class='ocrx_word' id='word_1_290' title='bbox 2513 3380 2654 3434; x_wconf 84' lang='lat' dir='ltr'><strong>bona</strong></span> <span class='ocrx_word' id='word_1_291' title='bbox 2684 3381 2827 3434; x_wconf 90' lang='lat' dir='ltr'><strong>fama</strong></span> <span class='ocrx_word' id='word_1_292' title='bbox 2856 3397 3016 3451; x_wconf 89' lang='lat' dir='ltr'><strong>quam</strong></span> <span class='ocrx_word' id='word_1_293' title='bbox 3049 3398 3146 3436; x_wconf 90' lang='lat' dir='ltr'><strong>au-</strong></span> 
     </span>
    </p>
   </div>
   <div class='ocr_carea' id='block_1_38' title="bbox 3185 2119 4800 2193">
    <p class='ocr_par' dir='ltr' id='par_1_38' title="bbox 3185 2119 4800 2193">
     <span class='ocr_line' id='line_1_38' title="bbox 3185 2119 4800 2193; baseline 0.006 -19"><span class='ocrx_word' id='word_1_294' title='bbox 3185 2125 3233 2184; x_wconf 90' lang='lat' dir='ltr'><strong>B</strong></span> <span class='ocrx_word' id='word_1_295' title='bbox 3260 2119 3390 2174; x_wconf 89' lang='lat' dir='ltr'><strong>dicit</strong></span> <span class='ocrx_word' id='word_1_296' title='bbox 3418 2119 3677 2175; x_wconf 89' lang='lat' dir='ltr'><strong>Dominus</strong></span> <span class='ocrx_word' id='word_1_297' title='bbox 3701 2135 3716 2174; x_wconf 87' lang='lat'><strong>:</strong></span> <span class='ocrx_word' id='word_1_298' title='bbox 3741 2120 3918 2186; x_wconf 86' lang='lat' dir='ltr'><strong>Quare</strong></span> <span class='ocrx_word' id='word_1_299' title='bbox 3938 2121 4087 2177; x_wconf 88' lang='lat' dir='ltr'><strong>calce</strong></span> <span class='ocrx_word' id='word_1_300' title='bbox 4108 2122 4336 2193; x_wconf 90' lang='lat' dir='ltr'><strong>abjicitis</strong></span> <span class='ocrx_word' id='word_1_301' title='bbox 4356 2125 4622 2179; x_wconf 81' lang='lat' dir='ltr'><strong>victimam</strong></span> <span class='ocrx_word' id='word_1_302' title='bbox 4646 2143 4800 2183; x_wconf 85' lang='lat' dir='ltr'><strong>meam</strong></span> 
     </span>
    </p>
   </div>
   <div class='ocr_carea' id='block_1_39' title="bbox 3257 2211 4800 2282">
    <p class='ocr_par' dir='ltr' id='par_1_39' title="bbox 3257 2211 4800 2282">
     <span class='ocr_line' id='line_1_39' title="bbox 3257 2211 4800 2282; baseline 0.006 -21"><span class='ocrx_word' id='word_1_303' title='bbox 3257 2219 3311 2262; x_wconf 90' lang='lat' dir='ltr'><strong>et</strong></span> <span class='ocrx_word' id='word_1_304' title='bbox 3336 2225 3559 2264; x_wconf 91' lang='lat' dir='ltr'><strong>munera</strong></span> <span class='ocrx_word' id='word_1_305' title='bbox 3587 2224 3727 2275; x_wconf 88' lang='lat' dir='ltr'><strong>mea,</strong></span> <span class='ocrx_word' id='word_1_306' title='bbox 3760 2225 3878 2278; x_wconf 66' lang='lat' dir='ltr'><strong>quae</strong></span> <span class='ocrx_word' id='word_1_307' title='bbox 3901 2213 4150 2282; x_wconf 65' lang='lat' dir='ltr'><strong>praecepi,</strong></span> <span class='ocrx_word' id='word_1_308' title='bbox 4184 2222 4242 2265; x_wconf 91' lang='lat' dir='ltr'><strong>ut</strong></span> <span class='ocrx_word' id='word_1_309' title='bbox 4261 2211 4574 2268; x_wconf 73' lang='lat' dir='ltr'><strong>oﬂ‘errentur</strong></span> <span class='ocrx_word' id='word_1_310' title='bbox 4599 2215 4650 2268; x_wconf 92' lang='lat' dir='ltr'><strong>in</strong></span> <span class='ocrx_word' id='word_1_311' title='bbox 4683 2228 4800 2270; x_wconf 88' lang='lat' dir='ltr'><strong>tem-</strong></span> 
     </span>
    </p>
   </div>
   <div class='ocr_carea' id='block_1_40' title="bbox 3257 2299 4798 2377">
    <p class='ocr_par' dir='ltr' id='par_1_40' title="bbox 3257 2299 4798 2377">
     <span class='ocr_line' id='line_1_40' title="bbox 3257 2299 4798 2377; baseline 0.005 -25"><span class='ocrx_word' id='word_1_312' title='bbox 3257 2299 3365 2368; x_wconf 86' lang='lat' dir='ltr'><strong>plo.</strong></span> <span class='ocrx_word' id='word_1_313' title='bbox 3382 2310 3438 2353; x_wconf 87' lang='lat' dir='ltr'><strong>et</strong></span> <span class='ocrx_word' id='word_1_314' title='bbox 3458 2302 3629 2370; x_wconf 87' lang='lat' dir='ltr'><strong>magis</strong></span> <span class='ocrx_word' id='word_1_315' title='bbox 3655 2301 3931 2356; x_wconf 88' lang='lat' dir='ltr'><strong>honorasti</strong></span> <span class='ocrx_word' id='word_1_316' title='bbox 3957 2302 4095 2357; x_wconf 88' lang='lat' dir='ltr'><strong>ﬁlios</strong></span> <span class='ocrx_word' id='word_1_317' title='bbox 4126 2312 4242 2358; x_wconf 88' lang='lat' dir='ltr'><strong>tuos</strong></span> <span class='ocrx_word' id='word_1_318' title='bbox 4260 2319 4415 2373; x_wconf 89' lang='lat' dir='ltr'><strong>quam</strong></span> <span class='ocrx_word' id='word_1_319' title='bbox 4440 2306 4552 2359; x_wconf 82' lang='lat' dir='ltr'><strong>me?</strong></span> <span class='ocrx_word' id='word_1_320' title='bbox 4570 2325 4590 2357; x_wconf 71' lang='grc' dir='ltr'><strong><em>ι</em></strong></span> <span class='ocrx_word' id='word_1_321' title='bbox 4614 2306 4662 2377; x_wconf 89' lang='grc'><strong>(1</strong></span> <span class='ocrx_word' id='word_1_322' title='bbox 4684 2306 4798 2377; x_wconf 80' lang='lat' dir='ltr'><strong>Reg.</strong></span> 
     </span>
    </p>
   </div>
   <div class='ocr_carea' id='block_1_41' title="bbox 3256 2390 4800 2465">
    <p class='ocr_par' dir='ltr' id='par_1_41' title="bbox 3256 2390 4800 2465">
     <span class='ocr_line' id='line_1_41' title="bbox 3256 2390 4800 2465; baseline 0.006 -23"><span class='ocrx_word' id='word_1_323' title='bbox 3256 2390 3336 2459; x_wconf 85' lang='lat' dir='ltr'><strong>tt).</strong></span> <span class='ocrx_word' id='word_1_324' title='bbox 3384 2391 3441 2444; x_wconf 90' lang='lat' dir='ltr'><strong>Si</strong></span> <span class='ocrx_word' id='word_1_325' title='bbox 3486 2407 3616 2461; x_wconf 88' lang='lat' dir='ltr'><strong>ergo</strong></span> <span class='ocrx_word' id='word_1_326' title='bbox 3660 2391 3774 2444; x_wconf 88' lang='lat' dir='ltr'><strong>Heli</strong></span> <span class='ocrx_word' id='word_1_327' title='bbox 3812 2402 4034 2462; x_wconf 87' lang='lat' dir='ltr'><strong>propter</strong></span> <span class='ocrx_word' id='word_1_328' title='bbox 4060 2394 4192 2449; x_wconf 92' lang='lat' dir='ltr'><strong>duos</strong></span> <span class='ocrx_word' id='word_1_329' title='bbox 4218 2397 4470 2450; x_wconf 84' lang='lat' dir='ltr'><strong>duntaxat</strong></span> <span class='ocrx_word' id='word_1_330' title='bbox 4499 2397 4652 2463; x_wconf 87' lang='lat' dir='ltr'><strong>ﬁlios,</strong></span> <span class='ocrx_word' id='word_1_331' title='bbox 4683 2413 4800 2465; x_wconf 85' lang='lat' dir='ltr'><strong>quos</strong></span> 
     </span>
    </p>
   </div>
   <div class='ocr_carea' id='block_1_42' title="bbox 3254 2479 4798 2553">
    <p class='ocr_par' dir='ltr' id='par_1_42' title="bbox 3254 2479 4798 2553">
     <span class='ocr_line' id='line_1_42' title="bbox 3254 2479 4798 2553; baseline 0.003 -19"><span class='ocrx_word' id='word_1_332' title='bbox 3254 2492 3362 2534; x_wconf 72' lang='lat' dir='ltr'><strong>non</strong></span> <span class='ocrx_word' id='word_1_333' title='bbox 3390 2495 3450 2532; x_wconf 88' lang='lat' dir='ltr'><strong>ea</strong></span> <span class='ocrx_word' id='word_1_334' title='bbox 3482 2495 3587 2548; x_wconf 90' lang='lat' dir='ltr'><strong>qua</strong></span> <span class='ocrx_word' id='word_1_335' title='bbox 3613 2479 3761 2549; x_wconf 90' lang='lat' dir='ltr'><strong>digni</strong></span> <span class='ocrx_word' id='word_1_336' title='bbox 3789 2491 3946 2534; x_wconf 91' lang='lat' dir='ltr'><strong>erant</strong></span> <span class='ocrx_word' id='word_1_337' title='bbox 3977 2483 4280 2538; x_wconf 90' lang='lat' dir='ltr'><strong>invectione</strong></span> <span class='ocrx_word' id='word_1_338' title='bbox 4304 2485 4572 2553; x_wconf 87' lang='lat' dir='ltr'><strong>corripuit,</strong></span> <span class='ocrx_word' id='word_1_339' title='bbox 4598 2501 4709 2538; x_wconf 86' lang='lat' dir='ltr'><strong>cum</strong></span> <span class='ocrx_word' id='word_1_340' title='bbox 4731 2487 4798 2538; x_wconf 83' lang='lat' dir='ltr'><strong>eis</strong></span> 
     </span>
    </p>
   </div>
   <div class='ocr_carea' id='block_1_43' title="bbox 3258 2567 4796 2642">
    <p class='ocr_par' dir='ltr' id='par_1_43' title="bbox 3258 2567 4796 2642">
     <span class='ocr_line' id='line_1_43' title="bbox 3258 2567 4796 2642; baseline 0.004 -22"><span class='ocrx_word' id='word_1_341' title='bbox 3258 2567 3416 2620; x_wconf 80' lang='lat' dir='ltr'><strong>simul</strong></span> <span class='ocrx_word' id='word_1_342' title='bbox 3445 2577 3500 2620; x_wconf 88' lang='lat' dir='ltr'><strong>et</strong></span> <span class='ocrx_word' id='word_1_343' title='bbox 3536 2583 3657 2621; x_wconf 90' lang='lat' dir='ltr'><strong>cum</strong></span> <span class='ocrx_word' id='word_1_344' title='bbox 3701 2579 3781 2623; x_wconf 87' lang='lat' dir='ltr'><strong>tot</strong></span> <span class='ocrx_word' id='word_1_345' title='bbox 3819 2570 4097 2625; x_wconf 82' lang='lat' dir='ltr'><strong>hominum</strong></span> <span class='ocrx_word' id='word_1_346' title='bbox 4129 2571 4464 2627; x_wconf 89' lang='lat' dir='ltr'><strong>multitudine</strong></span> <span class='ocrx_word' id='word_1_347' title='bbox 4496 2573 4679 2642; x_wconf 89' lang='lat' dir='ltr'><strong>periit,</strong></span> <span class='ocrx_word' id='word_1_348' title='bbox 4707 2590 4796 2642; x_wconf 85' lang='lat' dir='ltr'><strong>qua</strong></span> 
     </span>
    </p>
   </div>
   <div class='ocr_carea' id='block_1_44' title="bbox 3256 2655 4796 2734">
    <p class='ocr_par' dir='ltr' id='par_1_44' title="bbox 3256 2655 4796 2734">
     <span class='ocr_line' id='line_1_44' title="bbox 3256 2655 4796 2734; baseline 0.007 -29"><span class='ocrx_word' id='word_1_349' title='bbox 3256 2655 3584 2710; x_wconf 84' lang='lat' dir='ltr'><strong>arbitramur</strong></span> <span class='ocrx_word' id='word_1_350' title='bbox 3625 2658 3815 2728; x_wconf 86' lang='lat' dir='ltr'><strong>dignos</strong></span> <span class='ocrx_word' id='word_1_351' title='bbox 3842 2674 3961 2734; x_wconf 78' lang='lat' dir='ltr'><strong>esse</strong></span> <span class='ocrx_word' id='word_1_352' title='bbox 3997 2663 4261 2716; x_wconf 89' lang='lat' dir='ltr'><strong>sententia</strong></span> <span class='ocrx_word' id='word_1_353' title='bbox 4293 2663 4383 2730; x_wconf 86' lang='lat' dir='ltr'><strong>qui</strong></span> <span class='ocrx_word' id='word_1_354' title='bbox 4411 2664 4462 2715; x_wconf 89' lang='lat' dir='ltr'><strong>in</strong></span> <span class='ocrx_word' id='word_1_355' title='bbox 4492 2663 4606 2716; x_wconf 88' lang='lat' dir='ltr'><strong>aula</strong></span> <span class='ocrx_word' id='word_1_356' title='bbox 4640 2664 4796 2717; x_wconf 78' lang='lat' dir='ltr'><strong>eccle-</strong></span> 
     </span>
    </p>
   </div>
   <div class='ocr_carea' id='block_1_45' title="bbox 3256 2737 4792 2821">
    <p class='ocr_par' dir='ltr' id='par_1_45' title="bbox 3256 2737 4792 2821">
     <span class='ocr_line' id='line_1_45' title="bbox 3256 2737 4792 2821; baseline 0.005 -25"><span class='ocrx_word' id='word_1_357' title='bbox 3256 2745 3472 2798; x_wconf 83' lang='lat' dir='ltr'><strong>siastica</strong></span> <span class='ocrx_word' id='word_1_358' title='bbox 3502 2758 3554 2799; x_wconf 85' lang='lat' dir='ltr'><strong>et</strong></span> <span class='ocrx_word' id='word_1_359' title='bbox 3581 2749 3731 2802; x_wconf 85' lang='lat' dir='ltr'><strong>soliis</strong></span> <span class='ocrx_word' id='word_1_360' title='bbox 3749 2737 4106 2817; x_wconf 85' lang='lat' dir='ltr'><strong>judicantium</strong></span> <span class='ocrx_word' id='word_1_361' title='bbox 4134 2752 4417 2820; x_wconf 67' lang='lat' dir='ltr'><strong>praesident</strong></span> <span class='ocrx_word' id='word_1_362' title='bbox 4435 2761 4487 2804; x_wconf 92' lang='lat' dir='ltr'><strong>et</strong></span> <span class='ocrx_word' id='word_1_363' title='bbox 4519 2767 4676 2821; x_wconf 89' lang='lat' dir='ltr'><strong>super</strong></span> <span class='ocrx_word' id='word_1_364' title='bbox 4701 2768 4792 2804; x_wconf 84' lang='lat' dir='ltr'><strong>non</strong></span> 
     </span>
    </p>
   </div>
   <div class='ocr_carea' id='block_1_46' title="bbox 3255 2835 4790 2910">
    <p class='ocr_par' dir='ltr' id='par_1_46' title="bbox 3255 2835 4790 2910">
     <span class='ocr_line' id='line_1_46' title="bbox 3255 2835 4790 2910; baseline 0.003 -22"><span class='ocrx_word' id='word_1_365' title='bbox 3255 2835 3452 2907; x_wconf 89' lang='lat' dir='ltr'><strong>ignotis</strong></span> <span class='ocrx_word' id='word_1_366' title='bbox 3482 2852 3774 2906; x_wconf 81' lang='lat' dir='ltr'><strong>pravorum</strong></span> <span class='ocrx_word' id='word_1_367' title='bbox 3818 2840 4096 2894; x_wconf 88' lang='lat' dir='ltr'><strong>hominum</strong></span> <span class='ocrx_word' id='word_1_368' title='bbox 4135 2841 4444 2896; x_wconf 79' lang='lat' dir='ltr'><strong>criminibus</strong></span> <span class='ocrx_word' id='word_1_369' title='bbox 4483 2853 4684 2907; x_wconf 88' lang='lat' dir='ltr'><strong>tacent;</strong></span> <span class='ocrx_word' id='word_1_370' title='bbox 4714 2845 4790 2910; x_wconf 90' lang='lat' dir='ltr'><strong>qui</strong></span> 
     </span>
    </p>
   </div>
   <div class='ocr_carea' id='block_1_47' title="bbox 3255 2927 4790 3002">
    <p class='ocr_par' dir='ltr' id='par_1_47' title="bbox 3255 2927 4790 3002">
     <span class='ocr_line' id='line_1_47' title="bbox 3255 2927 4790 3002; baseline 0.003 -23"><span class='ocrx_word' id='word_1_371' title='bbox 3255 2927 3378 2979; x_wconf 90' lang='lat' dir='ltr'><strong>dum</strong></span> <span class='ocrx_word' id='word_1_372' title='bbox 3422 2928 3780 2983; x_wconf 81' lang='lat' dir='ltr'><strong>dehonestare</strong></span> <span class='ocrx_word' id='word_1_373' title='bbox 3819 2930 4068 2985; x_wconf 91' lang='lat' dir='ltr'><strong>homines</strong></span> <span class='ocrx_word' id='word_1_374' title='bbox 4115 2931 4166 2984; x_wconf 91' lang='lat' dir='ltr'><strong>in</strong></span> <span class='ocrx_word' id='word_1_375' title='bbox 4212 2931 4416 3002; x_wconf 84' lang='lat' dir='ltr'><strong>publico</strong></span> <span class='ocrx_word' id='word_1_376' title='bbox 4456 2942 4706 2994; x_wconf 89' lang='lat' dir='ltr'><strong>metuunt,</strong></span> <span class='ocrx_word' id='word_1_377' title='bbox 4736 2933 4790 2983; x_wconf 86' lang='lat' dir='ltr'><strong>ad</strong></span> 
     </span>
    </p>
   </div>
   <div class='ocr_carea' id='block_1_48' title="bbox 3255 3017 4791 3091">
    <p class='ocr_par' dir='ltr' id='par_1_48' title="bbox 3255 3017 4791 3091">
     <span class='ocr_line' id='line_1_48' title="bbox 3255 3017 4791 3091; baseline 0.004 -23"><span class='ocrx_word' id='word_1_378' title='bbox 3255 3017 3640 3069; x_wconf 78' lang='lat' dir='ltr'><strong>contumeliam</strong></span> <span class='ocrx_word' id='word_1_379' title='bbox 3678 3020 3893 3086; x_wconf 84' lang='lat' dir='ltr'><strong>superni</strong></span> <span class='ocrx_word' id='word_1_380' title='bbox 3933 3018 4139 3074; x_wconf 81' lang='lat' dir='ltr'><strong>Judicis</strong></span> <span class='ocrx_word' id='word_1_381' title='bbox 4174 3022 4363 3074; x_wconf 73' lang='lat' dir='ltr'><strong>divina:</strong></span> <span class='ocrx_word' id='word_1_382' title='bbox 4394 3021 4520 3091; x_wconf 86' lang='lat' dir='ltr'><strong>legis</strong></span> <span class='ocrx_word' id='word_1_383' title='bbox 4562 3024 4791 3075; x_wconf 84' lang='lat' dir='ltr'><strong>mandata</strong></span> 
     </span>
    </p>
   </div>
   <div class='ocr_carea' id='block_1_49' title="bbox 3255 3105 4788 3179">
    <p class='ocr_par' dir='ltr' id='par_1_49' title="bbox 3255 3105 4788 3179">
     <span class='ocr_line' id='line_1_49' title="bbox 3255 3105 4788 3179; baseline 0.004 -21"><span class='ocrx_word' id='word_1_384' title='bbox 3255 3105 3610 3173; x_wconf 90' lang='lat' dir='ltr'><strong>confundunt,</strong></span> <span class='ocrx_word' id='word_1_385' title='bbox 3654 3118 3710 3162; x_wconf 92' lang='lat' dir='ltr'><strong>et</strong></span> <span class='ocrx_word' id='word_1_386' title='bbox 3757 3110 3882 3162; x_wconf 90' lang='lat' dir='ltr'><strong>dum</strong></span> <span class='ocrx_word' id='word_1_387' title='bbox 3929 3111 4154 3179; x_wconf 83' lang='lat' dir='ltr'><strong>perditis</strong></span> <span class='ocrx_word' id='word_1_388' title='bbox 4198 3111 4492 3166; x_wconf 89' lang='lat' dir='ltr'><strong>hominibus</strong></span> <span class='ocrx_word' id='word_1_389' title='bbox 4536 3115 4788 3166; x_wconf 84' lang='lat' dir='ltr'><strong>amittendi</strong></span> 
     </span>
    </p>
   </div>
   <div class='ocr_carea' id='block_1_50' title="bbox 3254 3195 4789 3271">
    <p class='ocr_par' dir='ltr' id='par_1_50' title="bbox 3254 3195 4789 3271">
     <span class='ocr_line' id='line_1_50' title="bbox 3254 3195 4789 3271; baseline 0.005 -24"><span class='ocrx_word' id='word_1_390' title='bbox 3254 3195 3478 3248; x_wconf 84' lang='lat' dir='ltr'><strong>honoris</strong></span> <span class='ocrx_word' id='word_1_391' title='bbox 3508 3196 3743 3252; x_wconf 79' lang='lat' dir='ltr'><strong>cilicium</strong></span> <span class='ocrx_word' id='word_1_392' title='bbox 3767 3199 4210 3268; x_wconf 84' lang='lat' dir='ltr'><strong>servant,.ipsum</strong></span> <span class='ocrx_word' id='word_1_393' title='bbox 4241 3201 4605 3256; x_wconf 79' lang='lat' dir='ltr'><strong>ecclesiasticae</strong></span> <span class='ocrx_word' id='word_1_394' title='bbox 4634 3204 4789 3271; x_wconf 82' lang='lat' dir='ltr'><strong>digiti-</strong></span> 
     </span>
    </p>
   </div>
   <div class='ocr_carea' id='block_1_51' title="bbox 3252 3285 4791 3345">
    <p class='ocr_par' dir='ltr' id='par_1_51' title="bbox 3252 3285 4791 3345">
     <span class='ocr_line' id='line_1_51' title="bbox 3252 3285 4791 3345; baseline 0.005 -10"><span class='ocrx_word' id='word_1_395' title='bbox 3252 3285 3379 3337; x_wconf 72' lang='lat' dir='ltr'><strong>tatis</strong></span> <span class='ocrx_word' id='word_1_396' title='bbox 3397 3285 3687 3340; x_wconf 84' lang='lat' dir='ltr'><strong>Auctorem</strong></span> <span class='ocrx_word' id='word_1_397' title='bbox 3714 3287 4008 3341; x_wconf 81' lang='lat' dir='ltr'><strong>crudeliter</strong></span> <span class='ocrx_word' id='word_1_398' title='bbox 4031 3288 4382 3344; x_wconf 83' lang='lat' dir='ltr'><strong>inbonorant?</strong></span> <span class='ocrx_word' id='word_1_399' title='bbox 4407 3289 4547 3345; x_wconf 90' lang='lat' dir='ltr'><strong>Unde</strong></span> <span class='ocrx_word' id='word_1_400' title='bbox 4564 3301 4618 3344; x_wconf 90' lang='lat' dir='ltr'><strong>et</strong></span> <span class='ocrx_word' id='word_1_401' title='bbox 4637 3292 4791 3344; x_wconf 88' lang='lat' dir='ltr'><strong>eidem</strong></span> 
     </span>
    </p>
   </div>
   <div class='ocr_carea' id='block_1_52' title="bbox 3251 3371 4791 3448">
    <p class='ocr_par' dir='ltr' id='par_1_52' title="bbox 3251 3371 4791 3448">
     <span class='ocr_line' id='line_1_52' title="bbox 3251 3371 4791 3448; baseline 0.005 -22"><span class='ocrx_word' id='word_1_402' title='bbox 3251 3371 3392 3436; x_wconf 90' lang='lat' dir='ltr'><strong>Heli,</strong></span> <span class='ocrx_word' id='word_1_403' title='bbox 3428 3377 3518 3442; x_wconf 90' lang='lat' dir='ltr'><strong>qui</strong></span> <span class='ocrx_word' id='word_1_404' title='bbox 3554 3375 3745 3442; x_wconf 86' lang='lat' dir='ltr'><strong>Deum,</strong></span> <span class='ocrx_word' id='word_1_405' title='bbox 3777 3391 3906 3432; x_wconf 88' lang='lat' dir='ltr'><strong>suos</strong></span> <span class='ocrx_word' id='word_1_406' title='bbox 3934 3377 4073 3432; x_wconf 88' lang='lat' dir='ltr'><strong>ﬁlios</strong></span> <span class='ocrx_word' id='word_1_407' title='bbox 4106 3377 4436 3445; x_wconf 85' lang='lat' dir='ltr'><strong>honorando,</strong></span> <span class='ocrx_word' id='word_1_408' title='bbox 4469 3390 4791 3448; x_wconf 85' lang='lat' dir='ltr'><strong>contempse-</strong></span> 
     </span>
    </p>
   </div>
   <div class='ocr_carea' id='block_1_53' title="bbox 1558 3458 4790 3540">
    <p class='ocr_par' dir='ltr' id='par_1_53' title="bbox 1558 3458 4790 3540">
     <span class='ocr_line' id='line_1_53' title="bbox 1558 3458 4790 3540; baseline 0.002 -16"><span class='ocrx_word' id='word_1_409' title='bbox 1558 3471 1650 3524; x_wconf 85' lang='lat' dir='ltr'><strong>dio</strong></span> <span class='ocrx_word' id='word_1_410' title='bbox 1678 3469 1732 3540; x_wconf 92' lang='grc' dir='ltr'><strong>(Ι</strong></span> <span class='ocrx_word' id='word_1_411' title='bbox 1759 3469 1886 3539; x_wconf 82' lang='lat' dir='ltr'><strong>Reg.</strong></span> <span class='ocrx_word' id='word_1_412' title='bbox 1917 3469 2000 3536; x_wconf 88' lang='grc' dir='ltr'><strong>ιι).</strong></span> <span class='ocrx_word' id='word_1_413' title='bbox 2037 3489 2054 3521; x_wconf 75' lang='grc' dir='ltr'><strong><em>ι</em></strong></span> <span class='ocrx_word' id='word_1_414' title='bbox 2083 3470 2338 3523; x_wconf 79' lang='lat' dir='ltr'><strong>Audierat</strong></span> <span class='ocrx_word' id='word_1_415' title='bbox 2383 3469 2547 3532; x_wconf 88' lang='lat' dir='ltr'><strong>enim,</strong></span> <span class='ocrx_word' id='word_1_416' title='bbox 2582 3467 2860 3539; x_wconf 82' lang='lat' dir='ltr'><strong>Scriptura</strong></span> <span class='ocrx_word' id='word_1_417' title='bbox 2892 3482 3142 3539; x_wconf 84' lang='lat' dir='ltr'><strong>testante,</strong></span> <span class='ocrx_word' id='word_1_418' title='bbox 3175 3458 3221 3520; x_wconf 90' lang='lat' dir='ltr'>C</span> <span class='ocrx_word' id='word_1_419' title='bbox 3255 3470 3368 3526; x_wconf 81' lang='lat' dir='ltr'><strong>rat.</strong></span> <span class='ocrx_word' id='word_1_420' title='bbox 3404 3464 3584 3518; x_wconf 85' lang='lat' dir='ltr'><strong>divina</strong></span> <span class='ocrx_word' id='word_1_421' title='bbox 3612 3480 3714 3520; x_wconf 80' lang='lat' dir='ltr'><strong>vox</strong></span> <span class='ocrx_word' id='word_1_422' title='bbox 3748 3467 3868 3520; x_wconf 85' lang='lat' dir='ltr'><strong>ait:</strong></span> <span class='ocrx_word' id='word_1_423' title='bbox 3903 3484 3921 3517; x_wconf 77' lang='grc' dir='ltr'>ι</span> <span class='ocrx_word' id='word_1_424' title='bbox 3960 3467 4274 3538; x_wconf 84' lang='lat' dir='ltr'><strong>Quicunque</strong></span> <span class='ocrx_word' id='word_1_425' title='bbox 4298 3469 4667 3540; x_wconf 72' lang='lat' dir='ltr'><strong>gloriﬁcaverit</strong></span> <span class='ocrx_word' id='word_1_426' title='bbox 4694 3486 4790 3530; x_wconf 84' lang='lat' dir='ltr'><strong>me.</strong></span> 
     </span>
    </p>
   </div>
   <div class='ocr_carea' id='block_1_54' title="bbox 1556 3559 3146 3629">
    <p class='ocr_par' dir='ltr' id='par_1_54' title="bbox 1556 3559 3146 3629">
     <span class='ocr_line' id='line_1_54' title="bbox 1556 3559 3146 3629; baseline 0.002 -15"><span class='ocrx_word' id='word_1_427' title='bbox 1556 3561 1686 3629; x_wconf 89' lang='lat' dir='ltr'><strong>quia</strong></span> <span class='ocrx_word' id='word_1_428' title='bbox 1726 3559 2069 3614; x_wconf 90' lang='lat' dir='ltr'><strong>dormiebant</strong></span> <span class='ocrx_word' id='word_1_429' title='bbox 2102 3575 2221 3613; x_wconf 91' lang='lat' dir='ltr'><strong>cum</strong></span> <span class='ocrx_word' id='word_1_430' title='bbox 2253 3559 2594 3624; x_wconf 81' lang='lat' dir='ltr'><strong>mulieribus,</strong></span> <span class='ocrx_word' id='word_1_431' title='bbox 2627 3575 2762 3629; x_wconf 89' lang='lat' dir='ltr'><strong>quas</strong></span> <span class='ocrx_word' id='word_1_432' title='bbox 2785 3563 3146 3617; x_wconf 86' lang='lat' dir='ltr'><strong>observabant</strong></span> 
     </span>
    </p>
   </div>
   <div class='ocr_carea' id='block_1_55' title="bbox 1555 3645 3144 3714">
    <p class='ocr_par' dir='ltr' id='par_1_55' title="bbox 1555 3645 3144 3714">
     <span class='ocr_line' id='line_1_55' title="bbox 1555 3645 3144 3714; baseline 0.002 -12"><span class='ocrx_word' id='word_1_433' title='bbox 1555 3649 1625 3702; x_wconf 87' lang='lat' dir='ltr'><strong>ad</strong></span> <span class='ocrx_word' id='word_1_434' title='bbox 1656 3647 1865 3701; x_wconf 72' lang='lat' dir='ltr'><strong>ostium.</strong></span> <span class='ocrx_word' id='word_1_435' title='bbox 1882 3647 2236 3701; x_wconf 81' lang='lat' dir='ltr'><strong>tabernaculi.</strong></span> <span class='ocrx_word' id='word_1_436' title='bbox 2261 3645 2432 3700; x_wconf 90' lang='lat' dir='ltr'><strong>Porro</strong></span> <span class='ocrx_word' id='word_1_437' title='bbox 2459 3662 2593 3714; x_wconf 86' lang='lat' dir='ltr'><strong>quos</strong></span> <span class='ocrx_word' id='word_1_438' title='bbox 2619 3649 2866 3704; x_wconf 84' lang='lat' dir='ltr'><strong>inimicos</strong></span> <span class='ocrx_word' id='word_1_439' title='bbox 2890 3650 2981 3704; x_wconf 89' lang='lat' dir='ltr'><strong>Dei</strong></span> <span class='ocrx_word' id='word_1_440' title='bbox 3009 3652 3144 3706; x_wconf 89' lang='lat' dir='ltr'><strong>vidit</strong></span> 
     </span>
    </p>
   </div>
   <div class='ocr_carea' id='block_1_56' title="bbox 1556 3737 3142 3808">
    <p class='ocr_par' dir='ltr' id='par_1_56' title="bbox 1556 3737 3142 3808">
     <span class='ocr_line' id='line_1_56' title="bbox 1556 3737 3142 3808; baseline 0.003 -16"><span class='ocrx_word' id='word_1_441' title='bbox 1556 3737 1613 3792; x_wconf 88' lang='lat' dir='ltr'><strong>ln</strong></span> <span class='ocrx_word' id='word_1_442' title='bbox 1649 3737 1945 3805; x_wconf 89' lang='lat' dir='ltr'><strong>perniciem</strong></span> <span class='ocrx_word' id='word_1_443' title='bbox 1979 3752 2132 3791; x_wconf 88' lang='lat' dir='ltr'><strong>suam</strong></span> <span class='ocrx_word' id='word_1_444' title='bbox 2165 3737 2303 3792; x_wconf 91' lang='lat' dir='ltr'><strong>ﬁlios</strong></span> <span class='ocrx_word' id='word_1_445' title='bbox 2331 3739 2662 3807; x_wconf 83' lang='lat' dir='ltr'><strong>recognovit,</strong></span> <span class='ocrx_word' id='word_1_446' title='bbox 2691 3749 2758 3793; x_wconf 87' lang='lat' dir='ltr'><strong>et.</strong></span> <span class='ocrx_word' id='word_1_447' title='bbox 2785 3755 2921 3808; x_wconf 90' lang='lat' dir='ltr'><strong>quos</strong></span> <span class='ocrx_word' id='word_1_448' title='bbox 2961 3741 3142 3797; x_wconf 90' lang='lat' dir='ltr'><strong>hostili</strong></span> 
     </span>
    </p>
   </div>
   <div class='ocr_carea' id='block_1_57' title="bbox 1555 3828 3144 3905">
    <p class='ocr_par' dir='ltr' id='par_1_57' title="bbox 1555 3828 3144 3905">
     <span class='ocr_line' id='line_1_57' title="bbox 1555 3828 3144 3905; baseline 0.004 -23"><span class='ocrx_word' id='word_1_449' title='bbox 1555 3828 1724 3884; x_wconf 89' lang='lat' dir='ltr'><strong>ferire</strong></span> <span class='ocrx_word' id='word_1_450' title='bbox 1755 3828 1934 3897; x_wconf 90' lang='lat' dir='ltr'><strong>gladio</strong></span> <span class='ocrx_word' id='word_1_451' title='bbox 1973 3828 2156 3883; x_wconf 90' lang='lat' dir='ltr'><strong>debuit</strong></span> <span class='ocrx_word' id='word_1_452' title='bbox 2191 3839 2431 3899; x_wconf 67' lang='lat' dir='ltr'><strong>paterna:</strong></span> <span class='ocrx_word' id='word_1_453' title='bbox 2470 3830 2744 3886; x_wconf 63' lang='lat' dir='ltr'><strong>blanditia:</strong></span> <span class='ocrx_word' id='word_1_454' title='bbox 2778 3832 2997 3888; x_wconf 89' lang='lat' dir='ltr'><strong>lenitate</strong></span> <span class='ocrx_word' id='word_1_455' title='bbox 3030 3835 3144 3905; x_wconf 86' lang='lat' dir='ltr'><strong>pal-</strong></span> 
     </span>
    </p>
   </div>
   <div class='ocr_carea' id='block_1_58' title="bbox 1557 3918 3144 3988">
    <p class='ocr_par' dir='ltr' id='par_1_58' title="bbox 1557 3918 3144 3988">
     <span class='ocr_line' id='line_1_58' title="bbox 1557 3918 3144 3988; baseline 0.004 -18"><span class='ocrx_word' id='word_1_456' title='bbox 1557 3918 1732 3988; x_wconf 83' lang='lat' dir='ltr'><strong>pavit.</strong></span> <span class='ocrx_word' id='word_1_457' title='bbox 1765 3918 1879 3972; x_wconf 88' lang='lat' dir='ltr'><strong>Non</strong></span> <span class='ocrx_word' id='word_1_458' title='bbox 1913 3919 1992 3973; x_wconf 91' lang='lat' dir='ltr'><strong>sic</strong></span> <span class='ocrx_word' id='word_1_459' title='bbox 2031 3919 2120 3973; x_wconf 90' lang='lat' dir='ltr'><strong>ille</strong></span> <span class='ocrx_word' id='word_1_460' title='bbox 2163 3919 2337 3972; x_wconf 89' lang='lat' dir='ltr'><strong>ﬁdelis</strong></span> <span class='ocrx_word' id='word_1_461' title='bbox 2378 3919 2431 3972; x_wconf 90' lang='lat' dir='ltr'><strong>in</strong></span> <span class='ocrx_word' id='word_1_462' title='bbox 2471 3919 2630 3974; x_wconf 91' lang='lat' dir='ltr'><strong>domo</strong></span> <span class='ocrx_word' id='word_1_463' title='bbox 2669 3921 2880 3976; x_wconf 90' lang='lat' dir='ltr'><strong>Domini</strong></span> <span class='ocrx_word' id='word_1_464' title='bbox 2912 3922 3144 3979; x_wconf 89' lang='lat' dir='ltr'><strong>famulus</strong></span> 
     </span>
    </p>
   </div>
   <div class='ocr_carea' id='block_1_59' title="bbox 1557 4006 3144 4078">
    <p class='ocr_par' dir='ltr' id='par_1_59' title="bbox 1557 4006 3144 4078">
     <span class='ocr_line' id='line_1_59' title="bbox 1557 4006 3144 4078; baseline 0.004 -18"><span class='ocrx_word' id='word_1_465' title='bbox 1557 4006 1793 4076; x_wconf 76' lang='lat' dir='ltr'><strong>Moyses,</strong></span> <span class='ocrx_word' id='word_1_466' title='bbox 1835 4009 2092 4078; x_wconf 82' lang='lat' dir='ltr'><strong>magister</strong></span> <span class='ocrx_word' id='word_1_467' title='bbox 2141 4007 2394 4062; x_wconf 81' lang='lat' dir='ltr'><strong>videlicet</strong></span> <span class='ocrx_word' id='word_1_468' title='bbox 2435 4009 2651 4078; x_wconf 81' lang='lat' dir='ltr'><strong>ingenui</strong></span> <span class='ocrx_word' id='word_1_469' title='bbox 2692 4009 2946 4064; x_wconf 85' lang='lat' dir='ltr'><strong>Pltinees.</strong></span> <span class='ocrx_word' id='word_1_470' title='bbox 2980 4013 3144 4067; x_wconf 75' lang='lat' dir='ltr'><strong>Stans</strong></span> 
     </span>
    </p>
   </div>
   <div class='ocr_carea' id='block_1_60' title="bbox 1561 4087 3142 4169">
    <p class='ocr_par' dir='ltr' id='par_1_60' title="bbox 1561 4087 3142 4169">
     <span class='ocr_line' id='line_1_60' title="bbox 1561 4087 3142 4169; baseline 0.003 -17"><span class='ocrx_word' id='word_1_471' title='bbox 1561 4097 1709 4152; x_wconf 90' lang='lat' dir='ltr'><strong>enim</strong></span> <span class='ocrx_word' id='word_1_472' title='bbox 1745 4097 1796 4150; x_wconf 90' lang='lat' dir='ltr'><strong>in</strong></span> <span class='ocrx_word' id='word_1_473' title='bbox 1836 4109 1989 4166; x_wconf 89' lang='lat' dir='ltr'><strong>porta</strong></span> <span class='ocrx_word' id='word_1_474' title='bbox 2027 4108 2333 4152; x_wconf 89' lang='lat' dir='ltr'><strong>castrorum</strong></span> <span class='ocrx_word' id='word_1_475' title='bbox 2365 4099 2439 4151; x_wconf 88' lang='lat' dir='ltr'><strong>ait</strong></span> <span class='ocrx_word' id='word_1_476' title='bbox 2467 4116 2478 4151; x_wconf 93' lang='lat'>:</span> <span class='ocrx_word' id='word_1_477' title='bbox 2511 4118 2527 4150; x_wconf 82' lang='lat' dir='ltr'><strong>t</strong></span> <span class='ocrx_word' id='word_1_478' title='bbox 2561 4087 2617 4152; x_wconf 86' lang='lat' dir='ltr'><strong>Si</strong></span> <span class='ocrx_word' id='word_1_479' title='bbox 2659 4102 2782 4169; x_wconf 90' lang='lat' dir='ltr'><strong>quis</strong></span> <span class='ocrx_word' id='word_1_480' title='bbox 2811 4112 2892 4155; x_wconf 90' lang='lat' dir='ltr'><strong>est</strong></span> <span class='ocrx_word' id='word_1_481' title='bbox 2932 4102 3142 4158; x_wconf 65' lang='lat' dir='ltr'><strong>Domini</strong></span> 
     </span>
    </p>
   </div>
   <div class='ocr_carea' id='block_1_61' title="bbox 1552 4187 3144 4259">
    <p class='ocr_par' dir='ltr' id='par_1_61' title="bbox 1552 4187 3144 4259">
     <span class='ocr_line' id='line_1_61' title="bbox 1552 4187 3144 4259; baseline 0.006 -20"><span class='ocrx_word' id='word_1_482' title='bbox 1552 4187 1816 4258; x_wconf 88' lang='lat' dir='ltr'><strong>jungatur</strong></span> <span class='ocrx_word' id='word_1_483' title='bbox 1853 4188 2025 4252; x_wconf 87' lang='lat' dir='ltr'><strong>mihi;</strong></span> <span class='ocrx_word' id='word_1_484' title='bbox 2058 4191 2476 4259; x_wconf 87' lang='lat' dir='ltr'><strong>congregatique</strong></span> <span class='ocrx_word' id='word_1_485' title='bbox 2507 4199 2631 4244; x_wconf 88' lang='lat' dir='ltr'><strong>sunt</strong></span> <span class='ocrx_word' id='word_1_486' title='bbox 2677 4192 2744 4244; x_wconf 91' lang='lat' dir='ltr'><strong>ad</strong></span> <span class='ocrx_word' id='word_1_487' title='bbox 2790 4207 2913 4244; x_wconf 89' lang='lat' dir='ltr'><strong>eum</strong></span> <span class='ocrx_word' id='word_1_488' title='bbox 2955 4208 3144 4248; x_wconf 85' lang='lat' dir='ltr'><strong>omnes</strong></span> 
     </span>
    </p>
   </div>
   <div class='ocr_carea' id='block_1_62' title="bbox 1555 4276 3138 4347">
    <p class='ocr_par' dir='ltr' id='par_1_62' title="bbox 1555 4276 3138 4347">
     <span class='ocr_line' id='line_1_62' title="bbox 1555 4276 3138 4347; baseline 0.004 -16"><span class='ocrx_word' id='word_1_489' title='bbox 1555 4277 1653 4331; x_wconf 89' lang='lat' dir='ltr'><strong>ﬁlii</strong></span> <span class='ocrx_word' id='word_1_490' title='bbox 1677 4276 1824 4342; x_wconf 87' lang='lat' dir='ltr'><strong>Levi,</strong></span> <span class='ocrx_word' id='word_1_491' title='bbox 1853 4279 2049 4347; x_wconf 88' lang='lat' dir='ltr'><strong>quibus</strong></span> <span class='ocrx_word' id='word_1_492' title='bbox 2072 4281 2175 4333; x_wconf 89' lang='lat' dir='ltr'><strong>ait:</strong></span> <span class='ocrx_word' id='word_1_493' title='bbox 2197 4280 2318 4334; x_wconf 61' lang='lat' dir='ltr'><strong>Haec</strong></span> <span class='ocrx_word' id='word_1_494' title='bbox 2343 4281 2471 4334; x_wconf 90' lang='lat' dir='ltr'><strong>dicit</strong></span> <span class='ocrx_word' id='word_1_495' title='bbox 2496 4279 2751 4335; x_wconf 83' lang='lat' dir='ltr'><strong>Dominus</strong></span> <span class='ocrx_word' id='word_1_496' title='bbox 2773 4281 2911 4337; x_wconf 83' lang='lat' dir='ltr'><strong>Deus</strong></span> <span class='ocrx_word' id='word_1_497' title='bbox 2933 4284 3098 4338; x_wconf 85' lang='lat' dir='ltr'><strong>Israel</strong></span> <span class='ocrx_word' id='word_1_498' title='bbox 3123 4300 3138 4337; x_wconf 92' lang='lat'><strong>:</strong></span> 
     </span>
    </p>
   </div>
   <div class='ocr_carea' id='block_1_63' title="bbox 1555 4367 3142 4440">
    <p class='ocr_par' dir='ltr' id='par_1_63' title="bbox 1555 4367 3142 4440">
     <span class='ocr_line' id='line_1_63' title="bbox 1555 4367 3142 4440; baseline 0.004 -18"><span class='ocrx_word' id='word_1_499' title='bbox 1555 4367 1729 4422; x_wconf 83' lang='lat' dir='ltr'><strong>Ponat</strong></span> <span class='ocrx_word' id='word_1_500' title='bbox 1757 4369 1995 4439; x_wconf 84' lang='lat' dir='ltr'><strong>gladium</strong></span> <span class='ocrx_word' id='word_1_501' title='bbox 2031 4372 2112 4426; x_wconf 91' lang='lat' dir='ltr'><strong>vir</strong></span> <span class='ocrx_word' id='word_1_502' title='bbox 2151 4385 2314 4440; x_wconf 83' lang='lat' dir='ltr'><strong>super</strong></span> <span class='ocrx_word' id='word_1_503' title='bbox 2353 4371 2528 4425; x_wconf 89' lang='lat' dir='ltr'><strong>femur</strong></span> <span class='ocrx_word' id='word_1_504' title='bbox 2563 4386 2746 4436; x_wconf 88' lang='lat' dir='ltr'><strong>suum;</strong></span> <span class='ocrx_word' id='word_1_505' title='bbox 2779 4372 2852 4426; x_wconf 86' lang='lat' dir='ltr'><strong>ite</strong></span> <span class='ocrx_word' id='word_1_506' title='bbox 2887 4383 2943 4427; x_wconf 91' lang='lat' dir='ltr'><strong>et</strong></span> <span class='ocrx_word' id='word_1_507' title='bbox 2971 4376 3142 4430; x_wconf 87' lang='lat' dir='ltr'><strong>redite</strong></span> 
     </span>
    </p>
   </div>
   <div class='ocr_carea' id='block_1_64' title="bbox 1556 4460 3143 4530">
    <p class='ocr_par' dir='ltr' id='par_1_64' title="bbox 1556 4460 3143 4530">
     <span class='ocr_line' id='line_1_64' title="bbox 1556 4460 3143 4530; baseline 0.003 -18"><span class='ocrx_word' id='word_1_508' title='bbox 1556 4460 1624 4514; x_wconf 91' lang='lat' dir='ltr'><strong>de</strong></span> <span class='ocrx_word' id='word_1_509' title='bbox 1673 4469 1827 4528; x_wconf 91' lang='lat' dir='ltr'><strong>porta</strong></span> <span class='ocrx_word' id='word_1_510' title='bbox 1882 4475 2052 4529; x_wconf 89' lang='lat' dir='ltr'><strong>usque</strong></span> <span class='ocrx_word' id='word_1_511' title='bbox 2101 4461 2166 4515; x_wconf 88' lang='lat' dir='ltr'><strong>ad</strong></span> <span class='ocrx_word' id='word_1_512' title='bbox 2215 4471 2425 4530; x_wconf 87' lang='lat' dir='ltr'><strong>portam</strong></span> <span class='ocrx_word' id='word_1_513' title='bbox 2468 4470 2796 4526; x_wconf 86' lang='lat' dir='ltr'><strong>castrorum,</strong></span> <span class='ocrx_word' id='word_1_514' title='bbox 2832 4471 2887 4517; x_wconf 90' lang='lat' dir='ltr'><strong>et</strong></span> <span class='ocrx_word' id='word_1_515' title='bbox 2931 4464 3143 4517; x_wconf 82' lang='lat' dir='ltr'><strong>occidat</strong></span> 
     </span>
    </p>
   </div>
   <div class='ocr_carea' id='block_1_65' title="bbox 1560 4553 3138 4624">
    <p class='ocr_par' dir='ltr' id='par_1_65' title="bbox 1560 4553 3138 4624">
     <span class='ocr_line' id='line_1_65' title="bbox 1560 4553 3138 4624; baseline 0.001 -18"><span class='ocrx_word' id='word_1_516' title='bbox 1560 4553 1933 4624; x_wconf 64' lang='lat' dir='ltr'><strong>ttnustluisque</strong></span> <span class='ocrx_word' id='word_1_517' title='bbox 1956 4553 2203 4618; x_wconf 78' lang='lat' dir='ltr'><strong>fratrem,</strong></span> <span class='ocrx_word' id='word_1_518' title='bbox 2228 4565 2282 4609; x_wconf 92' lang='lat' dir='ltr'><strong>et</strong></span> <span class='ocrx_word' id='word_1_519' title='bbox 2306 4555 2608 4624; x_wconf 68' lang='lat' dir='ltr'><strong>proximum</strong></span> <span class='ocrx_word' id='word_1_520' title='bbox 2631 4563 2686 4608; x_wconf 92' lang='lat' dir='ltr'><strong>et</strong></span> <span class='ocrx_word' id='word_1_521' title='bbox 2708 4556 2940 4608; x_wconf 89' lang='lat' dir='ltr'><strong>amicum</strong></span> <span class='ocrx_word' id='word_1_522' title='bbox 2962 4571 3138 4608; x_wconf 83' lang='lat' dir='ltr'><strong>suum.</strong></span> 
     </span>
    </p>
   </div>
   <div class='ocr_carea' id='block_1_66' title="bbox 1552 4642 3142 4713">
    <p class='ocr_par' dir='ltr' id='par_1_66' title="bbox 1552 4642 3142 4713">
     <span class='ocr_line' id='line_1_66' title="bbox 1552 4642 3142 4713; baseline 0.001 -17"><span class='ocrx_word' id='word_1_523' title='bbox 1552 4642 1722 4696; x_wconf 72' lang='lat' dir='ltr'><strong>Czesis</strong></span> <span class='ocrx_word' id='word_1_524' title='bbox 1765 4643 1946 4710; x_wconf 85' lang='lat' dir='ltr'><strong>itaque</strong></span> <span class='ocrx_word' id='word_1_525' title='bbox 1983 4644 2171 4713; x_wconf 86' lang='lat' dir='ltr'><strong>viginti</strong></span> <span class='ocrx_word' id='word_1_526' title='bbox 2217 4643 2388 4698; x_wconf 86' lang='lat' dir='ltr'><strong>tribus</strong></span> <span class='ocrx_word' id='word_1_527' title='bbox 2429 4643 2668 4696; x_wconf 87' lang='lat' dir='ltr'><strong>millibus</strong></span> <span class='ocrx_word' id='word_1_528' title='bbox 2712 4644 3027 4706; x_wconf 87' lang='lat' dir='ltr'><strong>hominum,</strong></span> <span class='ocrx_word' id='word_1_529' title='bbox 3066 4648 3142 4697; x_wconf 85' lang='lat' dir='ltr'><strong>ait</strong></span> 
     </span>
    </p>
   </div>
   <div class='ocr_carea' id='block_1_67' title="bbox 1556 4733 3136 4803">
    <p class='ocr_par' dir='ltr' id='par_1_67' title="bbox 1556 4733 3136 4803">
     <span class='ocr_line' id='line_1_67' title="bbox 1556 4733 3136 4803; baseline 0.002 -16"><span class='ocrx_word' id='word_1_530' title='bbox 1556 4733 1770 4803; x_wconf 80' lang='lat' dir='ltr'><strong>Moyses</strong></span> <span class='ocrx_word' id='word_1_531' title='bbox 1801 4752 1811 4787; x_wconf 93' lang='lat'>:</span> <span class='ocrx_word' id='word_1_532' title='bbox 1843 4734 2214 4789; x_wconf 87' lang='lat' dir='ltr'><strong>Consecrastis</strong></span> <span class='ocrx_word' id='word_1_533' title='bbox 2245 4751 2437 4789; x_wconf 89' lang='lat' dir='ltr'><strong>manus</strong></span> <span class='ocrx_word' id='word_1_534' title='bbox 2471 4746 2675 4790; x_wconf 87' lang='lat' dir='ltr'><strong>vestras</strong></span> <span class='ocrx_word' id='word_1_535' title='bbox 2715 4737 2874 4792; x_wconf 91' lang='lat' dir='ltr'><strong>hodie</strong></span> <span class='ocrx_word' id='word_1_536' title='bbox 2891 4737 3136 4800; x_wconf 77' lang='lat' dir='ltr'><strong>Domitio,</strong></span> 
     </span>
    </p>
   </div>
   <div class='ocr_carea' id='block_1_68' title="bbox 3253 3553 4793 3625">
    <p class='ocr_par' dir='ltr' id='par_1_68' title="bbox 3253 3553 4793 3625">
     <span class='ocr_line' id='line_1_68' title="bbox 3253 3553 4793 3625; baseline 0.005 -19"><span class='ocrx_word' id='word_1_537' title='bbox 3253 3553 3569 3622; x_wconf 88' lang='lat' dir='ltr'><strong>gloriﬁcabo</strong></span> <span class='ocrx_word' id='word_1_538' title='bbox 3611 3571 3762 3622; x_wconf 89' lang='lat' dir='ltr'><strong>eum;</strong></span> <span class='ocrx_word' id='word_1_539' title='bbox 3807 3557 3897 3625; x_wconf 90' lang='lat' dir='ltr'><strong>qui</strong></span> <span class='ocrx_word' id='word_1_540' title='bbox 3938 3575 4116 3615; x_wconf 87' lang='lat' dir='ltr'><strong>autent</strong></span> <span class='ocrx_word' id='word_1_541' title='bbox 4155 3569 4491 3614; x_wconf 88' lang='lat' dir='ltr'><strong>contemnunt</strong></span> <span class='ocrx_word' id='word_1_542' title='bbox 4527 3576 4610 3614; x_wconf 88' lang='lat' dir='ltr'><strong>me</strong></span> <span class='ocrx_word' id='word_1_543' title='bbox 4648 3571 4793 3615; x_wconf 88' lang='lat' dir='ltr'><strong>erunt</strong></span> 
     </span>
    </p>
   </div>
   <div class='ocr_carea' id='block_1_69' title="bbox 3255 3643 4792 3711">
    <p class='ocr_par' dir='ltr' id='par_1_69' title="bbox 3255 3643 4792 3711">
     <span class='ocr_line' id='line_1_69' title="bbox 3255 3643 4792 3711; baseline 0.005 -16"><span class='ocrx_word' id='word_1_544' title='bbox 3255 3643 3538 3711; x_wconf 89' lang='lat' dir='ltr'><strong>ignobiles.</strong></span> <span class='ocrx_word' id='word_1_545' title='bbox 3575 3665 3593 3696; x_wconf 73' lang='grc' dir='ltr'>ι</span> <span class='ocrx_word' id='word_1_546' title='bbox 3623 3645 3723 3701; x_wconf 88' lang='lat' dir='ltr'><strong>Ubi</strong></span> <span class='ocrx_word' id='word_1_547' title='bbox 3754 3662 3876 3702; x_wconf 77' lang='lat' dir='ltr'><strong>mox</strong></span> <span class='ocrx_word' id='word_1_548' title='bbox 3906 3651 4152 3704; x_wconf 89' lang='lat' dir='ltr'><strong>subditur</strong></span> <span class='ocrx_word' id='word_1_549' title='bbox 4178 3668 4190 3702; x_wconf 91' lang='lat'><strong>:</strong></span> <span class='ocrx_word' id='word_1_550' title='bbox 4222 3667 4240 3701; x_wconf 84' lang='lat' dir='ltr'><strong>t</strong></span> <span class='ocrx_word' id='word_1_551' title='bbox 4269 3648 4402 3704; x_wconf 87' lang='lat' dir='ltr'><strong>Ecce</strong></span> <span class='ocrx_word' id='word_1_552' title='bbox 4427 3650 4536 3704; x_wconf 88' lang='lat' dir='ltr'><strong>dies</strong></span> <span class='ocrx_word' id='word_1_553' title='bbox 4558 3651 4792 3710; x_wconf 85' lang='lat' dir='ltr'><strong>veniunt.</strong></span> 
     </span>
    </p>
   </div>
   <div class='ocr_carea' id='block_1_70' title="bbox 3251 3735 4794 3805">
    <p class='ocr_par' dir='ltr' id='par_1_70' title="bbox 3251 3735 4794 3805">
     <span class='ocr_line' id='line_1_70' title="bbox 3251 3735 4794 3805; baseline 0.003 -18"><span class='ocrx_word' id='word_1_554' title='bbox 3251 3742 3307 3787; x_wconf 89' lang='lat' dir='ltr'><strong>et</strong></span> <span class='ocrx_word' id='word_1_555' title='bbox 3350 3735 3635 3801; x_wconf 73' lang='lat' dir='ltr'><strong>praecidam</strong></span> <span class='ocrx_word' id='word_1_556' title='bbox 3676 3736 3956 3792; x_wconf 88' lang='lat' dir='ltr'><strong>brachium</strong></span> <span class='ocrx_word' id='word_1_557' title='bbox 4000 3747 4170 3805; x_wconf 91' lang='lat' dir='ltr'><strong>tuum,</strong></span> <span class='ocrx_word' id='word_1_558' title='bbox 4211 3748 4266 3792; x_wconf 91' lang='lat' dir='ltr'><strong>et</strong></span> <span class='ocrx_word' id='word_1_559' title='bbox 4304 3738 4572 3794; x_wconf 77' lang='lat' dir='ltr'><strong>brachium</strong></span> <span class='ocrx_word' id='word_1_560' title='bbox 4617 3739 4794 3794; x_wconf 84' lang='lat' dir='ltr'><strong>domus</strong></span> 
     </span>
    </p>
   </div>
   <div class='ocr_carea' id='block_1_71' title="bbox 3251 3824 4788 3900">
    <p class='ocr_par' dir='ltr' id='par_1_71' title="bbox 3251 3824 4788 3900">
     <span class='ocr_line' id='line_1_71' title="bbox 3251 3824 4788 3900; baseline 0.006 -26"><span class='ocrx_word' id='word_1_561' title='bbox 3251 3824 3422 3890; x_wconf 86' lang='lat' dir='ltr'><strong>patris</strong></span> <span class='ocrx_word' id='word_1_562' title='bbox 3446 3825 3518 3876; x_wconf 92' lang='lat' dir='ltr'><strong>tui</strong></span> <span class='ocrx_word' id='word_1_563' title='bbox 3548 3824 3600 3895; x_wconf 93' lang='grc'><strong>(1</strong></span> <span class='ocrx_word' id='word_1_564' title='bbox 3638 3824 3762 3896; x_wconf 86' lang='lat' dir='ltr'><strong>Reg.</strong></span> <span class='ocrx_word' id='word_1_565' title='bbox 3790 3827 3872 3893; x_wconf 85' lang='lat' dir='ltr'><strong>ul;</strong></span> <span class='ocrx_word' id='word_1_566' title='bbox 3906 3848 3924 3880; x_wconf 73' lang='grc' dir='ltr'><strong><em>ι</em></strong></span> <span class='ocrx_word' id='word_1_567' title='bbox 3953 3843 4016 3882; x_wconf 86' lang='lat' dir='ltr'><strong>ac</strong></span> <span class='ocrx_word' id='word_1_568' title='bbox 4044 3829 4090 3884; x_wconf 88' lang='lat' dir='ltr'><strong>si</strong></span> <span class='ocrx_word' id='word_1_569' title='bbox 4117 3839 4299 3900; x_wconf 89' lang='lat' dir='ltr'><strong>aperte</strong></span> <span class='ocrx_word' id='word_1_570' title='bbox 4330 3830 4468 3885; x_wconf 83' lang='lat' dir='ltr'><strong>dicat</strong></span> <span class='ocrx_word' id='word_1_571' title='bbox 4493 3848 4506 3883; x_wconf 85' lang='lat'><strong>;</strong></span> <span class='ocrx_word' id='word_1_572' title='bbox 4531 3830 4661 3896; x_wconf 84' lang='lat' dir='ltr'><strong>Quia</strong></span> <span class='ocrx_word' id='word_1_573' title='bbox 4696 3845 4788 3898; x_wconf 77' lang='lat' dir='ltr'><strong>ego</strong></span> 
     </span>
    </p>
   </div>
   <div class='ocr_carea' id='block_1_72' title="bbox 3250 3917 4794 3988">
    <p class='ocr_par' dir='ltr' id='par_1_72' title="bbox 3250 3917 4794 3988">
     <span class='ocr_line' id='line_1_72' title="bbox 3250 3917 4794 3988; baseline 0.003 -21"><span class='ocrx_word' id='word_1_574' title='bbox 3250 3929 3346 3982; x_wconf 91' lang='lat' dir='ltr'><strong>per</strong></span> <span class='ocrx_word' id='word_1_575' title='bbox 3399 3917 3692 3984; x_wconf 87' lang='lat' dir='ltr'><strong>pastoralis</strong></span> <span class='ocrx_word' id='word_1_576' title='bbox 3746 3918 3906 3973; x_wconf 80' lang='lat' dir='ltr'><strong>cilicii</strong></span> <span class='ocrx_word' id='word_1_577' title='bbox 3967 3920 4279 3988; x_wconf 86' lang='lat' dir='ltr'><strong>dignitatem</strong></span> <span class='ocrx_word' id='word_1_578' title='bbox 4331 3929 4511 3976; x_wconf 79' lang='lat' dir='ltr'><strong>contra</strong></span> <span class='ocrx_word' id='word_1_579' title='bbox 4561 3920 4794 3974; x_wconf 78' lang='lat' dir='ltr'><strong>inimicos</strong></span> 
     </span>
    </p>
   </div>
   <div class='ocr_carea' id='block_1_73' title="bbox 3253 4005 4793 4073">
    <p class='ocr_par' dir='ltr' id='par_1_73' title="bbox 3253 4005 4793 4073">
     <span class='ocr_line' id='line_1_73' title="bbox 3253 4005 4793 4073; baseline 0.001 -17"><span class='ocrx_word' id='word_1_580' title='bbox 3253 4018 3404 4056; x_wconf 89' lang='lat' dir='ltr'><strong>meos</strong></span> <span class='ocrx_word' id='word_1_581' title='bbox 3448 4005 3730 4058; x_wconf 89' lang='lat' dir='ltr'><strong>brachium</strong></span> <span class='ocrx_word' id='word_1_582' title='bbox 3774 4007 3867 4060; x_wconf 89' lang='lat' dir='ltr'><strong>tibi</strong></span> <span class='ocrx_word' id='word_1_583' title='bbox 3917 4006 4246 4062; x_wconf 83' lang='lat' dir='ltr'><strong>fortitudinis</strong></span> <span class='ocrx_word' id='word_1_584' title='bbox 4288 4007 4500 4073; x_wconf 87' lang='lat' dir='ltr'><strong>contuli,</strong></span> <span class='ocrx_word' id='word_1_585' title='bbox 4530 4009 4622 4061; x_wconf 84' lang='lat' dir='ltr'><strong>sed</strong></span> <span class='ocrx_word' id='word_1_586' title='bbox 4655 4018 4704 4062; x_wconf 88' lang='lat' dir='ltr'><strong>tu</strong></span> <span class='ocrx_word' id='word_1_587' title='bbox 4734 4009 4793 4059; x_wconf 84' lang='lat' dir='ltr'><strong>ad</strong></span> 
     </span>
    </p>
   </div>
   <div class='ocr_carea' id='block_1_74' title="bbox 3252 4096 4795 4169">
    <p class='ocr_par' dir='ltr' id='par_1_74' title="bbox 3252 4096 4795 4169">
     <span class='ocr_line' id='line_1_74' title="bbox 3252 4096 4795 4169; baseline 0.001 -20"><span class='ocrx_word' id='word_1_588' title='bbox 3252 4109 3439 4149; x_wconf 86' lang='lat' dir='ltr'><strong>eorum</strong></span> <span class='ocrx_word' id='word_1_589' title='bbox 3464 4097 3722 4150; x_wconf 91' lang='lat' dir='ltr'><strong>ultionem</strong></span> <span class='ocrx_word' id='word_1_590' title='bbox 3745 4096 3878 4151; x_wconf 92' lang='lat' dir='ltr'><strong>illud</strong></span> <span class='ocrx_word' id='word_1_591' title='bbox 3901 4113 4155 4155; x_wconf 79' lang='lat' dir='ltr'><strong>exercere</strong></span> <span class='ocrx_word' id='word_1_592' title='bbox 4174 4099 4403 4165; x_wconf 84' lang='lat' dir='ltr'><strong>noluisti,</strong></span> <span class='ocrx_word' id='word_1_593' title='bbox 4411 4100 4515 4169; x_wconf 81' lang='lat' dir='ltr'><strong>jam</strong></span> <span class='ocrx_word' id='word_1_594' title='bbox 4530 4099 4795 4153; x_wconf 83' lang='lat' dir='ltr'><strong>brachium</strong></span> 
     </span>
    </p>
   </div>
   <div class='ocr_carea' id='block_1_75' title="bbox 3250 4188 4796 4260">
    <p class='ocr_par' dir='ltr' id='par_1_75' title="bbox 3250 4188 4796 4260">
     <span class='ocr_line' id='line_1_75' title="bbox 3250 4188 4796 4260; baseline 0.001 -21"><span class='ocrx_word' id='word_1_595' title='bbox 3250 4200 3280 4239; x_wconf 84' lang='lat' dir='ltr'><strong>a</strong></span> <span class='ocrx_word' id='word_1_596' title='bbox 3312 4196 3362 4240; x_wconf 87' lang='lat' dir='ltr'><strong>te</strong></span> <span class='ocrx_word' id='word_1_597' title='bbox 3385 4188 3690 4256; x_wconf 61' lang='lat' dir='ltr'><strong>praecidam,</strong></span> <span class='ocrx_word' id='word_1_598' title='bbox 3719 4189 3771 4242; x_wconf 91' lang='lat' dir='ltr'><strong>id</strong></span> <span class='ocrx_word' id='word_1_599' title='bbox 3795 4199 3899 4251; x_wconf 80' lang='lat' dir='ltr'><strong>est,</strong></span> <span class='ocrx_word' id='word_1_600' title='bbox 3927 4191 4163 4260; x_wconf 80' lang='lat' dir='ltr'><strong>vigorem</strong></span> <span class='ocrx_word' id='word_1_601' title='bbox 4202 4192 4296 4245; x_wconf 88' lang='lat' dir='ltr'><strong>tibi</strong></span> <span class='ocrx_word' id='word_1_602' title='bbox 4323 4190 4660 4245; x_wconf 81' lang='lat' dir='ltr'><strong>sacerdotalis</strong></span> <span class='ocrx_word' id='word_1_603' title='bbox 4687 4189 4796 4243; x_wconf 80' lang='lat' dir='ltr'><strong>cul-</strong></span> 
     </span>
    </p>
   </div>
   <div class='ocr_carea' id='block_1_76' title="bbox 3250 4278 4794 4353">
    <p class='ocr_par' dir='ltr' id='par_1_76' title="bbox 3250 4278 4794 4353">
     <span class='ocr_line' id='line_1_76' title="bbox 3250 4278 4794 4353; baseline 0.001 -21"><span class='ocrx_word' id='word_1_604' title='bbox 3250 4278 3414 4332; x_wconf 87' lang='lat' dir='ltr'><strong>minis</strong></span> <span class='ocrx_word' id='word_1_605' title='bbox 3435 4279 3699 4346; x_wconf 84' lang='lat' dir='ltr'><strong>auferam,</strong></span> <span class='ocrx_word' id='word_1_606' title='bbox 3726 4289 3783 4334; x_wconf 93' lang='lat' dir='ltr'><strong>ut</strong></span> <span class='ocrx_word' id='word_1_607' title='bbox 3803 4282 3894 4351; x_wconf 83' lang='lat' dir='ltr'><strong>qui</strong></span> <span class='ocrx_word' id='word_1_608' title='bbox 3918 4297 4170 4352; x_wconf 84' lang='lat' dir='ltr'><strong>manceps</strong></span> <span class='ocrx_word' id='word_1_609' title='bbox 4191 4282 4366 4338; x_wconf 85' lang='lat' dir='ltr'><strong>fueras</strong></span> <span class='ocrx_word' id='word_1_610' title='bbox 4387 4285 4447 4337; x_wconf 89' lang='lat' dir='ltr'><strong>ad</strong></span> <span class='ocrx_word' id='word_1_611' title='bbox 4467 4282 4794 4353; x_wconf 83' lang='lat' dir='ltr'><strong>pugnandum</strong></span> 
     </span>
    </p>
   </div>
   <div class='ocr_carea' id='block_1_77' title="bbox 3246 4372 4692 4442">
    <p class='ocr_par' dir='ltr' id='par_1_77' title="bbox 3246 4372 4692 4442">
     <span class='ocr_line' id='line_1_77' title="bbox 3246 4372 4692 4442; baseline 0.001 -18"><span class='ocrx_word' id='word_1_612' title='bbox 3246 4385 3348 4440; x_wconf 88' lang='lat' dir='ltr'><strong>pro</strong></span> <span class='ocrx_word' id='word_1_613' title='bbox 3379 4386 3486 4436; x_wconf 88' lang='lat' dir='ltr'><strong>me,</strong></span> <span class='ocrx_word' id='word_1_614' title='bbox 3511 4372 3622 4442; x_wconf 86' lang='lat' dir='ltr'><strong>jam</strong></span> <span class='ocrx_word' id='word_1_615' title='bbox 3649 4387 3750 4427; x_wconf 90' lang='lat' dir='ltr'><strong>nec</strong></span> <span class='ocrx_word' id='word_1_616' title='bbox 3780 4389 3998 4427; x_wconf 88' lang='lat' dir='ltr'><strong>manum</strong></span> <span class='ocrx_word' id='word_1_617' title='bbox 4027 4373 4225 4429; x_wconf 88' lang='lat' dir='ltr'><strong>habeas</strong></span> <span class='ocrx_word' id='word_1_618' title='bbox 4253 4375 4319 4429; x_wconf 78' lang='lat' dir='ltr'><strong>ad</strong></span> <span class='ocrx_word' id='word_1_619' title='bbox 4352 4373 4594 4428; x_wconf 86' lang='lat' dir='ltr'><strong>tuendum</strong></span> <span class='ocrx_word' id='word_1_620' title='bbox 4624 4382 4692 4426; x_wconf 90' lang='lat' dir='ltr'><strong>te.</strong></span> 
     </span>
    </p>
   </div>
   <div class='ocr_carea' id='block_1_78' title="bbox 3877 4463 4180 4519">
    <p class='ocr_par' dir='ltr' id='par_1_78' title="bbox 3877 4463 4180 4519">
     <span class='ocr_line' id='line_1_78' title="bbox 3877 4463 4180 4519; baseline 0 -1"><span class='ocrx_word' id='word_1_621' title='bbox 3877 4463 4102 4519; x_wconf 82' lang='lat' dir='ltr'><strong>CAPUT</strong></span> <span class='ocrx_word' id='word_1_622' title='bbox 4140 4464 4180 4518; x_wconf 88' lang='lat' dir='ltr'><strong>ll</strong></span> 
     </span>
    </p>
   </div>
   <div class='ocr_carea' id='block_1_79' title="bbox 3515 4553 4537 4624">
    <p class='ocr_par' dir='ltr' id='par_1_79' title="bbox 3515 4553 4537 4624">
     <span class='ocr_line' id='line_1_79' title="bbox 3515 4553 4537 4624; baseline 0.003 -17"><span class='ocrx_word' id='word_1_623' title='bbox 3515 4553 3582 4607; x_wconf 85' lang='grc' dir='ltr'><strong>1η</strong></span> <span class='ocrx_word' id='word_1_624' title='bbox 3611 4555 3830 4622; x_wconf 76' lang='lat' dir='ltr'><strong>cpistola</strong></span> <span class='ocrx_word' id='word_1_625' title='bbox 3853 4558 3922 4609; x_wconf 91' lang='lat' dir='ltr'><strong>ad</strong></span> <span class='ocrx_word' id='word_1_626' title='bbox 3951 4557 4139 4624; x_wconf 80' lang='lat' dir='ltr'><strong>fratres</strong></span> <span class='ocrx_word' id='word_1_627' title='bbox 4168 4555 4537 4611; x_wconf 78' lang='lat' dir='ltr'><strong>Cluuiaceuses.</strong></span> 
     </span>
    </p>
   </div>
   <div class='ocr_carea' id='block_1_80' title="bbox 3319 4643 4797 4716">
    <p class='ocr_par' dir='ltr' id='par_1_80' title="bbox 3319 4643 4797 4716">
     <span class='ocr_line' id='line_1_80' title="bbox 3319 4643 4797 4716; baseline 0.002 -19"><span class='ocrx_word' id='word_1_628' title='bbox 3319 4643 3627 4714; x_wconf 86' lang='lat' dir='ltr'><strong>Fugiendus</strong></span> <span class='ocrx_word' id='word_1_629' title='bbox 3645 4654 3729 4698; x_wconf 89' lang='lat' dir='ltr'><strong>est</strong></span> <span class='ocrx_word' id='word_1_630' title='bbox 3760 4645 4011 4708; x_wconf 91' lang='lat' dir='ltr'><strong>mundus,</strong></span> <span class='ocrx_word' id='word_1_631' title='bbox 4039 4645 4127 4716; x_wconf 91' lang='lat' dir='ltr'><strong>qui</strong></span> <span class='ocrx_word' id='word_1_632' title='bbox 4158 4646 4398 4702; x_wconf 88' lang='lat' dir='ltr'><strong>tenebras</strong></span> <span class='ocrx_word' id='word_1_633' title='bbox 4426 4647 4679 4716; x_wconf 88' lang='lat' dir='ltr'><strong>parturit;</strong></span> <span class='ocrx_word' id='word_1_634' title='bbox 4711 4663 4797 4716; x_wconf 88' lang='lat' dir='ltr'><strong>pe-</strong></span> 
     </span>
    </p>
   </div>
   <div class='ocr_carea' id='block_1_81' title="bbox 3251 4734 4793 4806">
    <p class='ocr_par' dir='ltr' id='par_1_81' title="bbox 3251 4734 4793 4806">
     <span class='ocr_line' id='line_1_81' title="bbox 3251 4734 4793 4806; baseline 0.003 -20"><span class='ocrx_word' id='word_1_635' title='bbox 3251 4735 3410 4787; x_wconf 75' lang='lat' dir='ltr'><strong>tenda</strong></span> <span class='ocrx_word' id='word_1_636' title='bbox 3468 4734 3712 4795; x_wconf 89' lang='lat' dir='ltr'><strong>remotio,</strong></span> <span class='ocrx_word' id='word_1_637' title='bbox 3785 4735 3874 4789; x_wconf 91' lang='lat' dir='ltr'><strong>ubi</strong></span> <span class='ocrx_word' id='word_1_638' title='bbox 3930 4745 4181 4806; x_wconf 89' lang='lat' dir='ltr'><strong>tanquam</strong></span> <span class='ocrx_word' id='word_1_639' title='bbox 4247 4737 4298 4790; x_wconf 91' lang='lat' dir='ltr'><strong>in</strong></span> <span class='ocrx_word' id='word_1_640' title='bbox 4357 4737 4557 4792; x_wconf 87' lang='lat' dir='ltr'><strong>deserto</strong></span> <span class='ocrx_word' id='word_1_641' title='bbox 4607 4753 4793 4792; x_wconf 87' lang='lat' dir='ltr'><strong>verum</strong></span> 
     </span>
    </p>
   </div>
   <div class='ocr_carea' id='block_1_82' title="bbox 1554 4810 4800 4906">
    <p class='ocr_par' dir='ltr' id='par_1_82' title="bbox 1554 4810 4800 4906">
     <span class='ocr_line' id='line_1_82' title="bbox 1554 4810 4800 4906; baseline 0.001 -27"><span class='ocrx_word' id='word_1_642' title='bbox 1554 4825 1928 4895; x_wconf 89' lang='lat' dir='ltr'><strong>unusquisque</strong></span> <span class='ocrx_word' id='word_1_643' title='bbox 1961 4828 2012 4879; x_wconf 91' lang='lat' dir='ltr'><strong>in</strong></span> <span class='ocrx_word' id='word_1_644' title='bbox 2039 4825 2148 4881; x_wconf 90' lang='lat' dir='ltr'><strong>ﬁlio</strong></span> <span class='ocrx_word' id='word_1_645' title='bbox 2173 4837 2226 4880; x_wconf 91' lang='lat' dir='ltr'><strong>et</strong></span> <span class='ocrx_word' id='word_1_646' title='bbox 2258 4825 2426 4880; x_wconf 91' lang='lat' dir='ltr'><strong>fratre</strong></span> <span class='ocrx_word' id='word_1_647' title='bbox 2459 4843 2575 4889; x_wconf 93' lang='lat' dir='ltr'><strong>suo,</strong></span> <span class='ocrx_word' id='word_1_648' title='bbox 2603 4837 2660 4880; x_wconf 92' lang='lat' dir='ltr'><strong>ut</strong></span> <span class='ocrx_word' id='word_1_649' title='bbox 2682 4828 2839 4881; x_wconf 90' lang='lat' dir='ltr'><strong>detur</strong></span> <span class='ocrx_word' id='word_1_650' title='bbox 2866 4827 3018 4882; x_wconf 89' lang='lat' dir='ltr'><strong>vobis</strong></span> <span class='ocrx_word' id='word_1_651' title='bbox 3051 4830 3142 4882; x_wconf 81' lang='lat' dir='ltr'><strong>be-</strong></span> <span class='ocrx_word' id='word_1_652' title='bbox 3169 4810 3218 4868; x_wconf 81' lang='grc' dir='ltr'><strong>Ῑ)</strong></span> <span class='ocrx_word' id='word_1_653' title='bbox 3250 4827 3432 4881; x_wconf 91' lang='lat' dir='ltr'><strong>lumen</strong></span> <span class='ocrx_word' id='word_1_654' title='bbox 3471 4828 3723 4906; x_wconf 84' lang='lat' dir='ltr'><strong>erumpit.</strong></span> <span class='ocrx_word' id='word_1_655' title='bbox 3776 4826 4003 4883; x_wconf 83' lang='lat' dir='ltr'><strong>Prorsus</strong></span> <span class='ocrx_word' id='word_1_656' title='bbox 4050 4847 4077 4884; x_wconf 86' lang='lat' dir='ltr'><strong>a</strong></span> <span class='ocrx_word' id='word_1_657' title='bbox 4123 4837 4304 4885; x_wconf 81' lang='lat' dir='ltr'><strong>nostra</strong></span> <span class='ocrx_word' id='word_1_658' title='bbox 4349 4828 4677 4898; x_wconf 88' lang='lat' dir='ltr'><strong>repellendus</strong></span> <span class='ocrx_word' id='word_1_659' title='bbox 4721 4840 4800 4884; x_wconf 71' lang='grc' dir='ltr'><strong>ρει</strong></span> 
     </span>
    </p>
   </div>
   <div class='ocr_carea' id='block_1_83' title="bbox 1551 4913 3141 4986">
    <p class='ocr_par' dir='ltr' id='par_1_83' title="bbox 1551 4913 3141 4986">
     <span class='ocr_line' id='line_1_83' title="bbox 1551 4913 3141 4986; baseline 0.003 -18"><span class='ocrx_word' id='word_1_660' title='bbox 1551 4914 1793 4969; x_wconf 90' lang='lat' dir='ltr'><strong>nedictio</strong></span> <span class='ocrx_word' id='word_1_661' title='bbox 1831 4913 2030 4985; x_wconf 76' lang='lat' dir='ltr'><strong>(Exod.</strong></span> <span class='ocrx_word' id='word_1_662' title='bbox 2066 4916 2260 4986; x_wconf 68' lang='grc' dir='ltr'><strong>χχιιι).</strong></span> <span class='ocrx_word' id='word_1_663' title='bbox 2302 4936 2320 4967; x_wconf 70' lang='grc' dir='ltr'>ι</span> <span class='ocrx_word' id='word_1_664' title='bbox 2368 4916 2532 4971; x_wconf 87' lang='lat' dir='ltr'><strong>Plane</strong></span> <span class='ocrx_word' id='word_1_665' title='bbox 2576 4919 2717 4972; x_wconf 89' lang='lat' dir='ltr'><strong>sicut</strong></span> <span class='ocrx_word' id='word_1_666' title='bbox 2764 4919 3141 4974; x_wconf 86' lang='lat' dir='ltr'><strong>benedictione</strong></span> 
     </span>
    </p>
   </div>
   <div class='ocr_carea' id='block_1_84' title="bbox 1554 5010 3140 5083">
    <p class='ocr_par' dir='ltr' id='par_1_84' title="bbox 1554 5010 3140 5083">
     <span class='ocr_line' id='line_1_84' title="bbox 1554 5010 3140 5083; baseline 0 -17"><span class='ocrx_word' id='word_1_667' title='bbox 1554 5010 1700 5080; x_wconf 87' lang='lat' dir='ltr'><strong>digni</strong></span> <span class='ocrx_word' id='word_1_668' title='bbox 1733 5019 1857 5065; x_wconf 87' lang='lat' dir='ltr'><strong>sunt</strong></span> <span class='ocrx_word' id='word_1_669' title='bbox 1879 5014 1970 5082; x_wconf 90' lang='lat' dir='ltr'><strong>qui</strong></span> <span class='ocrx_word' id='word_1_670' title='bbox 1995 5012 2185 5081; x_wconf 88' lang='lat' dir='ltr'><strong>culpas</strong></span> <span class='ocrx_word' id='word_1_671' title='bbox 2213 5014 2512 5083; x_wconf 90' lang='lat' dir='ltr'><strong>corrigunt,</strong></span> <span class='ocrx_word' id='word_1_672' title='bbox 2542 5014 2614 5066; x_wconf 90' lang='lat' dir='ltr'><strong>ita</strong></span> <span class='ocrx_word' id='word_1_673' title='bbox 2646 5013 2997 5068; x_wconf 90' lang='lat' dir='ltr'><strong>nihilominus</strong></span> <span class='ocrx_word' id='word_1_674' title='bbox 3025 5029 3140 5066; x_wconf 87' lang='lat' dir='ltr'><strong>ma-</strong></span> 
     </span>
    </p>
   </div>
   <div class='ocr_carea' id='block_1_85' title="bbox 1553 5104 3136 5178">
    <p class='ocr_par' dir='ltr' id='par_1_85' title="bbox 1553 5104 3136 5178">
     <span class='ocr_line' id='line_1_85' title="bbox 1553 5104 3136 5178; baseline 0.004 -21"><span class='ocrx_word' id='word_1_675' title='bbox 1553 5104 1832 5158; x_wconf 76' lang='lat' dir='ltr'><strong>ledictioni</strong></span> <span class='ocrx_word' id='word_1_676' title='bbox 1866 5108 2084 5161; x_wconf 77' lang='lat' dir='ltr'><strong>obnoxii</strong></span> <span class='ocrx_word' id='word_1_677' title='bbox 2112 5119 2238 5162; x_wconf 91' lang='lat' dir='ltr'><strong>sunt</strong></span> <span class='ocrx_word' id='word_1_678' title='bbox 2266 5109 2358 5178; x_wconf 91' lang='lat' dir='ltr'><strong>qui</strong></span> <span class='ocrx_word' id='word_1_679' title='bbox 2387 5110 2737 5178; x_wconf 89' lang='lat' dir='ltr'><strong>peccantibus</strong></span> <span class='ocrx_word' id='word_1_680' title='bbox 2765 5109 3136 5164; x_wconf 86' lang='lat' dir='ltr'><strong>blandiuntur.</strong></span> 
     </span>
    </p>
   </div>
   <div class='ocr_carea' id='block_1_86' title="bbox 1553 5194 3139 5270">
    <p class='ocr_par' dir='ltr' id='par_1_86' title="bbox 1553 5194 3139 5270">
     <span class='ocr_line' id='line_1_86' title="bbox 1553 5194 3139 5270; baseline 0.004 -20"><span class='ocrx_word' id='word_1_681' title='bbox 1553 5194 1708 5270; x_wconf 80' lang='lat' dir='ltr'><strong>Sicut</strong></span> <span class='ocrx_word' id='word_1_682' title='bbox 1730 5210 1826 5263; x_wconf 90' lang='lat' dir='ltr'><strong>per</strong></span> <span class='ocrx_word' id='word_1_683' title='bbox 1851 5199 2168 5266; x_wconf 84' lang='lat' dir='ltr'><strong>prophetam</strong></span> <span class='ocrx_word' id='word_1_684' title='bbox 2197 5199 2433 5255; x_wconf 88' lang='lat' dir='ltr'><strong>dicitur:</strong></span> <span class='ocrx_word' id='word_1_685' title='bbox 2470 5219 2488 5251; x_wconf 79' lang='grc' dir='ltr'>ι</span> <span class='ocrx_word' id='word_1_686' title='bbox 2526 5199 2863 5266; x_wconf 81' lang='lat' dir='ltr'><strong>Maledictus,</strong></span> <span class='ocrx_word' id='word_1_687' title='bbox 2895 5202 2984 5270; x_wconf 92' lang='lat' dir='ltr'><strong>qui</strong></span> <span class='ocrx_word' id='word_1_688' title='bbox 3015 5216 3139 5270; x_wconf 88' lang='lat' dir='ltr'><strong>pro-</strong></span> 
     </span>
    </p>
   </div>
   <div class='ocr_carea' id='block_1_87' title="bbox 1549 5266 3139 5361">
    <p class='ocr_par' dir='ltr' id='par_1_87' title="bbox 1549 5266 3139 5361">
     <span class='ocr_line' id='line_1_87' title="bbox 1549 5266 3139 5361; baseline 0.005 -23"><span class='ocrx_word' id='word_1_689' title='bbox 1549 5266 1709 5339; x_wconf 45' lang='lat' dir='ltr'><strong>hibet.</strong></span> <span class='ocrx_word' id='word_1_690' title='bbox 1736 5285 1974 5352; x_wconf 85' lang='lat' dir='ltr'><strong>gladium</strong></span> <span class='ocrx_word' id='word_1_691' title='bbox 2007 5303 2168 5342; x_wconf 78' lang='lat' dir='ltr'><strong>suum</strong></span> <span class='ocrx_word' id='word_1_692' title='bbox 2205 5304 2234 5341; x_wconf 90' lang='lat' dir='ltr'><strong>a</strong></span> <span class='ocrx_word' id='word_1_693' title='bbox 2279 5291 2539 5360; x_wconf 88' lang='lat' dir='ltr'><strong>sanguine</strong></span> <span class='ocrx_word' id='word_1_694' title='bbox 2586 5289 2733 5360; x_wconf 83' lang='lat' dir='ltr'><strong>(Jer.</strong></span> <span class='ocrx_word' id='word_1_695' title='bbox 2777 5266 3060 5361; x_wconf 42' lang='lat' dir='ltr'><strong>XLVII-thr</strong></span> <span class='ocrx_word' id='word_1_696' title='bbox 3092 5293 3139 5346; x_wconf 80' lang='grc' dir='ltr'><strong>Α</strong></span> 
     </span>
    </p>
   </div>
   <div class='ocr_carea' id='block_1_88' title="bbox 1552 5378 3138 5450">
    <p class='ocr_par' dir='ltr' id='par_1_88' title="bbox 1552 5378 3138 5450">
     <span class='ocr_line' id='line_1_88' title="bbox 1552 5378 3138 5450; baseline 0.002 -19"><span class='ocrx_word' id='word_1_697' title='bbox 1552 5381 1811 5448; x_wconf 86' lang='lat' dir='ltr'><strong>sanguine</strong></span> <span class='ocrx_word' id='word_1_698' title='bbox 1844 5380 2042 5448; x_wconf 88' lang='lat' dir='ltr'><strong>quippe</strong></span> <span class='ocrx_word' id='word_1_699' title='bbox 2084 5378 2320 5448; x_wconf 85' lang='lat' dir='ltr'><strong>gladium</strong></span> <span class='ocrx_word' id='word_1_700' title='bbox 2361 5394 2514 5432; x_wconf 88' lang='lat' dir='ltr'><strong>suum</strong></span> <span class='ocrx_word' id='word_1_701' title='bbox 2561 5379 2813 5448; x_wconf 89' lang='lat' dir='ltr'><strong>prohibet</strong></span> <span class='ocrx_word' id='word_1_702' title='bbox 2845 5381 2938 5450; x_wconf 91' lang='lat' dir='ltr'><strong>qui</strong></span> <span class='ocrx_word' id='word_1_703' title='bbox 2979 5396 3038 5436; x_wconf 85' lang='lat' dir='ltr'><strong>se</strong></span> <span class='ocrx_word' id='word_1_704' title='bbox 3070 5380 3138 5435; x_wconf 92' lang='lat' dir='ltr'><strong>ab</strong></span> 
     </span>
    </p>
   </div>
   <div class='ocr_carea' id='block_1_89' title="bbox 1552 5466 3136 5538">
    <p class='ocr_par' dir='ltr' id='par_1_89' title="bbox 1552 5466 3136 5538">
     <span class='ocr_line' id='line_1_89' title="bbox 1552 5466 3136 5538; baseline 0.004 -19"><span class='ocrx_word' id='word_1_705' title='bbox 1552 5466 1830 5521; x_wconf 87' lang='lat' dir='ltr'><strong>inferenda</strong></span> <span class='ocrx_word' id='word_1_706' title='bbox 1872 5467 2118 5536; x_wconf 85' lang='lat' dir='ltr'><strong>reprobis</strong></span> <span class='ocrx_word' id='word_1_707' title='bbox 2159 5469 2318 5538; x_wconf 85' lang='lat' dir='ltr'><strong>digna</strong></span> <span class='ocrx_word' id='word_1_708' title='bbox 2354 5470 2632 5523; x_wconf 67' lang='lat' dir='ltr'><strong>sententiae</strong></span> <span class='ocrx_word' id='word_1_709' title='bbox 2668 5471 3136 5527; x_wconf 88' lang='lat' dir='ltr'><strong>animadversione</strong></span> 
     </span>
    </p>
   </div>
   <div class='ocr_carea' id='block_1_90' title="bbox 1551 5555 3136 5632">
    <p class='ocr_par' dir='ltr' id='par_1_90' title="bbox 1551 5555 3136 5632">
     <span class='ocr_line' id='line_1_90' title="bbox 1551 5555 3136 5632; baseline 0.008 -28"><span class='ocrx_word' id='word_1_710' title='bbox 1551 5564 1788 5610; x_wconf 78' lang='lat' dir='ltr'><strong>coercet.</strong></span> <span class='ocrx_word' id='word_1_711' title='bbox 1813 5555 2238 5627; x_wconf 80' lang='lat' dir='ltr'><strong>Factisiquidem</strong></span> <span class='ocrx_word' id='word_1_712' title='bbox 2257 5558 2470 5627; x_wconf 83' lang='lat' dir='ltr'><strong>culpam</strong></span> <span class='ocrx_word' id='word_1_713' title='bbox 2496 5558 2777 5629; x_wconf 90' lang='lat' dir='ltr'><strong>habet,qni</strong></span> <span class='ocrx_word' id='word_1_714' title='bbox 2795 5563 2934 5630; x_wconf 88' lang='lat' dir='ltr'><strong>quod</strong></span> <span class='ocrx_word' id='word_1_715' title='bbox 2960 5573 3136 5632; x_wconf 87' lang='lat' dir='ltr'><strong>potest</strong></span> 
     </span>
    </p>
   </div>
   <div class='ocr_carea' id='block_1_91' title="bbox 1552 5647 3134 5722">
    <p class='ocr_par' dir='ltr' id='par_1_91' title="bbox 1552 5647 3134 5722">
     <span class='ocr_line' id='line_1_91' title="bbox 1552 5647 3134 5722; baseline 0.004 -22"><span class='ocrx_word' id='word_1_716' title='bbox 1552 5647 1775 5716; x_wconf 75' lang='lat' dir='ltr'><strong>negligit</strong></span> <span class='ocrx_word' id='word_1_717' title='bbox 1800 5649 2088 5704; x_wconf 89' lang='lat' dir='ltr'><strong>emendare</strong></span> <span class='ocrx_word' id='word_1_718' title='bbox 2110 5650 2191 5706; x_wconf 77' lang='lat' dir='ltr'><strong>(S.</strong></span> <span class='ocrx_word' id='word_1_719' title='bbox 2220 5647 2462 5721; x_wconf 84' lang='lat' dir='ltr'><strong>Gregor.)</strong></span> <span class='ocrx_word' id='word_1_720' title='bbox 2494 5649 2648 5705; x_wconf 91' lang='lat' dir='ltr'><strong>Unde</strong></span> <span class='ocrx_word' id='word_1_721' title='bbox 2670 5661 2721 5706; x_wconf 92' lang='lat' dir='ltr'><strong>et</strong></span> <span class='ocrx_word' id='word_1_722' title='bbox 2747 5652 2970 5722; x_wconf 66' lang='lat' dir='ltr'><strong>prmfato</strong></span> <span class='ocrx_word' id='word_1_723' title='bbox 2995 5653 3134 5717; x_wconf 83' lang='lat' dir='ltr'><strong>Heli,</strong></span> 
     </span>
    </p>
   </div>
   <div class='ocr_carea' id='block_1_92' title="bbox 1554 5735 3134 5810">
    <p class='ocr_par' dir='ltr' id='par_1_92' title="bbox 1554 5735 3134 5810">
     <span class='ocr_line' id='line_1_92' title="bbox 1554 5735 3134 5810; baseline 0.006 -23"><span class='ocrx_word' id='word_1_724' title='bbox 1554 5735 1635 5788; x_wconf 84' lang='lat' dir='ltr'><strong>vir</strong></span> <span class='ocrx_word' id='word_1_725' title='bbox 1681 5735 1794 5801; x_wconf 89' lang='lat' dir='ltr'><strong>Dei,</strong></span> <span class='ocrx_word' id='word_1_726' title='bbox 1829 5737 1920 5807; x_wconf 89' lang='lat' dir='ltr'><strong>qui</strong></span> <span class='ocrx_word' id='word_1_727' title='bbox 1953 5748 2004 5792; x_wconf 90' lang='lat' dir='ltr'><strong>et</strong></span> <span class='ocrx_word' id='word_1_728' title='bbox 2047 5739 2276 5795; x_wconf 86' lang='lat' dir='ltr'><strong>Phinees</strong></span> <span class='ocrx_word' id='word_1_729' title='bbox 2319 5738 2483 5795; x_wconf 87' lang='lat' dir='ltr'><strong>fuisse</strong></span> <span class='ocrx_word' id='word_1_730' title='bbox 2525 5749 2763 5810; x_wconf 89' lang='lat' dir='ltr'><strong>putatur,</strong></span> <span class='ocrx_word' id='word_1_731' title='bbox 2801 5743 2915 5796; x_wconf 89' lang='lat' dir='ltr'><strong>ait:</strong></span> <span class='ocrx_word' id='word_1_732' title='bbox 2956 5760 2972 5793; x_wconf 85' lang='lat' dir='ltr'><strong>t</strong></span> <span class='ocrx_word' id='word_1_733' title='bbox 3010 5741 3134 5797; x_wconf 72' lang='lat' dir='ltr'><strong>Haec</strong></span> 
     </span>
    </p>
   </div>
   <div class='ocr_carea' id='block_1_93' title="bbox 3247 4921 4800 4990">
    <p class='ocr_par' dir='ltr' id='par_1_93' title="bbox 3247 4921 4800 4990">
     <span class='ocr_line' id='line_1_93' title="bbox 3247 4921 4800 4990; baseline 0 -18"><span class='ocrx_word' id='word_1_734' title='bbox 3247 4921 3508 4982; x_wconf 89' lang='lat' dir='ltr'><strong>amicitia.</strong></span> <span class='ocrx_word' id='word_1_735' title='bbox 3552 4921 3644 4990; x_wconf 89' lang='lat' dir='ltr'><strong>qui</strong></span> <span class='ocrx_word' id='word_1_736' title='bbox 3685 4921 3941 4974; x_wconf 89' lang='lat' dir='ltr'><strong>nimirum</strong></span> <span class='ocrx_word' id='word_1_737' title='bbox 3971 4925 4095 4978; x_wconf 88' lang='lat' dir='ltr'><strong>dum</strong></span> <span class='ocrx_word' id='word_1_738' title='bbox 4127 4921 4488 4984; x_wconf 89' lang='lat' dir='ltr'><strong>tenebrarum,</strong></span> <span class='ocrx_word' id='word_1_739' title='bbox 4525 4921 4574 4974; x_wconf 86' lang='lat' dir='ltr'><strong>in</strong></span> <span class='ocrx_word' id='word_1_740' title='bbox 4610 4921 4800 4989; x_wconf 85' lang='lat' dir='ltr'><strong>quibus</strong></span> 
     </span>
    </p>
   </div>
   <div class='ocr_carea' id='block_1_94' title="bbox 3247 5008 4798 5082">
    <p class='ocr_par' dir='ltr' id='par_1_94' title="bbox 3247 5008 4798 5082">
     <span class='ocr_line' id='line_1_94' title="bbox 3247 5008 4798 5082; baseline 0 -18"><span class='ocrx_word' id='word_1_741' title='bbox 3247 5026 3461 5082; x_wconf 85' lang='lat' dir='ltr'><strong>semper</strong></span> <span class='ocrx_word' id='word_1_742' title='bbox 3506 5022 3607 5074; x_wconf 89' lang='lat' dir='ltr'><strong>est,</strong></span> <span class='ocrx_word' id='word_1_743' title='bbox 3655 5011 3912 5082; x_wconf 84' lang='lat' dir='ltr'><strong>caligines</strong></span> <span class='ocrx_word' id='word_1_744' title='bbox 3953 5009 4165 5077; x_wconf 87' lang='lat' dir='ltr'><strong>inserit,</strong></span> <span class='ocrx_word' id='word_1_745' title='bbox 4211 5008 4662 5066; x_wconf 83' lang='lat' dir='ltr'><strong>consentientibus</strong></span> <span class='ocrx_word' id='word_1_746' title='bbox 4704 5010 4798 5064; x_wconf 69' lang='lat' dir='ltr'><strong>sibi</strong></span> 
     </span>
    </p>
   </div>
   <div class='ocr_carea' id='block_1_95' title="bbox 3246 5101 4800 5172">
    <p class='ocr_par' dir='ltr' id='par_1_95' title="bbox 3246 5101 4800 5172">
     <span class='ocr_line' id='line_1_95' title="bbox 3246 5101 4800 5172; baseline -0.001 -18"><span class='ocrx_word' id='word_1_747' title='bbox 3246 5110 3409 5171; x_wconf 90' lang='lat' dir='ltr'><strong>atque</strong></span> <span class='ocrx_word' id='word_1_748' title='bbox 3441 5102 3820 5156; x_wconf 87' lang='lat' dir='ltr'><strong>obedientibus</strong></span> <span class='ocrx_word' id='word_1_749' title='bbox 3855 5101 4033 5156; x_wconf 88' lang='lat' dir='ltr'><strong>lumen</strong></span> <span class='ocrx_word' id='word_1_750' title='bbox 4068 5103 4386 5172; x_wconf 79' lang='lat' dir='ltr'><strong>exstinguit;</strong></span> <span class='ocrx_word' id='word_1_751' title='bbox 4413 5103 4516 5156; x_wconf 88' lang='lat' dir='ltr'><strong>imo</strong></span> <span class='ocrx_word' id='word_1_752' title='bbox 4544 5101 4800 5156; x_wconf 70' lang='lat' dir='ltr'><strong>debemus</strong></span> 
     </span>
    </p>
   </div>
   <div class='ocr_carea' id='block_1_96' title="bbox 3246 5191 4801 5262">
    <p class='ocr_par' dir='ltr' id='par_1_96' title="bbox 3246 5191 4801 5262">
     <span class='ocr_line' id='line_1_96' title="bbox 3246 5191 4801 5262; baseline -0.005 -14"><span class='ocrx_word' id='word_1_753' title='bbox 3246 5193 3294 5248; x_wconf 87' lang='lat' dir='ltr'><strong>ei</strong></span> <span class='ocrx_word' id='word_1_754' title='bbox 3335 5207 3555 5261; x_wconf 86' lang='lat' dir='ltr'><strong>semper</strong></span> <span class='ocrx_word' id='word_1_755' title='bbox 3594 5191 3976 5246; x_wconf 68' lang='lat' dir='ltr'><strong>infasderabile</strong></span> <span class='ocrx_word' id='word_1_756' title='bbox 3999 5191 4214 5258; x_wconf 86' lang='lat' dir='ltr'><strong>bellum,</strong></span> <span class='ocrx_word' id='word_1_757' title='bbox 4239 5193 4327 5262; x_wconf 91' lang='lat' dir='ltr'><strong>qui</strong></span> <span class='ocrx_word' id='word_1_758' title='bbox 4372 5206 4578 5245; x_wconf 85' lang='lat' dir='ltr'><strong>suorum</strong></span> <span class='ocrx_word' id='word_1_759' title='bbox 4620 5191 4801 5245; x_wconf 72' lang='lat' dir='ltr'><strong>oculos</strong></span> 
     </span>
    </p>
   </div>
   <div class='ocr_carea' id='block_1_97' title="bbox 3247 5283 4797 5355">
    <p class='ocr_par' dir='ltr' id='par_1_97' title="bbox 3247 5283 4797 5355">
     <span class='ocr_line' id='line_1_97' title="bbox 3247 5283 4797 5355; baseline -0.004 -15"><span class='ocrx_word' id='word_1_760' title='bbox 3247 5286 3428 5340; x_wconf 89' lang='lat' dir='ltr'><strong>obruit</strong></span> <span class='ocrx_word' id='word_1_761' title='bbox 3456 5286 3778 5339; x_wconf 85' lang='lat' dir='ltr'><strong>amicorum.</strong></span> <span class='ocrx_word' id='word_1_762' title='bbox 3822 5285 3957 5339; x_wconf 86' lang='lat' dir='ltr'><strong>Hinc</strong></span> <span class='ocrx_word' id='word_1_763' title='bbox 3983 5293 4063 5339; x_wconf 89' lang='lat' dir='ltr'><strong>est</strong></span> <span class='ocrx_word' id='word_1_764' title='bbox 4098 5286 4240 5355; x_wconf 81' lang='lat' dir='ltr'><strong>quod</strong></span> <span class='ocrx_word' id='word_1_765' title='bbox 4279 5299 4426 5340; x_wconf 84' lang='lat' dir='ltr'><strong>sacra</strong></span> <span class='ocrx_word' id='word_1_766' title='bbox 4455 5283 4662 5352; x_wconf 81' lang='lat' dir='ltr'><strong>Regum</strong></span> <span class='ocrx_word' id='word_1_767' title='bbox 4691 5283 4797 5336; x_wconf 78' lang='lat' dir='ltr'><strong>his-</strong></span> 
     </span>
    </p>
   </div>
   <div class='ocr_carea' id='block_1_98' title="bbox 3248 5375 4800 5446">
    <p class='ocr_par' dir='ltr' id='par_1_98' title="bbox 3248 5375 4800 5446">
     <span class='ocr_line' id='line_1_98' title="bbox 3248 5375 4800 5446; baseline -0.006 -11"><span class='ocrx_word' id='word_1_768' title='bbox 3248 5381 3384 5435; x_wconf 90' lang='lat' dir='ltr'><strong>toria</strong></span> <span class='ocrx_word' id='word_1_769' title='bbox 3414 5389 3670 5433; x_wconf 88' lang='lat' dir='ltr'><strong>narrante</strong></span> <span class='ocrx_word' id='word_1_770' title='bbox 3698 5379 3980 5434; x_wconf 89' lang='lat' dir='ltr'><strong>didicimus</strong></span> <span class='ocrx_word' id='word_1_771' title='bbox 4008 5396 4020 5432; x_wconf 90' lang='lat'><strong>:</strong></span> <span class='ocrx_word' id='word_1_772' title='bbox 4047 5379 4179 5446; x_wconf 88' lang='lat' dir='ltr'><strong>Quia</strong></span> <span class='ocrx_word' id='word_1_773' title='bbox 4220 5397 4237 5430; x_wconf 82' lang='lat' dir='ltr'><strong>t</strong></span> <span class='ocrx_word' id='word_1_774' title='bbox 4268 5393 4384 5432; x_wconf 91' lang='lat' dir='ltr'><strong>cum</strong></span> <span class='ocrx_word' id='word_1_775' title='bbox 4427 5375 4560 5429; x_wconf 74' lang='lat' dir='ltr'><strong>Naas</strong></span> <span class='ocrx_word' id='word_1_776' title='bbox 4580 5375 4800 5428; x_wconf 70' lang='lat' dir='ltr'><strong>Ammo-</strong></span> 
     </span>
    </p>
   </div>
   <div class='ocr_carea' id='block_1_99' title="bbox 3245 5461 4798 5532">
    <p class='ocr_par' dir='ltr' id='par_1_99' title="bbox 3245 5461 4798 5532">
     <span class='ocr_line' id='line_1_99' title="bbox 3245 5461 4798 5532; baseline -0.01 -8"><span class='ocrx_word' id='word_1_777' title='bbox 3245 5471 3387 5524; x_wconf 85' lang='lat' dir='ltr'><strong>nites</strong></span> <span class='ocrx_word' id='word_1_778' title='bbox 3431 5469 3777 5532; x_wconf 87' lang='lat' dir='ltr'><strong>ascenderet,</strong></span> <span class='ocrx_word' id='word_1_779' title='bbox 3817 5477 3877 5522; x_wconf 91' lang='lat' dir='ltr'><strong>ut</strong></span> <span class='ocrx_word' id='word_1_780' title='bbox 3910 5467 4068 5522; x_wconf 72' lang='lat' dir='ltr'><strong>Iabes</strong></span> <span class='ocrx_word' id='word_1_781' title='bbox 4098 5467 4295 5521; x_wconf 84' lang='lat' dir='ltr'><strong>Galaad</strong></span> <span class='ocrx_word' id='word_1_782' title='bbox 4331 5481 4447 5520; x_wconf 88' lang='lat' dir='ltr'><strong>cum</strong></span> <span class='ocrx_word' id='word_1_783' title='bbox 4485 5463 4593 5518; x_wconf 87' lang='lat' dir='ltr'><strong>suis</strong></span> <span class='ocrx_word' id='word_1_784' title='bbox 4635 5461 4798 5531; x_wconf 82' lang='lat' dir='ltr'><strong>agmi-</strong></span> 
     </span>
    </p>
   </div>
   <div class='ocr_carea' id='block_1_100' title="bbox 3245 5554 4795 5628">
    <p class='ocr_par' dir='ltr' id='par_1_100' title="bbox 3245 5554 4795 5628">
     <span class='ocr_line' id='line_1_100' title="bbox 3245 5554 4795 5628; baseline -0.009 -15"><span class='ocrx_word' id='word_1_785' title='bbox 3245 5561 3402 5614; x_wconf 90' lang='lat' dir='ltr'><strong>nibus</strong></span> <span class='ocrx_word' id='word_1_786' title='bbox 3424 5565 3775 5628; x_wconf 80' lang='lat' dir='ltr'><strong>expugnaret,</strong></span> <span class='ocrx_word' id='word_1_787' title='bbox 3799 5572 3984 5612; x_wconf 90' lang='lat' dir='ltr'><strong>omnes</strong></span> <span class='ocrx_word' id='word_1_788' title='bbox 4006 5558 4105 5610; x_wconf 90' lang='lat' dir='ltr'><strong>viri</strong></span> <span class='ocrx_word' id='word_1_789' title='bbox 4127 5555 4283 5610; x_wconf 71' lang='lat' dir='ltr'><strong>labes</strong></span> <span class='ocrx_word' id='word_1_790' title='bbox 4302 5556 4365 5609; x_wconf 86' lang='lat' dir='ltr'><strong>ad</strong></span> <span class='ocrx_word' id='word_1_791' title='bbox 4388 5554 4520 5608; x_wconf 78' lang='lat' dir='ltr'><strong>Nsas</strong></span> <span class='ocrx_word' id='word_1_792' title='bbox 4538 5568 4646 5607; x_wconf 82' lang='lat' dir='ltr'><strong>una</strong></span> <span class='ocrx_word' id='word_1_793' title='bbox 4673 5562 4795 5603; x_wconf 78' lang='lat' dir='ltr'><strong>voce</strong></span> 
     </span>
    </p>
   </div>
   <div class='ocr_carea' id='block_1_101' title="bbox 3243 5640 4790 5705">
    <p class='ocr_par' dir='ltr' id='par_1_101' title="bbox 3243 5640 4790 5705">
     <span class='ocr_line' id='line_1_101' title="bbox 3243 5640 4790 5705; baseline -0.012 0"><span class='ocrx_word' id='word_1_794' title='bbox 3243 5651 3498 5705; x_wconf 78' lang='lat' dir='ltr'><strong>dixerunt</strong></span> <span class='ocrx_word' id='word_1_795' title='bbox 3529 5669 3539 5702; x_wconf 91' lang='lat'>:</span> <span class='ocrx_word' id='word_1_796' title='bbox 3574 5648 3780 5703; x_wconf 85' lang='lat' dir='ltr'><strong>Habeto</strong></span> <span class='ocrx_word' id='word_1_797' title='bbox 3817 5663 3913 5704; x_wconf 87' lang='lat' dir='ltr'><strong>nos</strong></span> <span class='ocrx_word' id='word_1_798' title='bbox 3947 5648 4236 5703; x_wconf 82' lang='lat' dir='ltr'><strong>fcedcratos</strong></span> <span class='ocrx_word' id='word_1_799' title='bbox 4270 5656 4323 5700; x_wconf 89' lang='lat' dir='ltr'><strong>et</strong></span> <span class='ocrx_word' id='word_1_800' title='bbox 4361 5646 4650 5701; x_wconf 84' lang='lat' dir='ltr'><strong>serviemus</strong></span> <span class='ocrx_word' id='word_1_801' title='bbox 4683 5640 4790 5693; x_wconf 83' lang='lat' dir='ltr'><strong>tibi.</strong></span> 
     </span>
    </p>
   </div>
   <div class='ocr_carea' id='block_1_102' title="bbox 3242 5731 4792 5813">
    <p class='ocr_par' dir='ltr' id='par_1_102' title="bbox 3242 5731 4792 5813">
     <span class='ocr_line' id='line_1_102' title="bbox 3242 5731 4792 5813; baseline -0.006 -18"><span class='ocrx_word' id='word_1_802' title='bbox 3242 5743 3448 5809; x_wconf 87' lang='lat' dir='ltr'><strong>Quibus</strong></span> <span class='ocrx_word' id='word_1_803' title='bbox 3471 5742 3559 5796; x_wconf 90' lang='lat' dir='ltr'><strong>ille</strong></span> <span class='ocrx_word' id='word_1_804' title='bbox 3581 5741 3853 5813; x_wconf 69' lang='lat' dir='ltr'><strong>resPondit</strong></span> <span class='ocrx_word' id='word_1_805' title='bbox 3873 5755 3886 5794; x_wconf 89' lang='lat'><strong>:</strong></span> <span class='ocrx_word' id='word_1_806' title='bbox 3909 5739 3966 5794; x_wconf 90' lang='lat' dir='ltr'><strong>In</strong></span> <span class='ocrx_word' id='word_1_807' title='bbox 3990 5739 4088 5794; x_wconf 88' lang='lat' dir='ltr'><strong>hoc</strong></span> <span class='ocrx_word' id='word_1_808' title='bbox 4109 5738 4292 5793; x_wconf 78' lang='lat' dir='ltr'><strong>feriam</strong></span> <span class='ocrx_word' id='word_1_809' title='bbox 4313 5735 4577 5792; x_wconf 81' lang='lat' dir='ltr'><strong>vobiscum</strong></span> <span class='ocrx_word' id='word_1_810' title='bbox 4601 5731 4792 5787; x_wconf 59' lang='lat' dir='ltr'><strong>tedas.</strong></span> 
     </span>
    </p>
   </div>
  </div>
