5904 6616
1151 426 1288 484 1095

2463 427 2529 482 ΙΝ
2569 427 2697 483 LIB.
2757 426 2774 482 l
2822 425 3086 484 REGUM.

4287 433 4426 489 109⁸

1149 552 1404 596 uteruatn
1426 541 1666 595 omnium
1690 551 1927 595 vestrum
1951 541 2133 595 oculos
2158 540 2394 603 dextros,
2423 553 2729 610 penemque
2759 544 2803 602 Α
2837 555 3073 607 numque
3099 537 3367 593 mediator
3398 538 3677 592 innuitur?
3714 539 3850 606 Quid
3881 549 3959 595 est
3990 541 4132 611 quod
4169 545 4421 613 populum

1147 649 1244 688 vos
1297 634 1646 703 opprobrium
1703 634 1954 686 universo
2001 632 2202 684 lsraeli.
2248 633 2614 700 Dixeruntque
2659 632 2728 685 ad

1144 740 1269 780 eum
1297 728 1539 780 seniores
1567 724 1727 778 Iabes
1760 743 1770 776 :
1806 724 2054 778 Concede
2085 725 2236 777 nobis
2269 733 2474 792 septem
2499 723 2636 787 dies,
2669 731 2727 776 ut

1143 820 1425 873 mittamus
1460 817 1682 872 nuntios
1719 818 1771 870 in
1813 818 2094 870 universos
2139 817 2398 870 terminos
2446 816 2639 881 Israel;
2679 818 2724 870 si

1142 923 1249 962 non
1291 907 1452 961 fuerit
1479 908 1568 976 qui
1601 907 1852 962 defendat
1890 922 2011 970 nos,
2043 907 2382 975 egrediemur
2408 909 2474 960 ad
2507 917 2576 961 te.
2607 908 2722 960 Au-

1141 997 1292 1050 diens
1321 997 1434 1048 hzec
1461 994 1877 1050 Saulexercitus
1915 995 2314 1047 multitudinem
2347 997 2718 1065 congregavit,

1138 1101 1287 1140 arma
1335 1087 1599 1156 corripuit
1644 1096 1698 1140 et
1745 1101 1807 1140 ex
1864 1085 2186 1139 Ammonitis
2231 1086 2378 1154 gravi
2431 1086 2719 1139 admodum

1135 1179 1280 1232 ett-de
1307 1179 1578 1246 percussis
1603 1194 1724 1232 cum
1755 1177 1923 1246 gloria
1951 1177 2300 1244 triumphavit
2329 1174 2380 1245 (I
2412 1174 2536 1244 Reg.
2572 1175 2670 1244 vi).
2695 1193 2712 1226 ι

1133 1267 1273 1333 Quid
1304 1268 1486 1336 itaque
1524 1282 1618 1336 per
1649 1266 1792 1320 Naas
1819 1267 2203 1330 Ammonitem,
2237 1267 2527 1333 superbum
2564 1267 2715 1319 vide-

1131 1357 1260 1411 licet
1290 1373 1493 1427 regem,
1528 1357 1628 1410 nisi
1655 1355 1734 1409 vel
1761 1356 2017 1408 mundum
2042 1354 2286 1409 Creatori
2312 1371 2410 1409 suo
2438 1355 2712 1420 rebellem,

1128 1444 1215 1498 vel
1255 1445 1526 1498 diabolum
1570 1443 1684 1511 ejus
1733 1444 2081 1513 intelligimus
2125 1444 2460 1512 principem?
2494 1443 2570 1498 De
2606 1459 2715 1514 quo

1127 1533 1388 1587 nimirum
1417 1533 1614 1587 dicitur
1645 1552 1656 1585 ε
1693 1533 1828 1599 Quia
1867 1551 1884 1582 ‹
1929 1533 2043 1602 ipse
2083 1543 2165 1587 est
2204 1550 2294 1586 rex
2333 1549 2496 1602 super
2525 1550 2714 1590 omnes

1127 1621 1270 1675 ﬁlios
1296 1622 1559 1690 superbize
1592 1623 1711 1691 (Job
1742 1623 1873 1692 xu).
1913 1643 1928 1674 ι
1967 1623 2030 1674 Et
2059 1624 2182 1690 quia
2217 1623 2355 1676 Naas
2395 1641 2604 1692 serpens
2632 1626 2712 1678 in-

1123 1718 1475 1778 terprctatur,
1506 1721 1649 1764 recte
1674 1713 1932 1779 pcrohuuc
1958 1727 2261 1764 venenosus
2287 1712 2374 1765 ille
2395 1722 2448 1765 et
2471 1712 2709 1768 lubricus

1120 1801 1314 1868 anguis
1343 1801 1683 1870 exprimitur.
1715 1799 1850 1866 Quid
1885 1815 2010 1852 vero
2042 1817 2136 1868 per
2164 1800 2347 1864 labes,
2373 1818 2491 1869 qua:
2516 1803 2706 1857 civitas

2833 628 2884 681 in
2931 636 3040 680 tres
3079 627 3359 682 constituit
3387 637 3591 697 partes,
3625 629 3725 684 nisi
3757 630 3884 698 quia
3918 640 4027 685 tres
4054 643 4180 685 sunt
4217 635 4420 702 princi-

2828 717 2978 784 pales
2997 720 3191 770 anima:
3220 718 3472 781 virtutes,
3494 720 3623 775 fides
3649 720 3879 784 scilicet,
3907 736 4033 790 spes
4063 731 4115 775 et
4143 722 4421 778 Charitas?

2829 807 2883 859 In
2913 807 3139 860 trifariis
3169 808 3349 876 itaque
3372 807 3694 863 bellatorqu
3720 811 3965 877 partibus
3994 812 4218 866 victoria
4247 823 4423 867 certa-

2826 893 2988 946 minis
3037 894 3338 958 obtinetur,
3387 898 3512 964 quia
3567 899 3741 954 tribus
3793 898 3877 951 bis
3922 899 4234 965 virtutibus,
4281 902 4421 958 duce

2824 980 3062 1045 Christo,
3087 985 3266 1038 omnis
3296 985 3562 1041 diabolica
3589 987 3816 1040 tentatio
3846 989 4097 1043 vincitur.
4124 989 4294 1046 Porro
4316 1007 4420 1048 nec

2824 1071 2938 1140 ipse
2972 1089 2998 1125 a
3032 1075 3293 1145 mysterio
3327 1086 3483 1128 vacat
3524 1087 3884 1146 pugnatorum
3935 1095 4210 1146 numerus,
4253 1097 4416 1152 quem

2825 1162 3104 1233 Scriptura
3143 1167 3479 1234 pronuntiat.
3513 1188 3530 1218 ‹
3565 1168 3822 1228 Fuerunt.
3858 1170 3953 1231 ait,
3989 1170 4220 1226 filiorum
4248 1171 4417 1228 Israel

2825 1265 3060 1310 trecenta
3094 1259 3280 1322 millia,
3311 1259 3549 1313 virorum
3585 1270 3768 1313 autem
3807 1259 3944 1314 Iuda
3980 1263 4201 1332 triginta
4245 1263 4414 1319 millia

2821 1345 3053 1416 (Ibid.).
3094 1366 3109 1398 ι
3146 1347 3478 1403 Milleuarius
3525 1359 3707 1403 autem
3763 1360 3926 1420 atque
3966 1353 4236 1415 denarius,
4284 1355 4413 1423 quia

2816 1437 3042 1505 perfecti
3077 1448 3203 1491 sunt
3231 1441 3465 1504 numeri,
3504 1449 3816 1495 sanctorum
3848 1442 4270 1512 perfectionem;
4302 1456 4414 1502 tre-

2817 1531 2958 1584 ccuti
2993 1546 3149 1591 vero,
3186 1531 3270 1584 vel
3310 1531 3560 1602 triginta,
3594 1534 3719 1601 quia
3750 1549 3779 1587 a
3811 1535 3986 1589 tribus
4021 1537 4291 1602 oriuntur,
4327 1538 4414 1592 di-

2816 1618 2994 1671 vinam
3032 1619 3344 1688 significant
3385 1622 3729 1675 Trinitatem.
3765 1621 3903 1688 Quid
3941 1625 4125 1694 itaque
4158 1642 4254 1694 per
4295 1637 4411 1684 tre-

2811 1720 2967 1762 centa
3018 1711 3208 1773 millia,
3265 1711 3349 1765 vel
3399 1712 3620 1781 triginta
3671 1714 3839 1766 millia
3901 1715 4251 1781 bellatorum,
4303 1719 4408 1774 nisi

2813 1800 2989 1854 sancti
3038 1801 3290 1856 doctores
3338 1803 3714 1873 intelliguntur
3751 1805 4038 1872 Ecclesiae,
4079 1810 4169 1877 qui
4207 1820 4257 1865 et
4298 1809 4407 1866 fide

1119 1902 1243 1945 erat
1281 1892 1597 1956 Israelitica,
1639 1892 1740 1945 nisi
1780 1893 1958 1944 anima
2002 1893 2242 1945 iuuuitur
2273 1894 2600 1957 Christiana,
2637 1895 2704 1948 ad
2737 1881 2781 1939 Β
2811 1903 2936 1946 sunt
2976 1891 3262 1946 orthodoxi
3301 1900 3356 1946 et
3400 1894 3668 1963 religiosis
3707 1895 3964 1963 operibus
4003 1899 4407 1954 consummati?

1117 1982 1414 2036 videndum
1453 1983 1618 2036 Deum
1671 1998 1770 2050 per
1818 1984 2053 2036 studium
2106 1985 2575 2052 contemplationis
2626 1987 2706 2040 in-

1118 2073 1306 2127 lenta?
1335 2073 1397 2126 Et
1421 2074 1545 2143 quia
1581 2073 1741 2128 Jabes
1770 2075 2158 2142 interpretatur
2187 2077 2468 2139 exsiccata,
2497 2077 2580 2132 vel
2607 2079 2704 2130 sic-

1110 2173 1262 2228 cata,
1290 2179 1524 2233 congrue
1552 2179 1648 2234 per
1674 2163 1837 2218 Jahes
1875 2165 1962 2216 illa
2000 2164 2316 2233 intelligitur
2349 2167 2550 2230 anima,
2581 2182 2702 2235 qua:

1112 2271 1362 2324 superna:
1392 2257 1578 2326 gratiae
1603 2257 1979 2326 pinguedinem
2005 2258 2226 2321 deserit,
2252 2269 2304 2311 et
2335 2260 2384 2311 iu
2408 2267 2540 2312 testu
2571 2275 2702 2313 cono

1108 2345 1460 2412 cupiscentia:
1508 2346 1741 2400 carnalis
1790 2348 2003 2400 arescit.
2059 2347 2336 2402 Rccedens
2389 2349 2585 2417 quippe
2635 2352 2699 2402 ab

1109 2436 1372 2492 inhiando
1402 2437 1566 2490 divini
1605 2439 1846 2491 muneris
1889 2455 2008 2490 rore
2049 2439 2105 2490 lit
2143 2440 2305 2498 sicca,
2339 2454 2494 2504 quem
2537 2450 2694 2492 antea

1109 2530 1240 2583 dum
1271 2531 1594 2598 perciperet,
1629 2531 1836 2598 vigebat
1875 2529 2162 2583 salubriter
2193 2530 2433 2598 irrigata,
2471 2530 2696 2584 Domino

1107 2632 1210 2688 per
1239 2619 1426 2672 Isaiam
1454 2619 1701 2674 dicente:
1736 2638 1752 2668 ί
1785 2619 2061 2672 Effundam
2092 2635 2284 2688 aquam
2320 2635 2481 2686 super
2509 2620 2696 2672 sitien-

1107 2717 1220 2763 tem
1245 2718 1297 2762 ct
1323 2708 1540 2762 fluentia
1566 2723 1726 2778 super
1772 2709 1977 2762 aridam
2008 2709 2142 2778 (lsa.
2169 2709 2334 2777 κων).
2368 2729 2385 2760 ι
2421 2709 2523 2762 Sed
2552 2709 2692 2762 Naas

1103 2813 1230 2851 cum
1253 2798 1415 2852 labes
1442 2798 1616 2853 foedus
1646 2799 1801 2852 aliter
1829 2799 2146 2868 dedignatur
2169 2799 2324 2863 inire,
2345 2799 2442 2850 nisi
2475 2798 2688 2850 oculum

1101 2885 1356 2940 dextrum
1387 2889 1696 2956 paciscatur
1727 2903 1936 2941 eruere.
1972 2889 2107 2954 Quia
2141 2889 2385 2958 quisquis
2417 2889 2497 2939 vel
2545 2888 2688 2941 auti-

1099 2992 1214 3045 quo
1245 2979 1381 3032 hosti
1417 2980 1467 3031 iu
1501 2995 1754 3048 perversa
1799 2982 2140 3048 suggestione
2189 2979 2571 3042 substernitur,
2607 2980 2689 3032 vel

1098 3069 1289 3120 mundi
1323 3068 1480 3137 hujus
1510 3068 1762 3137 inquietis
1791 3070 2096 3122 actionibus
2118 3068 2443 3137 implicatur.
2479 3070 2601 3121 dum
2629 3083 2688 3121 se

1099 3168 1361 3227 tanquam
1389 3161 1617 3229 superbo
1637 3160 1745 3229 regi
1769 3161 1994 3230 turpiter
2009 3160 2260 3225 faederat,
2283 3175 2504 3214 necesse
2523 3160 2680 3229 183

2805 1981 2940 2036 Cum
2968 1982 3053 2036 his
3082 1998 3211 2052 ergo
3240 1983 3371 2036 Saul
3405 1984 3630 2038 hostiles
3654 1987 3798 2055 regis
3822 1985 3967 2042 Naas
3990 1988 4135 2042 acies
4157 1999 4398 2057 superat,

2805 2073 2932 2142 quia
2976 2087 3100 2126 cum
3139 2073 3454 2127 doctoribus
3491 2073 3747 2128 Ecclesia:
3783 2092 3893 2130 sua:
3933 2075 4180 2132 Christus
4215 2079 4282 2133 de
4312 2093 4402 2134 ve-

2807 2166 3008 2216 teruosi
3057 2162 3328 2230 serpentis
3367 2172 3586 2217 versuta
3626 2165 4031 2219 machinatione
4077 2166 4398 2235 triumphat.

2806 2247 2936 2301 Nam
2955 2265 3076 2302 cum
3101 2263 3290 2302 eorum
3321 2260 3591 2319 prmccpta
3618 2251 3703 2305 vel
3747 2251 3990 2320 exempla
4017 2253 4290 2308 subtiliter
4316 2261 4401 2308 at-

2805 2339 3118 2401 tenduntur,
3166 2353 3291 2392 mox
3338 2339 3501 2392 corda
3551 2341 3840 2410 torpentia,
3883 2357 4004 2410 quae
4042 2341 4153 2411 jam
4204 2345 4398 2399 noxius

2804 2437 2955 2495 tepor
3009 2429 3315 2492 invaserat,
3369 2429 3711 2484 recalescunt
3762 2439 3817 2485 et
3870 2433 3936 2485 ab
3989 2431 4399 2492 ohtruncandas

2800 2520 3229 2589 impugnantium
3278 2521 3534 2575 vitiorum
3577 2523 3722 2576 acies
3757 2523 3900 2576 velut
3945 2524 4086 2578 elato
4133 2541 4396 2583 mucrone

2799 2609 3022 2676 spiritus
3057 2609 3439 2663 inﬂammatur.
3483 2610 3632 2665 Unde
3662 2621 3718 2665 et
3759 2613 3858 2681 ipsi
3906 2613 4200 2668 bellatores
4228 2614 4397 2670 Israel

2796 2716 2849 2752 ct
2887 2697 3020 2752 Juda
3063 2701 3288 2764 nuntiis,
3330 2702 3423 2770 qui
3459 2702 3524 2754 ad
3565 2717 3626 2756 se
3656 2712 3940 2764 venerant,
3986 2704 4209 2758 dicunt:
4247 2722 4266 2755 ι
4302 2704 4395 2762 Sic

2795 2789 2986 2843 dicetis
3034 2790 3185 2854 viris,
3219 2791 3310 2860 qui
3355 2802 3485 2844 sunt
3523 2792 3576 2846 in
3620 2791 3784 2846 Jahes
3825 2793 4068 2848 Galaad:
4111 2794 4244 2850 Cras
4286 2797 4396 2852 erit

2795 2882 2948 2934 vobis
2987 2882 3153 2947 salus,
3195 2897 3315 2936 cum
3359 2881 3650 2937 incaluerit
3691 2884 3791 2938 sol.
3833 2904 3851 2936 ι
3896 2883 4029 2939 Nam
4069 2902 4190 2941 cum
4231 2902 4390 2944 mens

2793 2984 2888 3038 per
2910 2971 3172 3024 desidiam
3199 2972 3452 3040 primitus
3475 2974 3742 3028 labefacta
3763 2973 3875 3042 jam
3902 2975 3954 3029 in
3982 2990 4042 3030 se
4072 2991 4295 3032 reversa
4319 2976 4391 3033 ad

2790 3059 3104 3114 Conditoris
3129 3060 3214 3114 sui
3246 3061 3581 3116 desiderium
3622 3063 3926 3128 recalescit,
3960 3079 4082 3120 cum
4113 3075 4388 3137 torporem

2792 3147 3136 3218 negligentiae
3162 3148 3365 3204 deserit
3393 3160 3445 3204 et
3471 3151 3643 3222 frigus
3683 3153 4116 3212 insensibilitatis
4143 3159 4389 3227 pristina

1092 3247 2188 3312 estutdcxtrumoculum,hocest,lumen
2208 3249 2680 3316 contemplationis
2713 3231 2756 3290 (ἶ
2787 3235 3003 3291 ﬂamma
3061 3240 3234 3294 εδηοιί
3283 3243 3486 3295 animis
3532 3243 3801 3307 accendit,
3859 3253 3987 3300 ιυηο
4042 3247 4189 3300 velut
4237 3248 4388 3304 inca.

1094 3339 1338 3402 amittat,
1378 3348 1430 3392 et
1468 3338 1547 3393 sic
1581 3339 1929 3408 opprobrium
1968 3340 2020 3392 in
2064 3339 2229 3393 Israel
2273 3339 2512 3408 ponitur.
2552 3340 2676 3408 quia

1092 3429 1225 3482 dum
1251 3445 1279 3482 a
1305 3430 1779 3499 contemplationis
1804 3445 1927 3484 arce
1954 3431 2018 3483 ad
2049 3440 2262 3485 terrena
2290 3431 2373 3485 vel
2403 3431 2676 3485 imnumda

1087 3515 1350 3584 quaelibet
1383 3519 1728 3586 exsequenda
1763 3519 2088 3581 devolvitur,
2123 3533 2460 3589 consequens
2497 3530 2578 3574 est
2620 3530 2676 3573 ut

1086 3610 1143 3662 in
1215 3609 1456 3664 Ecclesia
1518 3611 1790 3677 probrosa:
1843 3610 2131 3664 derisionis
2187 3612 2676 3667 obtrectationibus

1085 3699 1428 3752 mordeatur.
1467 3697 1663 3753 Petunt
1689 3709 1866 3752 autem
1912 3700 1985 3752 illi
2023 3710 2224 3767 septem
2257 3702 2370 3755 dies
2405 3701 2669 3765 inducias,

1080 3795 1137 3839 et
1163 3788 1290 3853 quia
1321 3786 1459 3840 Deus
1500 3787 1728 3854 septimo
1762 3788 1847 3840 die
1886 3789 2216 3856 requievisse
2244 3805 2271 3841 a
2305 3793 2515 3844 cunctis
2545 3807 2672 3858 ope-

1081 3877 1240 3930 ribus
1268 3877 1463 3946 legitur
1490 3876 1642 3944 (Gen.
1683 3878 1766 3945 tt),
1792 3880 1917 3946 quid
1957 3895 2054 3947 per
2079 3880 2441 3947 scptenarium
2484 3895 2672 3935 nume-

1081 3983 1234 4030 rum,
1266 3969 1371 4021 nisi
1409 3969 1621 4037 requies
1644 3970 1990 4039 designatur?
2024 3971 2188 4025 lstum
2221 3988 2506 4026 numerum
2539 3974 2668 4028 Saul

1079 4056 1405 4111 inobediens
1439 4059 1726 4128 ignoravit,
1762 4075 1883 4119 cum
1919 4076 2015 4128 per
2044 4077 2165 4115 eum
2195 4077 2251 4116 se
2280 4063 2497 4118 Samuel
2527 4080 2667 4132 pra:-

1073 4149 1395 4203 stolandum
1438 4166 1557 4205 csse
1593 4153 1867 4220 prtecepit.
1904 4172 1921 4202 ‹
1956 4152 2207 4222 Septem,
2244 4155 2445 4222 inquit,
2478 4155 2667 4211 diebus

1073 4238 1450 4305 exspectabis,
1484 4240 1655 4293 donec
1686 4241 1897 4293 veniam
1939 4241 2004 4293 ad
2043 4251 2110 4299 te,
2154 4249 2206 4295 et
2247 4245 2525 4296 ostendam
2569 4244 2664 4298 tibi

1072 4344 1200 4396 qua}
1226 4327 1396 4383 facias
1421 4329 1468 4398 (Ι
1494 4328 1617 4398 Reg.
1646 4331 1722 4397 ι).
1751 4348 1767 4379 ι
1793 4329 1897 4383 Sed
1919 4332 2044 4398 quia
2065 4333 2394 4400 spiritualem
2423 4334 2662 4401 requiem

1072 4419 1163 4471 vir
1220 4418 1485 4487 reprobus
1534 4420 1768 4486 sprevit,
1818 4421 2199 4490 exagitandum
2253 4435 2374 4475 eum
2427 4423 2661 4492 Spiritus

1072 4509 1256 4564 malus
1302 4510 1530 4579 arripuit
1571 4509 1620 4580 (Ι
1652 4509 1780 4578 Reg.
1809 4510 1946 4580 xvt).
1987 4510 2081 4565 Per
2129 4515 2492 4586 septenarium
2530 4530 2660 4585 ergo

2784 3327 3031 3383 Iescente
3059 3329 3175 3383 sole
3200 3330 3427 3384 victoria
3446 3331 3512 3385 de
3531 3332 3779 3387 hostibus
3803 3335 4053 3399 sumitur,
4080 3345 4136 3390 et
4159 3337 4386 3394 obsessa

2781 3418 2973 3471 civitas
3007 3419 3072 3472 de
3096 3419 3317 3488 superbi
3353 3421 3494 3490 regis
3525 3422 3775 3476 manibus
3807 3423 4088 3479 liberatur.
4123 3426 4260 3484 Ilinc
4294 3437 4385 3485 est

2781 3507 2921 3576 quod
2941 3509 3005 3561 de
3025 3509 3300 3564 Abraham
3327 3512 3588 3580 scriptum
3613 3521 3696 3567 est
3724 3514 3886 3586 184
3913 3517 4038 3585 quia
4074 3537 4093 3568 ε
4129 3521 4385 3590 apparuit

2779 3599 2828 3653 ei
2862 3599 3123 3656 Dominus
3156 3602 3210 3656 in
3251 3603 3496 3658 convalle
3525 3602 3768 3660 Mambre
3805 3609 3858 3660 in
3893 3609 4007 3678 ipso
4045 3608 4258 3666 fervore
4273 3611 4380 3668 diei

2779 3689 2930 3760 (Gen.
2957 3692 3132 3764 xvtu).
3156 3713 3175 3746 ι
3198 3693 3336 3750 Hinc
3354 3704 3437 3749 est
3458 3697 3601 3765 quod
3622 3696 3780 3763 Loth,
3811 3718 3828 3750 ι
3861 3699 3974 3763 Sol,
4003 3701 4196 3770 inquit,
4221 3713 4380 3761 ortus

2775 3793 2860 3838 est
2889 3799 3053 3853 super
3078 3794 3297 3848 terram,
3331 3796 3386 3840 et
3415 3787 3554 3842 Loth
3588 3789 3864 3859 ingressus
3895 3801 3981 3846 est
4012 3791 4183 3862 Segor
4214 3793 4374 3866 (Gen.

2774 3875 2929 3942 xix).
2972 3892 2989 3924 ι
3025 3873 3194 3930 Recte
3228 3877 3394 3946 igitur
3432 3878 3546 3932 sive
3580 3879 3794 3943 numdi,
3825 3880 3940 3934 sive
3969 3883 4230 3952 principis
4257 3885 4380 3955 ejus

2774 3965 3046 4018 amicitias
3089 3967 3467 4036 dedignamur,
3505 3978 3562 4022 et
3604 3985 3728 4024 eum
3768 3971 3850 4025 eis
3888 3972 4047 4025 simul
4095 3975 4377 4032 societatis

2770 4054 2950 4109 foedus
2975 4056 3176 4110 habere
3205 4059 3632 4122 contemnimus,
3664 4076 3730 4114 ne
3748 4102 3761 4124 ,
3784 4061 3912 4115 dum
3933 4065 4170 4119 tenebris
4191 4063 4377 4136 jungi-

2772 4158 2912 4205 mur,
2945 4143 3064 4196 luce
3093 4145 3396 4214 privemur.
3428 4146 3497 4200 Et
3523 4149 3821 4202 notandum
3849 4152 3992 4218 quod
4027 4151 4245 4220 iniquus
4277 4170 4372 4210 rex

2769 4251 2877 4289 non
2907 4235 3041 4290 duos
3067 4237 3306 4291 inimicis
3326 4253 3538 4304 eruere,
3564 4241 3659 4294 sed
3683 4256 3848 4294 unum
3871 4243 4133 4296 duntaxat
4154 4245 4370 4300 oculum

2767 4323 2995 4393 ﬂagitat,
3027 4334 3084 4378 ut
3107 4339 3202 4380 eos
3227 4326 3278 4378 in
3303 4325 3468 4380 Israel
3489 4329 3842 4397 opprobrium
3871 4341 4056 4399 ponat,
4083 4333 4207 4400 quia
4226 4348 4371 4402 saepe

2767 4414 3038 4481 malignus
3081 4415 3255 4469 hostis
3301 4419 3666 4472 consentienti
3715 4419 3815 4474 sibi
3867 4419 4089 4476 cuilibet
4137 4423 4368 4492 reprobo

2767 4505 2974 4559 homini
3000 4506 3266 4574 potiorem
3293 4517 3503 4575 partem
3533 4509 3845 4564 sanctitatis
3898 4525 3962 4565 ac
3985 4513 4150 4567 lucidi
4180 4515 4366 4582 operis

1067 4599 1289 4654 dierum
1323 4616 1607 4655 numerum
1639 4603 1706 4655 ab
1736 4603 1921 4670 iniquo
1961 4617 2085 4674 rege
2112 4602 2272 4660 labos
2301 4607 2492 4661 civitas
2521 4606 2656 4662 “be-
2685 4592 2739 4652 Β
2767 4595 2956 4648 adimit
2980 4610 2993 4647 ζ
3020 4595 3288 4651 minorem
3325 4612 3456 4652 vero
3483 4597 3780 4654 artiﬁciosa
3809 4602 4043 4670 quadam
4079 4619 4189 4658 suae

1067 4700 1252 4752 ratur,
1283 4691 1409 4758 quia
1439 4690 1692 4759 quaelibet
1721 4693 1920 4755 anima,
1957 4709 2116 4762 quam
2155 4697 2414 4752 suadente
2445 4697 2659 4753 diabolo

1065 4780 1311 4834 mundus
1339 4779 1407 4833 ad
1445 4795 1504 4835 se
1532 4790 1762 4836 conatur
1787 4785 2062 4840 attrahere
2093 4801 2156 4840 ac
2194 4788 2530 4856 negotiorum
2560 4804 2662 4843 sa:-

1062 4870 1337 4924 cularium
1368 4871 1608 4926 tenebris
1627 4887 1919 4938 excaecare,
1939 4876 2159 4931 illmsum
2188 4879 2660 4948 contemplationis

1062 4957 1292 5012 oculum
1327 4967 1530 5022 servat,
1571 4961 1615 5015 si
1654 4961 1875 5016 omnino
1914 4965 2173 5018 resistens
2216 4965 2268 5019 in
2316 4982 2427 5021 sum
2461 4969 2659 5037 quietis

1058 5049 1348 5120 praposito
1377 5061 1709 5118 perseverat,
1740 5064 1966 5122 eamque
2015 5054 2342 5126 Redemptor
2379 5069 2564 5113 noster
2590 5059 2659 5115 de

1058 5139 1390 5204 tentatione,
1425 5156 1586 5209 quam
1611 5142 1845 5210 patitur,
1876 5144 2056 5212 eripit,
2090 5160 2210 5200 cum
2243 5161 2362 5200 eam
2395 5149 2446 5202 in
2473 5164 2651 5204 remo-

1057 5227 1235 5282 tionis
1284 5242 1396 5282 suae
1462 5244 1690 5284 censura
1753 5231 2034 5299 quiescere
2079 5235 2452 5304 deprehendit.
2503 5238 2657 5293 Unde

1054 5317 1174 5372 illic
1208 5318 1471 5386 scriptum
1500 5328 1583 5373 est
1610 5337 1622 5372 :
1659 5340 1676 5371 ‹
1714 5321 1848 5375 Cum
1874 5323 2130 5387 venisset,
2165 5327 2358 5395 inquit,
2386 5330 2502 5385 dies
2529 5347 2653 5386 cra-

1053 5407 1268 5468 stinus,
1297 5409 1578 5462 constituit
1604 5408 1728 5462 Saul
1753 5411 2002 5479 populum
2031 5413 2082 5466 in
2115 5423 2221 5470 tres
2247 5426 2450 5484 partes,
2485 5429 2540 5474 et
2567 5422 2650 5475 in-

1053 5508 1288 5562 gressus
1312 5505 1394 5548 est
1419 5497 1592 5551 media
1621 5506 1801 5552 castra
1827 5499 1882 5552 in
1913 5501 2093 5568 vigilia
2124 5506 2389 5559 matutina
2420 5516 2473 5562 et
2525 5525 2647 5578 per-

1050 5584 1234 5637 cussit
1267 5585 1499 5640 Ammon
1530 5602 1700 5655 usque
1729 5589 1854 5641 dum
1895 5589 2247 5647 incalesceret
2272 5594 2387 5648 dies
2412 5597 2429 5665 (
2454 5595 2483 5648 1
2517 5596 2642 5667 Reg.

1048 5676 1190 5743 κη.»
1222 5675 1360 5740 Quid
1389 5676 1531 5730 enim
1563 5691 1658 5746 per
1689 5677 1839 5743 Saul,
1873 5680 1962 5748 qui
1987 5679 2228 5735 Christus
2259 5682 2474 5738 Domini
2503 5686 2648 5742 dice-

1048 5767 1260 5833 batur:,
1291 5767 1390 5822 nisi
1421 5768 1497 5834 is,
1526 5770 1617 5838 qui
1653 5784 1812 5825 verus
1849 5769 1960 5826 Rex
2001 5779 2082 5826 cst
2113 5772 2308 5840 Israel,
2339 5774 2430 5830 Dei
2470 5777 2646 5832 homi-

2768 4684 2951 4737 ditatis
2982 4684 3248 4738 industria
3285 4686 3637 4756 derelinquit,
3676 4699 3737 4742 ut
3776 4690 3828 4743 in
3873 4705 3940 4746 eo
3976 4692 4118 4759 quod
4155 4693 4364 4748 tollitur

2767 4773 2835 4828 sit
2869 4774 3086 4829 occasio
3116 4775 3506 4842 damnationis,
3542 4789 3599 4832 ut
3627 4789 3845 4849 pereat;
3879 4780 3932 4834 in
3961 4795 4026 4835 eo
4055 4797 4183 4836 vero
4213 4784 4360 4853 quod

2767 4874 3034 4930 remanet,
3062 4868 3125 4921 de
3151 4883 3244 4937 spe
3276 4869 3487 4924 ﬁduciae
3515 4881 3896 4940 praesumatur,
3922 4881 3980 4926 ut
4008 4883 4265 4942 peccator
4289 4875 4358 4929 ad

2766 4959 3146 5027 pmuiteutiam
3189 4975 3294 5014 non
3340 4972 3608 5025 recurrat,
3641 4965 3736 5018 sed
3775 4979 3842 5017 ex
3888 4964 4022 5034 ipsis
4052 4966 4359 5021 sanctitatis

2764 5048 2977 5101 amissa:
2994 5049 3255 5117 reliquiis,
3273 5051 3469 5118 quibus
3492 5063 3748 5121 tanquam
3773 5053 3963 5108 baculo
3985 5062 4358 5122 transgressor

2763 5138 3038 5206 innititur;
3073 5142 3142 5196 ab
3183 5141 3290 5207 his,
3327 5143 3416 5212 qui
3465 5158 3590 5196 cum
3637 5145 3902 5199 cecidisse
3939 5156 4228 5212 noverunt,
4272 5147 4357 5201 in-

2758 5227 2921 5284 famia
2979 5231 3281 5298 laceratur;
3339 5234 3526 5304 sicque
3591 5236 3663 5304 pii
3724 5236 3907 5307 operis
3965 5236 4351 5293 detrimentum

2757 5321 2931 5390 digna:
2960 5321 3018 5375 fit
3049 5323 3319 5378 irrisionis
3344 5326 3718 5396 opprobrium.

3381 5435 3611 5493 CAPUT
3643 5437 3728 5492 IIl.

2825 5524 2890 5578 In
2921 5526 3141 5596 epistola
3169 5527 3238 5580 ad
3271 5527 3592 5593 Albericnm,
3620 5530 3675 5582 in
3707 5546 3810 5600 qua
3839 5531 3887 5584 ei
3913 5546 4068 5599 super
4092 5530 4269 5584 decent

3200 5601 3578 5668 quastionibns
3611 5600 3904 5669 respondet.

2823 5707 2842 5740 ς
2881 5689 3049 5745 Filius
3074 5691 3237 5746 unius
3267 5692 3393 5745 anni
3420 5702 3538 5746 erat
3562 5690 3715 5753 Saul,
3745 5706 3867 5747 cum
3891 5706 4119 5762 regnare
4143 5691 4349 5761 coepis-

2750 5791 2860 5845 set;
2928 5782 3136 5837 duobus
3193 5794 3374 5838 autem
3439 5785 3593 5840 anuis
3646 5786 3893 5856 regnavit
3959 5799 4122 5854 super
4183 5785 4347 5839 Israil
