5904 6554
1624 375 1647 430 ί
1658 371 1761 427 095

2506 366 3006 426 conseram-sa
3048 365 3116 421 IN
3171 363 3401 422 veros
3443 343 3986 421 "t‘esranasruu.
4695 359 4784 422 tow

1621 489 1673 564 (l
1705 487 1835 557 Reg.
1864 485 2005 545 xm).
2040 503 2056 534 ι
2090 481 2202 537 Hoc
2231 480 2468 535 nonnulli
2495 479 2820 552 intelligi'sic
2843 481 3193 543 arbitrantur,
3225 486 3275 542 Α
3303 477 3589 533 Philistiim
3615 519 3631 545 ,
3695 489 3756 534 ut
3818 485 4106 532 exacueret
4171 475 4529 546 unusquisque
4581 491 4784 531 vomerem

1623 580 1749 649 quia
1783 578 1890 646 regi
1927 573 2055 627 Saul
2087 573 2140 626 in
2171 572 2394 626 exordio
2423 572 2572 640 regni
2602 574 2683 626 sui
2721 572 2860 625 [ilius
2893 582 3008 625 erat
3044 572 3201 624 anni-

1621 675 1797 735 culus,
1827 671 1914 740 qtti
1944 679 2183 722 teneram
2207 669 2382 722 adhuc
2411 669 2568 722 unius
2592 669 2716 721 armi
2752 669 2999 737 vagiebat
3023 667 3199 721 infan-

1623 760 2031 824 tiam,.scilicet
2082 758 2342 820 Isboseth,
2389 768 2442 811 et
2490 758 2577 811 hic
2622 759 2830 812 duobus
2877 760 3031 811 annis
3081 767 3200 825 post

1621 860 1847 904 mortem
1887 849 2057 918 patris
2099 850 2342 917 regnavit
2385 864 2546 916 super
2585 849 2768 901 Israel.
2806 849 2910 903 Sed
2941 849 3196 917 qti-iniant

1619 945 1708 999 hic
1753 959 1783 997 a
1825 942 2157 996 doctioribus
2205 941 2334 993 viris
2374 957 2564 994 sensus
2606 941 2928 1008 exploditur,
2973 955 3000 991 a
3043 940 3197 992 nobis

1619 1034 1784 1088 etiam
1837 1032 1974 1084 alius
2033 1031 2356 1098 iuquiratur.
2406 1031 2556 1095 Quod
2612 1033 2680 1082 ita
2727 1030 2786 1082 Β.
2840 1030 3197 1100 Hieronymus

1620 1123 2047 1190 docetiutelligi
2081 1141 2092 1174 :
2130 1123 2391 1186 Quoniam
2428 1140 2445 1170 ‹
2487 1122 2562 1173 sic
2601 1130 2720 1174 erat
2765 1121 3041 1183 innocens,
3077 1131 3193 1173 tan-

1621 1229 1783 1284 quam
1809 1229 1941 1281 puer
1964 1214 2122 1265 unius
2148 1213 2270 1263 anni
2300 1227 2416 1262 cum
2451 1225 2678 1279 regnare
2701 1212 2886 1278 eu'pit,
2913 1222 2963 1264 et
2989 1213 3197 1263 duobus

1621 1308 1780 1360 annis
1813 1306 1864 1358 in
1895 1305 2133 1372 ejusdem
2165 1304 2484 1356 iunocentim
2511 1303 2852 1370 simplicitate
2880 1304 3192 1370 permansit.

1622 1396 1728 1451 Sed
1765 1397 1855 1465 qui
1904 1406 2029 1449 tunc
2073 1405 2190 1448 erat
2223 1410 2288 1447 ex
2325 1394 2626 1448 humilitate
2663 1394 2824 1459 titius,
2854 1395 3195 1462 postmodum

1618 1506 1718 1562 per
1743 1490 2053 1560 superbiam
2089 1488 2262 1542 factus
2289 1497 2368 1540 est
2399 1501 2608 1538 servus.
2639 1504 2657 1550 ι

2231 1597 2458 1653 CAPUT
2502 1598 2586 1651 IV.

1615 1688 1684 1745 1η
1713 1691 1930 1761 epistola
1975 1692 2042 1743 ad
2079 1691 2470 1761 Alipruntfmn;
2501 1703 2617 1761 quin
2646 1695 2720 1761 est
2743 1685 2821 1761 Ade
2839 1681 3193 1761 correptione,

1792 1778 1946 1833 quam
1979 1765 2040 1813 sit
2067 1763 2205 1811 utilis
2232 1760 2282 1810 in
2308 1760 2471 1809 sancti
2496 1758 2694 1808 ordinis
2719 1756 3016 1821 disciplina.

3302 586 3479 633 suum,
3513 579 3564 624 ct
3597 570 3847 640 ligonem,
3881 580 3934 623 et
3962 567 4215 631 securim,
4246 576 4300 621 et
4326 567 4600 621 sarculum.
4629 585 4646 618 ι
4670 567 4781 620 Israel

3301 677 3428 730 ergo
3455 663 3520 714 ad
3550 661 3847 715 Pbilistaeos
3894 676 3999 715 non
4044 659 4302 725 ascendit,
4337 660 4427 714 sed
4475 659 4726 722 descendit,
4751 672 4785 712 ut

3301 752 3552 805 utensilia
3578 769 3685 805 suae
3714 751 4053 806 necessitatis
4081 762 4332 816 exacuat,
4365 767 4484 804 cum
4514 751 4663 804 sancti
4685 751 4783 804 ordi-

3301 843 3385 894 nis
3407 842 3502 893 viri
3533 843 3597 893 ad
3631 842 3965 896 s:eculariunt
4009 841 4113 894 ima
4145 841 4433 905 declinant,
4465 852 4519 894 ut
4560 842 4618 895 ab
4641 841 4702 894 eis
4719 840 4784 892 sili

3301 933 3645 984 commodum
3699 931 3986 998 cujuslibet
4042 931 4292 986 utilitatis
4339 935 4624 1001 acquirant.
4675 929 4784 983 Vides

3299 1035 3428 1087 ergo
3452 1023 3578 1090 quia
3612 1023 3656 1074 si
3687 1023 3750 1074 de
3798 1037 3953 1075 sacro
3999 1033 4261 1076 conventu
4309 1023 4678 1092 correptionum
4701 1038 4785 1075 cen-

3299 1127 3420 1166 Sura
3452 1113 3806 1172 subtrahitur,
3854 1113 4146 1182 disciplinae
4189 1115 4337 1183 vigor
4363 1113 4591 1168 funditus
4617 1129 4783 1167 enerva-

3299 1213 3389 1257 tur
3419 1214 3470 1258 et
3504 1206 3689 1272 religio
3715 1215 3822 1258 tota
3854 1206 4169 1271 destruitur,
4197 1207 4318 1274 quia
4349 1207 4472 1260 dum
4495 1207 4786 1275 unusquisque

3300 1298 3530 1362 propria:
3558 1296 3801 1362 sequitur
3845 1295 4136 1350 voluntatis
4165 1299 4465 1361 arbitrium,
4496 1300 4554 1353 ad
4577 1298 4785 1353 szeculatia

3301 1390 3532 1442 rediens.
3578 1388 3871 1456 spiritualis
3917 1390 4275 1444 observztntia:
4321 1391 4486 1444 violat
4533 1392 4784 1444 institutum.

3299 1475 3452 1529 L'nde
3473 1478 3718 1546 quisquis
3739 1487 3840 1540 est,
3869 1480 3951 1531 cui
3966 1479 4228 1547 regularis
4248 1481 4367 1534 vitae
4388 1481 4562 1536 fervor
4581 1482 4783 1538 iruestuat,

3298 1569 3672 1632 correptiones
3730 1567 3958 1620 libenter
4010 1570 4371 1638 amplectitur,
4425 1583 4479 1624 et
4520 1581 4630 1625 tunc
4654 1572 4783 1630 etiam,

3298 1666 3417 1704 eum
3446 1655 3703 1707 innocens
3725 1665 3826 1717 est,
3853 1657 3968 1710 suis
4004 1658 4510 1726 reprehensionibus
4537 1660 4784 1720 delectatur,

3302 1758 3404 1794 non
3455 1754 3511 1796 ut
3543 1761 3664 1796 eum
3710 1746 4044 1798 conscientia
4100 1762 4349 1816 peccasse
4404 1751 4696 1814 remordeat,
4724 1749 4786 1801 sed

1691 1824 2002 1920 Spiritualis
2050 1851 2204 1918 plane
2251 1849 2477 1914 quisque
2518 1853 2840 1907 conventus,
2883 1844 2926 1895 si
2968 1841 3191 1894 fraterni
3228 1824 3271 1881 Β
3303 1834 3556 1899 (Immittit!
3617 1835 3718 1888 hoc
3777 1836 4023 1903 prodesse

2449 1861 2477 1897 ρ
2518 1853 2840 1907 Commius,
2883 1844 2926 1895 si
2968 1841 3191 1894 fraterni
3228 1824 3271 1881 Β
3303 1834 3556 1899 quottiant
3617 1835 3718 1888 hoc
3777 1836 4035 1903 prodesse
4093 1839 4303 1892 caeteris
4352 1840 4665 1894 audientibus
4701 1854 4780 1906 spc-

1617 1945 1715 1998 zeli
1773 1941 2038 2010 frequenti
2092 1938 2438 2007 correptione
2493 1952 2596 1990 non
2649 1938 2837 1996 utitur,
2889 1934 3193 1987 Israelitica:

1615 2033 1786 2102 plebis
1834 2032 2056 2100 mystici
2107 2030 2313 2082 laborat
2363 2027 2573 2095 inopia;
2611 2040 2730 2094 quze
2770 2024 3016 2077 videlicet
3061 2022 3196 2075 inci-

1613 2125 1796 2193 piente
1825 2122 1952 2175 Saul
1984 2121 2126 2190 regis
2158 2121 2381 2188 imperio
2411 2119 2620 2172 fabrum
2651 2116 2934 2170 ferrarium
2964 2132 3071 2169 non
3098 2116 3194 2168 lia-

1613 2215 1795 2269 bebat.
1838 2215 1978 2267 Dicit
2006 2214 2147 2278 enim
2181 2212 2460 2280 Scriptura
2490 2229 2502 2262 :
2535 2209 2673 2275 Quia
2703 2228 2720 2258 ι
2754 2208 2904 2262 faber
2932 2208 3196 2261 ferrarius

1614 2321 1719 2359 non
1752 2307 2127 2359 inveniebatur
2156 2305 2206 2357 ιιι
2238 2305 2382 2357 omni
2416 2313 2556 2356 terra
2580 2301 2740 2355 Israel
2767 2300 2814 2369 (Ι
2845 2301 2970 2369 Reg.
2994 2307 3132 2367 xm).
3171 2318 3189 2351 ι

1613 2392 1783 2447 Porro
1814 2395 1953 2448 sicut
1991 2394 2190 2448 ferrum
2229 2392 2432 2460 reliqua
2465 2390 2681 2442 metalla
2716 2389 2927 2442 fortiter
2955 2390 3190 2453 edomat,

1613 2481 1689 2534 ita
1713 2481 2075 2549 correptionis
2101 2479 2325 2532 malleus
2350 2479 2476 2531 vitia
2501 2476 2926 2544 delinquentium
2953 2475 3195 2543 reprimit

1614 2580 1667 2624 et
1706 2572 1860 2639 quasi
1902 2570 2145 2625 cudendo
2193 2571 2379 2640 rigidte
2423 2569 2620 2623 mentis
2670 2569 2926 2623 duritiam
2975 2568 3192 2637 frangit.

1613 2658 1753 2714 IIinc
1784 2669 1868 2712 est
1901 2661 2044 2727 quod
2083 2658 2148 2712 de
2187 2660 2301 2727 ipso
2333 2657 2610 2711 fabrorum
2648 2657 3007 2725 spiritualium
3051 2660 3197 2727 prin-

1613 2749 1732 2818 cipe
1776 2766 1870 2819 per
1899 2751 2090 2804 Isaiam
2131 2750 2366 2804 dicitur:
2407 2767 2425 2800 ι
2458 2749 2594 2803 Ecce
2623 2763 2722 2819 ego
2761 2749 2942 2801 creavi
2985 2746 3194 2804 fabrum

1615 2837 1920 2894 sulllantem
1959 2843 2012 2896 in
2060 2843 2180 2909 igne
2217 2855 2446 2909 prunam
2495 2850 2549 2894 et
2590 2840 2956 2908 proferentcm
3001 2856 3096 2894 vas
3141 2841 3196 2893 in

1614 2944 1752 2998 opus
1800 2947 1953 2984 suum
2001 2931 2139 2999 (Isa.
2186 2933 2316 2998 LIV).
2375 2950 2393 2982 ι
2443 2929 2519 2984 De
2564 2929 2711 2984 ferro
2760 2945 2974 2997 quoque
3011 2929 3197 2984 Eccle-

1611 3021 1808 3074 siastes
1855 3020 2030 3073 dicit:
2083 3037 2099 3070 t
2139 3019 2195 3073 Si
2242 3029 2484 3073 retusum
2536 3018 2698 3072 fuerit
2746 3017 2948 3072 ferrum
2999 3027 3052 3072 et
3095 3020 3198 3073 hoc

1615 3128 1726 3168 non
1777 3120 1834 3163 ιιι
1881 3111 2047 3179 prius,
2097 3111 2189 3164 sed
2238 3110 2548 3163 hebetatum
2605 3110 2728 3174 erit,
2789 3109 2958 3162 multo
3015 3108 3198 3162 labore

3298 1933 3412 1985 rat,
3463 1934 3518 1976 ut
3568 1926 3690 1987 inde
3738 1927 3850 1994 ipse
3899 1928 4160 1982 innocens
4211 1939 4264 1983 et
4307 1934 4535 1986 mundus
4574 1931 4786 2001 arguitur,

3295 2016 3418 2077 alii,
3457 2017 3548 2084 qui
3593 2017 3676 2071 vel
3721 2017 3888 2087 lapsi,
3929 2018 4010 2072 vel
4057 2019 4260 2089 Iapsuri
4307 2020 4445 2077 forte
4492 2031 4632 2089 sunt,
4663 2020 4785 2075 corri-

3295 2117 3510 2176 gantur.

3915 2197 4141 2254 CAPUT
4178 2199 4243 2255 ν.

3293 2305 3362 2360 In
3399 2307 3617 2383 cpistola
3659 2310 3728 2362 ad
3771 2309 4173 2374 Ilermisindim,
4203 2314 4265 2367 de
4293 2330 4351 2367 eo
4396 2316 4533 2383 quod
4576 2312 4787 2382 a'diﬁcitm

3577 2380 3821 2433 [minante
3851 2384 4107 2449 superbire
4133 2383 4232 2436 cito
4269 2380 4571 2438 destt'ttitur.

3371 2485 3389 2516 ‹
3418 2464 3619 2521 Pactus
3649 2469 3866 2536 quidem
3914 2479 3997 2524 est
4047 2470 4176 2524 Saul
4223 2473 4478 2541 majorem
4510 2473 4652 2526 filiam
4683 2482 4788 2524 suam

3296 2554 3481 2611 Merob
3529 2557 3698 2612 David
3751 2558 3880 2612 dare
3922 2575 4176 2626 uxorem;
4207 2563 4299 2616 sed
4325 2577 4439 2616 cum
4471 2573 4659 2632 tempus
4679 2560 4790 2612 adre

3296 2648 3467 2705 uisset
3485 2648 3630 2717 quod
3655 2650 3772 2703 dari
3800 2651 3902 2704 sibi
3935 2651 4234 2718 debuisset,
4265 2669 4368 2706 non
4403 2655 4450 2707 ei
4480 2656 4594 2706 data
4619 2662 4701 2712 est,
4725 2649 4789 2702 sed

3297 2738 3388 2790 alii
3411 2740 3696 2805 conjuncta
3725 2749 3810 2793 est
3835 2741 3974 2795 viro.
4005 2740 4202 2796 Dilesit
4241 2751 4414 2796 autem
4461 2741 4638 2798 Michol
4673 2738 4788 2792 tiliam

3297 2823 3427 2883 Satd
3457 2827 3688 2882 alteram
3711 2829 3880 2884 David
3912 2843 4142 2899 eamque
4185 2831 4284 2885 sibi
4318 2848 4536 2887 uxorem
4580 2826 4788 2900 conjunxit

3301 2916 3351 2987 (Ι
3384 2916 3508 2987 Reg.
3538 2919 3712 2987 ιγιιι).
3752 2938 3770 2970 ι
3801 2919 3981 2974 Merob
4009 2921 4204 2991 quippe
4229 2922 4602 2991 interpretatur
4619 2922 4672 2974 de
4694 2919 4790 2970 mul-

3299 3007 3555 3071 titudine;
3599 3008 3797 3063 Micltol
3827 3018 4030 3076 autem,
4061 3028 4091 3063 a
4119 3028 4242 3080 qua,
4290 3015 4370 3066 vel
4415 3027 4480 3066 es
4509 3013 4726 3066 omnibus.
4746 3007 4789 3060 Et

3302 3099 3428 3166 quid
3452 3115 3552 3168 per
3580 3100 3782 3166 Merob,
3812 3101 3919 3156 nisi
3966 3101 4053 3156 illa
4085 3103 4654 3158 duntaxatinfidclium
4682 3100 4790 3154 turba

1611 3170 1929 3266 exacuetur,
1979 3210 2034 3256 et
2090 3211 2210 3270 post
2265 3200 2584 3254 industriam
2638 3199 2882 3268 sequitur
2934 3170 3269 3268 sapientiac
3302 3191 3565 3258 signatur,
3597 3204 3716 3263 qua:
3763 3201 3846 3246 est
3887 3193 3954 3246 de
4004 3193 4367 3255 multitudine,
4401 3211 4518 3262 quae
4543 3187 4791 3264 repellitur?

1611 3291 1826 3360 (Ercle.
1864 3293 1953 3360 χ).
1988 3309 2006 3342 ι
2057 3289 2162 3344 Sed
2208 3289 2467 3344 Philistzei
2507 3290 2573 3344 de
2621 3299 2762 3344 terra
2803 3287 2970 3342 Israel
3015 3288 3197 3344 fabros

1613 3382 1772 3453 135
1801 3381 2054 3436 fcrrarios
2083 3380 2290 3444 tollunt,
2326 3395 2447 3435 cum
2497 3380 2717 3449 maligni
2776 3379 3001 3448 spiritus
3041 3378 3194 3432 falsze

1609 3472 1831 3542 pietatis
1860 3470 2084 3525 obtentu
2113 3469 2288 3524 zelum
2319 3469 2678 3539 correptionis
2700 3470 2764 3524 de
2785 3472 3013 3523 fratrum
3038 3469 3196 3524 la‘biis

1608 3561 1882 3618 attfertmt.
1913 3560 2067 3615 Unde
2121 3569 2176 3613 et
2218 3559 2327 3613 illic
2367 3561 2617 3613 subditur
2650 3578 2663 3614 :
2701 3578 2719 3610 ι
2755 3560 3023 3614 Caverant
3053 3561 3198 3617 enim

1607 3646 1895 3708 Ρὴίἒιδκῡὶ.
1941 3663 2011 3701 ne
2062 3645 2202 3700 forte
2248 3647 2493 3701 facerent
2541 3647 2753 3702 Hebrmi
2809 3647 3045 3716 gladium
3107 3658 3200 3702 aut

1605 3738 1851 3794 lanceam
1877 3737 1926 3808 (I
1951 3736 2075 3807 Reg.
2097 3737 2238 3804 xm).
2263 3757 2280 3790 ι
2309 3737 2458 3793 Unde
2473 3737 2629 3807 paulo
2646 3746 2765 3806 post
2783 3752 2797 3790 :
2817 3755 2835 3786 r
2857 3736 3072 3792 lictusa:
3098 3739 3199 3790 ita-

1606 3840 1710 3897 que
1739 3834 1896 3882 erant
1922 3828 2066 3881 acies
2095 3841 2397 3889 vomerum,
2423 3836 2478 3880 et
2511 3826 2771 3897 ligonum,
2797 3835 2851 3880 et
2875 3828 3194 3881 tridentiutu

1605 3927 1658 3971 et
1674 3918 1944 3972 securium
1962 3933 2132 3985 usque
2154 3917 2220 3970 ad
2245 3917 2521 3971 stimulum
2545 3919 2923 3986 corrigendum
2941 3916 3154 3987 (Ibid).
3171 3937 3188 3968 ι

1611 4009 1743 4062 llum
1763 4005 2024 4062 Philisztei
2051 4009 2242 4061 timent
2268 4007 2496 4077 gladios,
2531 4008 2730 4060 tollunt
2756 4007 2958 4068 fabros,
2985 4016 3045 4060 ut
3069 4009 3194 4059 dum

1608 4097 2250 4154 armorumfabricatura
2308 4099 2693 4167 compescitur,
2754 4112 2859 4150 non
2916 4099 2986 4150 sit
3029 4100 3194 4150 etiam

1608 4192 1699 4261 qui
1738 4196 1935 4244 cretera
1977 4189 2268 4244 exercendi
2324 4189 2530 4242 laboris
2573 4189 2822 4242 utensilia
2877 4188 3192 4242 fabricetur.

1606 4277 1861 4351 Apostolo
1883 4281 2083 4349 quippe
2109 4288 2344 4333 testante
2371 4296 2383 4331 :
2424 4298 2440 4329 ι
2472 4279 2693 4333 Gladius
2725 4279 2947 4348 spiritus
2971 4284 3049 4332 est
3074 4293 3195 4331 vcr-

1606 4372 1735 4426 bttut
1758 4371 1851 4424 Dei
1878 4367 2096 4440 (Ep/tes.
2133 4372 2228 4440 vt).
2269 4389 2286 4422 ι
2319 4370 2474 4424 Hunc
2510 4370 2742 4440 gladium
2790 4372 2915 4440 quia
2949 4371 3194 4440 perversi

1609 4463 1802 4517 timent
1830 4463 2075 4531 spiritus,
2105 4462 2288 4516 fabros
2317 4464 2382 4517 de
2407 4472 2548 4516 terra
2574 4463 2738 4516 Israel
2763 4463 3036 4529 auferunt,
3063 4462 3190 4516 dum

1610 4569 1724 4615 eos,
1749 4553 1842 4622 qui
1865 4555 2191 4622 redarguere
2208 4553 2634 4620 delinquentium
2657 4559 2838 4607 errata
2867 4553 3188 4617 debueram,

1607 4659 1638 4696 a
1668 4644 1898 4697 tenenda
1934 4658 2176 4696 censura!
2221 4643 2507 4711 disciplina
2562 4652 2939 4710 compescunt;
2993 4654 3047 4697 et
3090 4644 3190 4700 hac

1607 4730 1950 4800 negligentiae
1992 4729 2343 4782 dissolutione
2392 4730 2657 4797 contingit
2695 4738 2756 4782 ut
2805 4730 2860 4783 in
2908 4743 3188 4784 servorum

1607 4823 1702 4875 Dei
1734 4821 2039 4891 quibusque
2063 4820 2530 4882 convenientibus,
2549 4831 2662 4874 non
2681 4823 2840 4876 modo
2864 4836 3030 4875 sacrae
3045 4837 3187 4891 pre-

1605 4911 1892 4965 dicationis
1927 4926 2105 4964 sermo
2135 4920 2313 4965 cesset
2352 4910 2549 4973 audiri,
2599 4913 2690 4965 sed
2734 4921 2786 4964 et
2841 4913 3188 4967 honestarum

1609 4999 1806 5051 artium
1854 5000 2119 5053 exercitia
2169 5001 2422 5054 desinant
2476 4997 2831 5068 frequentrri.
2879 4999 3012 5054 Nam
3062 5005 3186 5071 quia

1607 5087 1852 5141 districta
1885 5089 2177 5157 magisterii
2205 5104 2302 5144 eos
2321 5089 2608 5158 disciplina
2640 5106 2744 5143 non
2774 5091 3042 5158 reprimit,
3066 5107 3191 5159 pro-

1605 5178 1738 5247 priis
1791 5178 2158 5234 voluntatibus
2205 5181 2371 5235 dediti
2427 5181 2669 5236 scribere
2730 5183 3012 5248 nesciunt;
3057 5186 3192 5238 artis

1605 5268 1846 5324 honesta:
1880 5285 2137 5324 manuum
2184 5273 2445 5327 exercitia
2505 5273 2648 5327 nulla
2689 5275 3032 5339 comliscunt,
3065 5291 3188 5330 cum

1608 5358 1896 5425 Apostolus
1925 5359 2110 5413 dicat:
2153 5377 2172 5409 ι
2209 5361 2310 5425 Qui
2344 5375 2448 5414 tton
2477 5361 2715 5427 laborat,
2747 5378 2854 5416 non
2898 5364 3187 5420 manducet

1611 5446 1694 5516 (II
1730 5447 1907 5502 Thess.
1933 5454 2033 5520 ιιι).
2077 5469 2096 5502 ι
2129 5451 2260 5517 Qua:
2283 5451 2542 5505 nimirum
2575 5469 2697 5508 cum
2726 5454 2824 5508 sibi
2857 5455 2965 5509 sint
2999 5470 3188 5511 neces-

1610 5539 1775 5600 saria,
1808 5541 2094 5596 saeculares
2123 5543 2291 5607 viros,
2345 5543 2430 5598 vel
2472 5545 2638 5599 etiam
2674 5547 2933 5615 reprobos
2963 5549 3184 5613 adeunt,

1609 5631 1863 5697 quoniam
1905 5633 2018 5688 bare
2073 5635 2214 5704 apud
2262 5651 2319 5689 se
2347 5637 2584 5707 reperire
2616 5651 2720 5691 non
2750 5648 2998 5708 possunt.
3035 5639 3188 5695 Unde

1611 5720 1717 5778 illic
1749 5722 1945 5779 dicitur
1977 5743 1987 5778 :
2025 5744 2042 5776 ι
2097 5727 2470 5785 Descendebat
2519 5742 2647 5799 ergo
2696 5731 2870 5786 omnis
2919 5731 3081 5788 Israel
3120 5735 3188 5787 ad

3220 4508 3268 4565 D

3307 3295 3324 3329 ι
3356 3277 3502 3336 Multi
3550 3281 3692 3336 enim
3723 3290 3852 3336 suat
3878 3280 4072 3344 vocati,
4114 3284 4267 3350 pauci
4294 3299 4416 3338 vero
4457 3284 4606 3338 electi
4634 3280 4790 3350 (illaut.

3299 3367 3416 3434 xx).
3454 3386 3472 3417 ι
3503 3366 3642 3432 Quid
3665 3379 3844 3424 autem
3865 3384 3959 3439 per
3989 3370 4198 3436 Micbol,
4249 3372 4348 3426 nisi
4387 3382 4568 3428 sancta
4592 3371 4790 3442 ﬁguratur

3301 3457 3561 3523 Ecclesia,
3583 3460 3743 3530 138
3767 3476 3798 3512 a
3819 3475 3921 3531 qua
3944 3461 4192 3516 videlicet
4212 3477 4395 3516 omnes
4415 3464 4650 3517 oriuntur
4664 3457 4792 3518 electi,

3299 3548 3384 3602 vel
3408 3564 3524 3617 qua:
3555 3566 3624 3603 ex
3646 3550 3896 3603 omnibus
3921 3560 4131 3604 constat
4159 3550 4364 3616 cIeCtis,
4393 3567 4512 3620 quae
4539 3552 4649 3605 licet
4675 3547 4791 3601 lilium

3297 3654 3406 3694 non
3431 3642 3692 3710 genuerit,
3719 3641 3845 3695 huic
3870 3649 4049 3696 tamen
4094 3642 4451 3714 intelligentia:
4471 3641 4582 3711 ejus
4599 3639 4794 3697 sterilitas

3299 3743 3404 3782 non
3437 3729 3686 3784 obsistit?
3709 3730 3867 3786 Aliud
3909 3731 4104 3800 quippe
4131 3733 4436 3802 mysterium
4463 3743 4565 3795 est,
4587 3731 4692 3800 quia
4716 3725 4794 3793 regi

3261 3818 3467 3870 .David
3516 3826 3600 3871 est
3641 3819 3696 3872 in
3734 3818 4114 3889 conjugalitate
4159 3819 4471 3888 conjuncta;
4524 3818 4668 3883 aliud,
4707 3814 4796 3884 quia

3297 3909 3534 3978 perstitit
3573 3908 3892 3972 infecunda;
3931 3910 4094 3973 aliud,
4138 3911 4264 3981 quia
4311 3911 4505 3966 Christi
4533 3907 4712 3964 Domini
4737 3911 4795 3957 est

3273 4001 3487 4066 ,sortita
3519 3999 3855 4067 conjuglttm;
3881 4001 4047 4064 aliud,
4070 4003 4192 4070 quia
4233 4002 4571 4057 fecunditatis
4614 4017 4701 4055 non
4719 4011 4799 4052 me.

3299 4089 3407 4142 ruit
3431 4091 3653 4153 donum,
3685 4091 3778 4144 sed
3800 4091 4015 4159 pertulit
4047 4093 4099 4151 in
4142 4091 4300 4146 Israel
4346 4093 4629 4147 sterilitatis
4648 4099 4795 4159 oppro‘

3286 4180 3498 4236 lirium.
3526 4179 3680 4234 llaoc
3703 4195 3834 4235 sane
3857 4180 4021 4234 David
4045 4181 4260 4249 superbi
4285 4183 4423 4252 regis
4439 4178 4795 4237 Saulsibililiam

3289 4265 3492 4335 junxit,
3526 4269 3652 4321 dum
3692 4266 3850 4323 fortis
3886 4283 4045 4323 manu
4088 4269 4242 4324 .Iesus
4272 4286 4333 4325 ac
4374 4272 4559 4325 merito
4581 4268 4794 4324 desiderio

3294 4352 3420 4413 bilis
3446 4372 3567 4412 eam
3591 4357 3656 4412 de
3680 4359 3896 4427 superbi
3921 4359 4076 4426 hujus
4114 4361 4292 4414 mundi
4325 4361 4578 4431 principis
4596 4355 4798 4425 obsequio

3295 4447 3511 4500 sustulit
3528 4449 3737 4516 sibique
3753 4447 4226 4504 conftederationis
4242 4452 4436 4505 intima:
4450 4453 4641 4520 glutino
4658 4445 4796 4504 conui-

3296 4539 3392 4592 vit.
3426 4539 3598 4605 Quam
3627 4539 3875 4594 videlicet
3913 4539 4125 4604 Micbol,
4177 4556 4297 4610 qth
4349 4555 4529 4597 sancta
4560 4544 4796 4597 electorum

3297 4643 3379 4687 est
3432 4631 3692 4693 Ecclesia.
3744 4635 4008 4701 superbus
4038 4633 4123 4687 ille
4159 4632 4306 4700 Saul,
4339 4635 4437 4690 hoc
4465 4645 4564 4700 est,
4589 4633 4799 4700 malignus

3297 4725 3539 4793 spiritus,
3564 4724 3611 4778 ei
3643 4723 3826 4779 lllerob
3851 4725 4061 4782 auferre
4093 4726 4310 4780 minime
4351 4727 4509 4791 valet,
4537 4727 4650 4796 quia
4672 4721 4799 4778 ﬁdelis

3296 4826 3479 4870 custos
3504 4817 3931 4872 irrevocabiliter
3963 4833 4078 4873 eam
4109 4834 4217 4873 sua:
4244 4817 4538 4874 dilectionis
4567 4812 4799 4872 obstrinxit

3298 4907 3661 4975 amplexibus;
3694 4907 3786 4976 qtti
3817 4908 3869 4961 in
3899 4907 4184 4979 Evangelio
4227 4908 4418 4962 clamat
4450 4926 4464 4961 :
4501 4929 4517 4959 ι
4556 4908 4683 4964 Oves
4703 4913 4800 4958 me:

3294 5013 3480 5052 vocem
3542 5012 3714 5052 meam
3773 4999 4020 5064 audiunt,
4071 5007 4128 5052 et
4159 5015 4260 5053 non
4306 5001 4548 5070 peribunt
4598 4999 4646 5053 in
4681 5005 4798 5050 :eter-

3295 5105 3444 5153 num,
3490 5099 3546 5143 et
3595 5105 3703 5144 non
3752 5091 3923 5160 rapiet
3963 5106 4056 5146 eas
4099 5091 4378 5162 quisquam
4421 5091 4484 5146 de
4526 5104 4680 5146 manu
4715 5095 4800 5140 mea

3296 5179 3479 5250 (Joan.
3506 5179 3584 5251 ι).
3621 5199 3641 5232 ι

3895 5271 4120 5328 CAPUT
4177 5255 4264 5327 vt.

3686 5362 3752 5418 In
3781 5379 4014 5417 sermone
4033 5366 4096 5417 de
4117 5363 4175 5419 S.
4206 5363 4473 5418 Columba.

3363 5453 3496 5509 Cum
3521 5453 3848 5524 Redemptor
3876 5466 4058 5510 noster
4086 5455 4240 5524 hujus
4283 5453 4460 5508 mundi
4493 5463 4717 5520 campum
4736 5456 4803 5514 pu-

3293 5562 3556 5618 gnaturus
3581 5551 3899 5622 ingreditur,
3942 5552 4008 5606 ad
4036 5550 4375 5606 debellandas
4400 5549 4538 5604 aeris
4567 5545 4713 5613 hujus
4737 5552 4800 5593 ω’

3295 5643 3496 5711 quitias
3524 5640 3679 5696 {ortis
3707 5642 3978 5711 praeliator
4027 5650 4298 5706 armatur;
4328 5644 4449 5710 quia
4471 5651 4658 5691 novum
4681 5630 4800 5686 delic-

3296 5734 3386 5790 bat
3414 5734 3680 5790 instruere
3696 5735 3954 5806 przelium,
3973 5749 4162 5788 novum
4191 5732 4532 5803 iuduitgenus
4556 5730 4799 5782 armorum,
4868 5803 4869 5824 χ
