5904 6626
1170 467 1307 528 ιυοτ

2429 458 2503 517 lN
2542 459 2673 516 LIB.
2714 459 2735 515 Ι
2768 455 3033 515 REGUM.

4300 465 4441 524 1098

1165 576 1421 635 videlicet
1469 585 1530 631 ut
1574 576 1718 646 quod
1769 573 2042 629 inﬁrmum
2096 582 2180 628 est
2229 581 2640 643 superponeret.
2687 580 2741 626 et
2770 584 2815 639 Α
2845 584 2963 623 sum
3013 568 3116 639 pia
3161 570 3515 627 humanitatis
3559 572 3797 627 studium
3825 576 4214 641 exercendum,
4248 591 4439 635 verum

1162 666 1309 742 quod
1362 668 1640 723 robustum
1678 676 1763 722 est
1804 665 2125 722 occultaret.
2168 665 2417 719 Loricam
2472 662 2743 735 siquidem

1160 754 1446 813 imbecilla:
1470 755 1653 810 carnis
1700 756 1871 811 induit
1895 767 1950 810 et
1990 752 2409 824 insuperabilem
2436 751 2743 806 divinitatis

1163 847 1539 903 fortitudinem
1554 846 1865 901 occultavit.
1898 845 1990 900 Sic
2012 846 2091 899 sic
2117 859 2215 915 per
2244 858 2466 899 carnem
2496 842 2743 897 diabolus

1161 950 1192 989 ιι
1224 936 1465 991 secundo
1487 935 2005 1004 homine'perditur,
2052 933 2145 1003 qui
2176 948 2272 1001 per
2299 947 2516 987 carnem
2540 930 2741 985 dudum

1157 1027 1394 1096 primu-tn
1450 1026 1725 1081 hominem
1774 1024 2074 1095 superavit,
2120 1020 2420 1093 eademque
2461 1023 2563 1077 sibi
2601 1036 2744 1075 nunc

1155 1115 1331 1171 ruina:
1357 1115 1501 1171 facta
1526 1124 1606 1172 est
1634 1131 1797 1171 causa
1824 1130 1945 1185 qua:
1977 1115 2219 1169 victoria:
2260 1112 2440 1167 fuerat
2466 1112 2533 1167 de
2563 1112 2741 1181 primo

1150 1214 1383 1275 parente
1408 1205 1658 1261 materia.
1691 1203 1805 1259 lloc
1833 1218 1932 1273 per
1957 1203 2231 1274 allegorice
2281 1201 2601 1272 mysterium
2652 1214 2741 1255 res

1150 1289 1246 1353 Illa
1272 1295 1594 1363 prmmonuit
1612 1293 1755 1362 quod
1783 1292 1948 1346 David
1976 1307 2006 1345 a
2038 1290 2175 1345 facie
2207 1289 2349 1359 regis
2377 1288 2503 1343 Saul
2530 1288 2742 1360 fugiens

1154 1384 1211 1440 in
1239 1386 1527 1454 pnesenlia
1557 1384 1723 1438 Acbis
1753 1382 1894 1453 regis
1922 1381 2061 1437 Getb
2094 1395 2155 1435 se
2204 1381 2386 1435 furere
2442 1380 2738 1434 simulavit.

1151 1473 1296 1531 Dicit
1326 1476 1469 1531 enim
1499 1472 1781 1543 Scriptura
1815 1491 1830 1527 :
1863 1492 1881 1524 ι
1917 1472 2054 1539 Quia
2082 1471 2390 1526 deﬂuebant
2412 1470 2595 1525 salivm
2622 1470 2740 1540 ejus

1148 1563 1210 1618 in
1240 1562 1460 1618 barbam
1490 1561 1543 1634 (1
1571 1562 1697 1633 lteg.
1728 1562 1866 1633 ut).
1899 1581 1917 1615 ι
1961 1561 2106 1616 Sane
2144 1560 2269 1631 quia
2303 1563 2469 1617 barba
2514 1563 2617 1617 viri
2657 1570 2741 1617 est

1146 1653 1452 1723 proprium,
1480 1650 1609 1722 quid
1643 1659 1728 1707 est
1770 1666 1868 1720 per
1917 1650 2202 1721 mysticum
2254 1650 2608 1715 intellectum,
2633 1650 2739 1705 nisi

1148 1745 1368 1800 virtutis
1414 1744 1711 1799 indicium?
1752 1742 1891 1811 Quid
1924 1758 2054 1812 ergo
2080 1758 2175 1813 per
2201 1743 2420 1808 salivas,
2448 1760 2566 1813 quae
2586 1743 2740 1797 nimi-

1147 1852 1270 1892 rum
1312 1834 1488 1893 lluida:
1539 1844 1667 1891 sunt
1708 1844 1765 1892 et
1814 1834 1989 1899 lluxze,
2026 1835 2126 1889 nisi
2179 1834 2360 1889 carnis
2407 1834 2739 1889 inﬁrmitas?

2846 661 3009 715 etiam
3039 661 3107 715 ad
3131 660 3269 716 bona
3294 677 3394 732 pro
3418 662 3578 718 malis
3603 663 4016 730 redhibendum,
4049 681 4156 720 non
4178 679 4440 737 provocet

2845 749 2947 804 hoc
2975 750 3118 821 quod
3148 750 3215 805 de
3258 750 3587 822 Pytltonissa
3632 752 3722 807 illa
3754 768 3966 823 magna:
3996 754 4242 824 profecto
4264 757 4439 813 laudis

2844 843 3004 915 digna
3037 846 3311 912 praconio
3354 846 3575 917 legitur,
3602 862 3727 917 qua:
3755 848 4031 912 videlicet,
4068 850 4137 904 ad
4168 851 4439 906 imitatio-

2844 949 2968 988 nem
3012 935 3129 999 Dei,
3163 935 3293 991 Saul
3326 948 3433 992 tam
3466 936 3605 992 bene
3633 938 3906 1003 tractavit,
3953 953 4061 993 non
4093 941 4257 995 modo
4288 942 4437 1012 regio

2835 1018 2950 1087 jam
2995 1022 3230 1078 culmine
3286 1025 3657 1095 deSperatum,
3702 1026 3796 1081 sed
3835 1038 3891 1081 et
3934 1027 3987 1081 in
4031 1028 4272 1083 crastino
4300 1028 4436 1083 Phi-

2842 1112 3187 1169 listbinorum
3238 1114 3430 1186 gladiis
3475 1117 3849 1186 perimendum
3875 1116 3925 1189 (I
3964 1116 4097 1188 Reg.
4128 1122 4343 1191 xxvu):
4378 1132 4437 1176 et

2842 1211 3101 1271 tanquam
3169 1207 3450 1274 prudens,
3510 1207 3668 1277 juxta
3740 1208 4133 1279 Evangelinm,
4200 1224 4433 1281 serpens

2842 1290 3057 1362 (Matth.
3092 1292 3169 1365 ι),
3206 1295 3281 1349 illi
3329 1298 3583 1366 praestitit
3627 1298 3977 1365 beneficium,
4007 1315 4039 1354 a
4074 1316 4183 1372 quo
4225 1302 4433 1357 nullum

2839 1399 2900 1439 se
2925 1390 3183 1457 consequi
3209 1404 3367 1460 posse
3394 1392 3649 1459 sperabat
3670 1391 4129 1447 emolumentum.
4170 1393 4265 1449 llle
4293 1410 4436 1465 prat-

2842 1484 3010 1544 terea,
3057 1479 3201 1535 sicut
3259 1481 3375 1550 ipsa
3415 1482 3793 1552 conqueritur,
3844 1499 4037 1539 omnes
4083 1486 4326 1544 hariolos
4363 1489 4434 1544 de

2840 1574 2986 1619 terra
3011 1566 3177 1623 Israel
3226 1577 3283 1624 et
3339 1585 3527 1638 magos
3556 1572 3750 1637 erasit,
3776 1588 3842 1629 ac
3865 1588 3964 1643 per
3988 1574 4092 1630 hoc
4114 1575 4291 1631 eidem
4316 1593 4434 1633 mu-

2838 1654 3076 1712 liercula:
3130 1672 3348 1714 onmem
3407 1670 3676 1730 quaestum
3722 1662 3896 1718 solita:
3942 1665 4292 1723 divinationis
4336 1669 4436 1722 ad-

2840 1746 2991 1801 emit.
3029 1746 3124 1802 llla
3146 1748 3375 1804 vitulum
3404 1752 3738 1820 paschalem,
3770 1756 3861 1824 qui
3886 1755 3991 1810 sibi
4020 1756 4085 1811 de
4106 1768 4433 1828 consumpta

2792 1890 2793 1893 η
2838 1836 2926 1889 vix
2959 1848 3280 1908 paupertate
3322 1851 3634 1913 supererat,
3656 1844 3807 1898 coxit
3835 1854 3889 1898 et
3912 1860 4136 1917 azymos
4166 1863 4337 1917 panes
4364 1850 4434 1905 de

1145 1925 1289 1995 Quid
1310 1942 1438 1982 vero
1465 1943 1563 1998 per
1585 1926 1809 1983 barbam
1839 1926 1939 1981 nisi
1979 1926 2279 1980 divinitatis
2310 1926 2553 1980 innuitur
2584 1923 2739 1981 forti-
2760 1923 2811 1981 ’Β
2842 1927 3135 1999 perexigua
3164 1927 3339 1985 farina
3367 1934 3731 1987 eommiscens
3759 1932 3854 1999 illi,
3888 1944 3946 1987 ut
3971 1944 4309 2001 vesceretur,
4337 1952 4436 2008 ap-

1142 2014 1320 2070 tudo?
1359 2014 1531 2070 Barba
1557 2030 1687 2088 ergo
1712 2014 1900 2070 salivis
1950 2012 2309 2069 deﬂuentibus
2336 2015 2581 2084 operitur
2604 2016 2731 2084 quia

1141 2098 1325 2177 fragili
1373 2107 1555 2162 carnis
1603 2106 1869 2163 velamine
1911 2105 2213 2161 divinitatis
2254 2107 2428 2160 virtus
2461 2107 2724 2160 induitur.

1143 2196 1257 2255 Sed
1278 2202 1421 2269 quod
1454 2200 1621 2255 David
1650 2200 2072 2271 dispensationis
2094 2200 2288 2270 agebat
2310 2200 2603 2264 industria,
2629 2201 2733 2256 hoc

1146 2302 1181 2341 a
1210 2289 1577 2345 nescientibus
1600 2290 1894 2359 putabatur
1938 2289 2169 2344 insania.
2208 2289 2358 2345 Unde
2400 2289 2567 2344 Acbis
2610 2304 2729 2344 ser-

1142 2378 1231 2433 vis
1274 2379 1388 2433 suis
1420 2381 1539 2434 ait:
1579 2398 1597 2431 ι
1637 2379 1863 2434 Vidistis
1904 2380 2179 2435 hominem
2228 2381 2500 2445 insanum,
2557 2394 2731 2449 quare

1140 2468 1451 2525 adduxistis
1502 2486 1627 2525 eum
1674 2472 1741 2524 ad
1801 2472 1920 2526 me?
1974 2485 2041 2524 an
2094 2470 2291 2526 desunt
2329 2471 2486 2525 nobis
2539 2469 2730 2526 furiosi

1142 2559 1293 2628 quod
1342 2560 1719 2616 introduxistis
1747 2560 1931 2625 istum,
1973 2558 2253 2614 utfureret
2294 2576 2380 2614 me
2424 2560 2732 2630 prresente?

1143 2648 1388 2721 (Ἰωδά.

1218 2731 1407 2787 Nonne
1429 2733 1593 2787 etiam
1623 2749 1755 2789 vero
1777 2734 1945 2791 David
1968 2735 2315 2805 Redemptori
2342 2742 2528 2790 nostro
2552 2735 2731 2790 simile

1139 2819 1277 2892 quid
1326 2823 1546 2888 accidit,
1576 2828 1635 2878 ut
1662 2824 1887 2893 insanus
1916 2827 1986 2881 ab
2022 2824 2421 2882 insanientibus
2446 2834 2731 2895 putaretur

1138 2921 1202 2968 et
1229 2911 1489 2967 miracula
1522 2928 1620 2983 pcr
1646 2916 1920 2971 damoncs
1952 2904 2112 2986 agerc
2143 2932 2172 2970 a
2205 2915 2551 2971 dtemoniacis
2581 2916 2726 2969 dice—

1140 3003 1333 3058 retur?
1356 3003 1489 3059 [line
1518 3014 1600 3059 est
1622 3007 1765 3074 quod
1794 3006 2005 3062 Marcus
2027 3006 2364 3077 evangelista
2393 3006 2528 3061 dicit
2559 3023 2571 3059 :
2610 3024 2627 3057 ι
2664 3005 2731 3059 Ει

1140 3107 1268 3149 cum
1298 3094 1563 3149 vidissent
1610 3097 1715 3160 sui,
1764 3098 2019 3152 exierunt
2064 3104 2250 3152 tenere
2280 3111 2436 3161 eum;
2472 3096 2729 3151 dicebant

1144 3184 1292 3239 enim
1322 3186 1576 3256 quoniam
1608 3188 1662 3243 in
1714 3188 1955 3245 furorem
1985 3203 2178 3245 versus
2228 3198 2311 3245 est
2342 3186 2534 3254 (Marc.
2564 3188 2667 3258 ιιι).
2702 3206 2719 3239 ι

1137 3273 1352 3342 Quibus
1383 3276 1561 3333 verbis
1586 3279 1833 3348 protinus
1856 3278 2059 3334 addidit
2088 3296 2101 3332 :
2139 3299 2156 3331 ι
2186 3278 2252 3334 Et
2283 3278 2509 3340 Scribae,
2536 3278 2623 3346 qui
2658 3278 2725 3330 ab
2746 3279 2800 3343 AC
2834 3288 3253 3347 ίιιειι-υιηεηιυηι

1140 3363 1537 3437 Hierosolymis
1597 3368 2015 3433 descendet-ant,
2078 3368 2334 3423 dicebant
2389 3384 2402 3420 :
2460 3365 2726 3431 Quoniam

1138 3453 1446 3511 Beelzebub
1488 3456 1670 3522 habet,
1696 3467 1750 3513 et
1790 3458 1915 3528 quia
1962 3459 2015 3512 in
2046 3457 2292 3529 principe
2332 3458 2727 3511 daemoniorum

1140 3543 1297 3618 ejicit
1320 3547 1585 3601 datmonia
1617 3546 1830 3618 (Ibid.).
1865 3567 1884 3600 ι
1932 3546 2104 3602 Porro
2147 3556 2354 3612 autem,
2384 3546 2509 3616 quia
2549 3547 2731 3602 saliva:

1142 3635 1461 3708 frequenter
1494 3638 1652 3708 187
1674 3653 1739 3692 ex
1772 3637 2060 3693 infantium
2084 3653 2182 3693 ore
2212 3639 2533 3702 decurrunt,
2553 3653 2730 3692 nonne

1139 3724 1294 3783 velut
1318 3726 1583 3781 infantilia
1605 3728 1930 3783 videbantur
1953 3728 2139 3795 verba,
2154 3744 2279 3782 cuin
2300 3728 2543 3782 diceret:
2568 3745 2585 3777 ι
2616 3725 2729 3781 Nisi

1140 3814 1612 3873 manducaveritis
1625 3830 1846 3871 carnem
1869 3816 1990 3871 Filii
2018 3814 2321 3870 hominiset
2342 3814 2590 3870 biberitis
2614 3815 2731 3884 eius

1138 3907 1485 3976 sanguinem,
1500 3922 1606 3961 non
1624 3907 1898 3963 habebitis
1920 3905 2087 3960 vitam
2105 3906 2156 3959 in
2182 3906 2371 3961 vobis?
2389 3902 2570 3975 (Joan.
2587 3907 2685 3977 vi.)
2706 3925 2724 3957 ι

1134 3995 1298 4065 Quod
1342 3996 1626 4052 audientes
1677 3997 1925 4067 discipuli
1972 3997 2227 4051 dicebant
2283 4011 2299 4050 :
2347 4015 2364 4046 ι
2421 3997 2599 4051 Durus
2648 4007 2733 4052 est

1140 4086 1236 4144 hic
1264 4102 1463 4154 sermo,
1511 4097 1566 4143 et
1607 4089 1729 4158 quis
1769 4097 1950 4158 potest
2002 4104 2125 4143 eum
2169 4090 2389 4144 audire?
2426 4109 2445 4140 ι
2496 4089 2563 4145 Ει
2591 4090 2733 4145 sicut

1134 4176 1478 4246 evangelista
1526 4175 1713 4243 refert,
1740 4196 1759 4230 ι
1790 4176 1905 4247 jam
1959 4194 2067 4234 non
2098 4190 2221 4255 cum
2267 4178 2358 4234 illo
2382 4180 2733 4237 ambulabant

1136 4254 1359 4338 (Ibid).
1399 4285 1418 4318 ι
1455 4264 1560 4320 Sed
1610 4267 1730 4321 ista:
1779 4266 1963 4321 saliva:
2016 4254 2242 4322 barbam
2279 4268 2448 4324 David
2480 4270 2733 4340 tegebant

1136 4353 1273 4426 quia
1288 4354 1390 4409 sub
1411 4354 1496 4409 bis
1519 4353 1860 4410 infantilibus
1885 4356 2067 4411 verbis
2092 4358 2266 4412 virtus
2289 4357 2471 4411 divina
2504 4359 2730 4413 latebat.

1140 4441 1345 4500 Factus
1373 4454 1456 4499 est
1487 4460 1617 4516 ergo
1652 4444 1985 4516 Redemptor
2010 4458 2196 4502 noster
2224 4448 2496 4514 inlirmus,
2522 4459 2579 4504 ut
2634 4466 2732 4506 nos

1142 4532 1316 4588 fortes
1339 4531 1603 4601 efﬁceret;
1642 4535 1789 4591 visus
1843 4547 1928 4592 est
1984 4537 2200 4603 stultus,
2233 4546 2292 4591 ut
2322 4540 2388 4593 ad
2419 4555 2602 4594 verum
2634 4558 2731 4597 nos

2836 2015 3035 2080 posuit.
3081 2015 3237 2082 Quod
3277 2033 3403 2073 cum
3454 2020 3545 2075 ille
3594 2020 3840 2091 lugubris
3868 2033 3922 2077 et
3972 2025 4222 2096 contigua
4253 2037 4434 2083 morte

2839 2112 3003 2184 188
3016 2117 3340 2183 perterritus
3362 2130 3645 2188 sperneret
3668 2136 3734 2176 ac
3757 2121 3939 2177 cibum
3963 2137 4160 2194 capere
4187 2124 4432 2183 funditus

2834 2212 3132 2267 recusaret,
3163 2220 3195 2260 e
3239 2208 3519 2263 contrario
3548 2208 3639 2264 illa
3668 2211 3925 2278 precibus
3950 2213 4167 2268 obnixis
4214 2225 4269 2268 et
4308 2215 4431 2284 qni-

2832 2291 3057 2348 lrtsdam
3090 2296 3236 2350 velut
3278 2300 3846 2367 argumentationibus
3900 2302 4306 2358 incessabiliter
4347 2306 4430 2358 in-

2833 2383 3081 2451 sistebat,
3115 2397 3177 2441 ut
3202 2392 3417 2459 roganti
3450 2391 3709 2447 talionem
3759 2393 4035 2448 redderet.
4064 2393 4135 2448 Et
4164 2395 4307 2450 sicut
4334 2395 4429 2453 illa

2826 2471 3044 2542 jubenti
3074 2491 3353 2548 paruerat,
3408 2484 3489 2537 sic
3518 2482 3619 2539 iste
3650 2484 3961 2554 supplicant
4000 2528 4009 2538 ,
4044 2486 4298 2555 precibus
4324 2504 4430 2543 an-

2831 2577 3066 2623 nueret:
3104 2588 3120 2621 ι
3152 2570 3311 2635 Ecce,
3362 2574 3563 2642 inquit,
3616 2575 3863 2630 obedivit
3912 2576 4111 2631 ancilla
4165 2585 4256 2631 tua
4306 2580 4429 2634 voci

2832 2666 2955 2719 tuae,
2989 2668 3045 2714 et
3065 2662 3220 2729 posui
3250 2663 3487 2718 animam
3521 2679 3697 2719 meam
3731 2666 3785 2719 in
3812 2682 3976 2721 manu
4005 2675 4117 2732 tua,
4158 2676 4216 2721 et
4244 2668 4427 2723 audivi

2831 2763 3114 2806 sermones
3147 2761 3290 2818 tuos,
3331 2770 3469 2824 quos
3500 2755 3713 2812 locutus
3758 2772 3819 2812 es
3850 2758 3916 2811 ad
3947 2773 4064 2825 me;
4113 2774 4259 2816 nunc
4294 2776 4429 2832 ergo

2830 2841 2953 2894 audi
2987 2854 3042 2896 et
3079 2852 3135 2897 tu
3160 2860 3347 2900 vocem
3380 2847 3593 2902 ancillae
3627 2859 3752 2916 tuae,
3808 2859 3863 2904 et
3902 2866 4099 2920 ponam
4150 2867 4336 2906 coram
4368 2864 4421 2910 te

2831 2927 3129 2984 buccellam
3161 2933 3337 2999 panis,
3368 2942 3429 2988 ut
3456 2939 3748 2991 comedens
3794 2938 4143 2996 convalescas
4170 2950 4225 2995 et
4248 2943 4428 3012 possis

2832 3017 2938 3072 iter
2959 3019 3140 3075 facere
3161 3022 3211 3093 (l
3232 3023 3360 3093 Reg.
3377 3026 3595 3095 xxviii).
3622 3046 3639 3079 ι
3661 3026 3795 3095 Quis
3809 3030 3955 3085 enim
3979 3030 4082 3085 hoc
4101 3043 4428 3089 coruscanto

2831 3106 3035 3163 faceret
3067 3111 3380 3182 Evangelio,
3411 3117 3555 3186 quod
3588 3119 3702 3173 haec
3727 3120 3922 3174 mulier
3950 3122 4051 3177 sub
4076 3123 4267 3178 umbra
4292 3121 4428 3194 legis

2831 3199 3007 3268 egisse
3056 3201 3411 3271 describitur,
3463 3210 3766 3277 prrosertim
3828 3226 3953 3267 cum
4008 3213 4175 3268 Vetus
4230 3212 4429 3270 offerat.

3307 3314 3321 3349 :
3385 3314 3403 3347 ι
3456 3297 3654 3369 Diliges
3704 3300 3939 3356 amicum
3998 3312 4172 3369 tuum,
4206 3314 4259 3359 et
4296 3306 4427 3363 odio

2830 3380 3055 3438 habebis
3078 3384 3357 3442 inimicum
3391 3398 3564 3455 tuum,
3602 3410 3621 3443 ι
3655 3393 3965 3463 evangelica
4000 3410 4127 3452 vero
4155 3397 4284 3453 tuba
4320 3409 4431 3455 ter-

2832 3471 3061 3528 ribiliter
3106 3474 3315 3533 intonet
3346 3496 3359 3532 :
3386 3478 3523 3545 Quia
3577 3500 3595 3534 ι
3635 3497 3738 3538 nec
3786 3484 3950 3540 Pater
3979 3497 4161 3542 vester
4188 3489 4431 3547 dimittet

2831 3560 2984 3616 vobis
3003 3576 3226 3631 peccata
3251 3578 3454 3635 vestra,
3482 3570 3529 3625 si
3557 3585 3665 3626 non
3704 3574 4027 3633 remiseritis
4056 3579 4433 3650 unusquisque

2833 3648 2989 3743 fratri
3013 3670 3112 3710 suo
3128 3657 3195 3712 de
3218 3660 3474 3716 cordibus
3511 3666 3714 3719 vestris
3748 3648 4372 3743 (ΜαιιΙιΑἰΛῙαι-αιι).
4402 3693 4423 3726 ο

2834 3737 2963 3813 Saul
2990 3744 3135 3798 enim
3162 3746 3235 3801 ita
3257 3749 3630 3809 divinantibus
3651 3764 3706 3809 et
3727 3756 3955 3813 hariolis
3979 3758 4231 3816 inimicus
4256 3737 4428 3817 exsti-

2835 3832 2900 3886 tit
2957 3842 3014 3889 ut
3075 3840 3278 3905 passim
3335 3856 3529 3899 omnes
3584 3844 3939 3914 interficeret,
3992 3860 4047 3905 et
4098 3854 4188 3907 vix
4232 3867 4427 3909 eorum

2833 3922 3123 3991 quispiam,
3157 3928 3259 3983 nisi
3292 3930 3408 3987 haec
3438 3934 3700 3990 duntaxat
3729 3940 4059 4007 paupercula
4092 3944 4307 4011 mulier,
4335 3960 4430 4000 re-

2834 4015 3154 4084 mansisset;
3187 4020 3303 4076 bare
3330 4024 3520 4092 etiam,
3544 4042 3664 4096 qua:
3713 4043 4024 4101 supererat,
4069 4044 4221 4091 tanta
4265 4037 4432 4108 regite

2834 4109 3228 4173 persecutionis
3280 4122 3401 4168 erat
3451 4116 3789 4177 immanitate
3817 4126 4116 4179 constricta
4169 4134 4250 4193 ut,
4298 4140 4428 4183 dum

2836 4193 3145 4253 nullatenus
3174 4202 3250 4255 uti
3300 4203 3636 4263 divinatione
3690 4224 4064 4280 prmsunieret,
4106 4228 4426 4281 consuetum

2833 4289 3067 4357 propriae
3081 4292 3217 4346 artis
3233 4306 3500 4363 quimstum
3527 4296 3767 4357 funditus
3788 4306 4081 4361 amisisset.
4100 4305 4226 4364 llaec
4242 4318 4427 4365 tamen

2836 4376 3067 4448 idipsum
3093 4383 3237 4451 quod
3268 4398 3608 4443 remanserat
3651 4392 3883 4449 reddens
3924 4396 4064 4450 bona
4122 4406 4220 4466 pro
4266 4401 4430 4457 malis

2836 4467 3095 4527 alacriter
3114 4473 3336 4542 obtulit,
3366 4487 3421 4531 et
3468 4479 3748 4535 inimicum
3791 4498 3970 4550 suum,
3996 4486 4144 4541 velut
4170 4490 4433 4558 Apostolo

2831 4556 2944 4626 jam
2981 4561 3097 4617 haec
3138 4566 3507 4635 prmcipiente,
3560 4570 3763 4624 cibavit
3820 4573 4011 4643 (Hom-
4033 4575 4095 4645 ι).
4126 4576 4194 4630 Et
4218 4556 4338 4633 lucc
4363 4593 4431 4634 eo

1142 4625 1470 4695 sapientiam
1501 4639 1805 4683 revocaret.
1839 4628 1992 4686 Unde
2019 4631 2151 4686 dicit
2173 4632 2505 4701 Apostolus:
2539 4652 2557 4684 ι
2592 4634 2727 4701 Quia
2758 4626 2810 4686 D
2842 4661 3081 4722 tempore
3128 4625 3419 4711 {mundius
3470 4678 3474 4712 1

2102 4632 2151 4685 ῖῖῑ
2173 4632 2505 4728 Ἁροδῑιξωξε
2539 4652 2557 4684 ί
2592 4634 2727 4728 Qui}!
2758 4626 2810 4686 D
2842 4661 3081 4722 tempore
3128 4656 3419 4711 laudabilis
3470 4660 3666 4715 mulier
3694 4625 3842 4728 fecit,
3888 4679 4011 4719 cum
4054 4625 4217 4721 [illum
4248 4683 4434 4724 nosset

1135 4714 1290 4786 quod
1312 4716 1532 4771 stultum
1564 4730 1647 4773 est
1688 4719 1782 4774 Dei
1810 4720 2079 4791 sapientia
2107 4731 2190 4777 est
2235 4724 2567 4779 hominibus.
2617 4746 2635 4775 ι
2670 4726 2735 4781 Et

1144 4806 1312 4879 paulo
1340 4810 1588 4877 superius
1625 4828 1639 4866 :
1678 4829 1696 4861 ι
1736 4810 1873 4879 Quia
1928 4828 2035 4867 non
2077 4817 2329 4885 cognovit
2376 4818 2610 4872 mundus
2638 4834 2736 4888 per

1137 4895 1472 4967 sapientiam
1500 4899 1690 4964 Deum,
1724 4902 1925 4972 placuit
1959 4903 2067 4956 Deo
2099 4920 2197 4973 per
2226 4904 2509 4959 stultitiam
2535 4910 2732 4975 praedi-

1136 4987 1379 5044 cationis
1429 4992 1609 5047 salvos
1649 4992 1832 5049 facere
1884 4995 2172 5051 credentes
2204 4996 2253 5068 (1
2304 4997 2426 5051 Cor.
2478 4997 2539 5069 ι).
2576 5020 2592 5049 ι
2628 4999 2734 5055 Nec

1140 5080 1613 5152 indignum'super
1642 5083 1872 5140 Domino
1904 5084 2193 5141 Salvatore
2223 5098 2410 5141 nostro
2441 5089 2729 5144 infirmita-

1137 5178 1277 5235 tem,
1307 5172 1388 5225 vel
1413 5173 1701 5228 stultitiam
1732 5175 1861 5241 dici,
1917 5192 2040 5230 cum
2087 5178 2251 5231 etiam
2306 5195 2403 5247 per
2433 5178 2727 5248 leprosum,

1136 5277 1270 5318 cum
1293 5262 1454 5317 etiam
1470 5279 1570 5334 per
1591 5277 1899 5339 serpentem
1934 5284 2039 5322 non
2064 5268 2387 5339 dedignatus
2410 5272 2478 5326 sit
2504 5275 2732 5344 mystice

1132 5352 1388 5422 «ﬁgurari.

1737 5427 1963 5507 eaeor
2017 5429 2124 5485 vn.

1140 5512 1214 5569 1n
1239 5514 1458 5594 epistola
1488 5517 1557 5594 ad
1589 5518 1919 5594 Desiderium
1952 5522 2214 5585 abbatem,
2246 5540 2349 5593 qua
2377 5524 2575 5577 dicitur
2595 5526 2735 5594 quod

1217 5585 1409 5657 πηιλονί
1453 5588 1533 5667 sit
1568 5590 1758 5656 dignus
1804 5592 2001 5667 hortare
2048 5596 2139 5660 qui
2180 5585 2491 5662 dignitatem
2524 5585 2735 5663 projicit

1215 5672 1371 5721 quam
1397 5661 1485 5727 qui
1520 5661 1570 5709 in
1609 5674 1667 5710 eu
1695 5661 1945 5725 persistit.

1218 5746 1386 5813 Quem
1419 5763 1525 5801 non
1553 5749 1786 5803 aediﬁcet
1827 5760 1993 5821 atque
2023 5752 2089 5805 ad
2139 5751 2527 5821 perfectionem
2557 5754 2737 5809 chari-

1143 5838 1273 5892 tatis
1299 5837 1524 5903 excitet,
1567 5853 1750 5905 quem,
1790 5837 2035 5907 inquam,
2068 5855 2174 5896 non
2230 5843 2403 5898 solum
2430 5842 2498 5898 ad
2528 5842 2736 5901 ollicio-

1594 5930 1867 5993 Ριιτίιοι..
1921 5935 2161 5998 CXLV.

2838 4742 2985 4799 illico
3017 4748 3362 4811 moriturum,
3389 4762 3553 4819 atque
3581 4752 3702 4808 ideo
3725 4770 3825 4809 nec
3856 4767 4105 4826 speraret
4126 4759 4238 4829 jam
4267 4760 4436 4831 placi-

2838 4835 2989 4899 dum,
3016 4851 3115 4891 ucc
3134 4850 3359 4908 paveret
3380 4840 3601 4897 iratum.
3628 4843 3980 4915 Argumentis
4005 4856 4231 4903 utuntur
4252 4850 4433 4906 homi-

2840 4942 2955 4993 nes,
2978 4938 3086 4983 uta
3108 4932 3345 4999 propriis
3367 4931 3618 4988 domibus
3644 4936 3907 5005 hospitari
3929 4938 4169 4993 volcntes
4188 4940 4434 5011 ejiciant,

2840 5027 2898 5071 ut
2927 5016 2990 5071 ad
3022 5020 3300 5084 tabernas,
3354 5022 3436 5077 vel
3480 5026 3751 5094 emptoria
3798 5027 3979 5081 vicina
4037 5030 4433 5085 transmittant.

2838 5107 3116 5178 Siquidem
3152 5110 3305 5167 locus
3334 5115 3435 5168 iste
3464 5115 3830 5184 depreciatur,
3873 5118 3961 5172 ille
3986 5119 4307 5189 praefertur;
4339 5122 4431 5177 hic

2836 5216 2932 5271 per
2961 5202 3360 5258 inclementiam
3390 5208 3665 5261 annotium
3706 5213 4046 5280 tempestatis
4094 5230 4239 5283 πει-ει
4268 5229 4427 5285 seges

2838 5308 3037 5364 negare
3057 5293 3229 5348 fertur
3258 5297 3509 5367 agricolis
3540 5300 3769 5366 victum;
3804 5301 3893 5356 ille
3915 5302 4175 5357 feracium
4208 5303 4427 5377 frugum

2840 5387 3037 5442 dicitur
3092 5391 3426 5446 exuberasse
3470 5405 3788 5463 proventus.
3820 5396 3977 5451 Modo
4024 5398 4266 5455 brevitas
4289 5416 4441 5456 com-

2840 5478 3128 5531 mendatur
3154 5479 3386 5544 itineris,
3413 5484 3574 5537 modo
3604 5485 3684 5538 sol
3713 5486 3907 5543 altiora
3934 5488 4063 5541 curii
4098 5499 4282 5544 tenere
4312 5505 4439 5559 spa-

2844 5568 2914 5621 tia
2946 5569 3283 5637 perhibetur.
3309 5571 3422 5627 llac
3452 5574 3617 5644 igitur
3648 5579 3997 5633 accuratioae
4024 5581 4339 5647 verborum,
4360 5584 4439 5637 nil

2843 5659 2988 5713 aliud
3012 5662 3193 5727 agitur
3214 5678 3378 5733 quam
3400 5675 3459 5719 ut
3482 5670 3931 5736 supervenientes
3952 5671 4097 5726 aliud
4121 5674 4224 5728 sibi
4256 5676 4440 5743 provi-

2843 5749 2972 5803 dere
3023 5752 3424 5822 compellantur
3478 5758 3794 5827 bospitium.
3840 5760 3965 5815 ilice
3993 5774 4173 5818 autem
4198 5766 4439 5834 prudens

2842 5854 2898 5902 et
2938 5843 3174 5919 ingenua
3221 5848 3421 5905 mulier
3470 5851 3861 5924 rhctoricatur,
3912 5867 3972 5909 ut
4030 5858 4103 5911 ita
4132 5857 4326 5928 loquar
4385 5867 4441 5914 et

3922 5948 3996 6009 35
