4260 6368
763 339 872 399 ὀὔ

1603 330 1660 386 S.
1692 325 1970 385 PETRUS
2005 323 2360 380 DAMIANUS
2401 323 2458 381 S.
2487 324 2553 379 ll.
2594 323 2653 379 Ε.
2701 320 3141 378 CARDI‘NALIS.

764 450 1029 517 Damiani,
1058 452 1124 507 ab
1151 448 1266 519 ejus
1286 459 1505 508 nomine
1525 458 1604 499 sic
1632 441 1935 513 usurpavit,
1962 422 2023 494 ut
2042 454 2101 493 se
2122 435 2343 492 Petrum
2375 444 2423 503 Α
2453 434 2666 491 dicentia:
2699 431 3205 502 promptitudinem,
3256 438 3309 482 ct
3348 440 3537 483 verum
3569 424 3757 480 mundi
3800 430 4053 479 contem-

762 542 1007 599 Damiani
1036 553 1250 609 semper
1283 536 1671 598 subscriberet,
1705 543 1812 587 etc.

1541 658 1583 713 ι.

856 775 941 831 Ea:
981 775 1070 831 lib.
1102 790 1134 827 v
1168 771 1526 892 Historiarth
1553 767 1926 892 bRovennalunt
1967 764 2278 834 Hieronymi

1516 856 1549 892 tt
1584 855 1653 892 et.

1516 855 1653 893 κυεῖ.

835 956 1201 1013 Alexandrum
1252 950 1558 1021 pontificem
1613 946 1795 1019 gravis
1843 946 2053 1001 interea
2096 943 2358 1015 fatigabat

765 1050 1028 1107 dissensio
1048 1046 1267 1103 Cadalui
1293 1040 1625 1103 Parmensis,
1650 1053 1812 1109 quem
1840 1034 2097 1091 Germani
2128 1033 2353 1105 pseudo-

764 1142 1071 1215 pontiflcem
1112 1155 1232 1194 ctnn
1280 1137 1553 1198 fecissent,
1600 1148 1631 1187 a
1662 1130 1919 1185 Romanis
1958 1129 2122 1183 etiam
2161 1141 2353 1197 proce-

767 1239 919 1295 ribus
941 1236 1105 1304 recipi
1135 1232 1443 1287 studebant.
1478 1227 1530 1284 Is
1550 1241 1679 1282 vero
1708 1237 2015 1295 quanquam
2047 1222 2100 1275 in
2127 1220 2356 1276 concilio

765 1329 1020 1389 Mantuae,
1051 1339 1195 1379 anno
1224 1321 1361 1377 106‘
1403 1318 1608 1381 habito,
1646 1330 1754 1386 quo
1792 1322 1846 1371 et
1892 1312 2201 1367 Alexander
2244 1310 2359 1380 ipse

766 1428 1012 1483 venerat,
1040 1419 1296 1488 rejectus,
1329 1424 1508 1469 tamen
1547 1410 1779 1481 insignia
1806 1406 2081 1478 pontificis
2113 1403 2354 1458 retinuit.

768 1512 1128 1581 Quamobrem
1160 1508 1355 1564 Petrus
1396 1490 1642 1559 Damiani
1694 1499 1953 1555 Ecclesiae
2006 1496 2102 1551 Dei
2153 1503 2359 1550 tantam

769 1604 1234 1677 perturbationem
1254 1601 1563 1661 miseratus,
1579 1597 1645 1650 ad
1668 1592 1944 1651 hominem
1976 1588 2165 1646 scribit
2188 1587 2360 1675 tribus

769 1698 919 1753 illum
939 1697 1049 1768 jam
1082 1691 1435 1751 conventibus
1456 1705 1577 1746 esse
1605 1688 1920 1743 damnatum
1950 1690 2006 1736 et
2028 1690 2130 1744 ter,
2179 1679 2221 1733 si
2252 1666 2360 1732 non

2457 536 2605 595 ptum
2634 521 2687 576 iu
2706 522 2839 591 ipso,
2868 522 3039 591 ipsum
3067 519 3299 589 benigne
3324 516 3549 586 recepit.
3580 511 3673 585 (Et
3695 512 3856 583 paulo
3885 510 4053 583 post).

2461 618 2584 671 Dum
2634 627 2762 667 vero
2809 612 3071 667 columna
3119 610 3309 663 lucidas
3360 608 3588 662 fratrum
3638 603 3813 659 eremi
3862 600 4058 657 Fontis

2456 703 2763 767 Avellanam
2823 700 3148 756 reverendus
3214 698 3363 766 prior
3410 696 3643 759 Petrus,
3703 703 3758 749 et
3814 691 4058 747 clericus

2459 798 2553 853 Dei
2582 795 2837 861 Joannes,
2887 796 3026 848 sicut
3072 792 3182 845 duo
3227 789 3512 860 Seraphim
3568 786 3753 842 divina
3784 784 4061 843 cbaritate

2459 886 2797 949 inflammati,
2844 885 3007 940 corde
3052 892 3107 937 et
3150 896 3246 937 ore
3270 881 3473 952 jugiter
3500 879 3669 933 Deum
3728 876 4061 932 altissimum

2461 978 2861 1042 collaudabant,
2892 985 2947 1031 et
2973 974 3202 1028 fratrum
3245 982 3456 1027 mentes
3486 979 3539 1026 et
3566 969 3731 1025 corda
3758 977 3813 1024 et
3856 982 3955 1023 ora
3991 967 4061 1022 ad

2462 1072 2557 1126 Dei
2590 1072 2835 1126 timorem
2867 1080 2921 1123 et
2969 1066 3266 1122 fraternam
3304 1065 3628 1119 charitatem
3655 1061 4060 1118 accendebant.

2461 1164 2695 1235 Oquam
2727 1164 2924 1219 bonum
2969 1169 3025 1215 et
3068 1174 3227 1228 quam
3272 1155 3575 1229 jucundum
3624 1162 3745 1210 erat
3784 1152 3921 1207 tales
3950 1151 4067 1206 fra-

2464 1267 2577 1311 tres
2601 1255 2847 1310 habitare
2886 1254 2939 1307 in
2973 1252 3173 1306 unum!
3228 1251 3280 1304 in
3328 1248 3510 1304 medio
3542 1260 3776 1318 quorum
3806 1243 4067 1301 Christus

2463 1347 2621 1404 Jesus
2672 1354 2792 1401 erat
2845 1343 3100 1400 Dominus
3157 1349 3214 1396 et
3273 1340 3551 1411 magister.
3610 1339 3748 1393 Cum
3787 1351 3922 1391 vero
3948 1332 4065 1404 jam

2452 1439 2806 1514 omnipotens
2831 1437 2991 1491 'Deus
3023 1432 3386 1490 venerabilem
3426 1430 3650 1487 Petrum
3706 1440 4071 1485 remunerare

2468 1536 2533 1591 de
2560 1535 2673 1589 suis
2700 1532 2975 1588 laboribus
3011 1529 3363 1595 decrevisset,
3391 1542 3517 1583 cum
3570 1526 3772 1580 absens
3816 1533 3970 1579 esset
4000 1519 4071 1576 ab

2467 1640 2669 1691 eremo,
2708 1630 2765 1679 et
2813 1638 2934 1678 cum
2981 1619 3242 1675 fratribus
3283 1624 3592 1673 moraretur
3644 1616 3714 1670 ad
3759 1623 3979 1685 tempus
4015 1613 4073 1669 in

2470 1716 2797 1774 monasterio
2843 1713 3161 1775 Faventino,
3201 1710 3365 1763 vitam
3416 1706 3535 1776 ejus
3577 1707 3721 1761 Deus
3758 1706 3907 1761 bono
3964 1704 4073 1761 fine

764 1787 1362 1901 ξξξξίίςξῖξπθτάοωων
1393 1790 1450 1837 ³⁸
1475 1780 1666 1837 saltem
1696 1777 1874 1844 legum
1907 1771 2231 1829 auctoritate
2256 1771 2356 1824 ab-
2389 1841 2439 1901 Β
2466 1771 2771 1866 conclusit:
2803 1815 2858 1861 et
2892 1807 3005 1874 ipse
3048 1771 3263 1857 vir‘Dei
3297 1771 3529 1855 feliciter
3570 1798 3815 1870 migrans
3856 1798 3925 1851 de
3969 1810 4077 1853 sa-

768 1880 1031 1935 dicatum.

1525 1983 1611 2038 Ill.

799 2103 1072 2170 inouymus
1108 2097 1473 2170 Benenictimts
1496 2095 1658 2170 (circa
1688 2090 1971 2170 ενι-1125)
1991 2091 2045 2143 in
2064 2086 2195 2170 ,γὰρ
2228 2087 2365 2170 beati

841 2156 1062 2228 Joannis
1083 2170 1395 2232 Lundensis,
1420 2156 1655 2237 ejusdem
1682 2161 1740 2219 S.
1769 2156 1998 2217 doctoris
2042 2156 2286 2229 discipuli
2316 2164 2365 2210 et

843 2244 1066 2313 episc0pi
1097 2240 1142 2294 Ε
1147 2240 1380 2310 ugubini.

842 2357 937 2412 lllo
960 2369 1192 2423 namque
1222 2362 1463 2421 tempore
1503 2351 1585 2405 vir
1621 2347 1966 2411 venerabilis,
2011 2355 2066 2399 et
2106 2344 2365 2399 sacerdos

772 2448 869 2504 Dei
921 2446 1163 2501 altissimi
1215 2445 1446 2499 domnus
1503 2441 1698 2496 Petrus
1749 2437 2017 2501 Damiani,
2073 2436 2367 2489 virtutibus

773 2546 1000 2594 ornatus
1031 2545 1086 2589 et
1112 2534 1282 2589 sacris
1315 2530 1612 2603 Scripturis
1656 2528 1920 2591 eruditus,
1968 2524 2195 2581 ﬂorebat
2236 2539 2331 2579 san

774 2629 983 2693 ctitate,
1033 2638 1086 2681 et
1123 2625 1346 2681 scientia
1386 2625 1437 2676 in
1491 2636 1675 2675 eremo
1715 2618 2022 2673 vastissima
2070 2615 2127 2670 S.
2176 2614 2366 2672 Crucis

777 2720 968 2775 Fontis
991 2716 1281 2772 Avellauaz.
1319 2714 1382 2767 Et
1414 2715 1527 2781 ipse
1555 2712 1771 2774 Petrus,
1796 2724 1916 2765 cum
1939 2714 2081 2763 esset
2111 2704 2167 2760 S.
2200 2704 2263 2761 Β.
2299 2701 2363 2759 Ε.

779 2807 1088 2867 cardinalis,
1140 2815 1193 2859 et
1225 2805 1428 2874 legatus
1459 2801 1649 2855 fuisset
1680 2798 2031 2852 transmissus
2078 2810 2108 2848 a
2150 2794 2368 2848 domino

779 2914 939 2970 papa,
982 2907 1038 2951 ct
1064 2895 1324 2951 circuirct
1367 2906 1462 2962 per
1506 2891 1848 2952 comitatum,
1899 2895 1955 2941 ct
1999 2885 2367 2955 episcopatum

782 2986 1241 3061 Eugubiuum,‘et
1292 2985 1644 3048 Nucerinum,
1696 2990 1751 3037 et
1798 2979 2119 3039 Callensem,
2172 2986 2227 3031 et
2274 2988 2370 3045 per

781 3082 1212 3145 Romandiolam,
1262 3088 1317 3133 et
1372 3075 1692 3138 Marchiam,
1742 3088 1864 3127 cum
1913 3073 1979 3126 de
2038 3068 2369 3139 perfectione

780 3176 1011 3231 fratrum
1029 3187 1329 3245 pauperum
1346 3169 1534 3225 Fontis
1550 3166 1819 3221 Avellana:
1850 3162 2166 3219 admiranda
2200 3162 2365 3225 dicta,

780 3276 834 3321 et
882 3282 1043 3337 opera
1096 3263 1450 3334 percepisset,
1498 3275 1685 3315 eorum
1722 3257 1989 3327 colloquio
2040 3263 2094 3309 et
2129 3254 2369 3324 angelica

782 3355 1193 3412 conversatione
1229 3360 1512 3412 attractus,
1555 3346 1920 3405 cardinalatus
1950 3344 2175 3416 gloriam
2216 3344 2369 3397 dese-

783 3446 917 3511 ruit,
948 3453 1003 3499 et
1030 3457 1152 3498 cum
1204 3441 1421 3496 licentia
1466 3438 1667 3494 domini
1700 3450 1849 3507 papa:
1888 3434 1943 3489 in
1971 3448 2157 3488 eremo
2186 3430 2375 3486 Fontis

781 3536 1053 3598 Avellanre
1083 3550 1141 3590 se
1164 3533 1401 3595 reclusit,
1439 3530 1681 3587 serviens
1706 3528 1815 3583 Deo
1854 3526 1940 3580 die
1970 3539 2034 3579 ac
2069 3532 2248 3578 nocte.
2294 3520 2375 3574 Ad

785 3629 937 3698 cujus
962 3625 1267 3696 exemplum
1292 3622 1505 3695 plurimi
1531 3619 1737 3675 incitati
1762 3618 1944 3673 tnundi
1966 3616 2194 3687 gloriam
2223 3627 2377 3685 spre-

784 3730 978 3775 verunt
1006 3725 1063 3772 et
1107 3718 1173 3769 ad
1207 3714 1547 3770 serviendum
1598 3712 1709 3766 Deo
1755 3726 1813 3764 se
1845 3709 2084 3763 totaliter
2136 3706 2374 3762 tradide-

785 3818 927 3863 runt.
957 3808 1053 3862 Vir
1080 3815 1260 3860 autem
1312 3802 1697 3865 Dei'Joanues,
1735 3799 1867 3853 tanti
1909 3799 2010 3853 viri
2058 3796 2199 3851 fama
2229 3810 2378 3849 com-

782 3910 957 3971 perta.
994 3897 1239 3967 exemplo
1284 3895 1397 3965 ejus
1438 3893 1729 3956 animatus,
1781 3887 2022 3957 confugit
2073 3887 2140 3941 ad
2177 3886 2375 3955 ipsum,

787 3998 843 4044 et
873 3990 1141 4060 clongavit
1168 4002 1227 4042 se
1246 4002 1276 4039 a
1306 3983 1507 4040 mundo
1530 3980 1772 4053 fugiens;
1803 3988 1858 4035 et
1891 3979 1957 4034 de
1994 3988 2136 4033 terra
2158 3975 2377 4045 propria

787 4093 843 4138 et
868 4081 1188 4151 cognatione
1234 4078 1506 4137 recedens,
1563 4074 1715 4127 venit
1749 4073 1804 4125 in
1856 4080 2079 4133 terram,
2127 4082 2290 4137 quam
2326 4067 2377 4119 ei

788 4173 1050 4228 Dominus
1097 4168 1372 4230 revelavit,
1416 4174 1470 4220 et
1513 4161 1807 4218 venerabili
1859 4159 2007 4213 Patri
2062 4157 2223 4212 Petro
2272 4156 2375 4209 Da—
2458 4192 2463 4197 .

789 4262 953 4316 miani
986 4259 1153 4329 priori
1182 4257 1349 4313 eremi
1394 4264 1449 4309 et
1488 4253 1803 4307 devotorum
1844 4248 2074 4303 fratrum
2119 4245 2379 4315 magistro

789 4370 849 4409 se
881 4354 1074 4407 ontulit
1106 4351 1403 4415 humiliter,
1434 4346 1661 4418 genibus
1686 4342 1839 4399 flexis
1865 4355 2062 4412 rogans
2088 4340 2374 4401 instanter,

792 4456 849 4498 ut
875 4447 1047 4514 ipsum
1073 4444 1173 4498 sub
1198 4441 1479 4511 disciplina
1513 4452 1681 4493 sacra:
1709 4434 1908 4505 regulae
1946 4430 2248 4488 beatissimi
2275 4430 2378 4485 Pa-

2396 3225 2443 3287 C

2470 1901 2610 1965 culo,
2641 1900 2706 1953 ad
2756 1896 2996 1952 cmlestia
3027 1892 3282 1959 evolavit,
3332 1900 3389 1946 et
3426 1889 3565 1945 vivit
3608 1904 3733 1944 curn
3758 1886 3986 1943 Christo
4019 1886 4075 1941 in

2468 2002 2751 2049 aeternum.
2775 1989 2849 2043 De
2877 1985 3031 2055 cujus
3058 1999 3274 2041 recessu
3316 1984 3517 2038 fratres
3545 1996 3761 2045 omnes,
3788 1979 3919 2036 licet
3949 1978 4073 2035 feli-

2468 2084 2616 2140 citati
2668 2082 2785 2153 ejus
2812 2080 3104 2150 plurimum
3132 2076 3561 2145 congaudcrent,
3613 2082 3795 2128 tamen
3846 2070 3917 2128 de
3973 2085 4076 2125 sua

2470 2175 2717 2232 absentia
2748 2173 2943 2226 damna
2992 2170 3092 2224 sibi
3126 2167 3355 2238 plurima
3403 2166 3629 2221 evenire
3691 2162 4075 2234 deplorabant.

2471 2268 2577 2324 Sed
2614 2282 2721 2322 non
2752 2262 2927 2320 defuit
2954 2262 3033 2316 eis
3063 2260 3245 2315 divina
3271 2258 3634 2329 providentia.
3656 2254 3793 2311 Nam
3819 2252 4078 2325 inspirati

2471 2375 2503 2415 a
2534 2358 2782 2421 Domino,
2808 2354 3152 2411 concorditer
3179 2360 3237 2405 et
3251 2349 3582 2404 unanimiter
3611 2354 3867 2403 sanctum
3892 2345 4077 2400 virum

2471 2452 2727 2505 domuum
2753 2445 3018 2501 Joannem
3046 2444 3113 2497 de
3142 2440 3332 2495 Laudo
3360 2440 3414 2493 in
3445 2439 3683 2507 priorem
3732 2435 4079 2506 praeipuum

2471 2539 2782 2609 elegerunt,
2830 2542 2890 2587 ut
2939 2534 3079 2587 sicut
3131 2538 3322 2584 sancto
3361 2527 3512 2581 Patri
3543 2526 3707 2582 Petro
3736 2524 3990 2581 Damiani
4022 2524 4079 2579 in

2469 2629 2759 2683 sanctitate
2810 2633 2868 2679 et
2912 2621 3174 2692 sapientia
3220 2617 3519 2676 consimilis
3567 2624 3709 2683 erat,
3765 2617 3843 2671 ita
3903 2614 3959 2671 ei
4020 2614 4081 2679 in

2467 2721 2711 2791 prioratu
2738 2715 3078 2772 succederet.

2510 2909 2767 2977 Antiquus
2814 2910 3001 2958 auctor
3044 2894 3674 3036 Chroniggufldensis.
3720 2908 3822 2949 ms.
3874 2890 4046 2965 (circa

3119 2984 3209 3023 an.
3352 2982 3401 3021 δ.

3119 2984 3209 3023 an.
3244 2982 3264 3021 ‘l
3276 2982 3401 3021 ονε).

2548 3066 2883 3124 Venerabilis
2909 3061 3208 3119 cardinalis
3230 3059 3292 3115 S.
3317 3058 3385 3113 Β.
3419 3057 3508 3124 E.,
3541 3058 3633 3113 Dei
3664 3072 3859 3113 servus
3882 3056 4086 3115 Petrus

2475 3162 2723 3219 Damiani
2785 3161 2837 3214 in
2890 3156 3105 3213 fervore
3158 3152 3218 3209 S.
3271 3152 3513 3223 Spiritus
3548 3150 3659 3205 sibi
3700 3150 3813 3205 dati
3864 3163 3895 3203 a
3933 3147 4079 3209 Deo.

2478 3258 2706 3330 gloriam
2752 3262 2806 3310 et
2834 3251 3154 3322 dignitatem
3179 3247 3443 3303 Romana
3473 3243 3641 3301 curia
3668 3242 3990 3313 dereliquit,
4030 3250 4088 3298 et

2477 3350 2618 3405 infra
2640 3344 2953 3417 Apenninos
2988 3348 3199 3395 montes
3240 3335 3481 3394 Cathrias
3521 3332 3836 3389 venerabile
3881 3331 4091 3388 eremi-

2480 3442 2678 3498 torium
2699 3439 2758 3494 S.
2780 3436 2973 3493 Crucis
3000 3432 3155 3503 juxta
3188 3429 3395 3486 fontem
3422 3425 3701 3482 Avellanre
3740 3420 4085 3487 construxit,

2480 3542 2537 3590 et
2558 3538 2885 3589 conventum
2914 3525 3109 3581 ibidem
3143 3520 3390 3594 pluribus
3430 3517 3637 3573 sanctis
3666 3515 3933 3571 fratribus
3965 3528 4089 3569 mo-

2481 3625 2674 3682 nachis
2722 3619 2956 3677 instituit
3002 3617 3056 3672 in
3110 3622 3299 3671 sancta
3343 3610 3704 3683 perfectione,
3747 3619 3805 3664 et
3847 3605 4088 3662 multum

2481 3727 2631 3772 arcta
2692 3715 2798 3768 vita
2830 3721 2887 3768 et
2920 3709 3193 3773 ordinata,
3224 3704 3317 3762 ubi
3353 3712 3410 3759 et
3456 3702 3575 3774 ipse
3615 3714 3717 3771 per
3756 3698 3916 3770 plura
3946 3705 4090 3753 tem-

2478 3822 2609 3880 pora
2642 3807 2696 3860 in
2727 3816 2921 3871 magna
2947 3799 3087 3855 vixit
3119 3794 3441 3861 sanctitate,
3492 3800 3551 3849 et
3576 3790 3827 3862 pluribus
3879 3786 4090 3844 claruit

2478 3898 2775 3955 miraculis.

3236 3977 3285 4035 Υ

2515 4079 2681 4138 Card.
2705 4076 2970 4135 Duronius
2996 4016 3389 4198 Annal.l
3426 4079 3567 4125 toruo
3598 4064 3685 4121 XI
3706 4104 3723 4133 ,
3768 4064 3842 4120 ad
3872 4065 3941 4119 Α.
3984 4063 4053 4120 C.

2551 4240 2643 4298 Sic
2657 4239 2801 4297 Deus
2828 4240 2934 4294 hoc
2960 4234 3397 4307 deploratissimo
3415 4229 3766 4295 saeculo,cum
3796 4228 4091 4283 excreviso

2482 4345 2565 4393 set
2595 4335 2660 4391 ad
2704 4330 3004 4389 Ecclesiam
3043 4325 3378 4386 obruendam
3407 4322 3669 4379 diluvium
3700 4321 3912 4385 carnis,
3941 4318 4096 4375 dedit

2480 4428 2682 4484 mundo
2712 4434 2922 4480 tantum
2962 4420 3159 4483 virum.
3188 4418 3283 4488 qui
3310 4413 3700 4471 austerissima
3742 4411 3875 4466 vita
3900 4424 4096 4466 exem-

792 4502 1192 4590 tris-Benedicti
1230 4502 1527 4602 susciperet
1576 4529 1629 4582 in
1669 4502 1992 4599 discipulum
2040 4534 2098 4580 et
2151 4523 2441 4602 fratrem;
2477 4520 2585 4591 plo,
2618 4516 2879 4586 verbique
2927 4509 3331 4583 praedicatione.
3389 4514 3446 4561 et
3495 4504 3719 4575 scriptis
3772 4502 4096 4558 exsiccaret

792 4626 859 4680 ad
889 4625 997 4695 regi
1027 4622 1242 4679 Christo
1270 4594 1532 4692 perpetuo
1562 4594 1928 4674 serviendum.
1965 4615 2036 4669 At
2064 4629 2190 4669 vero
2225 4627 2378 4668 reve-
2406 4597 2457 4657 Β
2483 4620 2686 4666 tantam
2731 4604 3073 4677 putredinem
3129 4600 3448 4673 pariterque
3492 4603 3765 4668 pugnaret
3815 4594 4094 4651 adversus

795 4719 996 4773 rendus
1018 4717 1112 4772 Dei
1139 4715 1392 4771 sacerdos
1411 4713 1604 4768 Petrus
1639 4709 1888 4765 Damiani
1926 4708 2117 4763 videns
2147 4705 2375 4761 Joannis

794 4806 1092 4877 simplicem
1132 4806 1298 4861 animi
1336 4805 1651 4876 puritatem,
1679 4801 1947 4859 fervorem
1972 4798 2217 4870 spiritus,
2248 4794 2376 4852 obo-

2482 4698 2833 4757 simoniacam
2878 4693 3149 4761 heresim,
3193 4703 3316 4763 qua
3353 4689 3559 4759 ubique
3590 4687 3839 4749 locorum
3864 4700 4099 4758 grassa-

2480 4790 2641 4847 batur
2662 4789 2904 4860 impune.
3440 4794 3441 4799 ‘
