5904 6646
990 503 1115 561 1101

2305 480 2378 544 IN
2413 478 2543 542 UB.
2581 479 2625 537 ῐι
2665 476 2936 536 ΒΕΟΗΜ.

4122 458 4273 524 11οὶ

989 620 1139 690 hujus
1159 616 1383 673 exordio
1397 613 1566 669 Adam
1583 607 1910 667 constituisti
1924 601 2259 677 posteritatis
2280 608 2548 657 secutum
2578 600 2628 657 Α
2655 592 2833 661 xvtu).
2872 610 2889 642 ι
2938 588 3049 645 Cur
3072 587 3168 643 alii
3200 586 3367 642 David
3397 581 3712 640 sacerdotes
3742 580 3912 636 fuisse
3961 578 4223 634 dicuntur

986 722 1282 788 parentem,
1307 719 1471 780 atque
1496 724 1560 763 ex
1582 708 1684 761 hac
1709 703 1890 759 radice
1914 702 2083 756 totius
2104 696 2323 753 humani
2351 697 2569 765 generis

985 804 1264 865 decrevisti
1283 800 1547 874 pullulare
1569 796 1945 869 propaginem,
1966 794 2037 847 ita
2065 806 2230 855 nunc,
2255 803 2379 842 cum
2410 802 2568 841 mun-

985 897 1104 953 dum
1129 908 1395 951 renovare
1412 890 1676 961 disponis,
1704 902 1789 942 me
1805 885 1959 955 quasi
1985 897 2183 937 novum
2206 878 2380 934 Adam
2408 877 2563 940 facis,

985 988 1106 1044 dum
1134 986 1413 1041 Christum
1442 998 1510 1039 es
1541 996 1664 1037 meo
1707 978 1916 1034 semine
1947 974 2288 1030 nasciturum
2310 1011 2325 1033 ,
2362 968 2567 1040 quiest

983 1088 1167 1135 auctor
1192 1087 1249 1134 et
1294 1084 1458 1150 caput
1492 1073 1748 1131 Ecclesia
1769 1114 1782 1135 ,
1814 1068 2107 1141 poll'ceris.
2144 1085 2162 1117 ι
2196 1063 2300 1119 lsta
2333 1070 2415 1117 est
2442 1102 2458 1125 ,
2482 1059 2586 1115 in-'

984 1169 1125 1245 quit,
1157 1169 1242 1228 lex
1290 1168 1494 1233 Adam;
1536 1188 1554 1222 ι
1604 1166 1731 1237 quia
1760 1165 1833 1220 air
1868 1186 1897 1211 ο.
1938 1160 2026 1215 ille
2056 1164 2179 1215 erat
2214 1156 2270 1209 in
2302 1153 2425 1209 illiis
2451 1152 2565 1207 suis

982 1268 1121 1323 hunc
1143 1264 1404 1320 mundum
1433 1262 1517 1317 vis
1540 1258 1701 1314 bilem
1726 1266 2099 1326 possessorus,
2125 1249 2198 1303 ita
2229 1256 2284 1303 et
2318 1259 2418 1316 ego
2449 1258 2557 1313 po-

980 1362 1086 1432 puli
1122 1356 1423 1431 spiritualis
1468 1356 1523 1410 in
1559 1351 1782 1407 Christo
1814 1357 1968 1418 pater
2007 1342 2242 1407 eilicior,
2275 1356 2398 1395 cum
2436 1338 2562 1432 illo,

979 1430 1066 1525 qui
1095 1430 1333 1507 iaculis
1369 1456 1485 1515 est,
1519 1454 1781 1518 perpetuo
1830 1446 2176 1512 regnaturus.
2217 1433 2371 1489 Sicut
2410 1430 2558 1525 enim

978 1522 1214 1604 decosta
1260 1542 1407 1598 illius
1459 1539 1695 1596 formata
1746 1543 1830 1590 est
1878 1530 2179 1587 viventium
2230 1535 2405 1581 mater
2452 1522 2563 1577 Eva

978 1638 1127 1707 (Ges.
1156 1638 1241 1707 ti),
1265 1636 1341 1691 ita
1367 1633 1435 1689 de
1468 1631 1642 1686 latere
1662 1624 1893 1689 Christi,
1916 1623 2007 1693 qui
2034 1636 2103 1676 ex
2136 1636 2223 1676 me
2248 1617 2564 1675 nasciturus

976 1738 1091 1794 est,
1137 1730 1350 1784 victura
1386 1722 1700 1796 perenniter
1745 1716 2023 1788 egreditur
2058 1712 2324 1768 Ecclesia.
2360 1707 2433 1763 De
2459 1707 2566 1762 hoc

976 1833 1111 1876 novo
1148 1827 1204 1876 et
1240 1814 1508 1888 spirituali
1564 1809 1769 1867 mundo
1813 1808 2079 1877 scriptum
2114 1813 2238 1860 est:
2296 1821 2313 1854 ι
2345 1800 2561 1857 Domini

975 1918 1097 1965 sunt
1119 1907 1375 1964 cardines
1403 1914 1562 1961 terra
1586 1944 1602 1969 ,
1633 1911 1690 1958 et
1727 1900 1909 1972 posuit
1942 1910 2109 1968 super
2130 1910 2228 1951 eos
2270 1894 2456 1951 orbem
2505 1893 2560 1966 (1

1519 1956 1666 2053 enim
1708 1956 1874 2063 s'uper
2115 1989 2371 2046 cardines
2404 1956 2561 2059 potii-
2592 1956 2637 2017 Β

974 2103 1087 2163 tur,
1126 2111 1251 2153 cum
1288 2104 1476 2152 sancta
1509 2088 1753 2148 Ecclesia
1784 2098 2047 2158 tanquam
2076 2099 2243 2155 super
2275 2084 2436 2139 bases
2458 2082 2559 2139 do-

972 2189 1158 2247 ctrinis
1183 2185 1512 2259 evangelicis
1538 2181 1828 2241 solidatur.

1586 2279 1815 2337 CAPUT
1852 2276 1937 2333 Ill.

1020 2378 1085 2434 Iit
1121 2378 1341 2450 epistola
1372 2379 1441 2431 ad
1472 2374 1571 2450 8.,
1592 2382 1840 2450 quc_est_
1862 2380 1918 2425 ut
1946 2368 2193 2450 exteriori
2216 2366 2513 2436 prudentia

1279 2439 1573 2520 manuus
1595 2439 1879 2515 prudentia
1901 2439 2241 2511 prwferatur.

1040 2562 1060 2593 ι
1078 2540 1233 2597 Fecit
1257 2549 1439 2595 autem
1461 2535 1632 2592 David
1656 2533 1755 2590 sibi
1781 2546 2001 2595 nomen,
2022 2545 2145 2586 cum
2170 2536 2555 2590 reverteretur,

971 2642 1122 2703 capta
1150 2631 1335 2703 Syria,
1364 2631 1417 2683 in
1440 2626 1578 2682 valle
1601 2624 1911 2680 Salinarum
1938 2622 2093 2675 caesis
2115 2618 2401 2674 duodecim
2431 2616 2556 2670 mil-

970 2724 1105 2781 libus
1147 2724 1235 2794 (11
1277 2723 1401 2792 Reg.
1431 2720 1572 2791 vin).
1609 2741 1626 2773 ι
1662 2719 1860 2774 Verum
1896 2716 2039 2770 enim
2075 2713 2241 2768 David
2270 2711 2554 2781 Christus‘,

970 2813 1121 2870 fortis
1164 2814 1375 2871 scilicet
1408 2813 1617 2866 viribus
1660 2820 1715 2864 et
1764 2806 1991 2879 pulcher
2034 2810 2255 2873 aspectu
2283 2841 2298 2866 ,
2335 2802 2389 2855 in
2417 2798 2557 2854 valle

970 2904 1276 2965 Salinarum
1317 2903 1605 2957 duodecim
1654 2899 1823 2955 millia
1852 2896 2131 2951 hominum
2161 2892 2356 2948 stravit
2383 2932 2400 2956 ,
2428 2890 2554 2959 quia

968 3010 1061 3065 per
1093 2995 1368 3066 apostolos
1394 3009 1523 3049 suos
1554 2995 1619 3047 de
1650 2991 1790 3046 salsa
1818 3032 1831 3051 ,
1867 2990 1973 3044 imo
2005 2988 2140 3041 falsa
2172 2983 2333 3053 hujus
2367 2982 2554 3036 mundi

967 3087 1227 3157 sapientia
1253 3084 1623 3155 triumphavit.
1642 3082 1744 3150 Qui
1768 3081 1911 3135 enim
1938 3079 2223 3134 duodecim
2256 3074 2555 3145 spiritualis

965 3178 1129 3247 [melii
1182 3176 1471 3233 bellatores
1528 3175 1760 3237 habuit,
1806 3174 1961 3242 quasi
2020 3171 2244 3225 totidem
2298 3184 2397 3240 per
2459 3182 2555 3223 eos

967 3269 1243 3325 hominum
1281 3270 1445 3323 millia
1488 3268 1810 3329 trucidavit,
1845 3266 1972 3318 dum
2003 3264 2165 3318 stulte
2202 3262 2474 3330 sapientes
2519 3275 2547 3313 a

2672 691 2801 761 quia
2829 686 3027 742 nullam
3054 702 3175 741 cum
3211 684 3336 739 filiis
3364 682 3543 737 Aaron
3573 676 4127 747 consanguinitatem,
4156 674 4263 730 nisi

2673 783 2816 837 sicut
2844 788 3058 835 caetera:
3096 776 3269 831 tribus
3302 772 3560 829 habuisse
3588 767 3929 827 noscuntur?
3958 764 4065 822 Sed
4089 764 4271 821 scien-

2669 872 2797 928 dum
2844 872 2971 941 quia
3020 869 3149 924 dum
3186 868 3502 923 sacerdotes
3536 862 3881 921 venerabiles
3916 875 3980 917 ac
4020 859 4272 928 magistri

2670 965 3082 1023 constituuntur
3104 962 3157 1016 in
3198 960 3419 1031 populo,
3445 957 3738 1029 aliquando
3765 955 3983 1011 nomine
4016 954 4271 1009 sacerdo-

2668 1069 2783 1115 tum
2816 1057 3172 1128 designantur
3199 1052 3498 1123 principes,
3533 1050 3616 1104 vel
3646 1052 3900 1105 doctores
3924 1088 3940 1113 ,
3978 1044 4271 1103 sicutalihi

2667 1151 2976 1222 reperitur:
3014 1167 3032 1199 ‹
3070 1159 3148 1201 ira
3180 1144 3381 1199 Jaritcs
3425 1143 3543 1217 [Ira
3582 1140 3828 1213 lairilea]
3859 1148 3979 1195 erat
4010 1136 4272 1193 sacerdos

2670 1242 2834 1299 David
2851 1240 2936 1312 (11
2954 1240 3087 1311 Reg.
3113 1238 3229 1304 xx),
3252 1258 3269 1289 ι
3294 1237 3347 1292 id
3370 1246 3473 1302 eet,
3499 1236 3780 1307 magister.
3806 1233 3883 1288 Ita
3905 1246 4127 1305 quoque
4141 1244 4270 1287 cum

2667 1336 2869 1392 dicitur
2900 1353 2914 1387 :
2956 1353 2973 1384 ι
2995 1332 3119 1388 Filii
3149 1341 3332 1387 autem
3365 1329 3532 1385 David
3576 1335 3733 1384 ciant
3763 1327 4108 1389 sacerdotes,
4142 1343 4159 1375 ι
4188 1324 4273 1379 sic

2674 1428 3087 1499 intelligendum
3115 1434 3204 1481 est
3244 1439 3309 1480 ac
3340 1424 3384 1478 si
3424 1422 3608 1477 dicat:
3639 1420 3775 1488 Quia
3822 1417 4069 1491 magistri
4113 1426 4273 1474 erant

2666 1518 2896 1574 fratrum
2938 1531 3162 1573 suorum
3185 1556 3200 1579 ,
3230 1515 3315 1569 vel
3342 1523 3493 1569 certe
3516 1513 3794 1583 principes
3821 1512 3965 1567 inter
3993 1519 4228 1569 cmteroa
4251 1548 4269 1578 .

2667 1610 2810 1669 sicut
2854 1609 3015 1665 habet
3052 1606 3279 1676 antiqua
3318 1604 3624 1660 translatio.
3658 1601 3793 1657 Nam
3838 1601 3928 1659 ubi
3959 1615 4100 1659 nova
4130 1600 4271 1660 dicit

2661 1702 2836 1760 editio
2878 1716 2893 1755 :
2928 1700 3054 1755 Filii
3113 1696 3281 1753 David
3341 1704 3503 1752 erant
3563 1695 3920 1759 sacerdotes;
3985 1691 4041 1749 in
4092 1689 4274 1751 veteri

2668 1791 2868 1865 legitur
2906 1789 3076 1846 :Filii
3128 1797 3311 1845 autem
3371 1786 3539 1843 David
3594 1785 3887 1862 principes
3921 1790 4085 1845 erant
4132 1780 4273 1842 auhu

2665 1901 2852 1960 m’
3275 1951 3505 2011 cspur
3548 1951 3636 2010 vi.

2936 2049 3004 2106 In
3032 2050 3253 2121 epistola
3284 2049 3353 2107 ad
3383 2045 3753 2101 Cluniaceusea
3772 2042 4003 2114 fratres.

2738 2162 2757 2195 ι
2788 2142 3033 2207 Faciam,
3062 2140 3236 2211 inquit
3281 2137 3472 2203 David,
3506 2133 3941 2193 misericordiam
3980 2144 4107 2189 cum
4150 2127 4265 2187 Ha-

2661 2252 2769 2291 non
2809 2235 2919 2289 tilio
2958 2233 3124 2297 Naas,
3164 2232 3305 2287 sicut
3321 2228 3451 2284 fecit
3481 2236 3636 2298 pater
3659 2225 3776 2294 eius
3798 2237 4015 2281 meeum
4040 2221 4259 2278 miscri-

2661 2323 2925 2379 cordiam.
2957 2321 3101 2376 Misit
3122 2334 3254 2389 ergo
3279 2317 3446 2373 David
3468 2315 3758 2371 consolans
3788 2326 3915 2370 eum
3937 2325 4040 2384 per
4069 2324 4259 2367 servos

2660 2434 2825 2491 super
2870 2418 3041 2489 patris
3093 2415 3399 2477 interitu”
3452 2421 3624 2481 utque
3666 2408 3955 2465 historiam
4010 2419 4272 2475 compen-

2662 2511 2815 2566 diosa
2877 2508 3143 2564 relatione
3194 2506 3512 2574 succingam
3572 2521 3592 2553 ι
3635 2500 3756 2556 tulit
3820 2498 4014 2555 Hauon
4080 2509 4272 2553 servos

2661 2604 2864 2665 David,
2897 2601 3140 2670 rasitque
3188 2597 3424 2654 mediam
3455 2602 3669 2666 partem
3702 2591 3887 2647 barbm
3930 2604 4124 2646 eorum
4149 2629 4167 2653 ,
4212 2599 4272 2647 et

2661 2694 2905 2765 pracidit
2936 2702 3118 2749 vestes
3149 2704 3340 2747 eorum
3371 2688 3580 2743 medias
3606 2699 3783 2756 usque
3813 2683 3883 2739 ad
3913 2692 4072 2740 nates
4100 2693 4152 2738 ei
4181 2679 4270 2738 di-

2661 2788 2815 2843 misit
2860 2801 2958 2843 eos
3005 2784 3092 2857 (II
3125 2783 3252 2854 Reg.
3299 2788 3377 2852 ι).
3418 2802 3436 2833 ι
3492 2778 3632 2849 Quid
3692 2779 3840 2833 enim
3893 2791 3991 2847 per
4032 2773 4227 2833 Hauon
4255 2817 4271 2840 .

2659 2882 2765 2938 nisi
2792 2881 3048 2950 nequitim
3074 2877 3471 2951 spiritustquid
3496 2891 3593 2948 per
3612 2875 3865 2938 barbam,
3886 2888 4006 2944 qum
4030 2874 4271 2931 virorum

2663 2985 2748 3030 est
2770 2975 3013 3045 propria,
3036 2974 3141 3028 nisi
3165 2982 3476 3027 sanctarum
3510 2969 3775 3024 fortitudo
3810 2966 4110 3022 virtutum?
4133 2968 4273 3039 quid

2659 3064 2826 3119 etiam
2868 3078 2969 3132 per
3011 3073 3223 3124 vestes,
3267 3062 3369 3116 nisi
3400 3060 3712 3116 sanctitatis
3762 3058 4083 3128 intelligitur
4106 3058 4270 3115 indu-

2660 3152 2950 3211 mentum?
2977 3152 3261 3206 Psalmista
3286 3150 3627 3219 perhibente,
3662 3149 3755 3218 qui
3788 3148 3866 3203 ait
3899 3166 3911 3201 :
3945 3169 3962 3198 ‹
4000 3147 4272 3206 Sacerdo-

2660 3255 2745 3302 tes
2785 3246 2861 3300 tui
2918 3246 3213 3300 induantur
3254 3244 3525 3313 justitiam
3577 3240 3751 3313 (Paul.
3787 3243 3996 3312 cum).
4028 3263 4046 3295 ι
4081 3242 4274 3319 llanon

968 3358 1170 3415 frivola:
1209 3359 1487 3429 sapientia:
1518 3358 1758 3410 vanitate
1789 3353 2076 3409 convertit.
2126 3351 2368 3425 Quorum
2398 3352 2549 3404 vide-
2580 3330 2625 3391 (ἶ
2657 3353 2788 3408 01⁵80
2816 3335 2993 3392 [mlius
3027 3336 3281 3389 θεηίείιίπ

1932 3353 2076 3408 erm.
2126 3351 2368 3425 Quom,“
2398 3352 2549 3404 vide-
2580 3330 2625 3391 C
2657 3353 2788 3408 ergo
2816 3335 2993 3392 fmdus
3027 3336 3281 3389 amicitia:
3316 3334 3725 3402 reposcentibus
3754 3374 3768 3397 ,
3803 3334 4038 3389 mediam
4077 3334 4264 3388 hmine

966 3447 1087 3504 licet
1116 3448 1437 3505 bellaIOrum
1461 3464 1600 3503 unus
1629 3450 1695 3501 ad
1719 3446 2031 3501 Corinthios
2052 3446 2182 3499 dicit
2208 3463 2219 3498 :
2254 3464 2270 3495 ι
2302 3443 2357 3498 1η
2388 3457 2552 3498 carne

964 3539 1105 3595 enim
1127 3540 1488 3599 ambulantes.
1520 3555 1626 3593 non
1652 3540 1947 3594 secundum
1975 3553 2197 3592 carnem
2222 3537 2547 3602 militamus;

967 3646 1087 3685 nam
1128 3647 1279 3686 arma
1316 3632 1522 3685 milizia:
1567 3640 1766 3685 nostr-te
1812 3646 1920 3685 non
1970 3631 2210 3685 carnalia
2249 3638 2409 3691 sunt,
2458 3630 2553 3683 sed

964 3723 1203 3789 potentia
1231 3722 1365 3787 Deo,
1399 3723 1463 3773 ad
1488 3722 1914 3776 destructionem
1945 3721 2304 3775 munitionum
2328 3718 2554 3773 consilia

966 3814 1207 3881 corporis
1234 3814 1603 3874 destruentes,
1654 3823 1707 3865 et
1736 3828 1951 3865 omnem
1983 3811 2326 3864 altitmlinem
2379 3808 2551 3864 cxtol-

965 3900 1162 3959 lentem
1195 3915 1254 3958 se
1282 3904 1540 3957 adversus
1573 3902 1856 3955 scientiam
1886 3901 1999 3963 Dci,
2024 3909 2079 3954 ct
2104 3900 2155 3952 in
2180 3899 2552 3967 captivitatem

966 3995 1276 4064 redigentes
1303 4008 1518 4047 omnem
1554 3992 1887 4045 iutellectmn
1919 3991 1971 4044 in
2000 3991 2321 4058 obsequium
2348 3989 2552 4045 Christi

966 4078 1046 4149 (ΙΙ
1086 4081 1207 4136 Cor.
1248 4082 1324 4148 ι).
1361 4101 1377 4132 ι

1479 4190 1636 4261 192
1676 4189 1903 4245 CAPUT
1941 4188 2029 4242 IV.

964 4277 1027 4333 In
1056 4280 1276 4347 epistola
1316 4280 1383 4332 ad
1418 4280 1710 4333 Albericum
1729 4320 1742 4342 ,
1782 4297 1885 4348 qua
1917 4294 2073 4349 super
2100 4280 2274 4333 decem
2304 4282 2552 4349 quwstio-

1525 4350 1677 4403 nibus
1708 4352 1998 4418 respondet.

1030 4440 1243 4508 Quaeris
1268 4442 1357 4509 qui
1389 4450 1545 4495 erant
1567 4440 1835 4493 Cercthmi
1866 4449 1917 4493 et
1949 4440 2268 4503 Pheletluei,
2306 4441 2396 4509 qui
2425 4439 2545 4494 bel-

961 4531 1159 4588 latores
1182 4532 1358 4586 dicunt
1393 4530 1557 4585 fuisse
1583 4530 1781 4585 David?
1802 4528 1851 4598 (1
1864 4530 1885 4583 l
1905 4529 2029 4599 Reg.
2052 4546 2165 4593 vin,
2188 4530 2303 4598 20.)
2329 4530 2553 4600 Legitur

963 4622 1013 4678 in
1037 4623 1175 4679 libro
1193 4622 1409 4676 Numeri
1442 4622 1645 4677 dixisse
1670 4622 1951 4675 Dominum
1985 4620 2184 4691 Moysi:
2219 4641 2236 4671 ι
2272 4623 2548 4691 (longrega

2655 3440 2868 3500 partem
2896 3428 3061 3494 radit,
3091 3427 3217 3495 quia
3246 3426 3421 3481 hostis
3449 3425 3705 3494 antiquus
3736 3424 4029 3494 aliquando
4051 3424 4275 3482 fortiter

2657 3518 2941 3588 operaulis
2976 3516 3143 3572 robur
3195 3514 3505 3577 imminuit,
3566 3512 3657 3568 sed
3709 3523 3995 3584 postquam
4038 3512 4271 3569 barbam

2657 3611 2795 3665 rasit
2822 3650 2836 3677 ,
2867 3610 3033 3664 ctiam
3068 3608 3396 3662 vestimenta
3428 3605 3681 3676 praecidit
3707 3646 3721 3669 ,
3757 3607 3885 3674 quia
3913 3620 4041 3662 mox
4072 3614 4132 3660 ut
4156 3620 4274 3662 ma-

2656 3702 2832 3773 lignus
2859 3702 3083 3770 spiritus
3114 3698 3430 3754 interiorem
3467 3698 3658 3752 adimit
3689 3696 4069 3752 fortitudinem
4092 3737 4106 3760 ,
4132 3712 4266 3752 con-

2656 3805 2949 3860 sequenter
2970 3792 3141 3847 etiam
3162 3792 3488 3845 exteriorem
3506 3790 3813 3859 conspicuae
3836 3789 4274 3843 conversationis

2655 3888 2804 3942 exuit
2820 3886 3183 3940 ltoucstatem.
3205 3884 3343 3952 Quid
3365 3878 3773 3954 193t‘stenim
3796 3891 3975 3937 vestes
3988 3881 4272 3937 hominum

2666 3979 2734 4032 ad
2764 3987 2920 4032 nates
2947 3989 3125 4047 usque
3153 3977 3471 4048 prmciderc,
3505 3976 3609 4030 nisi
3633 3988 3729 4030 eos
3750 3991 3779 4029 a
3814 3976 4145 4044 superducta
4173 3988 4273 4030 ves

2655 4066 2898 4124 iumento
2940 4068 3171 4137 iustitia:
3211 4082 3385 4138 usque
3434 4067 3503 4122 ad
3547 4067 3773 4124 obsceni
3823 4077 3880 4123 et
3912 4066 4269 4126 iuverecundi

2654 4162 2843 4232 operis
2870 4158 3263 4232 turpitudinem
3295 4160 3617 4217 denudare?

3273 4248 3505 4306 CAPUT
3545 4249 3655 4304 VII.

3093 4340 3158 4396 In
3184 4340 3405 4410 epistola
3433 4342 3505 4393 ad
3533 4340 3825 4394 Marinum.

2727 4438 2865 4495 Cum
2922 4437 3093 4492 David
3146 4434 3443 4505 perpetrati
3508 4444 3692 4490 reatus
3733 4433 4006 4505 arguitur,
4047 4451 4174 4495 mox
4208 4449 4271 4497 ttt

2656 4533 2711 4587 in
2761 4547 2951 4587 vocem
3007 4531 3371 4589 confessionis
3430 4530 3630 4600 erupit,
3689 4530 3924 4587 dicens:
3972 4550 3990 4583 α
4032 4530 4267 4591 Peccavi

2658 4626 2908 4693 Domino,
2948 4647 2965 4679 ι
3023 4641 3087 4681 ex
3123 4640 3219 4680 ore
3248 4624 3525 4696 propheta:
3547 4624 3797 4695 protinus
3824 4625 4031 4682 audivit
4060 4647 4074 4682 :
4104 4647 4125 4679 ι
4162 4628 4269 4683 Do-

961 4715 1091 4770 mihi
1121 4714 1459 4784 septuaginta
1492 4712 1637 4766 viros
1659 4712 1725 4766 de
1760 4712 2067 4767 senioribus
2098 4712 2260 4766 lsracl
2283 4753 2296 4774 ,
2329 4727 2467 4781 quos
2496 4724 2549 4766 tu
2580 4690 2631 4750 υ
2657 4718 2839 4773 minus
2893 4716 3170 4773 transtulit
3207 4690 3491 4787 peccatum
3539 4690 3715 4781 t'uum,
3748 4733 3856 4772 non
3888 4718 4143 4775 morieris
4173 4719 4265 4792 (ll

959 4807 1099 4862 nosti
1124 4806 1265 4875 quod
1290 4820 1447 4859 senes
1470 4804 1650 4875 populi
1673 4804 1783 4857 sint
1812 4819 1873 4857 ac
1902 4804 2165 4873 magistri,
2190 4814 2244 4857 et
2271 4805 2435 4858 duces
2458 4818 2552 4858 eos

961 4897 1024 4952 ad
1053 4897 1255 4952 ostium
1306 4894 1639 4949 tabernaculi
1688 4893 1911 4950 foederis
1958 4892 2241 4963 faciesque
2290 4896 2363 4949 ibi
2403 4906 2551 4949 stare

959 4994 1177 5050 tecum;
1217 4994 1273 5040 et
1299 4984 1541 5039 auferam
1568 4986 1635 5039 de
1669 4987 1862 5055 spiritu
1898 4994 1987 5039 tuo
2011 4986 2329 5055 tradamque
2353 4988 2452 5047 eis,
2492 4996 2548 5040 ut

958 5087 1263 5133 sustentent
1296 5084 1472 5132 tecum
1504 5093 1640 5131 onus
1670 5077 1847 5147 pepuli
1875 5086 1929 5129 et
1979 5092 2085 5131 non
2134 5087 2187 5131 tu
2236 5078 2385 5133 solus
2424 5094 2548 5149 gra-

956 5171 1099 5225 veris
1122 5168 1311 5241 (Num.
1336 5172 1434 5241 at).
1461 5190 1475 5220 ι
1505 5170 1587 5223 Ex
1606 5170 1833 5223 istorum
1863 5170 2046 5237 itaque
2074 5171 2244 5239 stirpe
2276 5170 2395 5224 duo:
2420 5186 2544 5239 pro-

957 5270 1237 5316 cesserunt
1261 5263 1634 5331 cognationes,
1666 5276 1894 5329 quarum
1922 5276 2027 5313 una
2050 5258 2339 5322 Cercthzci,
2367 5262 2544 5315 altera

958 5351 1235 5408 dicebatur
1259 5352 1571 5407 Pltelethzei.
1608 5352 1669 5405 Et
1694 5350 1959 5405 Ceretha‘i
1980 5352 2197 5419 quidem
2230 5354 2541 5422 dansjudi-

956 5440 1112 5505 cium,
1162 5440 1449 5495 Piteletha‘i
1484 5442 1704 5509 puniens
1757 5442 2176 5509 interpretatur;
2228 5451 2284 5494 ut
2305 5456 2442 5511 quos
2466 5442 2540 5497 illi

957 5530 1323 5600 adjudicarent
1349 5532 1507 5585 morti
1536 5530 1931 5602 promulgaudo
1971 5532 2296 5587 sententiam
2326 5531 2412 5585 isti
2443 5548 2543 5601 pu.

957 5622 1135 5677 nirent
1168 5622 1461 5692 irrogando
1492 5622 1807 5676 vindictam.

1562 5713 1794 5770 CAPUT
1837 5713 1897 5767 V.

1478 5806 1544 5860 In
1568 5812 1751 5861 eadem
1780 5806 2019 5876 epistola.

1030 5915 1050 5953 s
1078 5896 1201 5954 Filii
1257 5906 1437 5955 autem
1492 5896 1661 5955 David
1707 5897 2022 5962 sacerdotes
2069 5906 2229 5956 erant
2278 5896 2368 5974 (ll
2413 5896 2543 5974 Rep.

2662 4806 2790 4878 Reg.
2827 4808 2945 4879 xu).
2985 4831 3001 4861 ι
3059 4810 3128 4864 Et
3177 4810 3304 4880 quia
3334 4825 3393 4865 se
3418 4810 3638 4866 occasio
3660 4810 3915 4881 pmbtiit,
3948 4810 4052 4868 hoc
4093 4814 4263 4869 etiam

2658 4908 2709 4953 te
2742 4901 2981 4955 fraudari
3011 4916 3120 4954 non
3142 4902 3344 4969 patiar,
3372 4900 3499 4970 quia
3532 4899 3780 4955 nonnulli
3812 4915 3840 4955 a
3874 4900 4057 4970 pueris
4089 4904 4142 4958 in
4174 4919 4266 4959 rc-

2654 4988 2870 5059 ligionis
2899 4989 3090 5045 ordine
3123 4990 3406 5045 constituti
3448 4989 3561 5045 sola
3594 4990 3964 5046 inobedientia
3995 4992 4266 5061 superbiai

2655 5078 2813 5130 mista
2845 5078 3170 5148 depereunt,
3197 5094 3320 5133 cum
3345 5079 3399 5133 in
3426 5078 3625 5135 seculo
3651 5078 3872 5151 plurimi
3920 5091 4042 5151 post
4068 5085 4264 5141 imma-

2654 5167 2801 5220 nium
2828 5168 3120 5223 criminum
3168 5178 3480 5239 perpetrata
3536 5170 3742 5241 ﬂagitia
3793 5186 3889 5241 per
3938 5173 4267 5231 humilitatis

2652 5259 2889 5312 studimn
2926 5260 3314 5329 indulgentiam
3361 5273 3769 5345 promerentur.
3801 5263 3946 5322 Ecce
3974 5267 4121 5323 enim
4156 5268 4265 5326 Da-

2649 5348 2741 5401 vid
2768 5349 3120 5412 adulterium,
3164 5349 3632 5420 homicidiumqne
3679 5355 3956 5411 commisit
3994 5354 4083 5427 (ΙΙ
4125 5356 4259 5432 Reg.

2651 5437 2769 5507 at);
2806 5437 2935 5491 Saul
2969 5453 3098 5493 vero
3150 5436 3388 5494 Samueli
3427 5440 3749 5498 inobediens
3796 5444 4009 5499 exstitit
4050 5445 4107 5515 (I
4127 5444 4259 5521 Reg.

2647 5545 2767 5595 xm,
2796 5530 2911 5600 xv).
2941 5530 3048 5585 Sed
3072 5531 3225 5601 quid,
3272 5533 3418 5602 quod
3456 5524 3554 5588 ille
3603 5534 3759 5589 nullo
3813 5536 4215 5599 interveniente
4244 5582 4263 5607 ,

2652 5622 2735 5677 rel
2794 5623 2851 5676 in
2914 5631 3118 5691 puncto
3179 5623 3394 5677 veniam
3424 5624 3659 5688 meruit;
3714 5624 3947 5682 alterum
3994 5644 4125 5687 vero
4155 5646 4266 5690 nec

2641 5714 2869 5787 propria
2914 5712 3207 5775 confessio,
3258 5727 3361 5767 nec
3410 5714 3695 5785 propheta:
3748 5726 3859 5772 tam
3901 5716 4148 5790 lugubris
4202 5733 4266 5780 et

2648 5819 2837 5863 amara
2862 5813 3028 5875 atque
3054 5803 3264 5875 prolixa
3288 5804 3619 5875 supplicatio
3644 5807 4048 5865 reconciliavit.
4088 5807 4266 5871 Plane

2647 5896 2698 5956 si
2728 5895 3031 5971 Scriptura:
3060 5897 3237 5955 series
3260 5895 3549 5969 nimbique
3590 5896 3942 5971 discutiatur.
3979 5901 4264 5977 copiosior

4905 1614 5112 2533 ῐ
