5904 6598
1163 366 1298 428 1105

2443 369 2507 424 LV
2548 369 2674 426 ΗΒ.
2723 368 2763 423 ll
2806 368 3077 425 REGUM.

4316 370 4454 431 “05

1160 493 1315 554 ptura
1347 489 1763 546 commemoret,
1794 495 1963 551 usque
1994 483 2060 537 ad
2090 482 2296 537 obitum
2330 487 2589 552 languore
2618 496 2741 535 cou-
2773 487 2819 542 Α
2851 479 2995 535 inter
3021 490 3314 550 utrumque
3360 482 3590 536 libratus
3637 491 3693 536 et
3744 489 3942 536 terram
3986 485 4235 553 perderet
4289 495 4345 540 et
4383 485 4455 543 ad

1159 576 1350 632 tabuit.

1759 667 1987 725 CAPUT
2025 667 2113 721 IX.

1230 763 1297 821 In
1329 764 1546 835 epistola
1601 763 1670 816 ad
1702 763 2015 835 Alberieum,
2073 778 2175 829 qua
2216 778 2268 835 et
2323 776 2475 829 super
2497 760 2673 811 decem

1598 832 1975 897 qua‘stionibus
2005 832 2295 901 respondet.
2352 878 2353 881 η

1232 962 1250 995 ι
1284 942 1545 1015 Egressus
1590 952 1673 999 est
1702 951 1884 996 autem
1916 957 2008 995 rex
2048 940 2216 997 David
2267 939 2630 1004 Hierusalem,
2666 938 2746 993 fu-

1155 1032 1311 1107 giens
1351 1032 1610 1097 Absalou,
1641 1044 1697 1089 et
1724 1031 2014 1102 dereliquit
2048 1034 2232 1086 decem
2269 1031 2524 1085 mulieres
2545 1044 2745 1085 COHtU-

1152 1126 1314 1179 binas
1338 1125 1405 1177 ad
1432 1124 1838 1179 custodiendam
1874 1123 2090 1175 domum
2124 1122 2209 1189 (II
2245 1121 2443 1192 Reg.“
2463 1131 2517 1176 et
2544 1122 2676 1191 xvi).
2719 1140 2736 1171 ι

1152 1214 1323 1270 David
1350 1230 1377 1267 a
1406 1214 1545 1269 faeie
1577 1212 1809 1267 Absalou
1837 1212 2046 1282 fugiens
2067 1214 2252 1266 decem
2303 1211 2636 1266 concubinas
2689 1212 2739 1265 in

1150 1302 1313 1360 domo
1335 1304 1609 1372 relinquit,
1640 1318 1776 1371 quas
1800 1303 2034 1357 Absalon
2066 1317 2160 1371 per
2193 1303 2459 1355 incestum
2499 1302 2734 1371 turpiter

1149 1396 1338 1454 fmdat.
1365 1397 1498 1464 Quia
1525 1395 1852 1465 Redemptor
1884 1406 2083 1455 uester,
2116 1395 2240 1448 dum
2266 1392 2472 1461 eiectus
2497 1394 2563 1445 de
2606 1392 2739 1446 civi-

1152 1498 1263 1543 tate
1288 1486 1514 1542 Iudaica
1568 1488 1619 1541 in
1654 1488 1928 1539 desertum
1958 1487 2199 1556 gentium
2249 1494 2526 1555 properat,
2578 1486 2741 1539 relin-

1148 1580 1267 1647 quit
1309 1580 1361 1632 iu
1396 1579 1555 1633 domo
1580 1578 1712 1646 legis
1740 1577 1954 1631 Judzeos
2001 1592 2104 1629 non
2146 1577 2375 1630 viriliter
2403 1576 2735 1635 incedentes,

1148 1668 1243 1724 sed
1276 1670 1522 1722 muliebri
1576 1666 1993 1721 conversatione
2040 1668 2314 1731 viventes;
2365 1667 2456 1730 qui
2484 1667 2737 1719 nimirum

1147 1776 1245 1829 per
1301 1761 1485 1815 decem
1540 1758 1871 1811 concubinas
1924 1772 2027 1810 non
2075 1759 2367 1827 incongrue
2418 1757 2736 1825 figurantur,

1147 1852 1299 1921 quia,
1326 1850 1452 1903 dum
1480 1849 1754 1903 encrviter
1799 1848 1931 1914 legis
1958 1857 2219 1915 prtecepta
2256 1848 2587 1907 custodiunt,
2632 1861 2736 1899 non
2774 1867 2817 1926 Β

1146 1948 1356 1995 castum
1403 1939 1733 1992 matrimonii
1765 1947 2042 1991 merentur
2088 1938 2383 1991 ascendere
2417 1937 2734 2000 thalamum,

1146 2031 1241 2083 sed
1291 2028 1494 2097 absque
1536 2027 1659 2081 ﬁdei
1692 2028 2030 2081 cohaerentes
2059 2027 2258 2080 annulo
2289 2026 2594 2082 sortiuntur
2641 2042 2739 2094 pro

1146 2118 1399 2190 conjugio
1456 2118 1789 2188 pellicatum.
1816 2118 1990 2184 Quam
2022 2118 2256 2171 Absalon
2307 2119 2594 2173 lasciviens
2624 2118 2737 2187 pol-

1144 2211 1266 2271 luit,
1294 2211 1420 2279 quia
1451 2212 1717 2279 malignus
1743 2212 1963 2280 spiritus
2006 2213 2263 2280 reproi-as
2297 2213 2582 2279 impiorum
2618 2212 2737 2263 ani-

1145 2317 1263 2355 mas
1293 2302 1443 2370 quasi
1484 2303 1855 2370 prostituendo
1902 2304 2220 2371 corrumpit,
2276 2304 2400 2371 quia
2435 2318 2531 2372 per
2552 2318 2738 2357 exces-

1144 2408 1240 2448 sus
1267 2394 1604 2448 diversorum
1639 2396 1904 2449 scelerum
1935 2412 2055 2449 cum
2085 2397 2280 2450 talibus
2314 2395 2641 2458 fornicatur,
2683 2407 2739 2451 et

1146 2494 1402 2555 tauquam
1433 2488 1705 2541 substrata
1736 2489 1836 2541 sibi
1875 2487 2177 2556 prostibula
2227 2488 2465 2541 incestus
2512 2488 2740 2541 violator

1142 2576 1507 2644 amplectitur,
1544 2576 1669 2629 dum
1698 2576 2016 2632 adulterinis
2062 2594 2248 2632 eorum
2293 2577 2549 2647 operibus
2598 2577 2738 2633 delc-

1143 2674 1341 2719 ctatur.

1773 2757 2002 2814 CAPUT
2035 2759 2099 2813 Χ.

1143 2866 1213 2921 In
1240 2867 1480 2939 epistola
1531 2868 1601 2920 ad
1644 2868 1971 2921 Desiderium
1998 2870 2234 2923 abbatem
2272 2871 2412 2938 quod
2444 2871 2637 2939 majori
2670 2871 2737 2924 ait

1212 2937 1402 3006 dignus
1424 2936 1624 3017 .Itonore
1653 2940 1742 3007 qui
1781 2939 2088 3008 dignitatem
2134 2936 2345 3008 projieit
2382 2936 2537 3009 quam
2564 2942 2653 3010 qui
2683 2941 2735 2993 in

1212 3024 1274 3061 ea
1295 3017 1545 3075 persistit.

1208 3116 1443 3173 Absalon
1468 3118 1732 3187 siquidem
1762 3119 2155 3186 interpretatur
2176 3123 2342 3189 patris
2366 3137 2469 3191 pax
2507 3120 2591 3191 (11
2611 3120 2734 3190 Rrg.

2852 572 3052 625 caelum
3080 570 3387 625 nullatenus
3418 572 3704 641 aspiraret.
3733 572 3865 625 Nam
3894 584 3949 627 ct
3974 574 4321 644 Acbitupliel,
4358 574 4452 645 qui

2851 659 3020 713 David
3054 664 3303 733 persequi
3336 679 3439 717 non
3482 663 3819 717 dissimiliter
3864 665 4063 729 voluit,
4108 666 4452 735 exigentibus

2851 752 3081 815 meritis,
3124 752 3353 822 idipsum
3380 769 3547 824 genus
3579 756 3770 810 mortis
3800 755 3960 824 elegit
3991 755 4077 827 (11
4109 756 4237 826 Reg.
4280 760 4448 827 xvn);

2850 843 2939 896 hic
2968 845 3114 898 enim
3149 846 3383 900 Ahsalon
3417 849 3764 917 persequenti
3802 848 3966 902 David
3991 848 4278 903 consilium
4300 850 4451 905 dedit

2850 942 2909 987 ut
2933 936 3268 991 concubinas
3291 942 3477 1005 patris,
3515 953 3653 1007 quas
3698 938 3982 992 dimiserat
4020 939 4086 991 ad
4133 937 4365 993 custodit
4385 955 4418 990 n

2849 1024 2971 1078 dam
3003 1026 3245 1088 domum,
3275 1027 3538 1098 sacrilega
3569 1029 3926 1097 permistione
3956 1028 4241 1097 pollueret,

2850 1116 2915 1170 ad
2941 1115 3251 1172 fmdaudum
3294 1128 3502 1189 patrem
3548 1134 3815 1174 novercas
3856 1136 3984 1175 suas
4027 1120 4257 1189 turpiter
4298 1119 4368 1173 im
4388 1134 4449 1175 e-

2848 1215 3015 1259 staret
3044 1205 3094 1274 (Ι
3127 1205 3253 1277 Reg.
3284 1210 3415 1278 xvi).
3443 1208 3581 1275 Quid
3611 1218 3793 1262 autem
3830 1225 3926 1279 per
3967 1212 4155 1264 decem
4190 1209 4453 1266 concubi-

2849 1311 2946 1349 nas
2978 1296 3172 1361 David,
3207 1298 3474 1369 nisi'pat‘s
3527 1299 3614 1353 illa
3643 1298 3884 1354 .ludaica:
3915 1299 4087 1370 plebis
4126 1300 4452 1370 exprimitrr

2848 1400 2967 1455 qum
3018 1386 3291 1442 Christum
3340 1404 3526 1443 verum
3579 1391 3768 1461 utique
3816 1391 3985 1446 David
4041 1391 4336 1462 fugientem
4396 1390 4471 1446 ins

2847 1478 3169 1547 gentilitatis
3205 1481 3419 1534 deserta
3450 1496 3554 1534 non
3582 1483 3854 1551 sequitur,
3889 1483 4015 1551 quia
4063 1482 4198 1552 legis
4246 1497 4305 1537 se
4346 1481 4465 1536 ha--

2846 1564 2975 1621 bere
3021 1568 3345 1639 DeCalogum
3389 1570 3686 1641 gloriatur?
3748 1572 3850 1627 Per
3913 1586 4199 1626 numerum
4255 1584 4459 1643 nempe

2848 1657 3314 1725 concubinarum,
3362 1676 3622 1716 numerus
3659 1664 3989 1731 exprimitur
4033 1664 4448 1728 mandatorum;

2846 1751 3166 1805 concubina:
3195 1766 3346 1823 ergo,
3376 1768 3495 1824 qute
3529 1770 3632 1807 non
3665 1764 3958 1823 sequentes
3992 1755 4155 1809 David
4182 1795 4197 1819 ,
4225 1755 4449 1809 domum

2848 1851 3089 1903 servant,
3118 1842 3171 1894 Zii
3201 1850 3327 1895 sunt
3354 1844 3444 1913 qui
3478 1845 3529 1897 in
3555 1846 3757 1898 veteris
3800 1844 3934 1914 legis
3974 1845 4219 1899 custodia
4270 1858 4452 1914 perse-

2847 1943 3062 1985 verant.
3099 1931 3338 1989 Absalon
3363 1949 3491 2004 ergo
3524 1937 3589 1988 ad
3634 1937 3733 1989 has
3783 1935 3951 1990 David
3995 1936 4329 1991 concubinas
4370 1936 4451 1990 in-

2846 2024 3093 2093 greditur
3122 2025 3250 2093 quia
3309 2025 3587 2089 diabolus,
3641 2026 3732 2095 qui
3787 2026 3839 2079 in
3893 2025 4129 2080 Absalou
4181 2036 4320 2088 crat,
4352 2039 4451 2096 per

2843 2127 3102 2167 excessus
3133 2114 3475 2168 diversorum
3525 2114 3792 2168 scelerum
3824 2131 3946 2169 cum
3982 2115 4179 2169 talibus
4212 2113 4450 2169 fornica-

2844 2209 2953 2255 tur.
2981 2201 3048 2255 Et
3074 2203 3213 2256 bene
3243 2203 3479 2257 dicitur:
3521 2204 3654 2271 Quia
3707 2203 3877 2257 David
3922 2219 4015 2257 cas
4064 2205 4349 2259 dimiserat
4382 2204 4449 2257 ad

2842 2292 3252 2347 custodiendam
3285 2293 3534 2360 domum;
3571 2295 3795 2363 provida
3823 2295 4023 2365 quippe
4059 2294 4445 2364 Redemptoris

2844 2384 3014 2437 nostri
3049 2384 3457 2453 dispensatione
3511 2386 3774 2439 divinitus
3830 2388 4011 2457 agitur
4058 2396 4117 2440 ut
4170 2388 4330 2457 quasi
4381 2388 4449 2441 ad

2842 2471 3168 2527 servandam
3203 2474 3426 2527 domum
3460 2475 3594 2545 legis
3620 2474 3931 2529 Judarorum
3983 2476 4229 2545 reliquia:
4274 2491 4450 2532 rescr-

2841 2574 3062 2632 veutur;
3095 2576 3156 2621 ut
3187 2568 3288 2636 ipsi
3340 2568 3431 2637 qui
3487 2568 3648 2622 modo
3700 2570 3874 2623 nostri
3900 2582 4027 2624 sunt
4075 2570 4346 2633 scriniari,
4396 2579 4451 2623 ct

2843 2658 3011 2713 libros
3036 2659 3280 2715 caelestis
3304 2659 3503 2729 eloquii
3534 2661 3586 2713 in
3614 2662 3803 2714 eadem
3838 2662 3892 2713 iu
3920 2676 4027 2730 qua
4071 2661 4275 2715 conditi
4322 2669 4452 2715 sunt

2842 2750 3025 2821 lingua
3051 2750 3253 2822 ubique
3308 2762 3577 2807 terrarum
3630 2752 3830 2814 ferant,
3884 2762 4155 2821 quatenus
4210 2752 4313 2822 ipsi
4353 2750 4450 2823 qui

2843 2839 3002 2892 nobis
3034 2839 3239 2893 inimici
3272 2850 3429 2903 sunt,
3478 2845 3523 2896 si
3566 2844 3785 2911 quando
3826 2844 4113 2910 scrupulus
4155 2842 4454 2897 dubietatis

2840 2930 3149 2992 emerserit,
3178 2946 3341 2985 omne
3365 2932 3522 2986 nobis
3550 2934 3866 3004 ambiguum
3896 2932 4105 2987 tollant.
4152 2932 4309 2990 Unde
4350 2948 4449 3005 per

2840 3018 3181 3075 l’salmistam
3235 3022 3477 3076 dicitur:
3530 3041 3548 3074 ι
3601 3022 3744 3077 Deus
3799 3040 3983 3087 meus,
4032 3026 4259 3079 ostende
4313 3024 4450 3078 mihi

2840 3110 2983 3165 bona
3012 3114 3153 3166 inter
3177 3113 3429 3168 inimicos
3458 3129 3629 3177 meos,
3660 3131 3726 3169 ne
3749 3116 3967 3170 occidas
3992 3131 4107 3181 eos,
4138 3131 4205 3170 ne
4229 3115 4449 3185 quando

1139 3208 1281 3279 xm),
1309 3224 1403 3278 per
1442 3224 1599 3278 quem
1648 3212 1968 3281 design-itur
2012 3213 2241 3282 populus
2278 3214 2612 3280 .ludrcorum,
2642 3216 2731 3284 qui
2762 3222 2808 3282 (ς
2840 3202 3195 3258 οΜίνίεαιίυτ
3244 3203 3378 3275 legis
3434 3214 3471 3259 εί

2122 3213 2241 3267 “tus
2278 3214 2612 3280 ,ιιηιεηοι-υηι,
2642 3216 2731 3284 (με
2762 3222 2808 3282 C
2840 3202 3195 3258 obliviscatur
3244 3203 3378 3275 legis
3434 3214 3538 3259 tua:
3592 3207 3612 3276 (
3647 3204 3791 3260 Psal.
3850 3223 3975 3261 Lvm
4007 3207 4048 3277 ).
4102 3226 4121 3260 ι
4182 3207 4449 3263 llebraica

1139 3313 1309 3368 usque
1330 3298 1396 3351 ad
1411 3308 1637 3355 mortem
1663 3310 1980 3369 persecutus
1998 3302 2392 3358 cstChristum.
2420 3303 2493 3359 De
2516 3321 2625 3375 quo
2638 3320 2733 3371 pu-

1137 3388 1263 3457 pulo
1285 3386 1584 3457 perlsaiam
1604 3390 1802 3443 dicitur
1821 3408 1834 3443 :
1858 3411 1874 3443 ι
1896 3391 2061 3447 Filios
2079 3394 2239 3463 genui
2263 3406 2316 3449 et
2337 3394 2594 3457 exaltavi,
2620 3394 2722 3465 ipsi

1136 3491 1317 3535 autem
1350 3491 1670 3549 spreverunt
1705 3497 1791 3535 me
1820 3482 1953 3551 (Im.
1992 3486 2062 3551 t);
2102 3504 2120 3536 ι
2154 3488 2247 3554 qui
2296 3487 2468 3554 patris
2489 3502 2586 3555 pax
2610 3487 2732 3556 jure

1136 3569 1358 3635 dicitur,
1385 3572 1642 3640 quoniam
1671 3573 1722 3626 in
1754 3574 1844 3628 illo
1875 3562 2185 3644 specialiter
2213 3576 2409 3647 populo
2440 3593 2535 3645 per
2560 3578 2731 3647 legem

1138 3661 1340 3728 datam,
1368 3679 1467 3734 per
1486 3665 1833 3719 victimarum
1874 3668 2167 3732 sacriﬁcia,
2192 3683 2290 3738 per
2320 3669 2731 3723 tabernaculum

1136 3752 1393 3823 denique,
1463 3756 1575 3809 sive
1623 3756 1877 3825 templum
1929 3758 2071 3813 Deus
2150 3760 2421 3828 flllltVlSSC
2493 3762 2721 3816 videtur.

1136 3842 1290 3899 Sicut
1324 3845 1483 3917 196
1516 3846 1684 3899 David
1716 3867 1728 3900 :
1770 3868 1786 3899 ι
1818 3848 2003 3913 Notus,
2033 3850 2227 3919 inquit,
2258 3851 2311 3903 in
2340 3847 2523 3904 Judma
2568 3851 2727 3915 Deus,

1138 3933 1192 3988 in
1230 3933 1393 3988 Israel
1419 3951 1671 4006 magnum
1705 3952 1901 3993 nomen
1934 3940 2049 4009 ejus
2071 3939 2240 4011 (Psal.
2275 3943 2459 4009 xxxv).
2498 3961 2516 3993 ι
2552 3943 2730 4012 Atque

1135 4034 1192 4081 ut
1227 4026 1329 4081 iste
1357 4027 1583 4098 populus
1606 4030 1776 4097 patris
1815 4044 1920 4100 pax
1946 4045 2065 4085 esse
2093 4032 2366 4097 videatur,
2398 4035 2523 4088 audi
2572 4033 2717 4104 quod

1137 4117 1421 4187 sequitur:
1454 4136 1471 4168 ‹
1508 4117 1570 4171 Ει
1602 4116 1776 4173 factus
1797 4122 1956 4175 estin
1988 4136 2120 4189 pace
2152 4121 2303 4177 locus
2328 4122 2446 4192 ejus
2470 4106 2680 4193 (Ibiml.
2706 4143 2723 4175 ι

1140 4206 1265 4262 Sive
1293 4222 1391 4276 per
1418 4208 1649 4263 Absalon
1677 4208 1845 4265 ludas
1898 4214 2131 4267 traditor
2162 4214 2502 4285 designatur,
2552 4217 2645 4287 qui
2675 4226 2731 4271 et

1140 4296 1253 4367 ipse
1275 4298 1446 4367 patris
1477 4315 1576 4370 pax
1612 4316 1719 4354 non
1761 4302 2036 4358 immerito
2065 4304 2281 4369 dicitur,
2321 4305 2463 4360 sicut
2505 4307 2620 4378 ipse
2661 4309 2728 4362 de

1139 4385 1230 4442 illo
1252 4387 1500 4445 Christus
1554 4390 1607 4443 in
1638 4391 1850 4461 psalmo
1885 4396 2257 4463 conqueritur,
2282 4396 2471 4453 dicens
2498 4416 2510 4453 :
2550 4418 2567 4448 ι
2600 4398 2727 4455 Ειε-

1137 4478 1247 4533 nim
1283 4480 1442 4534 homo
1476 4481 1625 4550 pacis
1657 4497 1811 4547 mete,
1838 4484 1889 4538 in
1919 4501 2028 4555 quo
2061 4487 2371 4556 sperabam,
2406 4490 2497 4559 qui
2529 4490 2726 4544 edebat

2840 3296 3040 3365 quippe
3068 3295 3270 3367 lingua,
3307 3312 3429 3366 quae
3478 3308 3592 3353 toto
3631 3301 3765 3355 orbe
3813 3301 4166 3372 dispergitur,
4217 3301 4449 3357 multum

2840 3386 3165 3441 Christianae
3194 3388 3314 3442 ﬁdei
3355 3392 3655 3445 auctoritas
3703 3392 4010 3460 adjuvatur.
4068 3392 4221 3449 Unde
4253 3403 4308 3449 ct
4340 3393 4450 3449 illic

2839 3493 3027 3551 aperte
3058 3482 3404 3552 subjungitnr
3434 3501 3446 3538 :
3481 3504 3498 3536 ι
3543 3484 3802 3557 Disperge
3834 3487 3955 3542 illos
3987 3488 4037 3541 in
4079 3489 4282 3543 virtute
4326 3499 4444 3552 tua,

2839 3584 2896 3629 et
2921 3576 3158 3645 depones
3187 3591 3303 3639 eos,
3329 3587 3605 3646 protector
3631 3590 3837 3643 noster,
3865 3579 4093 3637 Domine
4123 3579 4339 3654 (Ibid.).
4387 3599 4407 3633 ι

3451 3668 3683 3724 CAPUT
3726 3671 3816 3725 ΧΙ.

3364 3757 3430 3811 1η
3460 3761 3641 3815 eadem
3671 3762 3916 3832 epistola.

2914 3864 2932 3896 ι
2988 3844 3232 3915 Cumque
3292 3849 3534 3905 venisset
3591 3851 3761 3907 David
3824 3855 3877 3909 in
3936 3862 4115 3911 castra
4178 3855 4440 3927 Madiau,

2837 3934 2967 3992 Sobi
3006 3937 3147 3993 ﬁlius
3194 3938 3357 4003 Naas,
3412 3950 3469 3997 et
3526 3942 3737 3999 Machir
3789 3946 3931 4002 ﬁlius
3964 3948 4235 4016 Amieltel,
4280 3951 4441 4024 197

2835 4038 2891 4082 et
2939 4028 3198 4084 Berzellai
3248 4030 3559 4089 Galaadites
3610 4036 3924 4094 obtulerunt
3968 4041 4018 4095 ei
4060 4045 4352 4109 stratoria,
4386 4052 4442 4101 et

2834 4121 3061 4190 tapetia,
3112 4137 3175 4177 ac
3218 4137 3345 4177 vasa
3390 4123 3599 4193 ﬁctilia,
3632 4137 3737 4184 etc.
3792 4149 3811 4183 ι
3850 4131 3935 4203 (Il
3968 4132 4095 4205 Reg.
4125 4142 4283 4205 xvn).
4321 4136 4438 4194 Ma-

2831 4209 3050 4266 dianita:
3105 4227 3257 4278 vero,
3308 4214 3400 4284 qui
3454 4218 3734 4287 praebuere
3768 4223 3879 4293 regi
3920 4223 4088 4279 David
4143 4229 4436 4285 stractoria

2833 4310 2890 4356 et
2953 4305 3153 4373 tapetia
3185 4345 3200 4370 ,
3252 4306 3382 4375 quid
3437 4308 3581 4365 aliud
3635 4311 3944 4383 signiﬁcant
3992 4333 4154 4387 quam
4208 4322 4438 4392 gentiles

2833 4406 3125 4451 conversos
3172 4398 3239 4451 ad
3269 4396 3462 4453 fidem?
3514 4402 3604 4471 qui
3657 4403 3785 4459 dum
3830 4408 3936 4476 piis
3988 4411 4200 4465 actibus
4256 4412 4436 4469 inces-

2833 4497 3019 4542 santer
3071 4488 3350 4555 insistunt,
3409 4494 3566 4561 quasi
3627 4499 3843 4551 textrini
3898 4501 4078 4569 operis
4120 4501 4437 4561 linteamina

1137 4584 1307 4640 panes
1337 4586 1506 4633 meos,
1557 4573 1927 4643 magniﬁcavit
1965 4578 2250 4632 adversum
2281 4594 2368 4635 me
2410 4580 2732 4651 supplanta-
2762 4572 2812 4633 D
2838 4588 3168 4647 praeparant,
3212 4581 3266 4635 in
3306 4583 3505 4652 quibus
3536 4586 3723 4655 utique
3768 4588 4029 4646 Dominus
4063 4595 4305 4650 suaviter
4348 4612 4436 4651 re-

1140 4660 1339 4714 tioucm
1371 4658 1542 4732 (Psal.
1574 4666 1684 4731 xc).
1726 4683 1743 4715 ›
1782 4664 1915 4719 Nam
1949 4677 2003 4722 et
2026 4667 2274 4725 Christus
2297 4684 2402 4724 non
2431 4671 2729 4743 incongrue

1138 4760 1295 4820 pater
1324 4756 1607 4819 asscritur,
1660 4757 1801 4813 sicut
1832 4758 2101 4829 Pr0pheta
2135 4770 2366 4816 testatur
2400 4779 2413 4815 :
2448 4781 2469 4815 ε
2502 4761 2730 4819 Vocabi-

1144 4851 1246 4905 tur,
1274 4843 1467 4911 inquit,
1506 4846 1647 4901 Deus
1705 4848 1884 4913 fort's,
1931 4862 2087 4919 pater
2129 4853 2292 4906 futuri
2340 4853 2546 4919 smcnli,
2587 4858 2730 4926 prin-

1140 4945 1269 5002 ceps
1326 4936 1473 5003 pacis
1522 4936 1657 5006 (Im.
1715 4941 1814 4995 ixi.
1854 4958 1871 4991 ι
1908 4940 2013 4994 Iste
2045 4957 2175 5013 ergo
2227 4942 2426 4998 dicitur
2480 4947 2733 5017 princeps

1138 5024 1289 5093 pacis
1314 5035 1369 5079 et
1398 5026 1484 5080 ille
1520 5044 1620 5096 pax
1659 5032 1849 5099 patris.
1889 5031 1987 5087 Cui
2028 5034 2217 5099 etiam,
2254 5034 2404 5092 Judte
2438 5038 2725 5103 videlicet,

1139 5113 1192 5167 in
1254 5116 1369 5183 ipso
1419 5122 1810 5201 persecutionis
1858 5124 2090 5179 articulo
2131 5126 2281 5195 pacis
2332 5129 2574 5183 osculum
2624 5146 2728 5185 non

1139 5205 1357 5275 Legavit
1384 5207 1598 5277 (Matth.
1633 5212 1807 5283 xxvi).
1837 5213 1946 5268 Nec
1975 5215 2170 5271 mirum
2205 5220 2247 5273 si
2282 5217 2433 5275 Judtn
2456 5222 2733 5279 traditoris

1141 5298 1375 5364 speciem
1403 5299 1637 5355 Ahsalon
1670 5305 1869 5369 tenuit,
1900 5322 2059 5375 quem
2090 5324 2196 5363 non
2227 5310 2399 5365 solum
2452 5313 2501 5366 in
2551 5329 2733 5383 perse-

1139 5389 1355 5443 cutione
1387 5391 1572 5457 David,
1615 5397 1707 5450 sed
1740 5398 1857 5466 ipso
1899 5416 2112 5471 quoque
2152 5418 2349 5472 genere
2393 5421 2502 5461 sua:
2540 5410 2731 5464 mortis

1139 5482 1405 5550 expressit
1435 5482 1519 5550 (ll
1551 5484 1675 5554 Reg.
1711 5492 1887 5543 xvlttl.
1921 5490 2010 5543 Ille
2034 5493 2302 5561 siquidem
2333 5499 2579 5566 qucrcni,
2601 5500 2725 5554 dum

1142 5573 1370 5627 transire
1400 5574 1587 5640 vellet,
1628 5578 1879 5646 inhaesit;
1918 5583 2017 5636 iste
2063 5598 2120 5639 se
2170 5587 2397 5657 laqueo,
2449 5588 2730 5661 Scriptura

1145 5669 1392 5730 testante,
1421 5667 1721 5736 suspendit.
1754 5670 1821 5726 Ut
1853 5675 2107 5741 quoniam
2150 5687 2379 5749 uterque
2423 5684 2732 5743 redundans

1140 5751 1368 5823 viperea:
1399 5754 1520 5813 felle
1547 5761 1800 5830 nequitia:
1830 5773 1883 5821 et
1908 5775 2051 5824 terra
2073 5769 2324 5843 indiguus
2351 5785 2469 5832 erat
2493 5785 2546 5835 et
2567 5780 2726 5850 creto,

2834 4667 3098 4737 quiescat.
3126 4669 3251 4725 Haec
3275 4674 3419 4727 enim
3449 4685 3578 4729 sunt
3603 4680 3914 4749 evangelica
3944 4682 4030 4735 illa
4070 4686 4430 4749 vestimenta-.

2833 4772 2954 4829 qua:
2988 4761 3217 4828 apostoli
3243 4778 3408 4834 super
3446 4767 3654 4822 asinam
3708 4784 3915 4839 ponunt
3938 4783 3993 4829 et
4022 4773 4207 4831 Jesum
4240 4779 4435 4833 sedere

2832 4848 3066 4919 desuper
3089 4850 3302 4937 faciunt
3330 4853 3546 4925 (Matth.
3596 4857 3732 4929 xxi).
3763 4860 3917 4927 Quod
3962 4873 4143 4919 autem
4188 4867 4437 4937 sequitur

2840 4958 2859 4991 ‹
2888 4944 3015 5010 quia
3044 4931 3314 5000 dbderunt
3355 4944 3523 5003 David
3550 4950 3716 5005 etiam
3767 4969 3895 5008 vasa
3944 4954 4151 5021 ﬁctilia,
4194 4931 4439 5015 frumen-

2836 5038 2951 5087 tum
2978 5042 3032 5089 et
3052 5034 3337 5104 hordeum,
3388 5038 3645 5107 farinam,
3678 5054 3734 5099 ct
3776 5045 3972 5111 fabam,
4024 5058 4079 5102 et
4124 5049 4351 5117 lentem,
4380 5060 4438 5106 et

2837 5123 3036 5182 frixum
3064 5128 3234 5195 cicer,
3280 5142 3335 5185 et
3387 5133 3510 5198 mel,
3559 5143 3616 5189 et
3668 5137 3945 5211 butyrum,
3994 5156 4123 5195 oves
4178 5143 4343 5197 etiam
4382 5151 4439 5199 et

2834 5216 3064 5288 pingues
3110 5219 3306 5276 vitulos
3351 5222 3435 5293 (ll
3465 5222 3591 5295 Reg.
3640 5230 3809 5299 xvn);
3843 5249 3861 5282 ι
3913 5231 4157 5301 plurinue
4191 5233 4438 5288 ciborum

2838 5310 3049 5378 species
3108 5312 3307 5369 diversi
3358 5326 3483 5371 sunt
3539 5330 3856 5377 sanctorum
3914 5324 4190 5379 hominum
4238 5303 4438 5389 mores,

2837 5400 3035 5469 quibus
3091 5402 3350 5459 nimirum
3402 5408 3568 5463 David
3625 5426 3749 5466 cum
3800 5414 3913 5469 suis
3974 5416 4442 5473 commilitonibus

2840 5492 3112 5562 pascitur;
3145 5497 3271 5565 quia
3306 5498 3637 5572 Redemptor
3665 5517 3854 5561 noster
3906 5524 4030 5563 cum
4082 5510 4287 5565 sanctis
4329 5507 4444 5566 suis

2840 5585 3289 5657 rectisjustorum
3319 5592 3575 5659 operibus
3603 5594 3753 5652 velut
3781 5600 4029 5657 esuriens
4057 5600 4327 5672 epulatur.
