  <div class='ocr_page' id='page_1' title='image "/cluster/home/n/w/nwhite01/storage/ocr_20150623/144-145/uc1.31175001639262/1094.png"; bbox 0 0 5904 6602; ppageno 0'>
   <div class='ocr_carea' id='block_1_1' title="bbox 1218 320 1353 382">
    <p class='ocr_par' dir='ltr' id='par_1_1' title="bbox 1218 320 1353 382">
     <span class='ocr_line' id='line_1_1' title="bbox 1218 320 1353 382; baseline -0.022 -1"><span class='ocrx_word' id='word_1_1' title='bbox 1218 320 1353 382; x_wconf 76' lang='grc'><strong>1109</strong></span> 
     </span>
    </p>
   </div>
   <div class='ocr_carea' id='block_1_2' title="bbox 1205 523 2803 599">
    <p class='ocr_par' dir='ltr' id='par_1_2' title="bbox 1205 523 2803 599">
     <span class='ocr_line' id='line_1_2' title="bbox 1205 523 2803 599; baseline -0.005 -15"><span class='ocrx_word' id='word_1_2' title='bbox 1205 529 1288 584; x_wconf 78' lang='lat' dir='ltr'><strong>A-l</strong></span> <span class='ocrx_word' id='word_1_3' title='bbox 1317 544 1477 599; x_wconf 86' lang='lat' dir='ltr'><strong>quam</strong></span> <span class='ocrx_word' id='word_1_4' title='bbox 1504 528 1759 583; x_wconf 73' lang='lat' dir='ltr'><strong>duritiam</strong></span> <span class='ocrx_word' id='word_1_5' title='bbox 1784 528 2019 596; x_wconf 82' lang='lat' dir='ltr'><strong>pertinet</strong></span> <span class='ocrx_word' id='word_1_6' title='bbox 2050 526 2194 596; x_wconf 80' lang='lat' dir='ltr'><strong>quod</strong></span> <span class='ocrx_word' id='word_1_7' title='bbox 2229 526 2368 580; x_wconf 87' lang='lat' dir='ltr'><strong>idem</strong></span> <span class='ocrx_word' id='word_1_8' title='bbox 2413 540 2629 595; x_wconf 83' lang='lat' dir='ltr'><strong>quoque</strong></span> <span class='ocrx_word' id='word_1_9' title='bbox 2672 523 2803 577; x_wconf 83' lang='lat' dir='ltr'><strong>Ber-</strong></span> 
     </span>
    </p>
   </div>
   <div class='ocr_carea' id='block_1_3' title="bbox 1210 613 2804 685">
    <p class='ocr_par' dir='ltr' id='par_1_3' title="bbox 1210 613 2804 685">
     <span class='ocr_line' id='line_1_3' title="bbox 1210 613 2804 685; baseline -0.004 -13"><span class='ocrx_word' id='word_1_10' title='bbox 1210 635 1273 673; x_wconf 78' lang='lat' dir='ltr'><strong>1e</strong></span> <span class='ocrx_word' id='word_1_11' title='bbox 1295 616 1364 672; x_wconf 83' lang='lat' dir='ltr'><strong>lai</strong></span> <span class='ocrx_word' id='word_1_12' title='bbox 1407 618 1604 685; x_wconf 71' lang='lat' dir='ltr'><strong>{ei-rum</strong></span> <span class='ocrx_word' id='word_1_13' title='bbox 1641 633 1809 670; x_wconf 80' lang='lat' dir='ltr'><strong>meum</strong></span> <span class='ocrx_word' id='word_1_14' title='bbox 1863 615 2209 685; x_wconf 81' lang='lat' dir='ltr'><strong>interpretari</strong></span> <span class='ocrx_word' id='word_1_15' title='bbox 2265 615 2483 669; x_wconf 91' lang='lat' dir='ltr'><strong>dicitur.</strong></span> <span class='ocrx_word' id='word_1_16' title='bbox 2536 613 2674 680; x_wconf 90' lang='lat' dir='ltr'><strong>Quid</strong></span> <span class='ocrx_word' id='word_1_17' title='bbox 2721 621 2804 666; x_wconf 87' lang='lat' dir='ltr'><strong>est</strong></span> 
     </span>
    </p>
   </div>
   <div class='ocr_carea' id='block_1_4' title="bbox 1211 705 2804 778">
    <p class='ocr_par' dir='ltr' id='par_1_4' title="bbox 1211 705 2804 778">
     <span class='ocr_line' id='line_1_4' title="bbox 1211 705 2804 778; baseline -0.005 -12"><span class='ocrx_word' id='word_1_18' title='bbox 1211 713 1400 768; x_wconf 87' lang='lat' dir='ltr'><strong>durius</strong></span> <span class='ocrx_word' id='word_1_19' title='bbox 1432 709 1612 765; x_wconf 73' lang='lat' dir='ltr'><strong>ferro?</strong></span> <span class='ocrx_word' id='word_1_20' title='bbox 1646 720 1699 763; x_wconf 82' lang='lat' dir='ltr'><strong>et</strong></span> <span class='ocrx_word' id='word_1_21' title='bbox 1743 710 1872 778; x_wconf 87' lang='lat' dir='ltr'><strong>quid</strong></span> <span class='ocrx_word' id='word_1_22' title='bbox 1914 709 2240 762; x_wconf 74' lang='lat' dir='ltr'><strong>obstinatius</strong></span> <span class='ocrx_word' id='word_1_23' title='bbox 2290 708 2452 762; x_wconf 89' lang='lat' dir='ltr'><strong>corde</strong></span> <span class='ocrx_word' id='word_1_24' title='bbox 2503 705 2804 776; x_wconf 81' lang='lat' dir='ltr'><strong>perverso?</strong></span> 
     </span>
    </p>
   </div>
   <div class='ocr_carea' id='block_1_5' title="bbox 1217 797 2804 868">
    <p class='ocr_par' dir='ltr' id='par_1_5' title="bbox 1217 797 2804 868">
     <span class='ocr_line' id='line_1_5' title="bbox 1217 797 2804 868; baseline -0.003 -14"><span class='ocrx_word' id='word_1_25' title='bbox 1217 822 1236 854; x_wconf 74' lang='grc' dir='ltr'><strong><em>ο</em></strong></span> <span class='ocrx_word' id='word_1_26' title='bbox 1269 804 1325 859; x_wconf 91' lang='lat' dir='ltr'><strong>ln</strong></span> <span class='ocrx_word' id='word_1_27' title='bbox 1358 801 1674 856; x_wconf 71' lang='lat' dir='ltr'><strong>malevolam</strong></span> <span class='ocrx_word' id='word_1_28' title='bbox 1705 801 1851 854; x_wconf 87' lang='lat' dir='ltr'><strong>enim</strong></span> <span class='ocrx_word' id='word_1_29' title='bbox 1885 801 2122 853; x_wconf 83' lang='lat' dir='ltr'><strong>animam</strong></span> <span class='ocrx_word' id='word_1_30' title='bbox 2146 815 2422 868; x_wconf 80' lang='lat' dir='ltr'><strong>nunquam</strong></span> <span class='ocrx_word' id='word_1_31' title='bbox 2450 797 2695 851; x_wconf 88' lang='lat' dir='ltr'><strong>introibit</strong></span> <span class='ocrx_word' id='word_1_32' title='bbox 2717 811 2804 850; x_wconf 82' lang='lat' dir='ltr'><strong>sa-</strong></span> 
     </span>
    </p>
   </div>
   <div class='ocr_carea' id='block_1_6' title="bbox 1212 885 2804 964">
    <p class='ocr_par' dir='ltr' id='par_1_6' title="bbox 1212 885 2804 964">
     <span class='ocr_line' id='line_1_6' title="bbox 1212 885 2804 964; baseline -0.001 -21"><span class='ocrx_word' id='word_1_33' title='bbox 1212 893 1414 964; x_wconf 86' lang='lat' dir='ltr'><strong>pientia</strong></span> <span class='ocrx_word' id='word_1_34' title='bbox 1453 893 1602 963; x_wconf 72' lang='grc' dir='ltr'><strong>(δίῳ.</strong></span> <span class='ocrx_word' id='word_1_35' title='bbox 1635 894 1694 961; x_wconf 89' lang='grc' dir='ltr'><strong>ι).</strong></span> <span class='ocrx_word' id='word_1_36' title='bbox 1731 911 1748 943; x_wconf 75' lang='grc' dir='ltr'><strong>ι</strong></span> <span class='ocrx_word' id='word_1_37' title='bbox 1795 891 1864 946; x_wconf 81' lang='lat' dir='ltr'><strong>Et</strong></span> <span class='ocrx_word' id='word_1_38' title='bbox 1895 905 2133 960; x_wconf 80' lang='lat' dir='ltr'><strong>congrue</strong></span> <span class='ocrx_word' id='word_1_39' title='bbox 2167 885 2371 945; x_wconf 81' lang='lat' dir='ltr'><strong>ferrum</strong></span> <span class='ocrx_word' id='word_1_40' title='bbox 2411 905 2616 951; x_wconf 90' lang='lat' dir='ltr'><strong>meum,</strong></span> <span class='ocrx_word' id='word_1_41' title='bbox 2648 887 2804 956; x_wconf 86' lang='lat' dir='ltr'><strong>quasi</strong></span> 
     </span>
    </p>
   </div>
   <div class='ocr_carea' id='block_1_7' title="bbox 1213 977 2807 1051">
    <p class='ocr_par' dir='ltr' id='par_1_7' title="bbox 1213 977 2807 1051">
     <span class='ocr_line' id='line_1_7' title="bbox 1213 977 2807 1051; baseline -0.004 -14"><span class='ocrx_word' id='word_1_42' title='bbox 1213 982 1281 1037; x_wconf 83' lang='lat' dir='ltr'><strong>de</strong></span> <span class='ocrx_word' id='word_1_43' title='bbox 1314 997 1372 1037; x_wconf 90' lang='lat' dir='ltr'><strong>se</strong></span> <span class='ocrx_word' id='word_1_44' title='bbox 1403 982 1632 1051; x_wconf 84' lang='lat' dir='ltr'><strong>quilibet</strong></span> <span class='ocrx_word' id='word_1_45' title='bbox 1661 983 1821 1036; x_wconf 87' lang='lat' dir='ltr'><strong>homo</strong></span> <span class='ocrx_word' id='word_1_46' title='bbox 1852 981 2020 1034; x_wconf 84' lang='lat' dir='ltr'><strong>durus</strong></span> <span class='ocrx_word' id='word_1_47' title='bbox 2055 990 2108 1034; x_wconf 90' lang='lat' dir='ltr'><strong>et</strong></span> <span class='ocrx_word' id='word_1_48' title='bbox 2161 981 2469 1035; x_wconf 86' lang='lat' dir='ltr'><strong>obstinatus</strong></span> <span class='ocrx_word' id='word_1_49' title='bbox 2500 979 2651 1044; x_wconf 84' lang='lat' dir='ltr'><strong>dicit,</strong></span> <span class='ocrx_word' id='word_1_50' title='bbox 2677 977 2807 1046; x_wconf 86' lang='lat' dir='ltr'><strong>quia</strong></span> 
     </span>
    </p>
   </div>
   <div class='ocr_carea' id='block_1_8' title="bbox 1213 1072 2799 1142">
    <p class='ocr_par' dir='ltr' id='par_1_8' title="bbox 1213 1072 2799 1142">
     <span class='ocr_line' id='line_1_8' title="bbox 1213 1072 2799 1142; baseline -0.002 -14"><span class='ocrx_word' id='word_1_51' title='bbox 1213 1072 1342 1128; x_wconf 88' lang='lat' dir='ltr'><strong>dum</strong></span> <span class='ocrx_word' id='word_1_52' title='bbox 1373 1076 1563 1128; x_wconf 90' lang='lat' dir='ltr'><strong>statuit</strong></span> <span class='ocrx_word' id='word_1_53' title='bbox 1597 1075 1649 1127; x_wconf 92' lang='lat' dir='ltr'><strong>in</strong></span> <span class='ocrx_word' id='word_1_54' title='bbox 1684 1074 1899 1142; x_wconf 82' lang='lat' dir='ltr'><strong>propria</strong></span> <span class='ocrx_word' id='word_1_55' title='bbox 1932 1089 2280 1141; x_wconf 84' lang='lat' dir='ltr'><strong>perseverare</strong></span> <span class='ocrx_word' id='word_1_56' title='bbox 2310 1074 2524 1136; x_wconf 85' lang='lat' dir='ltr'><strong>duritia,</strong></span> <span class='ocrx_word' id='word_1_57' title='bbox 2574 1073 2627 1125; x_wconf 94' lang='lat' dir='ltr'><strong>in</strong></span> <span class='ocrx_word' id='word_1_58' title='bbox 2668 1088 2799 1126; x_wconf 87' lang='lat' dir='ltr'><strong>con-</strong></span> 
     </span>
    </p>
   </div>
   <div class='ocr_carea' id='block_1_9' title="bbox 1211 1163 2805 1234">
    <p class='ocr_par' dir='ltr' id='par_1_9' title="bbox 1211 1163 2805 1234">
     <span class='ocr_line' id='line_1_9' title="bbox 1211 1163 2805 1234; baseline -0.003 -14"><span class='ocrx_word' id='word_1_59' title='bbox 1211 1163 1335 1220; x_wconf 77' lang='lat' dir='ltr'><strong>lilia</strong></span> <span class='ocrx_word' id='word_1_60' title='bbox 1363 1182 1420 1220; x_wconf 86' lang='lat' dir='ltr'><strong>se</strong></span> <span class='ocrx_word' id='word_1_61' title='bbox 1444 1179 1718 1234; x_wconf 85' lang='lat' dir='ltr'><strong>nunquam</strong></span> <span class='ocrx_word' id='word_1_62' title='bbox 1758 1165 1975 1234; x_wconf 78' lang='lat' dir='ltr'><strong>projicit</strong></span> <span class='ocrx_word' id='word_1_63' title='bbox 2016 1165 2216 1227; x_wconf 85' lang='lat' dir='ltr'><strong>aliena,</strong></span> <span class='ocrx_word' id='word_1_64' title='bbox 2260 1173 2316 1219; x_wconf 91' lang='lat' dir='ltr'><strong>et</strong></span> <span class='ocrx_word' id='word_1_65' title='bbox 2358 1165 2484 1233; x_wconf 85' lang='lat' dir='ltr'><strong>quia</strong></span> <span class='ocrx_word' id='word_1_66' title='bbox 2518 1163 2722 1233; x_wconf 80' lang='lat' dir='ltr'><strong>rigidus</strong></span> <span class='ocrx_word' id='word_1_67' title='bbox 2749 1170 2805 1215; x_wconf 92' lang='lat' dir='ltr'><strong>et</strong></span> 
     </span>
    </p>
   </div>
   <div class='ocr_carea' id='block_1_10' title="bbox 1214 1251 2806 1317">
    <p class='ocr_par' dir='ltr' id='par_1_10' title="bbox 1214 1251 2806 1317">
     <span class='ocr_line' id='line_1_10' title="bbox 1214 1251 2806 1317; baseline -0.001 -10"><span class='ocrx_word' id='word_1_68' title='bbox 1214 1251 1522 1309; x_wconf 74' lang='lat' dir='ltr'><strong>inﬂexibilis</strong></span> <span class='ocrx_word' id='word_1_69' title='bbox 1552 1254 1619 1307; x_wconf 81' lang='lat' dir='ltr'><strong>ad</strong></span> <span class='ocrx_word' id='word_1_70' title='bbox 1648 1254 1922 1308; x_wconf 78' lang='lat' dir='ltr'><strong>caelestem</strong></span> <span class='ocrx_word' id='word_1_71' title='bbox 1949 1253 2284 1308; x_wconf 77' lang='lat' dir='ltr'><strong>Hierusalem</strong></span> <span class='ocrx_word' id='word_1_72' title='bbox 2317 1269 2438 1308; x_wconf 90' lang='lat' dir='ltr'><strong>cum</strong></span> <span class='ocrx_word' id='word_1_73' title='bbox 2483 1252 2649 1306; x_wconf 87' lang='lat' dir='ltr'><strong>David</strong></span> <span class='ocrx_word' id='word_1_74' title='bbox 2679 1267 2806 1317; x_wconf 72' lang='lat' dir='ltr'><strong>rege</strong></span> 
     </span>
    </p>
   </div>
   <div class='ocr_carea' id='block_1_11' title="bbox 1213 1346 2804 1416">
    <p class='ocr_par' dir='ltr' id='par_1_11' title="bbox 1213 1346 2804 1416">
     <span class='ocr_line' id='line_1_11' title="bbox 1213 1346 2804 1416; baseline -0.001 -15"><span class='ocrx_word' id='word_1_75' title='bbox 1213 1363 1321 1401; x_wconf 88' lang='lat' dir='ltr'><strong>non</strong></span> <span class='ocrx_word' id='word_1_76' title='bbox 1353 1348 1618 1415; x_wconf 78' lang='lat' dir='ltr'><strong>graditur,</strong></span> <span class='ocrx_word' id='word_1_77' title='bbox 1643 1347 1710 1400; x_wconf 89' lang='lat' dir='ltr'><strong>de</strong></span> <span class='ocrx_word' id='word_1_78' title='bbox 1733 1347 1816 1398; x_wconf 88' lang='lat' dir='ltr'><strong>via</strong></span> <span class='ocrx_word' id='word_1_79' title='bbox 1844 1361 2006 1414; x_wconf 91' lang='lat' dir='ltr'><strong>quam</strong></span> <span class='ocrx_word' id='word_1_80' title='bbox 2052 1356 2290 1416; x_wconf 66' lang='lat' dir='ltr'><strong>coeperat</strong></span> <span class='ocrx_word' id='word_1_81' title='bbox 2344 1361 2466 1400; x_wconf 88' lang='lat' dir='ltr'><strong>cum</strong></span> <span class='ocrx_word' id='word_1_82' title='bbox 2518 1346 2804 1410; x_wconf 73' lang='lat' dir='ltr'><strong>Bel-zellai,</strong></span> 
     </span>
    </p>
   </div>
   <div class='ocr_carea' id='block_1_12' title="bbox 1210 1435 2806 1505">
    <p class='ocr_par' dir='ltr' id='par_1_12' title="bbox 1210 1435 2806 1505">
     <span class='ocr_line' id='line_1_12' title="bbox 1210 1435 2806 1505; baseline -0.002 -14"><span class='ocrx_word' id='word_1_83' title='bbox 1210 1438 1281 1491; x_wconf 84' lang='lat' dir='ltr'><strong>ad</strong></span> <span class='ocrx_word' id='word_1_84' title='bbox 1315 1447 1513 1490; x_wconf 84' lang='lat' dir='ltr'><strong>terrain</strong></span> <span class='ocrx_word' id='word_1_85' title='bbox 1548 1435 1782 1500; x_wconf 87' lang='lat' dir='ltr'><strong>Madian,</strong></span> <span class='ocrx_word' id='word_1_86' title='bbox 1813 1435 1912 1490; x_wconf 83' lang='lat' dir='ltr'><strong>hoc</strong></span> <span class='ocrx_word' id='word_1_87' title='bbox 1941 1445 2046 1500; x_wconf 91' lang='lat' dir='ltr'><strong>est,</strong></span> <span class='ocrx_word' id='word_1_88' title='bbox 2081 1438 2148 1490; x_wconf 87' lang='lat' dir='ltr'><strong>ad</strong></span> <span class='ocrx_word' id='word_1_89' title='bbox 2181 1437 2301 1489; x_wconf 79' lang='lat' dir='ltr'><strong>vita:</strong></span> <span class='ocrx_word' id='word_1_90' title='bbox 2339 1436 2536 1490; x_wconf 83' lang='lat' dir='ltr'><strong>veteris</strong></span> <span class='ocrx_word' id='word_1_91' title='bbox 2575 1437 2806 1505; x_wconf 83' lang='lat' dir='ltr'><strong>primor-</strong></span> 
     </span>
    </p>
   </div>
   <div class='ocr_carea' id='block_1_13' title="bbox 1205 1526 1637 1586">
    <p class='ocr_par' dir='ltr' id='par_1_13' title="bbox 1205 1526 1637 1586">
     <span class='ocr_line' id='line_1_13' title="bbox 1205 1526 1637 1586; baseline -0.007 0"><span class='ocrx_word' id='word_1_92' title='bbox 1205 1526 1301 1586; x_wconf 82' lang='lat' dir='ltr'><strong>dia</strong></span> <span class='ocrx_word' id='word_1_93' title='bbox 1333 1539 1637 1584; x_wconf 75' lang='lat' dir='ltr'><strong>revocatur.</strong></span> 
     </span>
    </p>
   </div>
   <div class='ocr_carea' id='block_1_14' title="bbox 1806 1618 2214 1676">
    <p class='ocr_par' dir='ltr' id='par_1_14' title="bbox 1806 1618 2214 1676">
     <span class='ocr_line' id='line_1_14' title="bbox 1806 1618 2214 1676; baseline -0.005 -2"><span class='ocrx_word' id='word_1_94' title='bbox 1806 1619 2036 1676; x_wconf 70' lang='lat' dir='ltr'><strong>CAPL&#39;T</strong></span> <span class='ocrx_word' id='word_1_95' title='bbox 2078 1618 2214 1674; x_wconf 80' lang='lat' dir='ltr'><strong>XIV.</strong></span> 
     </span>
    </p>
   </div>
   <div class='ocr_carea' id='block_1_15' title="bbox 1735 1709 2282 1782">
    <p class='ocr_par' dir='ltr' id='par_1_15' title="bbox 1735 1709 2282 1782">
     <span class='ocr_line' id='line_1_15' title="bbox 1735 1709 2282 1782; baseline 0 -19"><span class='ocrx_word' id='word_1_96' title='bbox 1735 1709 1802 1764; x_wconf 82' lang='lat' dir='ltr'><strong>In</strong></span> <span class='ocrx_word' id='word_1_97' title='bbox 1830 1714 2010 1765; x_wconf 81' lang='lat' dir='ltr'><strong>cadent</strong></span> <span class='ocrx_word' id='word_1_98' title='bbox 2043 1712 2282 1782; x_wconf 79' lang='lat' dir='ltr'><strong>cpistola.</strong></span> 
     </span>
    </p>
   </div>
   <div class='ocr_carea' id='block_1_16' title="bbox 2495 318 3128 379">
    <p class='ocr_par' dir='ltr' id='par_1_16' title="bbox 2495 318 3128 379">
     <span class='ocr_line' id='line_1_16' title="bbox 2495 318 3128 379; baseline -0.005 0"><span class='ocrx_word' id='word_1_99' title='bbox 2495 319 2566 379; x_wconf 76' lang='lat' dir='ltr'><strong>IN</strong></span> <span class='ocrx_word' id='word_1_100' title='bbox 2606 318 2736 378; x_wconf 78' lang='lat' dir='ltr'><strong>LIB.</strong></span> <span class='ocrx_word' id='word_1_101' title='bbox 2777 321 2818 379; x_wconf 84' lang='lat' dir='ltr'><strong>ll</strong></span> <span class='ocrx_word' id='word_1_102' title='bbox 2862 319 3128 379; x_wconf 72' lang='grc' dir='ltr'>ιιεςωι.</span> 
     </span>
    </p>
   </div>
   <div class='ocr_carea' id='block_1_17' title="bbox 1204 432 2878 510">
    <p class='ocr_par' dir='ltr' id='par_1_17' title="bbox 1204 432 2878 510">
     <span class='ocr_line' id='line_1_17' title="bbox 1204 432 2878 510; baseline -0.005 -19"><span class='ocrx_word' id='word_1_103' title='bbox 1204 434 1467 510; x_wconf 67' lang='grc' dir='ltr'>ριΜειιιὶ</span> <span class='ocrx_word' id='word_1_104' title='bbox 1496 435 1835 490; x_wconf 61' lang='grc' dir='ltr'><strong>ωυιθτὶιιω</strong></span> <span class='ocrx_word' id='word_1_105' title='bbox 1883 434 2222 504; x_wconf 70' lang='lat' dir='ltr'><strong>negotiorum</strong></span> <span class='ocrx_word' id='word_1_106' title='bbox 2258 434 2446 503; x_wconf 81' lang='lat' dir='ltr'><strong>vigore</strong></span> <span class='ocrx_word' id='word_1_107' title='bbox 2478 432 2796 486; x_wconf 88' lang='lat' dir='ltr'><strong>durescunt.</strong></span> <span class='ocrx_word' id='word_1_108' title='bbox 2830 448 2878 498; x_wconf 70' lang='grc' dir='ltr'>Α</span> 
     </span>
    </p>
   </div>
   <div class='ocr_carea' id='block_1_18' title="bbox 4363 306 4508 368">
    <p class='ocr_par' dir='ltr' id='par_1_18' title="bbox 4363 306 4508 368">
     <span class='ocr_line' id='line_1_18' title="bbox 4363 306 4508 368; baseline -0.014 0"><span class='ocrx_word' id='word_1_109' title='bbox 4363 306 4508 368; x_wconf 79' lang='grc' dir='ltr'>ιιιο</span> 
     </span>
    </p>
   </div>
   <div class='ocr_carea' id='block_1_19' title="bbox 3494 418 3902 480">
    <p class='ocr_par' dir='ltr' id='par_1_19' title="bbox 3494 418 3902 480">
     <span class='ocr_line' id='line_1_19' title="bbox 3494 418 3902 480; baseline -0.015 0"><span class='ocrx_word' id='word_1_110' title='bbox 3494 421 3725 480; x_wconf 82' lang='lat' dir='ltr'><strong>CAPUT</strong></span> <span class='ocrx_word' id='word_1_111' title='bbox 3765 418 3902 477; x_wconf 65' lang='lat' dir='ltr'><strong>XVI.</strong></span> 
     </span>
    </p>
   </div>
   <div class='ocr_carea' id='block_1_20' title="bbox 3427 512 3975 581">
    <p class='ocr_par' dir='ltr' id='par_1_20' title="bbox 3427 512 3975 581">
     <span class='ocr_line' id='line_1_20' title="bbox 3427 512 3975 581; baseline -0.004 -13"><span class='ocrx_word' id='word_1_112' title='bbox 3427 513 3493 568; x_wconf 85' lang='lat' dir='ltr'><strong>In</strong></span> <span class='ocrx_word' id='word_1_113' title='bbox 3519 514 3704 568; x_wconf 80' lang='lat' dir='ltr'><strong>cadent</strong></span> <span class='ocrx_word' id='word_1_114' title='bbox 3736 512 3975 581; x_wconf 71' lang='lat' dir='ltr'><strong>epistola.</strong></span> 
     </span>
    </p>
   </div>
   <div class='ocr_carea' id='block_1_21' title="bbox 2984 599 4506 677">
    <p class='ocr_par' dir='ltr' id='par_1_21' title="bbox 2984 599 4506 677">
     <span class='ocr_line' id='line_1_21' title="bbox 2984 599 4506 677; baseline -0.005 -16"><span class='ocrx_word' id='word_1_115' title='bbox 2984 629 3001 661; x_wconf 74' lang='grc' dir='ltr'><strong>ι</strong></span> <span class='ocrx_word' id='word_1_116' title='bbox 3042 608 3286 663; x_wconf 83' lang='lat' dir='ltr'><strong>Tertium</strong></span> <span class='ocrx_word' id='word_1_117' title='bbox 3312 621 3530 677; x_wconf 87' lang='lat' dir='ltr'><strong>quoque</strong></span> <span class='ocrx_word' id='word_1_118' title='bbox 3559 604 3670 659; x_wconf 68' lang='lat' dir='ltr'><strong>fuit.</strong></span> <span class='ocrx_word' id='word_1_119' title='bbox 3686 605 3883 659; x_wconf 84' lang='lat' dir='ltr'><strong>bellum</strong></span> <span class='ocrx_word' id='word_1_120' title='bbox 3911 603 3965 656; x_wconf 91' lang='lat' dir='ltr'><strong>in</strong></span> <span class='ocrx_word' id='word_1_121' title='bbox 3995 601 4113 658; x_wconf 87' lang='lat' dir='ltr'><strong>Gob</strong></span> <span class='ocrx_word' id='word_1_122' title='bbox 4143 608 4334 656; x_wconf 86' lang='lat' dir='ltr'><strong>contra</strong></span> <span class='ocrx_word' id='word_1_123' title='bbox 4375 599 4506 655; x_wconf 84' lang='lat' dir='ltr'><strong>Phi-</strong></span> 
     </span>
    </p>
   </div>
   <div class='ocr_carea' id='block_1_22' title="bbox 2906 693 4509 769">
    <p class='ocr_par' dir='ltr' id='par_1_22' title="bbox 2906 693 4509 769">
     <span class='ocr_line' id='line_1_22' title="bbox 2906 693 4509 769; baseline -0.006 -13"><span class='ocrx_word' id='word_1_124' title='bbox 2906 703 3127 765; x_wconf 70' lang='lat' dir='ltr'><strong>listzeos,</strong></span> <span class='ocrx_word' id='word_1_125' title='bbox 3160 703 3209 755; x_wconf 91' lang='lat' dir='ltr'><strong>in</strong></span> <span class='ocrx_word' id='word_1_126' title='bbox 3238 714 3344 769; x_wconf 89' lang='lat' dir='ltr'><strong>quo</strong></span> <span class='ocrx_word' id='word_1_127' title='bbox 3384 697 3657 768; x_wconf 83' lang='lat' dir='ltr'><strong>percussit</strong></span> <span class='ocrx_word' id='word_1_128' title='bbox 3679 696 3994 751; x_wconf 85' lang='lat' dir='ltr'><strong>Adeodatus</strong></span> <span class='ocrx_word' id='word_1_129' title='bbox 4030 693 4173 762; x_wconf 78' lang='lat' dir='ltr'><strong>[ilius</strong></span> <span class='ocrx_word' id='word_1_130' title='bbox 4204 693 4378 748; x_wconf 87' lang='lat' dir='ltr'><strong>saltus</strong></span> <span class='ocrx_word' id='word_1_131' title='bbox 4413 706 4509 762; x_wconf 85' lang='lat' dir='ltr'><strong>po-</strong></span> 
     </span>
    </p>
   </div>
   <div class='ocr_carea' id='block_1_23' title="bbox 2907 781 4504 854">
    <p class='ocr_par' dir='ltr' id='par_1_23' title="bbox 2907 781 4504 854">
     <span class='ocr_line' id='line_1_23' title="bbox 2907 781 4504 854; baseline -0.008 -6"><span class='ocrx_word' id='word_1_132' title='bbox 2907 794 3197 848; x_wconf 87' lang='lat' dir='ltr'><strong>limitarius</strong></span> <span class='ocrx_word' id='word_1_133' title='bbox 3241 789 3632 845; x_wconf 88' lang='lat' dir='ltr'><strong>Bethleemites</strong></span> <span class='ocrx_word' id='word_1_134' title='bbox 3688 787 3906 842; x_wconf 84' lang='lat' dir='ltr'><strong>Goliath</strong></span> <span class='ocrx_word' id='word_1_135' title='bbox 3955 785 4224 840; x_wconf 88' lang='lat' dir='ltr'><strong>Gethenm</strong></span> <span class='ocrx_word' id='word_1_136' title='bbox 4253 781 4338 854; x_wconf 88' lang='lat' dir='ltr'><strong>(Il</strong></span> <span class='ocrx_word' id='word_1_137' title='bbox 4374 782 4504 854; x_wconf 77' lang='lat' dir='ltr'><strong>Reg.</strong></span> 
     </span>
    </p>
   </div>
   <div class='ocr_carea' id='block_1_24' title="bbox 2905 875 4513 957">
    <p class='ocr_par' dir='ltr' id='par_1_24' title="bbox 2905 875 4513 957">
     <span class='ocr_line' id='line_1_24' title="bbox 2905 875 4513 957; baseline -0.007 -16"><span class='ocrx_word' id='word_1_138' title='bbox 2905 899 3044 957; x_wconf 73' lang='lat' dir='ltr'><strong>XXI).</strong></span> <span class='ocrx_word' id='word_1_139' title='bbox 3081 905 3100 936; x_wconf 75' lang='grc' dir='ltr'><strong>ι</strong></span> <span class='ocrx_word' id='word_1_140' title='bbox 3122 884 3275 952; x_wconf 82' lang='lat' dir='ltr'><strong>Quod</strong></span> <span class='ocrx_word' id='word_1_141' title='bbox 3309 883 3564 937; x_wconf 89' lang='lat' dir='ltr'><strong>nimirum</strong></span> <span class='ocrx_word' id='word_1_142' title='bbox 3598 879 3756 935; x_wconf 80' lang='lat' dir='ltr'><strong>facile</strong></span> <span class='ocrx_word' id='word_1_143' title='bbox 3780 877 4192 948; x_wconf 82' lang='lat' dir='ltr'><strong>valetintelligi.</strong></span> <span class='ocrx_word' id='word_1_144' title='bbox 4226 875 4358 931; x_wconf 79' lang='lat' dir='ltr'><strong>Nam</strong></span> <span class='ocrx_word' id='word_1_145' title='bbox 4391 875 4513 932; x_wconf 82' lang='lat' dir='ltr'><strong>Gob</strong></span> 
     </span>
    </p>
   </div>
   <div class='ocr_carea' id='block_1_25' title="bbox 2908 966 4514 1047">
    <p class='ocr_par' dir='ltr' id='par_1_25' title="bbox 2908 966 4514 1047">
     <span class='ocr_line' id='line_1_25' title="bbox 2908 966 4514 1047; baseline -0.009 -14"><span class='ocrx_word' id='word_1_146' title='bbox 2908 980 3302 1047; x_wconf 82' lang='lat' dir='ltr'><strong>interpretatur</strong></span> <span class='ocrx_word' id='word_1_147' title='bbox 3353 975 3522 1028; x_wconf 77' lang='lat' dir='ltr'><strong>lacus.</strong></span> <span class='ocrx_word' id='word_1_148' title='bbox 3578 973 3645 1027; x_wconf 82' lang='lat' dir='ltr'><strong>Et</strong></span> <span class='ocrx_word' id='word_1_149' title='bbox 3675 973 3818 1026; x_wconf 88' lang='lat' dir='ltr'><strong>sicut</strong></span> <span class='ocrx_word' id='word_1_150' title='bbox 3849 969 4189 1041; x_wconf 79' lang='lat' dir='ltr'><strong>periclitatur</strong></span> <span class='ocrx_word' id='word_1_151' title='bbox 4219 969 4312 1038; x_wconf 87' lang='lat' dir='ltr'><strong>qui</strong></span> <span class='ocrx_word' id='word_1_152' title='bbox 4355 972 4407 1021; x_wconf 90' lang='lat' dir='ltr'><strong>in</strong></span> <span class='ocrx_word' id='word_1_153' title='bbox 4439 966 4514 1020; x_wconf 84' lang='lat' dir='ltr'><strong>la-</strong></span> 
     </span>
    </p>
   </div>
   <div class='ocr_carea' id='block_1_26' title="bbox 2908 1058 4517 1131">
    <p class='ocr_par' dir='ltr' id='par_1_26' title="bbox 2908 1058 4517 1131">
     <span class='ocr_line' id='line_1_26' title="bbox 2908 1058 4517 1131; baseline -0.006 -8"><span class='ocrx_word' id='word_1_154' title='bbox 2908 1084 3032 1124; x_wconf 90' lang='lat' dir='ltr'><strong>cum</strong></span> <span class='ocrx_word' id='word_1_155' title='bbox 3061 1069 3278 1122; x_wconf 89' lang='lat' dir='ltr'><strong>leonum</strong></span> <span class='ocrx_word' id='word_1_156' title='bbox 3317 1066 3551 1120; x_wconf 91' lang='lat' dir='ltr'><strong>mittitur</strong></span> <span class='ocrx_word' id='word_1_157' title='bbox 3569 1107 3584 1130; x_wconf 93' lang='lat'><strong>,</strong></span> <span class='ocrx_word' id='word_1_158' title='bbox 3624 1065 3704 1119; x_wconf 90' lang='lat' dir='ltr'><strong>sic</strong></span> <span class='ocrx_word' id='word_1_159' title='bbox 3729 1064 3896 1117; x_wconf 80' lang='lat' dir='ltr'><strong>David</strong></span> <span class='ocrx_word' id='word_1_160' title='bbox 3921 1064 4073 1131; x_wconf 89' lang='lat' dir='ltr'><strong>quasi</strong></span> <span class='ocrx_word' id='word_1_161' title='bbox 4102 1062 4272 1116; x_wconf 82' lang='lat' dir='ltr'><strong>leonis</strong></span> <span class='ocrx_word' id='word_1_162' title='bbox 4299 1075 4356 1116; x_wconf 88' lang='lat' dir='ltr'><strong>se</strong></span> <span class='ocrx_word' id='word_1_163' title='bbox 4380 1058 4517 1114; x_wconf 76' lang='lat' dir='ltr'><strong>deo-</strong></span> 
     </span>
    </p>
   </div>
   <div class='ocr_carea' id='block_1_27' title="bbox 2909 1151 4516 1223">
    <p class='ocr_par' dir='ltr' id='par_1_27' title="bbox 2909 1151 4516 1223">
     <span class='ocr_line' id='line_1_27' title="bbox 2909 1151 4516 1223; baseline -0.005 -9"><span class='ocrx_word' id='word_1_164' title='bbox 2909 1159 3053 1214; x_wconf 85' lang='lat' dir='ltr'><strong>tibus</strong></span> <span class='ocrx_word' id='word_1_165' title='bbox 3078 1158 3320 1223; x_wconf 81' lang='lat' dir='ltr'><strong>tradidit,</strong></span> <span class='ocrx_word' id='word_1_166' title='bbox 3345 1173 3470 1212; x_wconf 91' lang='lat' dir='ltr'><strong>cum</strong></span> <span class='ocrx_word' id='word_1_167' title='bbox 3496 1157 3548 1209; x_wconf 89' lang='lat' dir='ltr'><strong>in</strong></span> <span class='ocrx_word' id='word_1_168' title='bbox 3581 1156 3788 1210; x_wconf 82' lang='lat' dir='ltr'><strong>rabiem</strong></span> <span class='ocrx_word' id='word_1_169' title='bbox 3832 1154 4047 1208; x_wconf 86' lang='lat' dir='ltr'><strong>Goliath</strong></span> <span class='ocrx_word' id='word_1_170' title='bbox 4078 1169 4136 1208; x_wconf 90' lang='lat' dir='ltr'><strong>se</strong></span> <span class='ocrx_word' id='word_1_171' title='bbox 4166 1151 4516 1223; x_wconf 70' lang='lat' dir='ltr'><strong>prmliaturus</strong></span> 
     </span>
    </p>
   </div>
   <div class='ocr_carea' id='block_1_28' title="bbox 2909 1247 4516 1316">
    <p class='ocr_par' dir='ltr' id='par_1_28' title="bbox 2909 1247 4516 1316">
     <span class='ocr_line' id='line_1_28' title="bbox 2909 1247 4516 1316; baseline -0.006 -8"><span class='ocrx_word' id='word_1_172' title='bbox 2909 1254 3198 1310; x_wconf 86' lang='lat' dir='ltr'><strong>immersit.</strong></span> <span class='ocrx_word' id='word_1_173' title='bbox 3225 1253 3369 1307; x_wconf 86' lang='lat' dir='ltr'><strong>Idem</strong></span> <span class='ocrx_word' id='word_1_174' title='bbox 3399 1251 3566 1305; x_wconf 89' lang='lat' dir='ltr'><strong>David</strong></span> <span class='ocrx_word' id='word_1_175' title='bbox 3596 1250 3911 1304; x_wconf 83' lang='lat' dir='ltr'><strong>Adeodatus</strong></span> <span class='ocrx_word' id='word_1_176' title='bbox 3947 1247 4068 1316; x_wconf 86' lang='lat' dir='ltr'><strong>jure</strong></span> <span class='ocrx_word' id='word_1_177' title='bbox 4102 1247 4330 1309; x_wconf 85' lang='lat' dir='ltr'><strong>dicitur;</strong></span> <span class='ocrx_word' id='word_1_178' title='bbox 4375 1259 4516 1314; x_wconf 84' lang='lat' dir='ltr'><strong>quo-</strong></span> 
     </span>
    </p>
   </div>
   <div class='ocr_carea' id='block_1_29' title="bbox 2911 1333 4519 1409">
    <p class='ocr_par' dir='ltr' id='par_1_29' title="bbox 2911 1333 4519 1409">
     <span class='ocr_line' id='line_1_29' title="bbox 2911 1333 4519 1409; baseline -0.004 -11"><span class='ocrx_word' id='word_1_179' title='bbox 2911 1346 3060 1398; x_wconf 84' lang='lat' dir='ltr'><strong>niam</strong></span> <span class='ocrx_word' id='word_1_180' title='bbox 3093 1360 3121 1396; x_wconf 89' lang='lat' dir='ltr'><strong>a</strong></span> <span class='ocrx_word' id='word_1_181' title='bbox 3151 1344 3264 1398; x_wconf 87' lang='lat' dir='ltr'><strong>Deo</strong></span> <span class='ocrx_word' id='word_1_182' title='bbox 3289 1351 3372 1397; x_wconf 89' lang='lat' dir='ltr'><strong>est</strong></span> <span class='ocrx_word' id='word_1_183' title='bbox 3407 1341 3614 1397; x_wconf 87' lang='lat' dir='ltr'><strong>electus</strong></span> <span class='ocrx_word' id='word_1_184' title='bbox 3653 1341 3705 1394; x_wconf 92' lang='lat' dir='ltr'><strong>in</strong></span> <span class='ocrx_word' id='word_1_185' title='bbox 3741 1355 3986 1409; x_wconf 74' lang='lat' dir='ltr'><strong>regnum.</strong></span> <span class='ocrx_word' id='word_1_186' title='bbox 4019 1337 4120 1404; x_wconf 89' lang='lat' dir='ltr'><strong>Qui</strong></span> <span class='ocrx_word' id='word_1_187' title='bbox 4161 1338 4326 1391; x_wconf 90' lang='lat' dir='ltr'><strong>etiam</strong></span> <span class='ocrx_word' id='word_1_188' title='bbox 4369 1333 4519 1392; x_wconf 79' lang='lat' dir='ltr'><strong>Iillul</strong></span> 
     </span>
    </p>
   </div>
   <div class='ocr_carea' id='block_1_30' title="bbox 2910 1429 4522 1504">
    <p class='ocr_par' dir='ltr' id='par_1_30' title="bbox 2910 1429 4522 1504">
     <span class='ocr_line' id='line_1_30' title="bbox 2910 1429 4522 1504; baseline -0.005 -12"><span class='ocrx_word' id='word_1_189' title='bbox 2910 1437 3083 1492; x_wconf 79' lang='lat' dir='ltr'><strong>saltus</strong></span> <span class='ocrx_word' id='word_1_190' title='bbox 3107 1446 3355 1499; x_wconf 79' lang='lat' dir='ltr'><strong>vocatur,</strong></span> <span class='ocrx_word' id='word_1_191' title='bbox 3393 1434 3522 1504; x_wconf 89' lang='lat' dir='ltr'><strong>quia</strong></span> <span class='ocrx_word' id='word_1_192' title='bbox 3562 1434 3629 1488; x_wconf 89' lang='lat' dir='ltr'><strong>de</strong></span> <span class='ocrx_word' id='word_1_193' title='bbox 3667 1433 3886 1504; x_wconf 76' lang='lat' dir='ltr'><strong>pascuis</strong></span> <span class='ocrx_word' id='word_1_194' title='bbox 3933 1430 4211 1493; x_wconf 87' lang='lat' dir='ltr'><strong>saltuum,</strong></span> <span class='ocrx_word' id='word_1_195' title='bbox 4246 1429 4335 1484; x_wconf 85' lang='lat' dir='ltr'><strong>tibi</strong></span> <span class='ocrx_word' id='word_1_196' title='bbox 4385 1437 4522 1484; x_wconf 78' lang='lat' dir='ltr'><strong>oves</strong></span> 
     </span>
    </p>
   </div>
   <div class='ocr_carea' id='block_1_31' title="bbox 2909 1521 4518 1604">
    <p class='ocr_par' dir='ltr' id='par_1_31' title="bbox 2909 1521 4518 1604">
     <span class='ocr_line' id='line_1_31' title="bbox 2909 1521 4518 1604; baseline -0.005 -20"><span class='ocrx_word' id='word_1_197' title='bbox 2909 1529 3114 1604; x_wconf 80' lang='lat' dir='ltr'><strong>alebat,</strong></span> <span class='ocrx_word' id='word_1_198' title='bbox 3154 1529 3385 1583; x_wconf 88' lang='lat' dir='ltr'><strong>eductus</strong></span> <span class='ocrx_word' id='word_1_199' title='bbox 3444 1527 3776 1594; x_wconf 78' lang='lat' dir='ltr'><strong>agnoscitur.</strong></span> <span class='ocrx_word' id='word_1_200' title='bbox 3830 1523 3941 1578; x_wconf 81' lang='lat' dir='ltr'><strong>Nec</strong></span> <span class='ocrx_word' id='word_1_201' title='bbox 3990 1524 4108 1578; x_wconf 87' lang='lat' dir='ltr'><strong>sine</strong></span> <span class='ocrx_word' id='word_1_202' title='bbox 4157 1536 4326 1578; x_wconf 89' lang='lat' dir='ltr'><strong>causa</strong></span> <span class='ocrx_word' id='word_1_203' title='bbox 4371 1521 4518 1576; x_wconf 85' lang='lat' dir='ltr'><strong>idem</strong></span> 
     </span>
    </p>
   </div>
   <div class='ocr_carea' id='block_1_32' title="bbox 2909 1616 4520 1692">
    <p class='ocr_par' dir='ltr' id='par_1_32' title="bbox 2909 1616 4520 1692">
     <span class='ocr_line' id='line_1_32' title="bbox 2909 1616 4520 1692; baseline -0.007 -12"><span class='ocrx_word' id='word_1_204' title='bbox 2909 1625 3082 1680; x_wconf 88' lang='lat' dir='ltr'><strong>David</strong></span> <span class='ocrx_word' id='word_1_205' title='bbox 3121 1622 3492 1692; x_wconf 74' lang='lat' dir='ltr'><strong>poiimitarius</strong></span> <span class='ocrx_word' id='word_1_206' title='bbox 3522 1621 3756 1684; x_wconf 87' lang='lat' dir='ltr'><strong>dicitur;</strong></span> <span class='ocrx_word' id='word_1_207' title='bbox 3792 1621 3916 1687; x_wconf 87' lang='lat' dir='ltr'><strong>quia</strong></span> <span class='ocrx_word' id='word_1_208' title='bbox 3961 1627 4138 1672; x_wconf 87' lang='lat' dir='ltr'><strong>mater</strong></span> <span class='ocrx_word' id='word_1_209' title='bbox 4159 1617 4276 1687; x_wconf 73' lang='lat' dir='ltr'><strong>ejus</strong></span> <span class='ocrx_word' id='word_1_210' title='bbox 4315 1616 4382 1670; x_wconf 86' lang='lat' dir='ltr'><strong>de</strong></span> <span class='ocrx_word' id='word_1_211' title='bbox 4423 1630 4520 1685; x_wconf 74' lang='lat' dir='ltr'><strong>ge-</strong></span> 
     </span>
    </p>
   </div>
   <div class='ocr_carea' id='block_1_33' title="bbox 2915 1705 4520 1782">
    <p class='ocr_par' dir='ltr' id='par_1_33' title="bbox 2915 1705 4520 1782">
     <span class='ocr_line' id='line_1_33' title="bbox 2915 1705 4520 1782; baseline -0.009 -10"><span class='ocrx_word' id='word_1_212' title='bbox 2915 1731 3043 1772; x_wconf 87' lang='lat' dir='ltr'><strong>nere</strong></span> <span class='ocrx_word' id='word_1_213' title='bbox 3073 1715 3352 1770; x_wconf 84' lang='lat' dir='ltr'><strong>Beselehel</strong></span> <span class='ocrx_word' id='word_1_214' title='bbox 3389 1712 3621 1776; x_wconf 76' lang='lat' dir='ltr'><strong>exstitit,</strong></span> <span class='ocrx_word' id='word_1_215' title='bbox 3649 1712 3739 1782; x_wconf 91' lang='lat' dir='ltr'><strong>qui</strong></span> <span class='ocrx_word' id='word_1_216' title='bbox 3768 1710 4180 1766; x_wconf 82' lang='lat' dir='ltr'><strong>tabernaculum</strong></span> <span class='ocrx_word' id='word_1_217' title='bbox 4213 1706 4438 1761; x_wconf 67' lang='lat' dir='ltr'><strong>[dederis</strong></span> <span class='ocrx_word' id='word_1_218' title='bbox 4465 1705 4520 1758; x_wconf 89' lang='lat' dir='ltr'><strong>in</strong></span> 
     </span>
    </p>
   </div>
   <div class='ocr_carea' id='block_1_34' title="bbox 1291 1800 3623 1875">
    <p class='ocr_par' dir='ltr' id='par_1_34' title="bbox 1291 1800 3622 1874">
     <span class='ocr_line' id='line_1_34' title="bbox 1291 1800 3622 1874; baseline -0.002 -19"><span class='ocrx_word' id='word_1_219' title='bbox 1291 1822 1309 1855; x_wconf 78' lang='grc' dir='ltr'><strong>ι</strong></span> <span class='ocrx_word' id='word_1_220' title='bbox 1341 1801 1585 1874; x_wconf 86' lang='lat' dir='ltr'><strong>Cumque</strong></span> <span class='ocrx_word' id='word_1_221' title='bbox 1617 1802 1851 1858; x_wconf 85' lang='lat' dir='ltr'><strong>venisset</strong></span> <span class='ocrx_word' id='word_1_222' title='bbox 1874 1817 1967 1856; x_wconf 76' lang='lat' dir='ltr'><strong>rex</strong></span> <span class='ocrx_word' id='word_1_223' title='bbox 2001 1801 2168 1858; x_wconf 85' lang='lat' dir='ltr'><strong>David</strong></span> <span class='ocrx_word' id='word_1_224' title='bbox 2200 1805 2252 1855; x_wconf 83' lang='lat' dir='ltr'><strong>in</strong></span> <span class='ocrx_word' id='word_1_225' title='bbox 2289 1801 2650 1861; x_wconf 80' lang='lat' dir='ltr'><strong>Hierusalem.</strong></span> <span class='ocrx_word' id='word_1_226' title='bbox 2687 1801 2808 1853; x_wconf 88' lang='lat' dir='ltr'><strong>tulit</strong></span> <span class='ocrx_word' id='word_1_227' title='bbox 2842 1800 2882 1859; x_wconf 82' lang='grc' dir='ltr'><strong><em>Β</em></strong></span> <span class='ocrx_word' id='word_1_228' title='bbox 2914 1809 3133 1864; x_wconf 68' lang='lat' dir='ltr'><strong>deserto</strong></span> <span class='ocrx_word' id='word_1_229' title='bbox 3159 1806 3494 1869; x_wconf 64' lang='lat' dir='ltr'><strong>construxit,</strong></span> <span class='ocrx_word' id='word_1_230' title='bbox 3529 1806 3580 1858; x_wconf 84' lang='lat' dir='ltr'><strong>in</strong></span> <span class='ocrx_word' id='word_1_231' title='bbox 3611 1825 3622 1851; x_wconf 81' lang='grc' dir='ltr'><strong>ι</strong></span> 
     </span>
    </p>
   </div>
   <div class='ocr_carea' id='block_1_35' title="bbox 2187 1800 4519 1875">
    <p class='ocr_par' dir='ltr' id='par_1_35' title="bbox 2200 1800 4519 1875">
     <span class='ocr_line' id='line_1_35' title="bbox 2200 1800 4519 1875; baseline -0.006 -10"><span class='ocrx_word' id='word_1_232' title='bbox 2200 1805 2252 1855; x_wconf 71' lang='lat' dir='ltr'><strong>in</strong></span> <span class='ocrx_word' id='word_1_233' title='bbox 2289 1801 2650 1861; x_wconf 61' lang='lat' dir='ltr'><strong>Hierusalem-</strong></span> <span class='ocrx_word' id='word_1_234' title='bbox 2687 1801 2808 1853; x_wconf 73' lang='grc' dir='ltr'>ιιιιίῑ</span> <span class='ocrx_word' id='word_1_235' title='bbox 2842 1800 2882 1859; x_wconf 80' lang='grc' dir='ltr'>Β</span> <span class='ocrx_word' id='word_1_236' title='bbox 2914 1809 3133 1864; x_wconf 87' lang='lat' dir='ltr'><strong>deserto</strong></span> <span class='ocrx_word' id='word_1_237' title='bbox 3159 1806 3494 1869; x_wconf 72' lang='lat' dir='ltr'><strong>construxit,</strong></span> <span class='ocrx_word' id='word_1_238' title='bbox 3529 1806 3580 1858; x_wconf 90' lang='lat' dir='ltr'><strong>in</strong></span> <span class='ocrx_word' id='word_1_239' title='bbox 3611 1821 3718 1875; x_wconf 83' lang='lat' dir='ltr'><strong>quo</strong></span> <span class='ocrx_word' id='word_1_240' title='bbox 3752 1805 3916 1857; x_wconf 84' lang='lat' dir='ltr'><strong>etiam</strong></span> <span class='ocrx_word' id='word_1_241' title='bbox 3942 1801 4198 1856; x_wconf 87' lang='lat' dir='ltr'><strong>nonnulla</strong></span> <span class='ocrx_word' id='word_1_242' title='bbox 4243 1800 4519 1870; x_wconf 85' lang='lat' dir='ltr'><strong>polimita-</strong></span> 
     </span>
    </p>
   </div>
   <div class='ocr_carea' id='block_1_36' title="bbox 1207 1896 2809 1966">
    <p class='ocr_par' dir='ltr' id='par_1_36' title="bbox 1207 1896 2809 1966">
     <span class='ocr_line' id='line_1_36' title="bbox 1207 1896 2809 1966; baseline -0.004 -12"><span class='ocrx_word' id='word_1_243' title='bbox 1207 1897 1402 1954; x_wconf 80' lang='lat' dir='ltr'><strong>decem</strong></span> <span class='ocrx_word' id='word_1_244' title='bbox 1441 1897 1774 1952; x_wconf 89' lang='lat' dir='ltr'><strong>concubinas</strong></span> <span class='ocrx_word' id='word_1_245' title='bbox 1802 1911 1950 1960; x_wconf 89' lang='lat' dir='ltr'><strong>suas,</strong></span> <span class='ocrx_word' id='word_1_246' title='bbox 1975 1912 2115 1966; x_wconf 89' lang='lat' dir='ltr'><strong>quas</strong></span> <span class='ocrx_word' id='word_1_247' title='bbox 2162 1896 2458 1966; x_wconf 84' lang='lat' dir='ltr'><strong>reliquerat</strong></span> <span class='ocrx_word' id='word_1_248' title='bbox 2506 1896 2572 1949; x_wconf 88' lang='lat' dir='ltr'><strong>ad</strong></span> <span class='ocrx_word' id='word_1_249' title='bbox 2624 1904 2809 1949; x_wconf 66' lang='lat' dir='ltr'><strong>custoo</strong></span> 
     </span>
    </p>
   </div>
   <div class='ocr_carea' id='block_1_37' title="bbox 1210 1988 2808 2051">
    <p class='ocr_par' dir='ltr' id='par_1_37' title="bbox 1210 1988 2808 2051">
     <span class='ocr_line' id='line_1_37' title="bbox 1210 1988 2808 2051; baseline -0.004 -4"><span class='ocrx_word' id='word_1_250' title='bbox 1210 1991 1471 2047; x_wconf 83' lang='lat' dir='ltr'><strong>diendam</strong></span> <span class='ocrx_word' id='word_1_251' title='bbox 1498 1990 1717 2043; x_wconf 87' lang='lat' dir='ltr'><strong>domum</strong></span> <span class='ocrx_word' id='word_1_252' title='bbox 1741 1998 1795 2043; x_wconf 89' lang='lat' dir='ltr'><strong>et</strong></span> <span class='ocrx_word' id='word_1_253' title='bbox 1833 1988 2053 2043; x_wconf 87' lang='lat' dir='ltr'><strong>tradidit</strong></span> <span class='ocrx_word' id='word_1_254' title='bbox 2085 2004 2180 2045; x_wconf 86' lang='lat' dir='ltr'><strong>eas</strong></span> <span class='ocrx_word' id='word_1_255' title='bbox 2237 1989 2288 2042; x_wconf 91' lang='lat' dir='ltr'><strong>in</strong></span> <span class='ocrx_word' id='word_1_256' title='bbox 2339 1988 2672 2051; x_wconf 85' lang='lat' dir='ltr'><strong>custodiam;</strong></span> <span class='ocrx_word' id='word_1_257' title='bbox 2710 2003 2808 2041; x_wconf 92' lang='lat' dir='ltr'><strong>nec</strong></span> 
     </span>
    </p>
   </div>
   <div class='ocr_carea' id='block_1_38' title="bbox 1208 2077 2810 2154">
    <p class='ocr_par' dir='ltr' id='par_1_38' title="bbox 1208 2077 2810 2154">
     <span class='ocr_line' id='line_1_38' title="bbox 1208 2077 2810 2154; baseline -0.004 -14"><span class='ocrx_word' id='word_1_258' title='bbox 1208 2095 1298 2140; x_wconf 78' lang='lat' dir='ltr'><strong>est</strong></span> <span class='ocrx_word' id='word_1_259' title='bbox 1345 2084 1624 2154; x_wconf 81' lang='lat' dir='ltr'><strong>ingressus</strong></span> <span class='ocrx_word' id='word_1_260' title='bbox 1669 2080 1736 2134; x_wconf 89' lang='lat' dir='ltr'><strong>ad</strong></span> <span class='ocrx_word' id='word_1_261' title='bbox 1786 2097 1901 2143; x_wconf 84' lang='lat' dir='ltr'><strong>eas,</strong></span> <span class='ocrx_word' id='word_1_262' title='bbox 1967 2082 2060 2134; x_wconf 89' lang='lat' dir='ltr'><strong>sed</strong></span> <span class='ocrx_word' id='word_1_263' title='bbox 2093 2089 2253 2134; x_wconf 87' lang='lat' dir='ltr'><strong>erant</strong></span> <span class='ocrx_word' id='word_1_264' title='bbox 2299 2079 2496 2134; x_wconf 69' lang='lat' dir='ltr'><strong>clausa:</strong></span> <span class='ocrx_word' id='word_1_265' title='bbox 2528 2091 2698 2148; x_wconf 87' lang='lat' dir='ltr'><strong>usque</strong></span> <span class='ocrx_word' id='word_1_266' title='bbox 2741 2077 2810 2133; x_wconf 88' lang='lat' dir='ltr'><strong>ad</strong></span> 
     </span>
    </p>
   </div>
   <div class='ocr_carea' id='block_1_39' title="bbox 1209 2170 2803 2243">
    <p class='ocr_par' dir='ltr' id='par_1_39' title="bbox 1209 2170 2803 2243">
     <span class='ocr_line' id='line_1_39' title="bbox 1209 2170 2803 2243; baseline -0.005 -12"><span class='ocrx_word' id='word_1_267' title='bbox 1209 2176 1354 2232; x_wconf 88' lang='lat' dir='ltr'><strong>diem</strong></span> <span class='ocrx_word' id='word_1_268' title='bbox 1381 2176 1576 2230; x_wconf 87' lang='lat' dir='ltr'><strong>mortis</strong></span> <span class='ocrx_word' id='word_1_269' title='bbox 1603 2190 1714 2230; x_wconf 81' lang='lat' dir='ltr'><strong>sua:</strong></span> <span class='ocrx_word' id='word_1_270' title='bbox 1740 2176 1792 2229; x_wconf 90' lang='lat' dir='ltr'><strong>in</strong></span> <span class='ocrx_word' id='word_1_271' title='bbox 1817 2174 2076 2229; x_wconf 88' lang='lat' dir='ltr'><strong>viduitate</strong></span> <span class='ocrx_word' id='word_1_272' title='bbox 2099 2175 2341 2229; x_wconf 85' lang='lat' dir='ltr'><strong>viventes</strong></span> <span class='ocrx_word' id='word_1_273' title='bbox 2371 2171 2452 2243; x_wconf 91' lang='lat' dir='ltr'><strong>(II</strong></span> <span class='ocrx_word' id='word_1_274' title='bbox 2488 2171 2615 2242; x_wconf 80' lang='lat' dir='ltr'><strong>Reg.</strong></span> <span class='ocrx_word' id='word_1_275' title='bbox 2656 2170 2803 2241; x_wconf 53' lang='lat' dir='ltr'><strong>xx)»</strong></span> 
     </span>
    </p>
   </div>
   <div class='ocr_carea' id='block_1_40' title="bbox 1209 2264 2809 2336">
    <p class='ocr_par' dir='ltr' id='par_1_40' title="bbox 1209 2264 2809 2336">
     <span class='ocr_line' id='line_1_40' title="bbox 1209 2264 2809 2336; baseline -0.005 -12"><span class='ocrx_word' id='word_1_276' title='bbox 1209 2264 1538 2324; x_wconf 68' lang='lat' dir='ltr'><strong>concubinae</strong></span> <span class='ocrx_word' id='word_1_277' title='bbox 1568 2281 1689 2336; x_wconf 71' lang='lat' dir='ltr'><strong>qua:</strong></span> <span class='ocrx_word' id='word_1_278' title='bbox 1731 2282 1836 2320; x_wconf 86' lang='lat' dir='ltr'><strong>non</strong></span> <span class='ocrx_word' id='word_1_279' title='bbox 1875 2274 2166 2335; x_wconf 82' lang='lat' dir='ltr'><strong>sequentes</strong></span> <span class='ocrx_word' id='word_1_280' title='bbox 2215 2265 2385 2319; x_wconf 89' lang='lat' dir='ltr'><strong>David</strong></span> <span class='ocrx_word' id='word_1_281' title='bbox 2423 2264 2648 2318; x_wconf 89' lang='lat' dir='ltr'><strong>domum</strong></span> <span class='ocrx_word' id='word_1_282' title='bbox 2690 2277 2809 2317; x_wconf 86' lang='lat' dir='ltr'><strong>ser-</strong></span> 
     </span>
    </p>
   </div>
   <div class='ocr_carea' id='block_1_41' title="bbox 1212 2354 2806 2428">
    <p class='ocr_par' dir='ltr' id='par_1_41' title="bbox 1212 2354 2806 2428">
     <span class='ocr_line' id='line_1_41' title="bbox 1212 2354 2806 2428; baseline -0.001 -16"><span class='ocrx_word' id='word_1_283' title='bbox 1212 2364 1367 2423; x_wconf 85' lang='lat' dir='ltr'><strong>vant,</strong></span> <span class='ocrx_word' id='word_1_284' title='bbox 1400 2359 1455 2412; x_wconf 91' lang='lat' dir='ltr'><strong>hi</strong></span> <span class='ocrx_word' id='word_1_285' title='bbox 1485 2358 1732 2428; x_wconf 89' lang='lat' dir='ltr'><strong>suntqui</strong></span> <span class='ocrx_word' id='word_1_286' title='bbox 1767 2359 1818 2412; x_wconf 89' lang='lat' dir='ltr'><strong>in</strong></span> <span class='ocrx_word' id='word_1_287' title='bbox 1845 2359 2042 2413; x_wconf 87' lang='lat' dir='ltr'><strong>veteris</strong></span> <span class='ocrx_word' id='word_1_288' title='bbox 2084 2356 2242 2428; x_wconf 78' lang='lat' dir='ltr'><strong>Legis</strong></span> <span class='ocrx_word' id='word_1_289' title='bbox 2279 2354 2524 2412; x_wconf 89' lang='lat' dir='ltr'><strong>custodia</strong></span> <span class='ocrx_word' id='word_1_290' title='bbox 2561 2368 2806 2425; x_wconf 81' lang='lat' dir='ltr'><strong>perseve-</strong></span> 
     </span>
    </p>
   </div>
   <div class='ocr_carea' id='block_1_42' title="bbox 1213 2444 2810 2519">
    <p class='ocr_par' dir='ltr' id='par_1_42' title="bbox 1213 2444 2810 2519">
     <span class='ocr_line' id='line_1_42' title="bbox 1213 2444 2810 2519; baseline -0.004 -14"><span class='ocrx_word' id='word_1_291' title='bbox 1213 2460 1357 2506; x_wconf 73' lang='lat' dir='ltr'><strong>rant.</strong></span> <span class='ocrx_word' id='word_1_292' title='bbox 1387 2449 1463 2504; x_wconf 92' lang='lat' dir='ltr'><strong>De</strong></span> <span class='ocrx_word' id='word_1_293' title='bbox 1493 2450 1689 2519; x_wconf 83' lang='lat' dir='ltr'><strong>quibus</strong></span> <span class='ocrx_word' id='word_1_294' title='bbox 1719 2448 1963 2519; x_wconf 83' lang='lat' dir='ltr'><strong>profecto</strong></span> <span class='ocrx_word' id='word_1_295' title='bbox 2005 2448 2330 2505; x_wconf 85' lang='lat' dir='ltr'><strong>concubinis</strong></span> <span class='ocrx_word' id='word_1_296' title='bbox 2350 2447 2588 2502; x_wconf 90' lang='lat' dir='ltr'><strong>dicitur:</strong></span> <span class='ocrx_word' id='word_1_297' title='bbox 2621 2465 2642 2498; x_wconf 70' lang='grc' dir='ltr'><em>ς</em></span> <span class='ocrx_word' id='word_1_298' title='bbox 2673 2444 2810 2512; x_wconf 82' lang='lat' dir='ltr'><strong>Quia</strong></span> 
     </span>
    </p>
   </div>
   <div class='ocr_carea' id='block_1_43' title="bbox 1211 2539 2814 2614">
    <p class='ocr_par' dir='ltr' id='par_1_43' title="bbox 1211 2539 2814 2614">
     <span class='ocr_line' id='line_1_43' title="bbox 1211 2539 2814 2614; baseline -0.004 -16"><span class='ocrx_word' id='word_1_299' title='bbox 1211 2541 1283 2598; x_wconf 85' lang='lat' dir='ltr'><strong>de</strong></span> <span class='ocrx_word' id='word_1_300' title='bbox 1311 2551 1514 2597; x_wconf 68' lang='lat' dir='ltr'><strong>caetero</strong></span> <span class='ocrx_word' id='word_1_301' title='bbox 1537 2557 1643 2596; x_wconf 88' lang='lat' dir='ltr'><strong>non</strong></span> <span class='ocrx_word' id='word_1_302' title='bbox 1665 2554 1748 2596; x_wconf 90' lang='lat' dir='ltr'><strong>est</strong></span> <span class='ocrx_word' id='word_1_303' title='bbox 1773 2541 1940 2596; x_wconf 87' lang='lat' dir='ltr'><strong>David</strong></span> <span class='ocrx_word' id='word_1_304' title='bbox 1964 2542 2244 2614; x_wconf 80' lang='lat' dir='ltr'><strong>ingressus</strong></span> <span class='ocrx_word' id='word_1_305' title='bbox 2266 2542 2332 2596; x_wconf 90' lang='lat' dir='ltr'><strong>ad</strong></span> <span class='ocrx_word' id='word_1_306' title='bbox 2357 2555 2451 2596; x_wconf 87' lang='lat' dir='ltr'><strong>eas</strong></span> <span class='ocrx_word' id='word_1_307' title='bbox 2483 2562 2494 2594; x_wconf 92' lang='lat'>:</span> <span class='ocrx_word' id='word_1_308' title='bbox 2522 2539 2629 2596; x_wconf 87' lang='lat' dir='ltr'><strong>Sed</strong></span> <span class='ocrx_word' id='word_1_309' title='bbox 2656 2547 2814 2594; x_wconf 87' lang='lat' dir='ltr'><strong>erant</strong></span> 
     </span>
    </p>
   </div>
   <div class='ocr_carea' id='block_1_44' title="bbox 1211 2631 2814 2703">
    <p class='ocr_par' dir='ltr' id='par_1_44' title="bbox 1211 2631 2814 2703">
     <span class='ocr_line' id='line_1_44' title="bbox 1211 2631 2814 2703; baseline -0.006 -10"><span class='ocrx_word' id='word_1_310' title='bbox 1211 2632 1414 2693; x_wconf 65' lang='lat' dir='ltr'><strong>clausae</strong></span> <span class='ocrx_word' id='word_1_311' title='bbox 1446 2647 1616 2703; x_wconf 89' lang='lat' dir='ltr'><strong>usque</strong></span> <span class='ocrx_word' id='word_1_312' title='bbox 1647 2633 1702 2688; x_wconf 91' lang='lat' dir='ltr'><strong>in</strong></span> <span class='ocrx_word' id='word_1_313' title='bbox 1743 2633 1884 2688; x_wconf 91' lang='lat' dir='ltr'><strong>diem</strong></span> <span class='ocrx_word' id='word_1_314' title='bbox 1907 2633 2100 2688; x_wconf 89' lang='lat' dir='ltr'><strong>mortis</strong></span> <span class='ocrx_word' id='word_1_315' title='bbox 2128 2647 2240 2687; x_wconf 72' lang='lat' dir='ltr'><strong>suae</strong></span> <span class='ocrx_word' id='word_1_316' title='bbox 2264 2631 2317 2686; x_wconf 91' lang='lat' dir='ltr'><strong>in</strong></span> <span class='ocrx_word' id='word_1_317' title='bbox 2340 2631 2605 2688; x_wconf 85' lang='lat' dir='ltr'><strong>viduitate</strong></span> <span class='ocrx_word' id='word_1_318' title='bbox 2628 2631 2814 2684; x_wconf 73' lang='lat' dir='ltr'><strong>viven-</strong></span> 
     </span>
    </p>
   </div>
   <div class='ocr_carea' id='block_1_45' title="bbox 1211 2722 2813 2793">
    <p class='ocr_par' dir='ltr' id='par_1_45' title="bbox 1211 2722 2813 2793">
     <span class='ocr_line' id='line_1_45' title="bbox 1211 2722 2813 2793; baseline -0.002 -13"><span class='ocrx_word' id='word_1_319' title='bbox 1211 2735 1317 2780; x_wconf 77' lang='lat' dir='ltr'><strong>tes.</strong></span> <span class='ocrx_word' id='word_1_320' title='bbox 1350 2743 1368 2776; x_wconf 77' lang='grc' dir='ltr'><strong>ι</strong></span> <span class='ocrx_word' id='word_1_321' title='bbox 1402 2723 1571 2779; x_wconf 75' lang='lat' dir='ltr'><strong>Judazi</strong></span> <span class='ocrx_word' id='word_1_322' title='bbox 1601 2724 1758 2793; x_wconf 90' lang='lat' dir='ltr'><strong>plane</strong></span> <span class='ocrx_word' id='word_1_323' title='bbox 1793 2739 1936 2779; x_wconf 66' lang='lat' dir='ltr'><strong>(tunc</strong></span> <span class='ocrx_word' id='word_1_324' title='bbox 1959 2723 2130 2778; x_wconf 85' lang='lat' dir='ltr'><strong>clausi</strong></span> <span class='ocrx_word' id='word_1_325' title='bbox 2171 2732 2301 2778; x_wconf 90' lang='lat' dir='ltr'><strong>sunt</strong></span> <span class='ocrx_word' id='word_1_326' title='bbox 2339 2731 2396 2778; x_wconf 91' lang='lat' dir='ltr'><strong>et</strong></span> <span class='ocrx_word' id='word_1_327' title='bbox 2439 2722 2496 2777; x_wconf 88' lang='lat' dir='ltr'><strong>in</strong></span> <span class='ocrx_word' id='word_1_328' title='bbox 2545 2722 2813 2777; x_wconf 84' lang='lat' dir='ltr'><strong>viduitate</strong></span> 
     </span>
    </p>
   </div>
   <div class='ocr_carea' id='block_1_46' title="bbox 1213 2814 2812 2884">
    <p class='ocr_par' dir='ltr' id='par_1_46' title="bbox 1213 2814 2812 2884">
     <span class='ocr_line' id='line_1_46' title="bbox 1213 2814 2812 2884; baseline -0.001 -13"><span class='ocrx_word' id='word_1_329' title='bbox 1213 2814 1404 2871; x_wconf 76' lang='lat' dir='ltr'><strong>vivunt</strong></span> <span class='ocrx_word' id='word_1_330' title='bbox 1427 2814 1685 2884; x_wconf 88' lang='lat' dir='ltr'><strong>quoniam</strong></span> <span class='ocrx_word' id='word_1_331' title='bbox 1702 2815 1768 2867; x_wconf 91' lang='lat' dir='ltr'><strong>ad</strong></span> <span class='ocrx_word' id='word_1_332' title='bbox 1799 2815 1974 2868; x_wconf 86' lang='lat' dir='ltr'><strong>virum</strong></span> <span class='ocrx_word' id='word_1_333' title='bbox 2005 2827 2208 2869; x_wconf 65' lang='lat' dir='ltr'><strong>sanctae</strong></span> <span class='ocrx_word' id='word_1_334' title='bbox 2235 2814 2490 2870; x_wconf 77' lang='lat' dir='ltr'><strong>Ecclesia:</strong></span> <span class='ocrx_word' id='word_1_335' title='bbox 2513 2828 2622 2870; x_wconf 87' lang='lat' dir='ltr'><strong>non</strong></span> <span class='ocrx_word' id='word_1_336' title='bbox 2655 2829 2812 2869; x_wconf 83' lang='lat' dir='ltr'><strong>acce-</strong></span> 
     </span>
    </p>
   </div>
   <div class='ocr_carea' id='block_1_47' title="bbox 1214 2903 2812 2976">
    <p class='ocr_par' dir='ltr' id='par_1_47' title="bbox 1214 2903 2812 2976">
     <span class='ocr_line' id='line_1_47' title="bbox 1214 2903 2812 2976; baseline -0.002 -14"><span class='ocrx_word' id='word_1_337' title='bbox 1214 2904 1376 2970; x_wconf 84' lang='lat' dir='ltr'><strong>dunt,</strong></span> <span class='ocrx_word' id='word_1_338' title='bbox 1408 2919 1510 2960; x_wconf 90' lang='lat' dir='ltr'><strong>nec</strong></span> <span class='ocrx_word' id='word_1_339' title='bbox 1545 2906 1610 2958; x_wconf 91' lang='lat' dir='ltr'><strong>ad</strong></span> <span class='ocrx_word' id='word_1_340' title='bbox 1639 2920 1734 2960; x_wconf 90' lang='lat' dir='ltr'><strong>eos</strong></span> <span class='ocrx_word' id='word_1_341' title='bbox 1763 2904 2000 2961; x_wconf 65' lang='lat' dir='ltr'><strong>calestis</strong></span> <span class='ocrx_word' id='word_1_342' title='bbox 2053 2905 2143 2960; x_wconf 90' lang='lat' dir='ltr'><strong>ille</strong></span> <span class='ocrx_word' id='word_1_343' title='bbox 2191 2903 2437 2975; x_wconf 85' lang='lat' dir='ltr'><strong>Sponsus</strong></span> <span class='ocrx_word' id='word_1_344' title='bbox 2484 2904 2812 2976; x_wconf 76' lang='lat' dir='ltr'><strong>ingreditur,</strong></span> 
     </span>
    </p>
   </div>
   <div class='ocr_carea' id='block_1_48' title="bbox 1215 2983 2814 3070">
    <p class='ocr_par' dir='ltr' id='par_1_48' title="bbox 1215 2983 2814 3070">
     <span class='ocr_line' id='line_1_48' title="bbox 1215 2983 2814 3070; baseline -0.001 -16"><span class='ocrx_word' id='word_1_345' title='bbox 1215 2998 1341 3070; x_wconf 79' lang='lat' dir='ltr'><strong>quia</strong></span> <span class='ocrx_word' id='word_1_346' title='bbox 1375 3008 1632 3068; x_wconf 82' lang='lat' dir='ltr'><strong>tanquam</strong></span> <span class='ocrx_word' id='word_1_347' title='bbox 1666 2998 2001 3054; x_wconf 86' lang='lat' dir='ltr'><strong>mulierculis</strong></span> <span class='ocrx_word' id='word_1_348' title='bbox 2031 3014 2059 3051; x_wconf 84' lang='lat' dir='ltr'><strong>a</strong></span> <span class='ocrx_word' id='word_1_349' title='bbox 2091 2983 2304 3054; x_wconf 84' lang='lat' dir='ltr'><strong>diabolo</strong></span> <span class='ocrx_word' id='word_1_350' title='bbox 2325 2998 2634 3069; x_wconf 86' lang='lat' dir='ltr'><strong>prostitutis</strong></span> <span class='ocrx_word' id='word_1_351' title='bbox 2654 3013 2814 3052; x_wconf 90' lang='lat' dir='ltr'><strong>suum</strong></span> 
     </span>
    </p>
   </div>
   <div class='ocr_carea' id='block_1_49' title="bbox 1214 3087 2855 3160">
    <p class='ocr_par' dir='ltr' id='par_1_49' title="bbox 1214 3087 2855 3160">
     <span class='ocr_line' id='line_1_49' title="bbox 1214 3087 2855 3160; baseline -0.001 -16"><span class='ocrx_word' id='word_1_352' title='bbox 1214 3090 1460 3160; x_wconf 66' lang='lat' dir='ltr'><strong>praebete</strong></span> <span class='ocrx_word' id='word_1_353' title='bbox 1485 3089 1902 3144; x_wconf 85' lang='lat' dir='ltr'><strong>contubernium</strong></span> <span class='ocrx_word' id='word_1_354' title='bbox 1937 3089 2260 3160; x_wconf 76' lang='lat' dir='ltr'><strong>dedignatur</strong></span> <span class='ocrx_word' id='word_1_355' title='bbox 2286 3089 2496 3160; x_wconf 85' lang='lat' dir='ltr'><strong>eisque,</strong></span> <span class='ocrx_word' id='word_1_356' title='bbox 2529 3089 2652 3158; x_wconf 88' lang='lat' dir='ltr'><strong>quia</strong></span> <span class='ocrx_word' id='word_1_357' title='bbox 2700 3087 2815 3158; x_wconf 89' lang='lat' dir='ltr'><strong>pol-</strong></span> <span class='ocrx_word' id='word_1_358' title='bbox 2853 3140 2855 3143; x_wconf 77' lang='grc'>,</span> 
     </span>
    </p>
   </div>
   <div class='ocr_carea' id='block_1_50' title="bbox 1215 3157 2887 3248">
    <p class='ocr_par' dir='ltr' id='par_1_50' title="bbox 1215 3157 2887 3248">
     <span class='ocr_line' id='line_1_50' title="bbox 1215 3157 2887 3248; baseline -0.001 -16"><span class='ocrx_word' id='word_1_359' title='bbox 1215 3157 1317 3233; x_wconf 78' lang='lat' dir='ltr'><strong>luti</strong></span> <span class='ocrx_word' id='word_1_360' title='bbox 1349 3186 1478 3234; x_wconf 88' lang='lat' dir='ltr'><strong>sunt</strong></span> <span class='ocrx_word' id='word_1_361' title='bbox 1506 3193 1602 3248; x_wconf 86' lang='lat' dir='ltr'><strong>per</strong></span> <span class='ocrx_word' id='word_1_362' title='bbox 1636 3178 1982 3242; x_wconf 82' lang='lat' dir='ltr'><strong>adulterium,</strong></span> <span class='ocrx_word' id='word_1_363' title='bbox 2037 3157 2246 3247; x_wconf 80' lang='lat' dir='ltr'><strong>repudii</strong></span> <span class='ocrx_word' id='word_1_364' title='bbox 2291 3157 2403 3234; x_wconf 30' lang='lat' dir='ltr'><strong>dati</strong></span> <span class='ocrx_word' id='word_1_365' title='bbox 2439 3157 2711 3233; x_wconf 82' lang='lat' dir='ltr'><strong>libellum.</strong></span> <span class='ocrx_word' id='word_1_366' title='bbox 2747 3177 2814 3232; x_wconf 81' lang='lat' dir='ltr'><strong>Et</strong></span> <span class='ocrx_word' id='word_1_367' title='bbox 2843 3157 2887 3217; x_wconf 62' lang='grc' dir='ltr'><strong>(ἶ</strong></span> 
     </span>
    </p>
   </div>
   <div class='ocr_carea' id='block_1_51' title="bbox 1217 3269 2812 3339">
    <p class='ocr_par' dir='ltr' id='par_1_51' title="bbox 1217 3269 2812 3339">
     <span class='ocr_line' id='line_1_51' title="bbox 1217 3269 2812 3339; baseline -0.001 -14"><span class='ocrx_word' id='word_1_368' title='bbox 1217 3269 1302 3325; x_wconf 70' lang='lat' dir='ltr'><strong>lue</strong></span> <span class='ocrx_word' id='word_1_369' title='bbox 1351 3284 1472 3339; x_wconf 72' lang='lat' dir='ltr'><strong>qua:</strong></span> <span class='ocrx_word' id='word_1_370' title='bbox 1509 3285 1616 3324; x_wconf 89' lang='lat' dir='ltr'><strong>non</strong></span> <span class='ocrx_word' id='word_1_371' title='bbox 1665 3279 1969 3339; x_wconf 89' lang='lat' dir='ltr'><strong>sequuntur</strong></span> <span class='ocrx_word' id='word_1_372' title='bbox 2004 3270 2180 3324; x_wconf 87' lang='lat' dir='ltr'><strong>virum</strong></span> <span class='ocrx_word' id='word_1_373' title='bbox 2221 3269 2416 3326; x_wconf 87' lang='lat' dir='ltr'><strong>merito</strong></span> <span class='ocrx_word' id='word_1_374' title='bbox 2461 3269 2812 3334; x_wconf 74' lang='lat' dir='ltr'><strong>concubinae,</strong></span> 
     </span>
    </p>
   </div>
   <div class='ocr_carea' id='block_1_52' title="bbox 1217 3359 2814 3430">
    <p class='ocr_par' dir='ltr' id='par_1_52' title="bbox 1217 3359 2814 3430">
     <span class='ocr_line' id='line_1_52' title="bbox 1217 3359 2814 3430; baseline -0.002 -14"><span class='ocrx_word' id='word_1_375' title='bbox 1217 3373 1322 3416; x_wconf 83' lang='lat' dir='ltr'><strong>nec</strong></span> <span class='ocrx_word' id='word_1_376' title='bbox 1348 3369 1617 3416; x_wconf 88' lang='lat' dir='ltr'><strong>vocantur</strong></span> <span class='ocrx_word' id='word_1_377' title='bbox 1654 3375 1872 3424; x_wconf 75' lang='lat' dir='ltr'><strong>uxores,</strong></span> <span class='ocrx_word' id='word_1_378' title='bbox 1899 3359 2048 3430; x_wconf 79' lang='lat' dir='ltr'><strong>quia,</strong></span> <span class='ocrx_word' id='word_1_379' title='bbox 2073 3359 2235 3413; x_wconf 86' lang='lat' dir='ltr'><strong>dotali</strong></span> <span class='ocrx_word' id='word_1_380' title='bbox 2271 3359 2475 3414; x_wconf 65' lang='lat' dir='ltr'><strong>[tradere</strong></span> <span class='ocrx_word' id='word_1_381' title='bbox 2501 3376 2564 3415; x_wconf 85' lang='lat' dir='ltr'><strong>ac</strong></span> <span class='ocrx_word' id='word_1_382' title='bbox 2587 3359 2814 3430; x_wconf 82' lang='lat' dir='ltr'><strong>nuptiali</strong></span> 
     </span>
    </p>
   </div>
   <div class='ocr_carea' id='block_1_53' title="bbox 1218 3451 2813 3524">
    <p class='ocr_par' dir='ltr' id='par_1_53' title="bbox 1218 3451 2813 3524">
     <span class='ocr_line' id='line_1_53' title="bbox 1218 3451 2813 3524; baseline -0.001 -17"><span class='ocrx_word' id='word_1_383' title='bbox 1218 3451 1414 3522; x_wconf 79' lang='lat' dir='ltr'><strong>eOpula</strong></span> <span class='ocrx_word' id='word_1_384' title='bbox 1448 3467 1672 3522; x_wconf 89' lang='lat' dir='ltr'><strong>prorsus</strong></span> <span class='ocrx_word' id='word_1_385' title='bbox 1702 3453 1957 3524; x_wconf 71' lang='lat' dir='ltr'><strong>indignae,</strong></span> <span class='ocrx_word' id='word_1_386' title='bbox 1999 3467 2106 3507; x_wconf 87' lang='lat' dir='ltr'><strong>non</strong></span> <span class='ocrx_word' id='word_1_387' title='bbox 2142 3451 2285 3507; x_wconf 86' lang='lat' dir='ltr'><strong>illam</strong></span> <span class='ocrx_word' id='word_1_388' title='bbox 2325 3453 2543 3522; x_wconf 87' lang='lat' dir='ltr'><strong>pariunt</strong></span> <span class='ocrx_word' id='word_1_389' title='bbox 2571 3451 2813 3507; x_wconf 73' lang='lat' dir='ltr'><strong>sobolem</strong></span> 
     </span>
    </p>
   </div>
   <div class='ocr_carea' id='block_1_54' title="bbox 1217 3543 2813 3616">
    <p class='ocr_par' dir='ltr' id='par_1_54' title="bbox 1217 3543 2813 3616">
     <span class='ocr_line' id='line_1_54' title="bbox 1217 3543 2813 3616; baseline 0.001 -21"><span class='ocrx_word' id='word_1_390' title='bbox 1217 3557 1338 3613; x_wconf 78' lang='lat' dir='ltr'><strong>qua:</strong></span> <span class='ocrx_word' id='word_1_391' title='bbox 1373 3555 1613 3614; x_wconf 81' lang='lat' dir='ltr'><strong>paternae</strong></span> <span class='ocrx_word' id='word_1_392' title='bbox 1661 3543 2060 3600; x_wconf 79' lang='lat' dir='ltr'><strong>benedictionis</strong></span> <span class='ocrx_word' id='word_1_393' title='bbox 2101 3545 2376 3616; x_wconf 81' lang='lat' dir='ltr'><strong>possideat</strong></span> <span class='ocrx_word' id='word_1_394' title='bbox 2419 3545 2813 3599; x_wconf 56' lang='lat' dir='ltr'><strong>hereditatem.</strong></span> 
     </span>
    </p>
   </div>
   <div class='ocr_carea' id='block_1_55' title="bbox 1220 3631 2815 3691">
    <p class='ocr_par' dir='ltr' id='par_1_55' title="bbox 1220 3631 2815 3691">
     <span class='ocr_line' id='line_1_55' title="bbox 1220 3631 2815 3691; baseline -0.001 -2"><span class='ocrx_word' id='word_1_395' title='bbox 1220 3631 1387 3689; x_wconf 77' lang='lat' dir='ltr'><strong>Nobis</strong></span> <span class='ocrx_word' id='word_1_396' title='bbox 1409 3645 1588 3688; x_wconf 88' lang='lat' dir='ltr'><strong>autem</strong></span> <span class='ocrx_word' id='word_1_397' title='bbox 1649 3635 1958 3690; x_wconf 88' lang='lat' dir='ltr'><strong>econtrario</strong></span> <span class='ocrx_word' id='word_1_398' title='bbox 2011 3635 2211 3691; x_wconf 89' lang='lat' dir='ltr'><strong>dicitur</strong></span> <span class='ocrx_word' id='word_1_399' title='bbox 2245 3653 2260 3689; x_wconf 89' lang='lat'><strong>:</strong></span> <span class='ocrx_word' id='word_1_400' title='bbox 2289 3653 2308 3686; x_wconf 77' lang='grc' dir='ltr'><strong>ι</strong></span> <span class='ocrx_word' id='word_1_401' title='bbox 2355 3633 2413 3690; x_wconf 89' lang='lat' dir='ltr'><strong>ln</strong></span> <span class='ocrx_word' id='word_1_402' title='bbox 2470 3634 2574 3690; x_wconf 89' lang='lat' dir='ltr'><strong>hoc</strong></span> <span class='ocrx_word' id='word_1_403' title='bbox 2635 3633 2815 3690; x_wconf 86' lang='lat' dir='ltr'><strong>vocati</strong></span> 
     </span>
    </p>
   </div>
   <div class='ocr_carea' id='block_1_56' title="bbox 1217 3724 2812 3798">
    <p class='ocr_par' dir='ltr' id='par_1_56' title="bbox 1217 3724 2812 3798">
     <span class='ocr_line' id='line_1_56' title="bbox 1217 3724 2812 3798; baseline -0.002 -16"><span class='ocrx_word' id='word_1_404' title='bbox 1217 3727 1374 3793; x_wconf 72' lang='lat' dir='ltr'><strong>estis,</strong></span> <span class='ocrx_word' id='word_1_405' title='bbox 1422 3736 1482 3781; x_wconf 93' lang='lat' dir='ltr'><strong>ut</strong></span> <span class='ocrx_word' id='word_1_406' title='bbox 1526 3727 1962 3784; x_wconf 80' lang='lat' dir='ltr'><strong>benedictionem</strong></span> <span class='ocrx_word' id='word_1_407' title='bbox 2015 3726 2333 3783; x_wconf 76' lang='lat' dir='ltr'><strong>luereJitate</strong></span> <span class='ocrx_word' id='word_1_408' title='bbox 2381 3725 2708 3797; x_wconf 80' lang='lat' dir='ltr'><strong>possideatis</strong></span> <span class='ocrx_word' id='word_1_409' title='bbox 2761 3724 2812 3798; x_wconf 90' lang='grc' dir='ltr'><strong>(ι</strong></span> 
     </span>
    </p>
   </div>
   <div class='ocr_carea' id='block_1_57' title="bbox 1223 3813 2822 3891">
    <p class='ocr_par' dir='ltr' id='par_1_57' title="bbox 1223 3813 2822 3891">
     <span class='ocr_line' id='line_1_57' title="bbox 1223 3813 2822 3891; baseline -0.001 -19"><span class='ocrx_word' id='word_1_410' title='bbox 1223 3813 1369 3875; x_wconf 68' lang='lat' dir='ltr'><strong>Patr.</strong></span> <span class='ocrx_word' id='word_1_411' title='bbox 1410 3818 1516 3891; x_wconf 89' lang='grc' dir='ltr'>ιιι).</span> <span class='ocrx_word' id='word_1_412' title='bbox 1548 3839 1565 3869; x_wconf 75' lang='grc' dir='ltr'><strong>ι</strong></span> <span class='ocrx_word' id='word_1_413' title='bbox 1600 3816 1738 3873; x_wconf 82' lang='lat' dir='ltr'><strong>Nam</strong></span> <span class='ocrx_word' id='word_1_414' title='bbox 1786 3830 1840 3876; x_wconf 84' lang='lat' dir='ltr'><strong>et</strong></span> <span class='ocrx_word' id='word_1_415' title='bbox 1874 3819 2016 3874; x_wconf 88' lang='lat' dir='ltr'><strong>idem</strong></span> <span class='ocrx_word' id='word_1_416' title='bbox 2054 3817 2186 3874; x_wconf 89' lang='lat' dir='ltr'><strong>dicit</strong></span> <span class='ocrx_word' id='word_1_417' title='bbox 2234 3817 2527 3888; x_wconf 83' lang='lat' dir='ltr'><strong>Apostolus</strong></span> <span class='ocrx_word' id='word_1_418' title='bbox 2555 3834 2571 3871; x_wconf 89' lang='lat'><strong>:</strong></span> <span class='ocrx_word' id='word_1_419' title='bbox 2601 3836 2619 3868; x_wconf 75' lang='grc' dir='ltr'><strong>ι</strong></span> <span class='ocrx_word' id='word_1_420' title='bbox 2648 3815 2822 3888; x_wconf 85' lang='lat' dir='ltr'><strong>Igitur</strong></span> 
     </span>
    </p>
   </div>
   <div class='ocr_carea' id='block_1_58' title="bbox 1218 3909 2815 3978">
    <p class='ocr_par' dir='ltr' id='par_1_58' title="bbox 1218 3909 2815 3978">
     <span class='ocr_line' id='line_1_58' title="bbox 1218 3909 2815 3978; baseline 0 -15"><span class='ocrx_word' id='word_1_421' title='bbox 1218 3909 1310 3978; x_wconf 87' lang='lat' dir='ltr'><strong>qui</strong></span> <span class='ocrx_word' id='word_1_422' title='bbox 1338 3923 1405 3964; x_wconf 79' lang='lat' dir='ltr'><strong>ex</strong></span> <span class='ocrx_word' id='word_1_423' title='bbox 1436 3910 1539 3966; x_wconf 73' lang='lat' dir='ltr'><strong>title</strong></span> <span class='ocrx_word' id='word_1_424' title='bbox 1566 3921 1714 3974; x_wconf 88' lang='lat' dir='ltr'><strong>sunt,</strong></span> <span class='ocrx_word' id='word_1_425' title='bbox 1745 3910 2133 3966; x_wconf 82' lang='lat' dir='ltr'><strong>benedicentur</strong></span> <span class='ocrx_word' id='word_1_426' title='bbox 2162 3924 2286 3965; x_wconf 89' lang='lat' dir='ltr'><strong>cum</strong></span> <span class='ocrx_word' id='word_1_427' title='bbox 2331 3909 2477 3966; x_wconf 70' lang='lat' dir='ltr'><strong>fideli</strong></span> <span class='ocrx_word' id='word_1_428' title='bbox 2515 3909 2815 3965; x_wconf 82' lang='lat' dir='ltr'><strong>Abraham.</strong></span> 
     </span>
    </p>
   </div>
   <div class='ocr_carea' id='block_1_59' title="bbox 1220 3996 2818 4072">
    <p class='ocr_par' dir='ltr' id='par_1_59' title="bbox 1220 3996 2818 4072">
     <span class='ocr_line' id='line_1_59' title="bbox 1220 3996 2818 4072; baseline 0.003 -22"><span class='ocrx_word' id='word_1_429' title='bbox 1220 3996 1541 4069; x_wconf 81' lang='lat' dir='ltr'><strong>Quicunque</strong></span> <span class='ocrx_word' id='word_1_430' title='bbox 1568 4008 1748 4054; x_wconf 78' lang='lat' dir='ltr'><strong>auten</strong></span> <span class='ocrx_word' id='word_1_431' title='bbox 1778 4015 1841 4054; x_wconf 81' lang='lat' dir='ltr'><strong>ex</strong></span> <span class='ocrx_word' id='word_1_432' title='bbox 1870 4000 2128 4070; x_wconf 84' lang='lat' dir='ltr'><strong>operibus</strong></span> <span class='ocrx_word' id='word_1_433' title='bbox 2155 3999 2292 4072; x_wconf 82' lang='lat' dir='ltr'><strong>legis</strong></span> <span class='ocrx_word' id='word_1_434' title='bbox 2329 4007 2479 4066; x_wconf 81' lang='lat' dir='ltr'><strong>sunt,</strong></span> <span class='ocrx_word' id='word_1_435' title='bbox 2517 4001 2618 4056; x_wconf 84' lang='lat' dir='ltr'><strong>sub</strong></span> <span class='ocrx_word' id='word_1_436' title='bbox 2649 3999 2818 4054; x_wconf 78' lang='lat' dir='ltr'><strong>male-</strong></span> 
     </span>
    </p>
   </div>
   <div class='ocr_carea' id='block_1_60' title="bbox 1216 4088 1891 4162">
    <p class='ocr_par' dir='ltr' id='par_1_60' title="bbox 1216 4088 1891 4162">
     <span class='ocr_line' id='line_1_60' title="bbox 1216 4088 1891 4162; baseline -0.006 -16"><span class='ocrx_word' id='word_1_437' title='bbox 1216 4089 1367 4146; x_wconf 79' lang='lat' dir='ltr'><strong>dicto</strong></span> <span class='ocrx_word' id='word_1_438' title='bbox 1392 4099 1519 4146; x_wconf 87' lang='lat' dir='ltr'><strong>sunt</strong></span> <span class='ocrx_word' id='word_1_439' title='bbox 1543 4088 1685 4162; x_wconf 75' lang='lat' dir='ltr'><strong>(Cal.</strong></span> <span class='ocrx_word' id='word_1_440' title='bbox 1723 4097 1826 4162; x_wconf 83' lang='lat' dir='ltr'><strong>in).</strong></span> <span class='ocrx_word' id='word_1_441' title='bbox 1871 4110 1891 4142; x_wconf 75' lang='grc' dir='ltr'><strong>ι</strong></span> 
     </span>
    </p>
   </div>
   <div class='ocr_carea' id='block_1_61' title="bbox 1720 4181 2305 4276">
    <p class='ocr_par' dir='ltr' id='par_1_61' title="bbox 1720 4181 2305 4276">
     <span class='ocr_line' id='line_1_61' title="bbox 1720 4181 2305 4276; baseline 0 -14"><span class='ocrx_word' id='word_1_442' title='bbox 1720 4205 1884 4276; x_wconf 67' lang='lat' dir='ltr'><strong>zoo</strong></span> <span class='ocrx_word' id='word_1_443' title='bbox 1916 4181 2147 4264; x_wconf 59' lang='lat' dir='ltr'><strong>citetur</strong></span> <span class='ocrx_word' id='word_1_444' title='bbox 2186 4206 2305 4263; x_wconf 83' lang='lat' dir='ltr'><strong>xv.</strong></span> 
     </span>
    </p>
   </div>
   <div class='ocr_carea' id='block_1_62' title="bbox 1291 4298 2746 4374">
    <p class='ocr_par' dir='ltr' id='par_1_62' title="bbox 1291 4298 2746 4374">
     <span class='ocr_line' id='line_1_62' title="bbox 1291 4298 2746 4374; baseline -0.001 -19"><span class='ocrx_word' id='word_1_445' title='bbox 1291 4298 1365 4356; x_wconf 70' lang='grc' dir='ltr'><strong>1η</strong></span> <span class='ocrx_word' id='word_1_446' title='bbox 1396 4298 1614 4369; x_wconf 76' lang='lat' dir='ltr'><strong>epistola</strong></span> <span class='ocrx_word' id='word_1_447' title='bbox 1637 4301 1706 4354; x_wconf 84' lang='lat' dir='ltr'><strong>ad</strong></span> <span class='ocrx_word' id='word_1_448' title='bbox 1731 4301 2053 4374; x_wconf 74' lang='lat' dir='ltr'><strong>Albericum,</strong></span> <span class='ocrx_word' id='word_1_449' title='bbox 2087 4304 2142 4356; x_wconf 80' lang='lat' dir='ltr'><strong>in</strong></span> <span class='ocrx_word' id='word_1_450' title='bbox 2172 4303 2351 4374; x_wconf 56' lang='grc' dir='ltr'><strong>φιανεί</strong></span> <span class='ocrx_word' id='word_1_451' title='bbox 2385 4318 2544 4372; x_wconf 78' lang='lat' dir='ltr'><strong>super</strong></span> <span class='ocrx_word' id='word_1_452' title='bbox 2569 4301 2746 4356; x_wconf 61' lang='lat' dir='ltr'><strong>deem</strong></span> 
     </span>
    </p>
   </div>
   <div class='ocr_carea' id='block_1_63' title="bbox 1669 4372 2367 4443">
    <p class='ocr_par' dir='ltr' id='par_1_63' title="bbox 1669 4372 2367 4443">
     <span class='ocr_line' id='line_1_63' title="bbox 1669 4372 2367 4443; baseline 0.003 -18"><span class='ocrx_word' id='word_1_453' title='bbox 1669 4372 2044 4441; x_wconf 71' lang='lat' dir='ltr'><strong>quwstionibur</strong></span> <span class='ocrx_word' id='word_1_454' title='bbox 2074 4372 2367 4443; x_wconf 72' lang='lat' dir='ltr'><strong>respondet.</strong></span> 
     </span>
    </p>
   </div>
   <div class='ocr_carea' id='block_1_64' title="bbox 1297 4459 2815 4535">
    <p class='ocr_par' dir='ltr' id='par_1_64' title="bbox 1297 4459 2815 4535">
     <span class='ocr_line' id='line_1_64' title="bbox 1297 4459 2815 4535; baseline 0.003 -20"><span class='ocrx_word' id='word_1_455' title='bbox 1297 4478 1320 4515; x_wconf 74' lang='grc' dir='ltr'><strong>ι</strong></span> <span class='ocrx_word' id='word_1_456' title='bbox 1345 4459 1514 4517; x_wconf 81' lang='lat' dir='ltr'><strong>David</strong></span> <span class='ocrx_word' id='word_1_457' title='bbox 1540 4463 1881 4532; x_wconf 82' lang='lat' dir='ltr'><strong>postmodum</strong></span> <span class='ocrx_word' id='word_1_458' title='bbox 1913 4479 2019 4520; x_wconf 89' lang='lat' dir='ltr'><strong>non</strong></span> <span class='ocrx_word' id='word_1_459' title='bbox 2052 4473 2136 4518; x_wconf 89' lang='lat' dir='ltr'><strong>est</strong></span> <span class='ocrx_word' id='word_1_460' title='bbox 2172 4465 2450 4535; x_wconf 81' lang='lat' dir='ltr'><strong>ingressus</strong></span> <span class='ocrx_word' id='word_1_461' title='bbox 2477 4465 2542 4519; x_wconf 89' lang='lat' dir='ltr'><strong>ad</strong></span> <span class='ocrx_word' id='word_1_462' title='bbox 2579 4480 2695 4528; x_wconf 89' lang='lat' dir='ltr'><strong>eas,</strong></span> <span class='ocrx_word' id='word_1_463' title='bbox 2721 4464 2815 4519; x_wconf 84' lang='lat' dir='ltr'><strong>sed</strong></span> 
     </span>
    </p>
   </div>
   <div class='ocr_carea' id='block_1_65' title="bbox 2913 1895 4516 1969">
    <p class='ocr_par' dir='ltr' id='par_1_65' title="bbox 2913 1895 4516 1969">
     <span class='ocr_line' id='line_1_65' title="bbox 2913 1895 4516 1969; baseline -0.006 -14"><span class='ocrx_word' id='word_1_464' title='bbox 2913 1903 2992 1956; x_wconf 90' lang='lat' dir='ltr'><strong>ria</strong></span> <span class='ocrx_word' id='word_1_465' title='bbox 3021 1899 3340 1969; x_wconf 82' lang='lat' dir='ltr'><strong>operatione</strong></span> <span class='ocrx_word' id='word_1_466' title='bbox 3377 1899 3678 1952; x_wconf 63' lang='lat' dir='ltr'><strong>contexuit.</strong></span> <span class='ocrx_word' id='word_1_467' title='bbox 3721 1895 4109 1958; x_wconf 84' lang='lat' dir='ltr'><strong>Bethlecmites</strong></span> <span class='ocrx_word' id='word_1_468' title='bbox 4144 1908 4364 1964; x_wconf 78' lang='lat' dir='ltr'><strong>quoque</strong></span> <span class='ocrx_word' id='word_1_469' title='bbox 4408 1908 4516 1947; x_wconf 80' lang='lat' dir='ltr'><strong>non</strong></span> 
     </span>
    </p>
   </div>
   <div class='ocr_carea' id='block_1_66' title="bbox 2914 1985 4521 2061">
    <p class='ocr_par' dir='ltr' id='par_1_66' title="bbox 2914 1985 4521 2061">
     <span class='ocr_line' id='line_1_66' title="bbox 2914 1985 4521 2061; baseline -0.007 -14"><span class='ocrx_word' id='word_1_470' title='bbox 2914 1993 3211 2061; x_wconf 78' lang='lat' dir='ltr'><strong>incongrue</strong></span> <span class='ocrx_word' id='word_1_471' title='bbox 3250 1990 3471 2053; x_wconf 87' lang='lat' dir='ltr'><strong>dicitur,</strong></span> <span class='ocrx_word' id='word_1_472' title='bbox 3501 1988 3626 2058; x_wconf 83' lang='lat' dir='ltr'><strong>quia</strong></span> <span class='ocrx_word' id='word_1_473' title='bbox 3656 2001 3685 2042; x_wconf 90' lang='lat' dir='ltr'><strong>a</strong></span> <span class='ocrx_word' id='word_1_474' title='bbox 3719 1985 3910 2041; x_wconf 81' lang='lat' dir='ltr'><strong>Noemi</strong></span> <span class='ocrx_word' id='word_1_475' title='bbox 3943 1985 4096 2042; x_wconf 74' lang='lat' dir='ltr'><strong>duxit</strong></span> <span class='ocrx_word' id='word_1_476' title='bbox 4141 1986 4435 2056; x_wconf 83' lang='lat' dir='ltr'><strong>originem,</strong></span> <span class='ocrx_word' id='word_1_477' title='bbox 4462 1993 4521 2036; x_wconf 89' lang='lat' dir='ltr'><strong>et</strong></span> 
     </span>
    </p>
   </div>
   <div class='ocr_carea' id='block_1_67' title="bbox 2913 2076 4522 2150">
    <p class='ocr_par' dir='ltr' id='par_1_67' title="bbox 2913 2076 4522 2150">
     <span class='ocr_line' id='line_1_67' title="bbox 2913 2076 4522 2150; baseline -0.006 -10"><span class='ocrx_word' id='word_1_478' title='bbox 2913 2086 2982 2141; x_wconf 91' lang='lat' dir='ltr'><strong>de</strong></span> <span class='ocrx_word' id='word_1_479' title='bbox 3006 2084 3284 2139; x_wconf 85' lang='lat' dir='ltr'><strong>Bethleem</strong></span> <span class='ocrx_word' id='word_1_480' title='bbox 3319 2081 3814 2150; x_wconf 81' lang='lat' dir='ltr'><strong>fueranttcmpore</strong></span> <span class='ocrx_word' id='word_1_481' title='bbox 3865 2076 4027 2132; x_wconf 82' lang='lat' dir='ltr'><strong>fatuis</strong></span> <span class='ocrx_word' id='word_1_482' title='bbox 4075 2092 4310 2148; x_wconf 72' lang='lat' dir='ltr'><strong>cgressze</strong></span> <span class='ocrx_word' id='word_1_483' title='bbox 4355 2084 4522 2144; x_wconf 85' lang='lat' dir='ltr'><strong>atque</strong></span> 
     </span>
    </p>
   </div>
   <div class='ocr_carea' id='block_1_68' title="bbox 2915 2168 4520 2237">
    <p class='ocr_par' dir='ltr' id='par_1_68' title="bbox 2915 2168 4520 2237">
     <span class='ocr_line' id='line_1_68' title="bbox 2915 2168 4520 2237; baseline -0.006 -7"><span class='ocrx_word' id='word_1_484' title='bbox 2915 2176 2983 2231; x_wconf 76' lang='lat' dir='ltr'><strong>ad</strong></span> <span class='ocrx_word' id='word_1_485' title='bbox 3024 2173 3274 2230; x_wconf 89' lang='lat' dir='ltr'><strong>eamdem</strong></span> <span class='ocrx_word' id='word_1_486' title='bbox 3317 2170 3602 2226; x_wconf 82' lang='lat' dir='ltr'><strong>Bethleem</strong></span> <span class='ocrx_word' id='word_1_487' title='bbox 3648 2179 3796 2234; x_wconf 90' lang='lat' dir='ltr'><strong>sunt,</strong></span> <span class='ocrx_word' id='word_1_488' title='bbox 3829 2168 4217 2224; x_wconf 78' lang='lat' dir='ltr'><strong>reﬂorescente</strong></span> <span class='ocrx_word' id='word_1_489' title='bbox 4267 2177 4520 2237; x_wconf 82' lang='lat' dir='ltr'><strong>postmo-</strong></span> 
     </span>
    </p>
   </div>
   <div class='ocr_carea' id='block_1_69' title="bbox 2914 2260 4524 2331">
    <p class='ocr_par' dir='ltr' id='par_1_69' title="bbox 2914 2260 4524 2331">
     <span class='ocr_line' id='line_1_69' title="bbox 2914 2260 4524 2331; baseline -0.007 -8"><span class='ocrx_word' id='word_1_490' title='bbox 2914 2269 3042 2323; x_wconf 89' lang='lat' dir='ltr'><strong>dum</strong></span> <span class='ocrx_word' id='word_1_491' title='bbox 3075 2267 3347 2331; x_wconf 62' lang='lat' dir='ltr'><strong>ubertate,</strong></span> <span class='ocrx_word' id='word_1_492' title='bbox 3377 2264 3636 2318; x_wconf 67' lang='lat' dir='ltr'><strong>reductae.</strong></span> <span class='ocrx_word' id='word_1_493' title='bbox 3669 2261 3825 2328; x_wconf 89' lang='lat' dir='ltr'><strong>Quod</strong></span> <span class='ocrx_word' id='word_1_494' title='bbox 3851 2270 4033 2316; x_wconf 87' lang='lat' dir='ltr'><strong>autem</strong></span> <span class='ocrx_word' id='word_1_495' title='bbox 4053 2260 4368 2315; x_wconf 78' lang='lat' dir='ltr'><strong>Adeodatus</strong></span> <span class='ocrx_word' id='word_1_496' title='bbox 4388 2273 4524 2315; x_wconf 82' lang='lat' dir='ltr'><strong>cum</strong></span> 
     </span>
    </p>
   </div>
   <div class='ocr_carea' id='block_1_70' title="bbox 2917 2350 4525 2423">
    <p class='ocr_par' dir='ltr' id='par_1_70' title="bbox 2917 2350 4525 2423">
     <span class='ocr_line' id='line_1_70' title="bbox 2917 2350 4525 2423; baseline -0.005 -11"><span class='ocrx_word' id='word_1_497' title='bbox 2917 2357 3169 2412; x_wconf 87' lang='lat' dir='ltr'><strong>omnibus</strong></span> <span class='ocrx_word' id='word_1_498' title='bbox 3195 2355 3308 2411; x_wconf 88' lang='lat' dir='ltr'><strong>suis</strong></span> <span class='ocrx_word' id='word_1_499' title='bbox 3331 2355 3418 2409; x_wconf 87' lang='lat' dir='ltr'><strong>his</strong></span> <span class='ocrx_word' id='word_1_500' title='bbox 3439 2353 3744 2422; x_wconf 80' lang='lat' dir='ltr'><strong>adjectivis,</strong></span> <span class='ocrx_word' id='word_1_501' title='bbox 3775 2353 3892 2423; x_wconf 84' lang='lat' dir='ltr'><strong>ipse</strong></span> <span class='ocrx_word' id='word_1_502' title='bbox 3915 2351 4292 2422; x_wconf 88' lang='lat' dir='ltr'><strong>proculdubio</strong></span> <span class='ocrx_word' id='word_1_503' title='bbox 4316 2350 4389 2407; x_wconf 85' lang='lat' dir='ltr'><strong>sit</strong></span> <span class='ocrx_word' id='word_1_504' title='bbox 4412 2350 4525 2405; x_wconf 84' lang='lat' dir='ltr'><strong>Da-</strong></span> 
     </span>
    </p>
   </div>
   <div class='ocr_carea' id='block_1_71' title="bbox 2918 2441 4528 2516">
    <p class='ocr_par' dir='ltr' id='par_1_71' title="bbox 2918 2441 4528 2516">
     <span class='ocr_line' id='line_1_71' title="bbox 2918 2441 4528 2516; baseline -0.003 -15"><span class='ocrx_word' id='word_1_505' title='bbox 2918 2449 3028 2511; x_wconf 88' lang='lat' dir='ltr'><strong>vid.</strong></span> <span class='ocrx_word' id='word_1_506' title='bbox 3059 2448 3340 2516; x_wconf 70' lang='lat' dir='ltr'><strong>sequentia</strong></span> <span class='ocrx_word' id='word_1_507' title='bbox 3387 2446 3688 2509; x_wconf 79' lang='lat' dir='ltr'><strong>declarant,</strong></span> <span class='ocrx_word' id='word_1_508' title='bbox 3733 2444 3828 2499; x_wconf 87' lang='lat' dir='ltr'><strong>ubi</strong></span> <span class='ocrx_word' id='word_1_509' title='bbox 3879 2443 4084 2499; x_wconf 84' lang='lat' dir='ltr'><strong>dicitur</strong></span> <span class='ocrx_word' id='word_1_510' title='bbox 4114 2459 4127 2496; x_wconf 91' lang='lat'><strong>:</strong></span> <span class='ocrx_word' id='word_1_511' title='bbox 4166 2462 4184 2494; x_wconf 75' lang='grc' dir='ltr'><strong>ι</strong></span> <span class='ocrx_word' id='word_1_512' title='bbox 4215 2441 4254 2496; x_wconf 91' lang='lat' dir='ltr'><strong>li</strong></span> <span class='ocrx_word' id='word_1_513' title='bbox 4285 2441 4528 2512; x_wconf 78' lang='lat' dir='ltr'><strong>quatuor</strong></span> 
     </span>
    </p>
   </div>
   <div class='ocr_carea' id='block_1_72' title="bbox 2917 2533 4532 2608">
    <p class='ocr_par' dir='ltr' id='par_1_72' title="bbox 2917 2533 4532 2608">
     <span class='ocr_line' id='line_1_72' title="bbox 2917 2533 4532 2608; baseline -0.006 -12"><span class='ocrx_word' id='word_1_514' title='bbox 2917 2539 3032 2596; x_wconf 89' lang='lat' dir='ltr'><strong>nati</strong></span> <span class='ocrx_word' id='word_1_515' title='bbox 3056 2550 3184 2593; x_wconf 90' lang='lat' dir='ltr'><strong>sunt</strong></span> <span class='ocrx_word' id='word_1_516' title='bbox 3209 2540 3277 2593; x_wconf 87' lang='lat' dir='ltr'><strong>de</strong></span> <span class='ocrx_word' id='word_1_517' title='bbox 3302 2538 3522 2608; x_wconf 79' lang='lat' dir='ltr'><strong>Arapha</strong></span> <span class='ocrx_word' id='word_1_518' title='bbox 3553 2537 3606 2591; x_wconf 91' lang='lat' dir='ltr'><strong>in</strong></span> <span class='ocrx_word' id='word_1_519' title='bbox 3651 2535 3816 2602; x_wconf 84' lang='lat' dir='ltr'><strong>Gcth,</strong></span> <span class='ocrx_word' id='word_1_520' title='bbox 3864 2545 3918 2590; x_wconf 90' lang='lat' dir='ltr'><strong>et</strong></span> <span class='ocrx_word' id='word_1_521' title='bbox 3967 2535 4283 2591; x_wconf 86' lang='lat' dir='ltr'><strong>ceciderunt</strong></span> <span class='ocrx_word' id='word_1_522' title='bbox 4319 2533 4374 2589; x_wconf 90' lang='lat' dir='ltr'><strong>in</strong></span> <span class='ocrx_word' id='word_1_523' title='bbox 4409 2547 4532 2588; x_wconf 87' lang='lat' dir='ltr'><strong>ma-</strong></span> 
     </span>
    </p>
   </div>
   <div class='ocr_carea' id='block_1_73' title="bbox 2917 2624 4532 2700">
    <p class='ocr_par' dir='ltr' id='par_1_73' title="bbox 2917 2624 4532 2700">
     <span class='ocr_line' id='line_1_73' title="bbox 2917 2624 4532 2700; baseline -0.006 -11"><span class='ocrx_word' id='word_1_524' title='bbox 2917 2648 3048 2689; x_wconf 87' lang='lat' dir='ltr'><strong>num</strong></span> <span class='ocrx_word' id='word_1_525' title='bbox 3091 2629 3262 2686; x_wconf 88' lang='lat' dir='ltr'><strong>David</strong></span> <span class='ocrx_word' id='word_1_526' title='bbox 3319 2639 3376 2686; x_wconf 91' lang='lat' dir='ltr'><strong>et</strong></span> <span class='ocrx_word' id='word_1_527' title='bbox 3420 2645 3705 2686; x_wconf 89' lang='lat' dir='ltr'><strong>servorum</strong></span> <span class='ocrx_word' id='word_1_528' title='bbox 3750 2629 3870 2700; x_wconf 78' lang='lat' dir='ltr'><strong>ejus</strong></span> <span class='ocrx_word' id='word_1_529' title='bbox 3917 2627 4131 2698; x_wconf 62' lang='lat' dir='ltr'><strong>(Mitt).</strong></span> <span class='ocrx_word' id='word_1_530' title='bbox 4168 2647 4187 2680; x_wconf 76' lang='grc' dir='ltr'><strong>ι</strong></span> <span class='ocrx_word' id='word_1_531' title='bbox 4218 2626 4366 2682; x_wconf 83' lang='lat' dir='ltr'><strong>Sane</strong></span> <span class='ocrx_word' id='word_1_532' title='bbox 4390 2624 4532 2697; x_wconf 79' lang='lat' dir='ltr'><strong>quid</strong></span> 
     </span>
    </p>
   </div>
   <div class='ocr_carea' id='block_1_74' title="bbox 2915 2714 4526 2794">
    <p class='ocr_par' dir='ltr' id='par_1_74' title="bbox 2915 2714 4526 2794">
     <span class='ocr_line' id='line_1_74' title="bbox 2915 2714 4526 2794; baseline -0.003 -17"><span class='ocrx_word' id='word_1_533' title='bbox 2915 2721 3085 2778; x_wconf 88' lang='lat' dir='ltr'><strong>etiam</strong></span> <span class='ocrx_word' id='word_1_534' title='bbox 3110 2738 3210 2794; x_wconf 87' lang='lat' dir='ltr'><strong>per</strong></span> <span class='ocrx_word' id='word_1_535' title='bbox 3239 2721 3355 2777; x_wconf 65' lang='lat' dir='ltr'><strong>haec</strong></span> <span class='ocrx_word' id='word_1_536' title='bbox 3389 2720 3622 2792; x_wconf 82' lang='lat' dir='ltr'><strong>mystice</strong></span> <span class='ocrx_word' id='word_1_537' title='bbox 3653 2719 3993 2790; x_wconf 79' lang='lat' dir='ltr'><strong>signiﬁcetur</strong></span> <span class='ocrx_word' id='word_1_538' title='bbox 4026 2727 4385 2789; x_wconf 71' lang='lat' dir='ltr'><strong>“exponerem,</strong></span> <span class='ocrx_word' id='word_1_539' title='bbox 4415 2714 4526 2772; x_wconf 73' lang='lat' dir='ltr'><strong>nisi</strong></span> 
     </span>
    </p>
   </div>
   <div class='ocr_carea' id='block_1_75' title="bbox 2917 2809 4528 2884">
    <p class='ocr_par' dir='ltr' id='par_1_75' title="bbox 2917 2809 4528 2884">
     <span class='ocr_line' id='line_1_75' title="bbox 2917 2809 4528 2884; baseline -0.003 -16"><span class='ocrx_word' id='word_1_540' title='bbox 2917 2815 3065 2884; x_wconf 91' lang='lat' dir='ltr'><strong>quod</strong></span> <span class='ocrx_word' id='word_1_541' title='bbox 3095 2816 3448 2884; x_wconf 88' lang='lat' dir='ltr'><strong>perspicuum</strong></span> <span class='ocrx_word' id='word_1_542' title='bbox 3476 2822 3562 2866; x_wconf 90' lang='lat' dir='ltr'><strong>cst</strong></span> <span class='ocrx_word' id='word_1_543' title='bbox 3591 2810 3905 2882; x_wconf 81' lang='lat' dir='ltr'><strong>epistolaris</strong></span> <span class='ocrx_word' id='word_1_544' title='bbox 3951 2810 4085 2865; x_wconf 87' lang='lat' dir='ltr'><strong>mihi</strong></span> <span class='ocrx_word' id='word_1_545' title='bbox 4125 2809 4369 2866; x_wconf 79' lang='lat' dir='ltr'><strong>brevitas</strong></span> <span class='ocrx_word' id='word_1_546' title='bbox 4396 2821 4528 2881; x_wconf 89' lang='lat' dir='ltr'><strong>pro-</strong></span> 
     </span>
    </p>
   </div>
   <div class='ocr_carea' id='block_1_76' title="bbox 2918 2900 4534 2975">
    <p class='ocr_par' dir='ltr' id='par_1_76' title="bbox 2918 2900 4534 2975">
     <span class='ocr_line' id='line_1_76' title="bbox 2918 2900 4534 2975; baseline -0.004 -15"><span class='ocrx_word' id='word_1_547' title='bbox 2918 2905 3152 2961; x_wconf 87' lang='lat' dir='ltr'><strong>hiberet.</strong></span> <span class='ocrx_word' id='word_1_548' title='bbox 3193 2903 3354 2960; x_wconf 76' lang='lat' dir='ltr'><strong>Juxta</strong></span> <span class='ocrx_word' id='word_1_549' title='bbox 3387 2904 3677 2975; x_wconf 79' lang='lat' dir='ltr'><strong>mysticum</strong></span> <span class='ocrx_word' id='word_1_550' title='bbox 3731 2902 3943 2958; x_wconf 77' lang='lat' dir='ltr'><strong>scilicet</strong></span> <span class='ocrx_word' id='word_1_551' title='bbox 3993 2901 4362 2963; x_wconf 76' lang='lat' dir='ltr'><strong>intellectura,</strong></span> <span class='ocrx_word' id='word_1_552' title='bbox 4412 2900 4534 2955; x_wconf 71' lang='lat' dir='ltr'><strong>hate</strong></span> 
     </span>
    </p>
   </div>
   <div class='ocr_carea' id='block_1_77' title="bbox 2917 2991 4530 3064">
    <p class='ocr_par' dir='ltr' id='par_1_77' title="bbox 2917 2991 4530 3064">
     <span class='ocr_line' id='line_1_77' title="bbox 2917 2991 4530 3064; baseline -0.007 -10"><span class='ocrx_word' id='word_1_553' title='bbox 2917 2999 3100 3054; x_wconf 87' lang='lat' dir='ltr'><strong>omnia</strong></span> <span class='ocrx_word' id='word_1_554' title='bbox 3125 2997 3440 3053; x_wconf 86' lang='lat' dir='ltr'><strong>releruutur</strong></span> <span class='ocrx_word' id='word_1_555' title='bbox 3465 2997 3531 3051; x_wconf 91' lang='lat' dir='ltr'><strong>ad</strong></span> <span class='ocrx_word' id='word_1_556' title='bbox 3563 2995 3865 3051; x_wconf 87' lang='lat' dir='ltr'><strong>Christum.</strong></span> <span class='ocrx_word' id='word_1_557' title='bbox 3921 2993 4038 3064; x_wconf 85' lang='lat' dir='ltr'><strong>Ipse</strong></span> <span class='ocrx_word' id='word_1_558' title='bbox 4077 2995 4225 3049; x_wconf 80' lang='lat' dir='ltr'><strong>enim</strong></span> <span class='ocrx_word' id='word_1_559' title='bbox 4249 2991 4530 3047; x_wconf 77' lang='lat' dir='ltr'><strong>.Adeoda-</strong></span> 
     </span>
    </p>
   </div>
   <div class='ocr_carea' id='block_1_78' title="bbox 2920 3079 4531 3157">
    <p class='ocr_par' dir='ltr' id='par_1_78' title="bbox 2920 3079 4531 3157">
     <span class='ocr_line' id='line_1_78' title="bbox 2920 3079 4531 3157; baseline -0.003 -17"><span class='ocrx_word' id='word_1_560' title='bbox 2920 3096 3007 3144; x_wconf 91' lang='lat' dir='ltr'><strong>tus</strong></span> <span class='ocrx_word' id='word_1_561' title='bbox 3035 3097 3141 3152; x_wconf 90' lang='lat' dir='ltr'><strong>est,</strong></span> <span class='ocrx_word' id='word_1_562' title='bbox 3175 3088 3243 3142; x_wconf 90' lang='lat' dir='ltr'><strong>de</strong></span> <span class='ocrx_word' id='word_1_563' title='bbox 3282 3104 3390 3157; x_wconf 89' lang='lat' dir='ltr'><strong>quo</strong></span> <span class='ocrx_word' id='word_1_564' title='bbox 3437 3079 3533 3155; x_wconf 84' lang='lat' dir='ltr'><strong>per</strong></span> <span class='ocrx_word' id='word_1_565' title='bbox 3576 3085 3772 3140; x_wconf 87' lang='lat' dir='ltr'><strong>lsaiam</strong></span> <span class='ocrx_word' id='word_1_566' title='bbox 3824 3086 4068 3140; x_wconf 86' lang='lat' dir='ltr'><strong>dicitur:</strong></span> <span class='ocrx_word' id='word_1_567' title='bbox 4103 3103 4121 3135; x_wconf 75' lang='grc' dir='ltr'><strong>ι</strong></span> <span class='ocrx_word' id='word_1_568' title='bbox 4168 3082 4313 3138; x_wconf 82' lang='lat' dir='ltr'><strong>Puer</strong></span> <span class='ocrx_word' id='word_1_569' title='bbox 4365 3092 4531 3136; x_wconf 79' lang='lat' dir='ltr'><strong>natus</strong></span> 
     </span>
    </p>
   </div>
   <div class='ocr_carea' id='block_1_79' title="bbox 2918 3173 4533 3249">
    <p class='ocr_par' dir='ltr' id='par_1_79' title="bbox 2918 3173 4533 3249">
     <span class='ocr_line' id='line_1_79' title="bbox 2918 3173 4533 3249; baseline -0.002 -14"><span class='ocrx_word' id='word_1_570' title='bbox 2918 3189 3004 3235; x_wconf 92' lang='lat' dir='ltr'><strong>est</strong></span> <span class='ocrx_word' id='word_1_571' title='bbox 3031 3181 3210 3245; x_wconf 89' lang='lat' dir='ltr'><strong>nobis,</strong></span> <span class='ocrx_word' id='word_1_572' title='bbox 3243 3190 3298 3234; x_wconf 88' lang='lat' dir='ltr'><strong>et</strong></span> <span class='ocrx_word' id='word_1_573' title='bbox 3343 3179 3484 3234; x_wconf 84' lang='lat' dir='ltr'><strong>[ilius</strong></span> <span class='ocrx_word' id='word_1_574' title='bbox 3534 3179 3693 3234; x_wconf 85' lang='lat' dir='ltr'><strong>datus</strong></span> <span class='ocrx_word' id='word_1_575' title='bbox 3729 3188 3814 3234; x_wconf 90' lang='lat' dir='ltr'><strong>est</strong></span> <span class='ocrx_word' id='word_1_576' title='bbox 3854 3177 4015 3233; x_wconf 86' lang='lat' dir='ltr'><strong>nobis</strong></span> <span class='ocrx_word' id='word_1_577' title='bbox 4060 3176 4197 3249; x_wconf 72' lang='lat' dir='ltr'><strong>(Ira.</strong></span> <span class='ocrx_word' id='word_1_578' title='bbox 4230 3177 4330 3246; x_wconf 75' lang='lat' dir='ltr'><strong>ix).</strong></span> <span class='ocrx_word' id='word_1_579' title='bbox 4368 3195 4386 3227; x_wconf 78' lang='grc' dir='ltr'><strong>ι</strong></span> <span class='ocrx_word' id='word_1_580' title='bbox 4423 3173 4533 3242; x_wconf 81' lang='lat' dir='ltr'><strong>Qui</strong></span> 
     </span>
    </p>
   </div>
   <div class='ocr_carea' id='block_1_80' title="bbox 2919 3267 4532 3342">
    <p class='ocr_par' dir='ltr' id='par_1_80' title="bbox 2919 3267 4532 3342">
     <span class='ocr_line' id='line_1_80' title="bbox 2919 3267 4532 3342; baseline -0.005 -12"><span class='ocrx_word' id='word_1_581' title='bbox 2919 3273 3064 3330; x_wconf 83' lang='lat' dir='ltr'><strong>ﬁlius</strong></span> <span class='ocrx_word' id='word_1_582' title='bbox 3092 3274 3264 3329; x_wconf 86' lang='lat' dir='ltr'><strong>saltus</strong></span> <span class='ocrx_word' id='word_1_583' title='bbox 3294 3289 3402 3327; x_wconf 90' lang='lat' dir='ltr'><strong>non</strong></span> <span class='ocrx_word' id='word_1_584' title='bbox 3434 3273 3736 3342; x_wconf 80' lang='lat' dir='ltr'><strong>incongrue</strong></span> <span class='ocrx_word' id='word_1_585' title='bbox 3776 3271 4000 3333; x_wconf 83' lang='lat' dir='ltr'><strong>dicitur,</strong></span> <span class='ocrx_word' id='word_1_586' title='bbox 4032 3271 4290 3340; x_wconf 80' lang='lat' dir='ltr'><strong>quoniam</strong></span> <span class='ocrx_word' id='word_1_587' title='bbox 4330 3284 4397 3324; x_wconf 79' lang='lat' dir='ltr'><strong>ex</strong></span> <span class='ocrx_word' id='word_1_588' title='bbox 4435 3267 4532 3323; x_wconf 82' lang='lat' dir='ltr'><strong>Ju-</strong></span> 
     </span>
    </p>
   </div>
   <div class='ocr_carea' id='block_1_81' title="bbox 2918 3360 4530 3435">
    <p class='ocr_par' dir='ltr' id='par_1_81' title="bbox 2918 3360 4530 3435">
     <span class='ocr_line' id='line_1_81' title="bbox 2918 3360 4530 3435; baseline -0.004 -15"><span class='ocrx_word' id='word_1_589' title='bbox 2918 3366 3052 3421; x_wconf 75' lang='lat' dir='ltr'><strong>da-is</strong></span> <span class='ocrx_word' id='word_1_590' title='bbox 3076 3365 3374 3421; x_wconf 86' lang='lat' dir='ltr'><strong>secundum</strong></span> <span class='ocrx_word' id='word_1_591' title='bbox 3416 3378 3637 3418; x_wconf 88' lang='lat' dir='ltr'><strong>carnem</strong></span> <span class='ocrx_word' id='word_1_592' title='bbox 3665 3363 3813 3418; x_wconf 85' lang='lat' dir='ltr'><strong>nasci</strong></span> <span class='ocrx_word' id='word_1_593' title='bbox 3839 3363 4096 3435; x_wconf 70' lang='lat' dir='ltr'><strong>dignatus</strong></span> <span class='ocrx_word' id='word_1_594' title='bbox 4126 3371 4235 3427; x_wconf 89' lang='lat' dir='ltr'><strong>est,</strong></span> <span class='ocrx_word' id='word_1_595' title='bbox 4267 3360 4363 3432; x_wconf 91' lang='lat' dir='ltr'><strong>qui</strong></span> <span class='ocrx_word' id='word_1_596' title='bbox 4393 3360 4530 3417; x_wconf 90' lang='lat' dir='ltr'><strong>dum</strong></span> 
     </span>
    </p>
   </div>
   <div class='ocr_carea' id='block_1_82' title="bbox 2918 3449 4532 3524">
    <p class='ocr_par' dir='ltr' id='par_1_82' title="bbox 2918 3449 4532 3524">
     <span class='ocr_line' id='line_1_82' title="bbox 2918 3449 4532 3524; baseline -0.005 -13"><span class='ocrx_word' id='word_1_597' title='bbox 2918 3455 3127 3511; x_wconf 88' lang='lat' dir='ltr'><strong>nullum</strong></span> <span class='ocrx_word' id='word_1_598' title='bbox 3158 3455 3399 3511; x_wconf 80' lang='lat' dir='ltr'><strong>fructum</strong></span> <span class='ocrx_word' id='word_1_599' title='bbox 3428 3452 3731 3524; x_wconf 85' lang='lat' dir='ltr'><strong>spiritualis</strong></span> <span class='ocrx_word' id='word_1_600' title='bbox 3765 3452 4031 3524; x_wconf 77' lang='lat' dir='ltr'><strong>germinis</strong></span> <span class='ocrx_word' id='word_1_601' title='bbox 4058 3450 4387 3518; x_wconf 82' lang='lat' dir='ltr'><strong>attulerunt,</strong></span> <span class='ocrx_word' id='word_1_602' title='bbox 4411 3449 4532 3506; x_wconf 86' lang='lat' dir='ltr'><strong>vel-</strong></span> 
     </span>
    </p>
   </div>
   <div class='ocr_carea' id='block_1_83' title="bbox 2918 3543 4533 3617">
    <p class='ocr_par' dir='ltr' id='par_1_83' title="bbox 2918 3543 4533 3617">
     <span class='ocr_line' id='line_1_83' title="bbox 2918 3543 4533 3617; baseline -0.002 -15"><span class='ocrx_word' id='word_1_603' title='bbox 2918 3555 2980 3602; x_wconf 88' lang='lat' dir='ltr'><strong>ut</strong></span> <span class='ocrx_word' id='word_1_604' title='bbox 3020 3557 3269 3617; x_wconf 73' lang='lat' dir='ltr'><strong>agrestes</strong></span> <span class='ocrx_word' id='word_1_605' title='bbox 3309 3545 3536 3602; x_wconf 88' lang='lat' dir='ltr'><strong>arbores</strong></span> <span class='ocrx_word' id='word_1_606' title='bbox 3576 3560 3684 3600; x_wconf 90' lang='lat' dir='ltr'><strong>non</strong></span> <span class='ocrx_word' id='word_1_607' title='bbox 3720 3544 3775 3599; x_wconf 90' lang='lat' dir='ltr'><strong>in</strong></span> <span class='ocrx_word' id='word_1_608' title='bbox 3807 3545 3965 3600; x_wconf 92' lang='lat' dir='ltr'><strong>horto</strong></span> <span class='ocrx_word' id='word_1_609' title='bbox 3993 3544 4274 3615; x_wconf 73' lang='lat' dir='ltr'><strong>plantatze,</strong></span> <span class='ocrx_word' id='word_1_610' title='bbox 4324 3543 4432 3600; x_wconf 83' lang='lat' dir='ltr'><strong>sed,</strong></span> <span class='ocrx_word' id='word_1_611' title='bbox 4476 3543 4533 3599; x_wconf 82' lang='lat' dir='ltr'><strong>in</strong></span> 
     </span>
    </p>
   </div>
   <div class='ocr_carea' id='block_1_84' title="bbox 2917 3636 4531 3708">
    <p class='ocr_par' dir='ltr' id='par_1_84' title="bbox 2917 3636 4531 3708">
     <span class='ocr_line' id='line_1_84' title="bbox 2917 3636 4531 3708; baseline -0.001 -13"><span class='ocrx_word' id='word_1_612' title='bbox 2917 3639 3059 3695; x_wconf 76' lang='lat' dir='ltr'><strong>saltu</strong></span> <span class='ocrx_word' id='word_1_613' title='bbox 3085 3649 3230 3695; x_wconf 66' lang='lat' dir='ltr'><strong>natae</strong></span> <span class='ocrx_word' id='word_1_614' title='bbox 3263 3639 3484 3696; x_wconf 87' lang='lat' dir='ltr'><strong>steriles</strong></span> <span class='ocrx_word' id='word_1_615' title='bbox 3507 3638 3858 3695; x_wconf 76' lang='lat' dir='ltr'><strong>exstiterunt.</strong></span> <span class='ocrx_word' id='word_1_616' title='bbox 3891 3636 4048 3694; x_wconf 80' lang='lat' dir='ltr'><strong>Unde</strong></span> <span class='ocrx_word' id='word_1_617' title='bbox 4078 3636 4276 3708; x_wconf 79' lang='lat' dir='ltr'><strong>legitur</strong></span> <span class='ocrx_word' id='word_1_618' title='bbox 4304 3653 4320 3692; x_wconf 89' lang='lat'><strong>:</strong></span> <span class='ocrx_word' id='word_1_619' title='bbox 4347 3654 4371 3689; x_wconf 71' lang='grc' dir='ltr'>ί</span> <span class='ocrx_word' id='word_1_620' title='bbox 4406 3636 4531 3693; x_wconf 68' lang='lat' dir='ltr'><strong>Vox</strong></span> 
     </span>
    </p>
   </div>
   <div class='ocr_carea' id='block_1_85' title="bbox 2918 3729 4537 3803">
    <p class='ocr_par' dir='ltr' id='par_1_85' title="bbox 2918 3729 4537 3803">
     <span class='ocr_line' id='line_1_85' title="bbox 2918 3729 4537 3803; baseline -0.001 -15"><span class='ocrx_word' id='word_1_621' title='bbox 2918 3732 3209 3790; x_wconf 81' lang='lat' dir='ltr'><strong>clamantis</strong></span> <span class='ocrx_word' id='word_1_622' title='bbox 3258 3734 3313 3788; x_wconf 91' lang='lat' dir='ltr'><strong>in</strong></span> <span class='ocrx_word' id='word_1_623' title='bbox 3349 3731 3574 3788; x_wconf 87' lang='lat' dir='ltr'><strong>deserto</strong></span> <span class='ocrx_word' id='word_1_624' title='bbox 3625 3730 3764 3802; x_wconf 77' lang='lat' dir='ltr'><strong>(lsa.</strong></span> <span class='ocrx_word' id='word_1_625' title='bbox 3811 3732 3926 3803; x_wconf 68' lang='lat' dir='ltr'><strong>xc);</strong></span> <span class='ocrx_word' id='word_1_626' title='bbox 3987 3751 4007 3784; x_wconf 72' lang='grc' dir='ltr'><strong>ι</strong></span> <span class='ocrx_word' id='word_1_627' title='bbox 4045 3729 4147 3789; x_wconf 90' lang='lat' dir='ltr'><strong>hoc</strong></span> <span class='ocrx_word' id='word_1_628' title='bbox 4189 3738 4312 3798; x_wconf 84' lang='lat' dir='ltr'><strong>est,</strong></span> <span class='ocrx_word' id='word_1_629' title='bbox 4357 3729 4537 3786; x_wconf 81' lang='lat' dir='ltr'><strong>infru-</strong></span> 
     </span>
    </p>
   </div>
   <div class='ocr_carea' id='block_1_86' title="bbox 2919 3817 4534 3895">
    <p class='ocr_par' dir='ltr' id='par_1_86' title="bbox 2919 3817 4534 3895">
     <span class='ocr_line' id='line_1_86' title="bbox 2919 3817 4534 3895; baseline -0.003 -13"><span class='ocrx_word' id='word_1_630' title='bbox 2919 3822 3449 3882; x_wconf 67' lang='lat' dir='ltr'><strong>ctuoso&#39;Judteorum</strong></span> <span class='ocrx_word' id='word_1_631' title='bbox 3479 3822 3698 3893; x_wconf 88' lang='lat' dir='ltr'><strong>populo.</strong></span> <span class='ocrx_word' id='word_1_632' title='bbox 3736 3821 4107 3879; x_wconf 76' lang='lat' dir='ltr'><strong>Polimitarius</strong></span> <span class='ocrx_word' id='word_1_633' title='bbox 4152 3835 4373 3895; x_wconf 84' lang='lat' dir='ltr'><strong>quoque</strong></span> <span class='ocrx_word' id='word_1_634' title='bbox 4429 3817 4534 3877; x_wconf 68' lang='lat' dir='ltr'><strong>[leo</strong></span> 
     </span>
    </p>
   </div>
   <div class='ocr_carea' id='block_1_87' title="bbox 2921 3913 4530 3986">
    <p class='ocr_par' dir='ltr' id='par_1_87' title="bbox 2921 3913 4530 3986">
     <span class='ocr_line' id='line_1_87' title="bbox 2921 3913 4530 3986; baseline -0.001 -16"><span class='ocrx_word' id='word_1_635' title='bbox 2921 3915 3174 3985; x_wconf 91' lang='lat' dir='ltr'><strong>demptor</strong></span> <span class='ocrx_word' id='word_1_636' title='bbox 3230 3923 3417 3971; x_wconf 86' lang='lat' dir='ltr'><strong>noster</strong></span> <span class='ocrx_word' id='word_1_637' title='bbox 3447 3916 3645 3972; x_wconf 87' lang='lat' dir='ltr'><strong>nterito</strong></span> <span class='ocrx_word' id='word_1_638' title='bbox 3694 3914 4085 3986; x_wconf 81' lang='lat' dir='ltr'><strong>dicitur,qnia</strong></span> <span class='ocrx_word' id='word_1_639' title='bbox 4137 3915 4286 3972; x_wconf 82' lang='lat' dir='ltr'><strong>velut</strong></span> <span class='ocrx_word' id='word_1_640' title='bbox 4333 3913 4530 3971; x_wconf 75' lang='lat' dir='ltr'><strong>texlrl-</strong></span> 
     </span>
    </p>
   </div>
   <div class='ocr_carea' id='block_1_88' title="bbox 2922 4004 4529 4074">
    <p class='ocr_par' dir='ltr' id='par_1_88' title="bbox 2922 4004 4529 4074">
     <span class='ocr_line' id='line_1_88' title="bbox 2922 4004 4529 4074; baseline 0.001 -13"><span class='ocrx_word' id='word_1_641' title='bbox 2922 4007 2979 4061; x_wconf 88' lang='lat' dir='ltr'><strong>ni</strong></span> <span class='ocrx_word' id='word_1_642' title='bbox 3009 4005 3192 4074; x_wconf 91' lang='lat' dir='ltr'><strong>operis</strong></span> <span class='ocrx_word' id='word_1_643' title='bbox 3222 4005 3406 4062; x_wconf 89' lang='lat' dir='ltr'><strong>studio</strong></span> <span class='ocrx_word' id='word_1_644' title='bbox 3431 4015 3594 4061; x_wconf 86' lang='lat' dir='ltr'><strong>vacat</strong></span> <span class='ocrx_word' id='word_1_645' title='bbox 3619 4047 3634 4072; x_wconf 90' lang='lat'><strong>,</strong></span> <span class='ocrx_word' id='word_1_646' title='bbox 3662 4007 3790 4062; x_wconf 88' lang='lat' dir='ltr'><strong>dum</strong></span> <span class='ocrx_word' id='word_1_647' title='bbox 3821 4017 3872 4062; x_wconf 85' lang='lat' dir='ltr'><strong>et</strong></span> <span class='ocrx_word' id='word_1_648' title='bbox 3905 4022 3964 4062; x_wconf 87' lang='lat' dir='ltr'><strong>se</strong></span> <span class='ocrx_word' id='word_1_649' title='bbox 3992 4007 4107 4063; x_wconf 86' lang='lat' dir='ltr'><strong>suis</strong></span> <span class='ocrx_word' id='word_1_650' title='bbox 4149 4006 4403 4063; x_wconf 81' lang='lat' dir='ltr'><strong>ﬁdelibus</strong></span> <span class='ocrx_word' id='word_1_651' title='bbox 4444 4004 4529 4063; x_wconf 83' lang='lat' dir='ltr'><strong>itt-</strong></span> 
     </span>
    </p>
   </div>
   <div class='ocr_carea' id='block_1_89' title="bbox 2921 4094 4530 4166">
    <p class='ocr_par' dir='ltr' id='par_1_89' title="bbox 2921 4094 4530 4166">
     <span class='ocr_line' id='line_1_89' title="bbox 2921 4094 4530 4166; baseline -0.001 -13"><span class='ocrx_word' id='word_1_652' title='bbox 2921 4097 3040 4153; x_wconf 89' lang='lat' dir='ltr'><strong>duit</strong></span> <span class='ocrx_word' id='word_1_653' title='bbox 3074 4105 3130 4152; x_wconf 91' lang='lat' dir='ltr'><strong>ct</strong></span> <span class='ocrx_word' id='word_1_654' title='bbox 3163 4110 3228 4150; x_wconf 75' lang='lat' dir='ltr'><strong>ex</strong></span> <span class='ocrx_word' id='word_1_655' title='bbox 3253 4094 3360 4150; x_wconf 88' lang='lat' dir='ltr'><strong>illis</strong></span> <span class='ocrx_word' id='word_1_656' title='bbox 3378 4095 3966 4166; x_wconf 65' lang='lat' dir='ltr'><strong>institue-vestimenta</strong></span> <span class='ocrx_word' id='word_1_657' title='bbox 4005 4099 4269 4153; x_wconf 76' lang='lat' dir='ltr'><strong>contexit.</strong></span> <span class='ocrx_word' id='word_1_658' title='bbox 4304 4098 4382 4155; x_wconf 89' lang='lat' dir='ltr'><strong>De</strong></span> <span class='ocrx_word' id='word_1_659' title='bbox 4410 4096 4530 4154; x_wconf 77' lang='lat' dir='ltr'><strong>suis</strong></span> 
     </span>
    </p>
   </div>
   <div class='ocr_carea' id='block_1_90' title="bbox 2922 4188 4531 4260">
    <p class='ocr_par' dir='ltr' id='par_1_90' title="bbox 2922 4188 4531 4260">
     <span class='ocr_line' id='line_1_90' title="bbox 2922 4188 4531 4260; baseline -0.001 -15"><span class='ocrx_word' id='word_1_660' title='bbox 2922 4189 3082 4260; x_wconf 70' lang='lat'><strong>201</strong></span> <span class='ocrx_word' id='word_1_661' title='bbox 3114 4188 3313 4259; x_wconf 82' lang='lat' dir='ltr'><strong>quippe</strong></span> <span class='ocrx_word' id='word_1_662' title='bbox 3351 4188 3594 4245; x_wconf 87' lang='lat' dir='ltr'><strong>vestibus</strong></span> <span class='ocrx_word' id='word_1_663' title='bbox 3633 4204 3730 4260; x_wconf 82' lang='lat' dir='ltr'><strong>per</strong></span> <span class='ocrx_word' id='word_1_664' title='bbox 3769 4188 4086 4260; x_wconf 76' lang='lat' dir='ltr'><strong>Apostolum</strong></span> <span class='ocrx_word' id='word_1_665' title='bbox 4114 4189 4348 4245; x_wconf 87' lang='lat' dir='ltr'><strong>dicitur:</strong></span> <span class='ocrx_word' id='word_1_666' title='bbox 4400 4207 4420 4242; x_wconf 77' lang='grc' dir='ltr'><strong>ι</strong></span> <span class='ocrx_word' id='word_1_667' title='bbox 4461 4189 4531 4246; x_wconf 84' lang='lat' dir='ltr'><strong>Ut</strong></span> 
     </span>
    </p>
   </div>
   <div class='ocr_carea' id='block_1_91' title="bbox 2921 4279 4528 4353">
    <p class='ocr_par' dir='ltr' id='par_1_91' title="bbox 2921 4279 4528 4353">
     <span class='ocr_line' id='line_1_91' title="bbox 2921 4279 4528 4353; baseline 0.001 -19"><span class='ocrx_word' id='word_1_668' title='bbox 2921 4281 3206 4336; x_wconf 77' lang='lat' dir='ltr'><strong>exhiberet</strong></span> <span class='ocrx_word' id='word_1_669' title='bbox 3259 4281 3360 4336; x_wconf 87' lang='lat' dir='ltr'><strong>sibi</strong></span> <span class='ocrx_word' id='word_1_670' title='bbox 3401 4280 3694 4353; x_wconf 83' lang='lat' dir='ltr'><strong>gloriosam</strong></span> <span class='ocrx_word' id='word_1_671' title='bbox 3730 4279 4053 4346; x_wconf 79' lang='lat' dir='ltr'><strong>Ecclesium,</strong></span> <span class='ocrx_word' id='word_1_672' title='bbox 4086 4295 4191 4336; x_wconf 87' lang='lat' dir='ltr'><strong>non</strong></span> <span class='ocrx_word' id='word_1_673' title='bbox 4232 4280 4528 4338; x_wconf 79' lang='lat' dir='ltr'><strong>habentem</strong></span> 
     </span>
    </p>
   </div>
   <div class='ocr_carea' id='block_1_92' title="bbox 2923 4372 4530 4445">
    <p class='ocr_par' dir='ltr' id='par_1_92' title="bbox 2923 4372 4530 4445">
     <span class='ocr_line' id='line_1_92' title="bbox 2923 4372 4530 4445; baseline 0 -17"><span class='ocrx_word' id='word_1_674' title='bbox 2923 4372 3196 4429; x_wconf 83' lang='lat' dir='ltr'><strong>maculam</strong></span> <span class='ocrx_word' id='word_1_675' title='bbox 3243 4389 3418 4444; x_wconf 88' lang='lat' dir='ltr'><strong>neque</strong></span> <span class='ocrx_word' id='word_1_676' title='bbox 3454 4389 3643 4445; x_wconf 79' lang='lat' dir='ltr'><strong>rugam</strong></span> <span class='ocrx_word' id='word_1_677' title='bbox 3676 4372 3893 4444; x_wconf 75' lang='lat' dir='ltr'><strong>(Epltcs.</strong></span> <span class='ocrx_word' id='word_1_678' title='bbox 3920 4373 3998 4445; x_wconf 89' lang='lat' dir='ltr'><strong>v).</strong></span> <span class='ocrx_word' id='word_1_679' title='bbox 4021 4393 4038 4426; x_wconf 76' lang='grc' dir='ltr'><strong>ι</strong></span> <span class='ocrx_word' id='word_1_680' title='bbox 4070 4373 4135 4428; x_wconf 86' lang='grc' dir='ltr'>Ει</span> <span class='ocrx_word' id='word_1_681' title='bbox 4161 4389 4259 4444; x_wconf 90' lang='lat' dir='ltr'><strong>per</strong></span> <span class='ocrx_word' id='word_1_682' title='bbox 4289 4374 4530 4444; x_wconf 81' lang='lat' dir='ltr'><strong>prophe-</strong></span> 
     </span>
    </p>
   </div>
   <div class='ocr_carea' id='block_1_93' title="bbox 2926 4464 4528 4523">
    <p class='ocr_par' dir='ltr' id='par_1_93' title="bbox 2926 4464 4528 4523">
     <span class='ocr_line' id='line_1_93' title="bbox 2926 4464 4528 4523; baseline 0.001 -3"><span class='ocrx_word' id='word_1_683' title='bbox 2926 4475 3034 4520; x_wconf 88' lang='lat' dir='ltr'><strong>tam</strong></span> <span class='ocrx_word' id='word_1_684' title='bbox 3080 4484 3092 4519; x_wconf 89' lang='lat'>:</span> <span class='ocrx_word' id='word_1_685' title='bbox 3138 4487 3156 4518; x_wconf 68' lang='grc' dir='ltr'><strong>ε</strong></span> <span class='ocrx_word' id='word_1_686' title='bbox 3197 4464 3464 4523; x_wconf 84' lang='lat' dir='ltr'><strong>Omnibus</strong></span> <span class='ocrx_word' id='word_1_687' title='bbox 3533 4466 3617 4522; x_wconf 90' lang='lat' dir='ltr'><strong>his</strong></span> <span class='ocrx_word' id='word_1_688' title='bbox 3673 4466 3823 4521; x_wconf 88' lang='lat' dir='ltr'><strong>velut</strong></span> <span class='ocrx_word' id='word_1_689' title='bbox 3872 4476 4199 4522; x_wconf 86' lang='lat' dir='ltr'><strong>ornamento</strong></span> <span class='ocrx_word' id='word_1_690' title='bbox 4274 4466 4528 4522; x_wconf 83' lang='lat' dir='ltr'><strong>vestieris</strong></span> 
     </span>
    </p>
   </div>
   <div class='ocr_carea' id='block_1_94' title="bbox 1221 4536 4523 4629">
    <p class='ocr_par' dir='ltr' id='par_1_94' title="bbox 1221 4536 4523 4629">
     <span class='ocr_line' id='line_1_94' title="bbox 1221 4536 4523 4629; baseline 0.002 -27"><span class='ocrx_word' id='word_1_691' title='bbox 1221 4558 1375 4606; x_wconf 71' lang='lat' dir='ltr'><strong>erant</strong></span> <span class='ocrx_word' id='word_1_692' title='bbox 1409 4547 1604 4603; x_wconf 70' lang='lat' dir='ltr'><strong>clausae</strong></span> <span class='ocrx_word' id='word_1_693' title='bbox 1631 4565 1800 4618; x_wconf 88' lang='lat' dir='ltr'><strong>usque</strong></span> <span class='ocrx_word' id='word_1_694' title='bbox 1825 4551 1875 4603; x_wconf 93' lang='lat' dir='ltr'><strong>in</strong></span> <span class='ocrx_word' id='word_1_695' title='bbox 1907 4551 2049 4604; x_wconf 86' lang='lat' dir='ltr'><strong>diem</strong></span> <span class='ocrx_word' id='word_1_696' title='bbox 2085 4552 2275 4605; x_wconf 88' lang='lat' dir='ltr'><strong>mortis</strong></span> <span class='ocrx_word' id='word_1_697' title='bbox 2315 4564 2427 4604; x_wconf 70' lang='lat' dir='ltr'><strong>sua:</strong></span> <span class='ocrx_word' id='word_1_698' title='bbox 2471 4551 2522 4604; x_wconf 90' lang='lat' dir='ltr'><strong>in</strong></span> <span class='ocrx_word' id='word_1_699' title='bbox 2554 4549 2814 4604; x_wconf 87' lang='lat' dir='ltr'><strong>viduitate</strong></span> <span class='ocrx_word' id='word_1_700' title='bbox 2844 4536 2893 4595; x_wconf 79' lang='grc' dir='ltr'><strong>Ῑ)</strong></span> <span class='ocrx_word' id='word_1_701' title='bbox 2921 4555 3068 4627; x_wconf 77' lang='lat' dir='ltr'><strong>(hu.</strong></span> <span class='ocrx_word' id='word_1_702' title='bbox 3115 4559 3285 4629; x_wconf 54' lang='grc' dir='ltr'>χιιι).</span> <span class='ocrx_word' id='word_1_703' title='bbox 3310 4577 3328 4609; x_wconf 78' lang='grc' dir='ltr'><strong>ι</strong></span> <span class='ocrx_word' id='word_1_704' title='bbox 3365 4557 3439 4612; x_wconf 88' lang='lat' dir='ltr'><strong>De</strong></span> <span class='ocrx_word' id='word_1_705' title='bbox 3487 4557 3692 4614; x_wconf 81' lang='lat' dir='ltr'><strong>Christi</strong></span> <span class='ocrx_word' id='word_1_706' title='bbox 3746 4572 3877 4613; x_wconf 88' lang='lat' dir='ltr'><strong>vero</strong></span> <span class='ocrx_word' id='word_1_707' title='bbox 3928 4556 4178 4614; x_wconf 79' lang='lat' dir='ltr'><strong>ﬁdelibus</strong></span> <span class='ocrx_word' id='word_1_708' title='bbox 4228 4557 4523 4613; x_wconf 83' lang='lat' dir='ltr'><strong>Psalmista</strong></span> 
     </span>
    </p>
   </div>
   <div class='ocr_carea' id='block_1_95' title="bbox 1217 4637 2814 4711">
    <p class='ocr_par' dir='ltr' id='par_1_95' title="bbox 1217 4637 2814 4711">
     <span class='ocr_line' id='line_1_95' title="bbox 1217 4637 2814 4711; baseline 0.001 -18"><span class='ocrx_word' id='word_1_709' title='bbox 1217 4638 1469 4693; x_wconf 56' lang='lat' dir='ltr'><strong>Vivent-ns</strong></span> <span class='ocrx_word' id='word_1_710' title='bbox 1496 4637 1580 4709; x_wconf 88' lang='grc'><strong>(11</strong></span> <span class='ocrx_word' id='word_1_711' title='bbox 1615 4638 1745 4710; x_wconf 80' lang='lat' dir='ltr'><strong>Reg.</strong></span> <span class='ocrx_word' id='word_1_712' title='bbox 1796 4643 1910 4711; x_wconf 76' lang='lat' dir='ltr'><strong>xx).</strong></span> <span class='ocrx_word' id='word_1_713' title='bbox 1949 4660 1966 4691; x_wconf 73' lang='grc' dir='ltr'><strong>ι</strong></span> <span class='ocrx_word' id='word_1_714' title='bbox 2009 4640 2371 4696; x_wconf 85' lang='lat' dir='ltr'><strong>Perdiderunt</strong></span> <span class='ocrx_word' id='word_1_715' title='bbox 2424 4642 2572 4696; x_wconf 86' lang='lat' dir='ltr'><strong>enim</strong></span> <span class='ocrx_word' id='word_1_716' title='bbox 2606 4641 2814 4702; x_wconf 85' lang='lat' dir='ltr'><strong>virum,</strong></span> 
     </span>
    </p>
   </div>
   <div class='ocr_carea' id='block_1_96' title="bbox 1223 4729 2816 4802">
    <p class='ocr_par' dir='ltr' id='par_1_96' title="bbox 1223 4729 2816 4802">
     <span class='ocr_line' id='line_1_96' title="bbox 1223 4729 2816 4802; baseline 0.002 -19"><span class='ocrx_word' id='word_1_717' title='bbox 1223 4733 1288 4784; x_wconf 90' lang='lat' dir='ltr'><strong>de</strong></span> <span class='ocrx_word' id='word_1_718' title='bbox 1312 4743 1420 4799; x_wconf 89' lang='lat' dir='ltr'><strong>quo</strong></span> <span class='ocrx_word' id='word_1_719' title='bbox 1474 4744 1572 4798; x_wconf 80' lang='lat' dir='ltr'><strong>per</strong></span> <span class='ocrx_word' id='word_1_720' title='bbox 1626 4729 1820 4785; x_wconf 87' lang='lat' dir='ltr'><strong>Isaiam</strong></span> <span class='ocrx_word' id='word_1_721' title='bbox 1880 4731 2133 4786; x_wconf 86' lang='lat' dir='ltr'><strong>dicitur:</strong></span> <span class='ocrx_word' id='word_1_722' title='bbox 2189 4751 2208 4783; x_wconf 80' lang='grc' dir='ltr'><strong>ι</strong></span> <span class='ocrx_word' id='word_1_723' title='bbox 2261 4731 2532 4798; x_wconf 83' lang='lat' dir='ltr'><strong>Quoniam</strong></span> <span class='ocrx_word' id='word_1_724' title='bbox 2588 4746 2816 4802; x_wconf 85' lang='lat' dir='ltr'><strong>accepe—</strong></span> 
     </span>
    </p>
   </div>
   <div class='ocr_carea' id='block_1_97' title="bbox 1219 4810 2820 4895">
    <p class='ocr_par' dir='ltr' id='par_1_97' title="bbox 1219 4810 2820 4895">
     <span class='ocr_line' id='line_1_97' title="bbox 1219 4810 2820 4895; baseline 0.001 -21"><span class='ocrx_word' id='word_1_725' title='bbox 1219 4810 1352 4875; x_wconf 79' lang='lat' dir='ltr'><strong>runt</strong></span> <span class='ocrx_word' id='word_1_726' title='bbox 1397 4829 1602 4892; x_wconf 88' lang='lat' dir='ltr'><strong>septem</strong></span> <span class='ocrx_word' id='word_1_727' title='bbox 1647 4823 1901 4878; x_wconf 74' lang='lat' dir='ltr'><strong>mulieres</strong></span> <span class='ocrx_word' id='word_1_728' title='bbox 1941 4823 2118 4877; x_wconf 90' lang='lat' dir='ltr'><strong>virum</strong></span> <span class='ocrx_word' id='word_1_729' title='bbox 2165 4839 2329 4877; x_wconf 83' lang='lat' dir='ltr'><strong>unum</strong></span> <span class='ocrx_word' id='word_1_730' title='bbox 2371 4822 2508 4889; x_wconf 78' lang='lat' dir='ltr'><strong>(Ira.</strong></span> <span class='ocrx_word' id='word_1_731' title='bbox 2557 4823 2655 4895; x_wconf 85' lang='lat' dir='ltr'><strong>tv).</strong></span> <span class='ocrx_word' id='word_1_732' title='bbox 2690 4842 2707 4874; x_wconf 79' lang='grc' dir='ltr'><strong>ι</strong></span> <span class='ocrx_word' id='word_1_733' title='bbox 2743 4822 2820 4876; x_wconf 86' lang='lat' dir='ltr'><strong>De</strong></span> 
     </span>
    </p>
   </div>
   <div class='ocr_carea' id='block_1_98' title="bbox 1224 4913 2821 4983">
    <p class='ocr_par' dir='ltr' id='par_1_98' title="bbox 1224 4913 2821 4983">
     <span class='ocr_line' id='line_1_98' title="bbox 1224 4913 2821 4983; baseline 0.001 -19"><span class='ocrx_word' id='word_1_734' title='bbox 1224 4913 1421 4982; x_wconf 71' lang='lat' dir='ltr'><strong>quibus</strong></span> <span class='ocrx_word' id='word_1_735' title='bbox 1449 4921 1503 4968; x_wconf 91' lang='lat' dir='ltr'><strong>et</strong></span> <span class='ocrx_word' id='word_1_736' title='bbox 1533 4928 1631 4983; x_wconf 88' lang='lat' dir='ltr'><strong>per</strong></span> <span class='ocrx_word' id='word_1_737' title='bbox 1683 4913 2026 4969; x_wconf 87' lang='lat' dir='ltr'><strong>Salomonem</strong></span> <span class='ocrx_word' id='word_1_738' title='bbox 2069 4915 2270 4970; x_wconf 90' lang='lat' dir='ltr'><strong>dicitur</strong></span> <span class='ocrx_word' id='word_1_739' title='bbox 2308 4935 2321 4967; x_wconf 91' lang='lat'><strong>:</strong></span> <span class='ocrx_word' id='word_1_740' title='bbox 2363 4933 2382 4965; x_wconf 74' lang='grc' dir='ltr'><strong>ι</strong></span> <span class='ocrx_word' id='word_1_741' title='bbox 2416 4915 2553 4981; x_wconf 89' lang='lat' dir='ltr'><strong>Quia</strong></span> <span class='ocrx_word' id='word_1_742' title='bbox 2614 4914 2821 4983; x_wconf 84' lang='lat' dir='ltr'><strong>septin-</strong></span> 
     </span>
    </p>
   </div>
   <div class='ocr_carea' id='block_1_99' title="bbox 1223 5004 2814 5077">
    <p class='ocr_par' dir='ltr' id='par_1_99' title="bbox 1223 5004 2814 5077">
     <span class='ocr_line' id='line_1_99' title="bbox 1223 5004 2814 5077; baseline 0.001 -20"><span class='ocrx_word' id='word_1_743' title='bbox 1223 5010 1401 5077; x_wconf 65' lang='lat' dir='ltr'><strong>gentos</strong></span> <span class='ocrx_word' id='word_1_744' title='bbox 1441 5013 1565 5058; x_wconf 89' lang='lat' dir='ltr'><strong>sunt</strong></span> <span class='ocrx_word' id='word_1_745' title='bbox 1601 5005 1800 5075; x_wconf 62' lang='lat' dir='ltr'><strong>regina:</strong></span> <span class='ocrx_word' id='word_1_746' title='bbox 1834 5004 1951 5075; x_wconf 84' lang='lat' dir='ltr'><strong>(III</strong></span> <span class='ocrx_word' id='word_1_747' title='bbox 1981 5004 2108 5076; x_wconf 81' lang='lat' dir='ltr'><strong>Reg.</strong></span> <span class='ocrx_word' id='word_1_748' title='bbox 2143 5005 2238 5077; x_wconf 71' lang='grc' dir='ltr'>χι).</span> <span class='ocrx_word' id='word_1_749' title='bbox 2283 5026 2302 5059; x_wconf 73' lang='grc' dir='ltr'><strong>ι</strong></span> <span class='ocrx_word' id='word_1_750' title='bbox 2344 5007 2685 5077; x_wconf 83' lang='lat' dir='ltr'><strong>Acceperunt</strong></span> <span class='ocrx_word' id='word_1_751' title='bbox 2713 5008 2814 5060; x_wconf 82' lang='lat' dir='ltr'><strong>ita-</strong></span> 
     </span>
    </p>
   </div>
   <div class='ocr_carea' id='block_1_100' title="bbox 1221 5097 2816 5169">
    <p class='ocr_par' dir='ltr' id='par_1_100' title="bbox 1221 5097 2816 5169">
     <span class='ocr_line' id='line_1_100' title="bbox 1221 5097 2816 5169; baseline 0.006 -23"><span class='ocrx_word' id='word_1_752' title='bbox 1221 5106 1329 5167; x_wconf 82' lang='lat' dir='ltr'><strong>que</strong></span> <span class='ocrx_word' id='word_1_753' title='bbox 1352 5102 1578 5164; x_wconf 81' lang='lat' dir='ltr'><strong>septem,</strong></span> <span class='ocrx_word' id='word_1_754' title='bbox 1612 5111 1732 5164; x_wconf 81' lang='lat' dir='ltr'><strong>qua:</strong></span> <span class='ocrx_word' id='word_1_755' title='bbox 1753 5098 2061 5151; x_wconf 77' lang='lat' dir='ltr'><strong>amiserunt</strong></span> <span class='ocrx_word' id='word_1_756' title='bbox 2090 5098 2298 5152; x_wconf 80' lang='lat' dir='ltr'><strong>decem.</strong></span> <span class='ocrx_word' id='word_1_757' title='bbox 2332 5097 2621 5155; x_wconf 70' lang='lat' dir='ltr'><strong>lecstem</strong></span> <span class='ocrx_word' id='word_1_758' title='bbox 2655 5101 2816 5169; x_wconf 89' lang='lat' dir='ltr'><strong>quip-</strong></span> 
     </span>
    </p>
   </div>
   <div class='ocr_carea' id='block_1_101' title="bbox 1224 5187 2814 5264">
    <p class='ocr_par' dir='ltr' id='par_1_101' title="bbox 1224 5187 2814 5264">
     <span class='ocr_line' id='line_1_101' title="bbox 1224 5187 2814 5264; baseline 0.004 -24"><span class='ocrx_word' id='word_1_759' title='bbox 1224 5199 1291 5257; x_wconf 88' lang='lat' dir='ltr'><strong>pe</strong></span> <span class='ocrx_word' id='word_1_760' title='bbox 1315 5187 1588 5256; x_wconf 88' lang='lat' dir='ltr'><strong>Sponsum</strong></span> <span class='ocrx_word' id='word_1_761' title='bbox 1613 5199 1802 5244; x_wconf 86' lang='lat' dir='ltr'><strong>sancta</strong></span> <span class='ocrx_word' id='word_1_762' title='bbox 1827 5189 1929 5245; x_wconf 86' lang='lat' dir='ltr'><strong>sibi</strong></span> <span class='ocrx_word' id='word_1_763' title='bbox 1958 5189 2348 5245; x_wconf 72' lang='lat' dir='ltr'><strong>corifwderavit</strong></span> <span class='ocrx_word' id='word_1_764' title='bbox 2371 5191 2609 5247; x_wconf 80' lang='lat' dir='ltr'><strong>Ecclesia</strong></span> <span class='ocrx_word' id='word_1_765' title='bbox 2641 5193 2814 5264; x_wconf 84' lang='lat' dir='ltr'><strong>septi—</strong></span> 
     </span>
    </p>
   </div>
   <div class='ocr_carea' id='block_1_102' title="bbox 1222 5274 2812 5355">
    <p class='ocr_par' dir='ltr' id='par_1_102' title="bbox 1222 5274 2812 5355">
     <span class='ocr_line' id='line_1_102' title="bbox 1222 5274 2812 5355; baseline 0.004 -21"><span class='ocrx_word' id='word_1_766' title='bbox 1222 5274 1382 5336; x_wconf 66' lang='lat' dir='ltr'><strong>foi&#39;mi</strong></span> <span class='ocrx_word' id='word_1_767' title='bbox 1416 5279 1553 5336; x_wconf 62' lang='lat' dir='ltr'><strong>scili;</strong></span> <span class='ocrx_word' id='word_1_768' title='bbox 1571 5290 1622 5336; x_wconf 88' lang='lat' dir='ltr'><strong>et</strong></span> <span class='ocrx_word' id='word_1_769' title='bbox 1657 5281 1890 5349; x_wconf 74' lang='lat' dir='ltr'><strong>Spiritus</strong></span> <span class='ocrx_word' id='word_1_770' title='bbox 1917 5284 2057 5337; x_wconf 82' lang='lat' dir='ltr'><strong>dono</strong></span> <span class='ocrx_word' id='word_1_771' title='bbox 2089 5284 2312 5354; x_wconf 86' lang='lat' dir='ltr'><strong>repleta.</strong></span> <span class='ocrx_word' id='word_1_772' title='bbox 2337 5286 2509 5352; x_wconf 88' lang='lat' dir='ltr'><strong>Quem</strong></span> <span class='ocrx_word' id='word_1_773' title='bbox 2540 5285 2812 5355; x_wconf 82' lang='lat' dir='ltr'><strong>Sponsum</strong></span> 
     </span>
    </p>
   </div>
   <div class='ocr_carea' id='block_1_103' title="bbox 1225 5364 2814 5447">
    <p class='ocr_par' dir='ltr' id='par_1_103' title="bbox 1225 5364 2814 5447">
     <span class='ocr_line' id='line_1_103' title="bbox 1225 5364 2814 5447; baseline 0.002 -21"><span class='ocrx_word' id='word_1_774' title='bbox 1225 5364 1530 5440; x_wconf 76' lang='lat' dir='ltr'><strong>Synagoga,</strong></span> <span class='ocrx_word' id='word_1_775' title='bbox 1561 5387 1680 5441; x_wconf 75' lang='lat' dir='ltr'><strong>qua:</strong></span> <span class='ocrx_word' id='word_1_776' title='bbox 1706 5372 1950 5442; x_wconf 74' lang='lat' dir='ltr'><strong>DeCaIOgi</strong></span> <span class='ocrx_word' id='word_1_777' title='bbox 1979 5376 2231 5428; x_wconf 87' lang='lat' dir='ltr'><strong>mandata</strong></span> <span class='ocrx_word' id='word_1_778' title='bbox 2264 5385 2604 5446; x_wconf 81' lang='lat' dir='ltr'><strong>perceperat,</strong></span> <span class='ocrx_word' id='word_1_779' title='bbox 2636 5377 2814 5447; x_wconf 87' lang='lat' dir='ltr'><strong>perdi-</strong></span> 
     </span>
    </p>
   </div>
   <div class='ocr_carea' id='block_1_104' title="bbox 1222 5457 2814 5533">
    <p class='ocr_par' dir='ltr' id='par_1_104' title="bbox 1222 5457 2814 5533">
     <span class='ocr_line' id='line_1_104' title="bbox 1222 5457 2814 5533; baseline 0.003 -16"><span class='ocrx_word' id='word_1_780' title='bbox 1222 5457 1303 5517; x_wconf 81' lang='lat' dir='ltr'><strong>dit</strong></span> <span class='ocrx_word' id='word_1_781' title='bbox 1327 5463 1594 5532; x_wconf 85' lang='lat' dir='ltr'><strong>viduaque</strong></span> <span class='ocrx_word' id='word_1_782' title='bbox 1623 5465 1941 5530; x_wconf 78' lang='lat' dir='ltr'><strong>pennansit,</strong></span> <span class='ocrx_word' id='word_1_783' title='bbox 1983 5465 2109 5533; x_wconf 88' lang='lat' dir='ltr'><strong>quia</strong></span> <span class='ocrx_word' id='word_1_784' title='bbox 2144 5467 2267 5520; x_wconf 89' lang='lat' dir='ltr'><strong>dum</strong></span> <span class='ocrx_word' id='word_1_785' title='bbox 2301 5469 2354 5520; x_wconf 91' lang='lat' dir='ltr'><strong>in</strong></span> <span class='ocrx_word' id='word_1_786' title='bbox 2383 5466 2542 5522; x_wconf 89' lang='lat' dir='ltr'><strong>domo</strong></span> <span class='ocrx_word' id='word_1_787' title='bbox 2568 5468 2814 5522; x_wconf 87' lang='lat' dir='ltr'><strong>consueti</strong></span> 
     </span>
    </p>
   </div>
   <div class='ocr_carea' id='block_1_105' title="bbox 1223 5549 2814 5630">
    <p class='ocr_par' dir='ltr' id='par_1_105' title="bbox 1223 5549 2814 5630">
     <span class='ocr_line' id='line_1_105' title="bbox 1223 5549 2814 5630; baseline 0.004 -23"><span class='ocrx_word' id='word_1_788' title='bbox 1223 5549 1368 5607; x_wconf 77' lang='lat' dir='ltr'><strong>titus</strong></span> <span class='ocrx_word' id='word_1_789' title='bbox 1395 5560 1448 5607; x_wconf 94' lang='lat' dir='ltr'><strong>et</strong></span> <span class='ocrx_word' id='word_1_790' title='bbox 1479 5552 1728 5623; x_wconf 73' lang='lat' dir='ltr'><strong>legalium</strong></span> <span class='ocrx_word' id='word_1_791' title='bbox 1767 5555 2212 5613; x_wconf 73' lang='lat' dir='ltr'><strong>cazremoniarum</strong></span> <span class='ocrx_word' id='word_1_792' title='bbox 2242 5559 2591 5616; x_wconf 88' lang='lat' dir='ltr'><strong>immobiliter</strong></span> <span class='ocrx_word' id='word_1_793' title='bbox 2620 5561 2814 5630; x_wconf 85' lang='lat' dir='ltr'><strong>persti-</strong></span> 
     </span>
    </p>
   </div>
   <div class='ocr_carea' id='block_1_106' title="bbox 1228 5637 2816 5722">
    <p class='ocr_par' dir='ltr' id='par_1_106' title="bbox 1228 5637 2816 5722">
     <span class='ocr_line' id='line_1_106' title="bbox 1228 5637 2816 5722; baseline 0.009 -28"><span class='ocrx_word' id='word_1_794' title='bbox 1228 5637 1314 5707; x_wconf 89' lang='lat' dir='ltr'><strong>tit,</strong></span> <span class='ocrx_word' id='word_1_795' title='bbox 1347 5658 1466 5696; x_wconf 91' lang='lat' dir='ltr'><strong>cum</strong></span> <span class='ocrx_word' id='word_1_796' title='bbox 1497 5659 1621 5715; x_wconf 74' lang='lat' dir='ltr'><strong>rcgc</strong></span> <span class='ocrx_word' id='word_1_797' title='bbox 1657 5646 1820 5701; x_wconf 85' lang='lat' dir='ltr'><strong>David</strong></span> <span class='ocrx_word' id='word_1_798' title='bbox 1855 5648 1908 5702; x_wconf 90' lang='lat' dir='ltr'><strong>in</strong></span> <span class='ocrx_word' id='word_1_799' title='bbox 1941 5647 2157 5705; x_wconf 87' lang='lat' dir='ltr'><strong>deserta</strong></span> <span class='ocrx_word' id='word_1_800' title='bbox 2193 5651 2474 5722; x_wconf 83' lang='lat' dir='ltr'><strong>gentilium</strong></span> <span class='ocrx_word' id='word_1_801' title='bbox 2512 5653 2662 5708; x_wconf 71' lang='lat' dir='ltr'><strong>exire</strong></span> <span class='ocrx_word' id='word_1_802' title='bbox 2690 5666 2816 5709; x_wconf 87' lang='lat' dir='ltr'><strong>con-</strong></span> 
     </span>
    </p>
   </div>
   <div class='ocr_carea' id='block_1_107' title="bbox 1231 5732 1466 5802">
    <p class='ocr_par' dir='ltr' id='par_1_107' title="bbox 1231 5732 1466 5802">
     <span class='ocr_line' id='line_1_107' title="bbox 1231 5732 1466 5802; baseline 0.004 -16"><span class='ocrx_word' id='word_1_803' title='bbox 1231 5732 1466 5802; x_wconf 76' lang='lat' dir='ltr'><strong>tempsit.</strong></span> 
     </span>
    </p>
   </div>
   <div class='ocr_carea' id='block_1_108' title="bbox 2920 4647 4524 4720">
    <p class='ocr_par' dir='ltr' id='par_1_108' title="bbox 2920 4647 4524 4720">
     <span class='ocr_line' id='line_1_108' title="bbox 2920 4647 4524 4720; baseline -0.001 -17"><span class='ocrx_word' id='word_1_804' title='bbox 2920 4649 3116 4704; x_wconf 90' lang='lat' dir='ltr'><strong>canit:</strong></span> <span class='ocrx_word' id='word_1_805' title='bbox 3166 4669 3184 4701; x_wconf 86' lang='grc'><strong>‹</strong></span> <span class='ocrx_word' id='word_1_806' title='bbox 3221 4649 3543 4704; x_wconf 88' lang='lat' dir='ltr'><strong>Sacerdotes</strong></span> <span class='ocrx_word' id='word_1_807' title='bbox 3586 4649 3660 4703; x_wconf 90' lang='lat' dir='ltr'><strong>tui</strong></span> <span class='ocrx_word' id='word_1_808' title='bbox 3717 4649 4013 4704; x_wconf 90' lang='lat' dir='ltr'><strong>induantur</strong></span> <span class='ocrx_word' id='word_1_809' title='bbox 4043 4649 4314 4718; x_wconf 79' lang='lat' dir='ltr'><strong>justitiam</strong></span> <span class='ocrx_word' id='word_1_810' title='bbox 4345 4647 4524 4720; x_wconf 68' lang='lat' dir='ltr'><strong>(Paul.</strong></span> 
     </span>
    </p>
   </div>
   <div class='ocr_carea' id='block_1_109' title="bbox 2922 4738 4530 4810">
    <p class='ocr_par' dir='ltr' id='par_1_109' title="bbox 2922 4738 4530 4810">
     <span class='ocr_line' id='line_1_109' title="bbox 2922 4738 4530 4810; baseline -0.001 -16"><span class='ocrx_word' id='word_1_811' title='bbox 2922 4740 3132 4810; x_wconf 75' lang='lat' dir='ltr'><strong>cxxxt).</strong></span> <span class='ocrx_word' id='word_1_812' title='bbox 3167 4759 3185 4792; x_wconf 80' lang='grc' dir='ltr'><strong>ι</strong></span> <span class='ocrx_word' id='word_1_813' title='bbox 3220 4740 3296 4793; x_wconf 84' lang='grc' dir='ltr'>Ἐι</span> <span class='ocrx_word' id='word_1_814' title='bbox 3338 4755 3437 4810; x_wconf 62' lang='lat' dir='ltr'><strong>per</strong></span> <span class='ocrx_word' id='word_1_815' title='bbox 3480 4739 3826 4795; x_wconf 85' lang='lat' dir='ltr'><strong>Ezechieletn</strong></span> <span class='ocrx_word' id='word_1_816' title='bbox 3876 4738 4140 4795; x_wconf 84' lang='lat' dir='ltr'><strong>Dominus</strong></span> <span class='ocrx_word' id='word_1_817' title='bbox 4192 4739 4530 4810; x_wconf 85' lang='lat' dir='ltr'><strong>iinproperat</strong></span> 
     </span>
    </p>
   </div>
   <div class='ocr_carea' id='block_1_110' title="bbox 2921 4831 4529 4902">
    <p class='ocr_par' dir='ltr' id='par_1_110' title="bbox 2921 4831 4529 4902">
     <span class='ocr_line' id='line_1_110' title="bbox 2921 4831 4529 4902; baseline 0.001 -18"><span class='ocrx_word' id='word_1_818' title='bbox 2921 4832 3138 4895; x_wconf 67' lang='lat' dir='ltr'><strong>auiam,</strong></span> <span class='ocrx_word' id='word_1_819' title='bbox 3159 4847 3336 4902; x_wconf 72' lang='lat' dir='ltr'><strong>quam</strong></span> <span class='ocrx_word' id='word_1_820' title='bbox 3371 4832 3748 4901; x_wconf 88' lang='lat' dir='ltr'><strong>spiritualibus</strong></span> <span class='ocrx_word' id='word_1_821' title='bbox 3793 4831 4127 4888; x_wconf 86' lang='lat' dir='ltr'><strong>indumentis</strong></span> <span class='ocrx_word' id='word_1_822' title='bbox 4153 4832 4409 4886; x_wconf 74' lang='lat' dir='ltr'><strong>decenter</strong></span> <span class='ocrx_word' id='word_1_823' title='bbox 4436 4846 4529 4886; x_wconf 88' lang='lat' dir='ltr'><strong>or-</strong></span> 
     </span>
    </p>
   </div>
   <div class='ocr_carea' id='block_1_111' title="bbox 2924 4922 4527 4994">
    <p class='ocr_par' dir='ltr' id='par_1_111' title="bbox 2924 4922 4527 4994">
     <span class='ocr_line' id='line_1_111' title="bbox 2924 4922 4527 4994; baseline 0.002 -18"><span class='ocrx_word' id='word_1_824' title='bbox 2924 4922 3098 4986; x_wconf 87' lang='lat' dir='ltr'><strong>navit,</strong></span> <span class='ocrx_word' id='word_1_825' title='bbox 3129 4924 3224 4978; x_wconf 90' lang='lat' dir='ltr'><strong>sed</strong></span> <span class='ocrx_word' id='word_1_826' title='bbox 3249 4938 3371 4977; x_wconf 84' lang='lat' dir='ltr'><strong>eum</strong></span> <span class='ocrx_word' id='word_1_827' title='bbox 3416 4925 3532 4993; x_wconf 87' lang='lat' dir='ltr'><strong>ipsa</strong></span> <span class='ocrx_word' id='word_1_828' title='bbox 3571 4923 3819 4979; x_wconf 70' lang='lat' dir='ltr'><strong>inim-him</strong></span> <span class='ocrx_word' id='word_1_829' title='bbox 3855 4923 4110 4978; x_wconf 79' lang='lat' dir='ltr'><strong>sordibus</strong></span> <span class='ocrx_word' id='word_1_830' title='bbox 4133 4922 4334 4994; x_wconf 81' lang='lat' dir='ltr'><strong>polluta</strong></span> <span class='ocrx_word' id='word_1_831' title='bbox 4366 4923 4527 4979; x_wconf 84' lang='lat' dir='ltr'><strong>dese-</strong></span> 
     </span>
    </p>
   </div>
   <div class='ocr_carea' id='block_1_112' title="bbox 2925 5014 4530 5085">
    <p class='ocr_par' dir='ltr' id='par_1_112' title="bbox 2925 5014 4530 5085">
     <span class='ocr_line' id='line_1_112' title="bbox 2925 5014 4530 5085; baseline 0.002 -19"><span class='ocrx_word' id='word_1_832' title='bbox 2925 5014 3061 5066; x_wconf 90' lang='lat' dir='ltr'><strong>ruit:</strong></span> <span class='ocrx_word' id='word_1_833' title='bbox 3101 5032 3119 5065; x_wconf 80' lang='lat' dir='ltr'><strong>t</strong></span> <span class='ocrx_word' id='word_1_834' title='bbox 3153 5015 3359 5070; x_wconf 71' lang='lat' dir='ltr'><strong>Vestivi</strong></span> <span class='ocrx_word' id='word_1_835' title='bbox 3387 5024 3461 5076; x_wconf 85' lang='lat' dir='ltr'><strong>te.</strong></span> <span class='ocrx_word' id='word_1_836' title='bbox 3495 5015 3693 5085; x_wconf 82' lang='lat' dir='ltr'><strong>inquit,</strong></span> <span class='ocrx_word' id='word_1_837' title='bbox 3730 5014 4092 5070; x_wconf 85' lang='lat' dir='ltr'><strong>discoloribus</strong></span> <span class='ocrx_word' id='word_1_838' title='bbox 4123 5023 4178 5067; x_wconf 85' lang='lat' dir='ltr'><strong>et</strong></span> <span class='ocrx_word' id='word_1_839' title='bbox 4207 5014 4445 5068; x_wconf 87' lang='lat' dir='ltr'><strong>calceavi</strong></span> <span class='ocrx_word' id='word_1_840' title='bbox 4475 5023 4530 5070; x_wconf 84' lang='lat' dir='ltr'><strong>to</strong></span> 
     </span>
    </p>
   </div>
   <div class='ocr_carea' id='block_1_113' title="bbox 2919 5105 4530 5179">
    <p class='ocr_par' dir='ltr' id='par_1_113' title="bbox 2919 5105 4530 5179">
     <span class='ocr_line' id='line_1_113' title="bbox 2919 5105 4530 5179; baseline 0.001 -19"><span class='ocrx_word' id='word_1_841' title='bbox 2919 5106 3232 5178; x_wconf 78' lang='lat' dir='ltr'><strong>hyacintho,</strong></span> <span class='ocrx_word' id='word_1_842' title='bbox 3263 5116 3317 5162; x_wconf 90' lang='lat' dir='ltr'><strong>et</strong></span> <span class='ocrx_word' id='word_1_843' title='bbox 3340 5107 3484 5161; x_wconf 75' lang='lat' dir='ltr'><strong>cinxi</strong></span> <span class='ocrx_word' id='word_1_844' title='bbox 3521 5117 3571 5162; x_wconf 89' lang='lat' dir='ltr'><strong>te</strong></span> <span class='ocrx_word' id='word_1_845' title='bbox 3600 5107 3786 5179; x_wconf 81' lang='lat' dir='ltr'><strong>bysso,</strong></span> <span class='ocrx_word' id='word_1_846' title='bbox 3814 5117 3869 5161; x_wconf 90' lang='lat' dir='ltr'><strong>et</strong></span> <span class='ocrx_word' id='word_1_847' title='bbox 3892 5105 4039 5161; x_wconf 90' lang='lat' dir='ltr'><strong>indui</strong></span> <span class='ocrx_word' id='word_1_848' title='bbox 4070 5114 4121 5160; x_wconf 90' lang='lat' dir='ltr'><strong>te</strong></span> <span class='ocrx_word' id='word_1_849' title='bbox 4148 5105 4530 5165; x_wconf 79' lang='lat' dir='ltr'><strong>subtilibuset</strong></span> 
     </span>
    </p>
   </div>
   <div class='ocr_carea' id='block_1_114' title="bbox 2917 5196 4526 5268">
    <p class='ocr_par' dir='ltr' id='par_1_114' title="bbox 2917 5196 4526 5268">
     <span class='ocr_line' id='line_1_114' title="bbox 2917 5196 4526 5268; baseline -0.001 -16"><span class='ocrx_word' id='word_1_850' title='bbox 2917 5197 3106 5252; x_wconf 86' lang='lat' dir='ltr'><strong>ornavi</strong></span> <span class='ocrx_word' id='word_1_851' title='bbox 3142 5206 3193 5253; x_wconf 87' lang='lat' dir='ltr'><strong>te</strong></span> <span class='ocrx_word' id='word_1_852' title='bbox 3238 5210 3623 5254; x_wconf 65' lang='lat' dir='ltr'><strong>ornamento.»</strong></span> <span class='ocrx_word' id='word_1_853' title='bbox 3662 5197 3728 5251; x_wconf 82' lang='lat' dir='ltr'><strong>Et</strong></span> <span class='ocrx_word' id='word_1_854' title='bbox 3763 5197 3926 5268; x_wconf 89' lang='lat' dir='ltr'><strong>paulo</strong></span> <span class='ocrx_word' id='word_1_855' title='bbox 3977 5206 4125 5268; x_wconf 77' lang='lat' dir='ltr'><strong>post:</strong></span> <span class='ocrx_word' id='word_1_856' title='bbox 4171 5215 4187 5249; x_wconf 81' lang='grc' dir='ltr'><strong>ι</strong></span> <span class='ocrx_word' id='word_1_857' title='bbox 4224 5197 4289 5252; x_wconf 86' lang='grc' dir='ltr'>Ει</span> <span class='ocrx_word' id='word_1_858' title='bbox 4321 5196 4526 5252; x_wconf 83' lang='lat' dir='ltr'><strong>vestita</strong></span> 
     </span>
    </p>
   </div>
   <div class='ocr_carea' id='block_1_115' title="bbox 2918 5289 4522 5362">
    <p class='ocr_par' dir='ltr' id='par_1_115' title="bbox 2918 5289 4522 5362">
     <span class='ocr_line' id='line_1_115' title="bbox 2918 5289 4522 5362; baseline 0.002 -19"><span class='ocrx_word' id='word_1_859' title='bbox 2918 5304 2976 5344; x_wconf 91' lang='lat' dir='ltr'><strong>es</strong></span> <span class='ocrx_word' id='word_1_860' title='bbox 3007 5289 3189 5359; x_wconf 84' lang='lat' dir='ltr'><strong>bysso.</strong></span> <span class='ocrx_word' id='word_1_861' title='bbox 3242 5298 3297 5344; x_wconf 87' lang='lat' dir='ltr'><strong>et</strong></span> <span class='ocrx_word' id='word_1_862' title='bbox 3343 5290 3590 5359; x_wconf 87' lang='lat' dir='ltr'><strong>polimito</strong></span> <span class='ocrx_word' id='word_1_863' title='bbox 3630 5297 3685 5344; x_wconf 86' lang='lat' dir='ltr'><strong>et</strong></span> <span class='ocrx_word' id='word_1_864' title='bbox 3740 5290 3926 5344; x_wconf 90' lang='lat' dir='ltr'><strong>multis</strong></span> <span class='ocrx_word' id='word_1_865' title='bbox 3966 5289 4242 5346; x_wconf 87' lang='lat' dir='ltr'><strong>coloribus</strong></span> <span class='ocrx_word' id='word_1_866' title='bbox 4289 5291 4522 5362; x_wconf 71' lang='lat' dir='ltr'><strong>(Emit.</strong></span> 
     </span>
    </p>
   </div>
   <div class='ocr_carea' id='block_1_116' title="bbox 2921 5382 4528 5458">
    <p class='ocr_par' dir='ltr' id='par_1_116' title="bbox 2921 5382 4528 5458">
     <span class='ocr_line' id='line_1_116' title="bbox 2921 5382 4528 5458; baseline 0.003 -22"><span class='ocrx_word' id='word_1_867' title='bbox 2921 5384 3062 5453; x_wconf 77' lang='lat' dir='ltr'><strong>xvi).</strong></span> <span class='ocrx_word' id='word_1_868' title='bbox 3099 5401 3117 5434; x_wconf 80' lang='grc' dir='ltr'><strong>ι</strong></span> <span class='ocrx_word' id='word_1_869' title='bbox 3151 5382 3289 5451; x_wconf 90' lang='lat' dir='ltr'><strong>Quid</strong></span> <span class='ocrx_word' id='word_1_870' title='bbox 3322 5399 3452 5454; x_wconf 81' lang='lat' dir='ltr'><strong>ergo</strong></span> <span class='ocrx_word' id='word_1_871' title='bbox 3481 5385 3703 5452; x_wconf 90' lang='lat' dir='ltr'><strong>mirum,</strong></span> <span class='ocrx_word' id='word_1_872' title='bbox 3736 5387 3781 5440; x_wconf 91' lang='lat' dir='ltr'><strong>si</strong></span> <span class='ocrx_word' id='word_1_873' title='bbox 3812 5384 4146 5454; x_wconf 81' lang='lat' dir='ltr'><strong>Redemptor</strong></span> <span class='ocrx_word' id='word_1_874' title='bbox 4181 5395 4367 5441; x_wconf 91' lang='lat' dir='ltr'><strong>noster</strong></span> <span class='ocrx_word' id='word_1_875' title='bbox 4392 5384 4528 5458; x_wconf 83' lang='lat' dir='ltr'><strong>poli-</strong></span> 
     </span>
    </p>
   </div>
   <div class='ocr_carea' id='block_1_117' title="bbox 2922 5476 4527 5549">
    <p class='ocr_par' dir='ltr' id='par_1_117' title="bbox 2922 5476 4527 5549">
     <span class='ocr_line' id='line_1_117' title="bbox 2922 5476 4527 5549; baseline 0.001 -19"><span class='ocrx_word' id='word_1_876' title='bbox 2922 5476 3173 5533; x_wconf 85' lang='lat' dir='ltr'><strong>ntitarius</strong></span> <span class='ocrx_word' id='word_1_877' title='bbox 3203 5477 3420 5537; x_wconf 84' lang='lat' dir='ltr'><strong>dicitur,</strong></span> <span class='ocrx_word' id='word_1_878' title='bbox 3454 5478 3546 5547; x_wconf 88' lang='lat' dir='ltr'><strong>qui</strong></span> <span class='ocrx_word' id='word_1_879' title='bbox 3579 5477 3801 5533; x_wconf 83' lang='lat' dir='ltr'><strong>virtutis</strong></span> <span class='ocrx_word' id='word_1_880' title='bbox 3839 5478 4036 5534; x_wconf 88' lang='lat' dir='ltr'><strong>decore</strong></span> <span class='ocrx_word' id='word_1_881' title='bbox 4063 5477 4311 5549; x_wconf 89' lang='lat' dir='ltr'><strong>polimito</strong></span> <span class='ocrx_word' id='word_1_882' title='bbox 4347 5479 4527 5536; x_wconf 85' lang='lat' dir='ltr'><strong>induit</strong></span> 
     </span>
    </p>
   </div>
   <div class='ocr_carea' id='block_1_118' title="bbox 2921 5568 4524 5640">
    <p class='ocr_par' dir='ltr' id='par_1_118' title="bbox 2921 5568 4524 5640">
     <span class='ocr_line' id='line_1_118' title="bbox 2921 5568 4524 5640; baseline 0.004 -21"><span class='ocrx_word' id='word_1_883' title='bbox 2921 5568 3156 5621; x_wconf 88' lang='lat' dir='ltr'><strong>animam</strong></span> <span class='ocrx_word' id='word_1_884' title='bbox 3189 5584 3350 5638; x_wconf 86' lang='lat' dir='ltr'><strong>quam</strong></span> <span class='ocrx_word' id='word_1_885' title='bbox 3393 5569 3630 5640; x_wconf 87' lang='lat' dir='ltr'><strong>sponsali</strong></span> <span class='ocrx_word' id='word_1_886' title='bbox 3653 5569 3777 5639; x_wconf 79' lang='lat' dir='ltr'><strong>jure</strong></span> <span class='ocrx_word' id='word_1_887' title='bbox 3805 5570 4072 5625; x_wconf 81' lang='lat' dir='ltr'><strong>sortitur?</strong></span> <span class='ocrx_word' id='word_1_888' title='bbox 4098 5569 4217 5640; x_wconf 87' lang='lat' dir='ltr'><strong>Ipse</strong></span> <span class='ocrx_word' id='word_1_889' title='bbox 4245 5579 4330 5626; x_wconf 91' lang='lat' dir='ltr'><strong>est</strong></span> <span class='ocrx_word' id='word_1_890' title='bbox 4375 5569 4524 5626; x_wconf 86' lang='lat' dir='ltr'><strong>enim</strong></span> 
     </span>
    </p>
   </div>
   <div class='ocr_carea' id='block_1_119' title="bbox 2921 5656 4520 5731">
    <p class='ocr_par' dir='ltr' id='par_1_119' title="bbox 2921 5656 4520 5731">
     <span class='ocr_line' id='line_1_119' title="bbox 2921 5656 4520 5731; baseline 0.007 -22"><span class='ocrx_word' id='word_1_891' title='bbox 2921 5656 3016 5710; x_wconf 91' lang='lat' dir='ltr'><strong>Dei</strong></span> <span class='ocrx_word' id='word_1_892' title='bbox 3073 5658 3374 5728; x_wconf 87' lang='lat' dir='ltr'><strong>sapientia,</strong></span> <span class='ocrx_word' id='word_1_893' title='bbox 3433 5660 3497 5714; x_wconf 89' lang='lat' dir='ltr'><strong>de</strong></span> <span class='ocrx_word' id='word_1_894' title='bbox 3556 5673 3662 5730; x_wconf 89' lang='lat' dir='ltr'><strong>qua</strong></span> <span class='ocrx_word' id='word_1_895' title='bbox 3719 5675 3820 5731; x_wconf 90' lang='lat' dir='ltr'><strong>per</strong></span> <span class='ocrx_word' id='word_1_896' title='bbox 3879 5660 4225 5718; x_wconf 86' lang='lat' dir='ltr'><strong>Salomonem</strong></span> <span class='ocrx_word' id='word_1_897' title='bbox 4285 5662 4520 5720; x_wconf 87' lang='lat' dir='ltr'><strong>dicitur:</strong></span> 
     </span>
    </p>
   </div>
   <div class='ocr_carea' id='block_1_120' title="bbox 2930 5746 4527 5824">
    <p class='ocr_par' dir='ltr' id='par_1_120' title="bbox 2930 5746 4527 5824">
     <span class='ocr_line' id='line_1_120' title="bbox 2930 5746 4527 5824; baseline 0.008 -27"><span class='ocrx_word' id='word_1_898' title='bbox 2930 5763 2949 5797; x_wconf 76' lang='lat' dir='ltr'><strong>t</strong></span> <span class='ocrx_word' id='word_1_899' title='bbox 2983 5746 3120 5813; x_wconf 84' lang='lat' dir='ltr'><strong>Quia</strong></span> <span class='ocrx_word' id='word_1_900' title='bbox 3167 5747 3418 5819; x_wconf 65' lang='lat' dir='ltr'><strong>quaesivit</strong></span> <span class='ocrx_word' id='word_1_901' title='bbox 3478 5747 3658 5806; x_wconf 87' lang='lat' dir='ltr'><strong>lanam</strong></span> <span class='ocrx_word' id='word_1_902' title='bbox 3705 5758 3762 5806; x_wconf 91' lang='lat' dir='ltr'><strong>et</strong></span> <span class='ocrx_word' id='word_1_903' title='bbox 3805 5750 3999 5820; x_wconf 89' lang='lat' dir='ltr'><strong>linum,</strong></span> <span class='ocrx_word' id='word_1_904' title='bbox 4043 5761 4100 5810; x_wconf 88' lang='lat' dir='ltr'><strong>et</strong></span> <span class='ocrx_word' id='word_1_905' title='bbox 4155 5762 4382 5824; x_wconf 84' lang='lat' dir='ltr'><strong>operata</strong></span> <span class='ocrx_word' id='word_1_906' title='bbox 4437 5761 4527 5812; x_wconf 78' lang='lat' dir='ltr'><strong>est</strong></span> 
     </span>
    </p>
   </div>
  </div>
