3978 6360
193 315 356 374 Ill‘l

1525 324 1596 382 IN
1631 325 1760 384 LIB.
1800 327 1866 383 lll
1909 326 2173 386 REGUII.

197 442 344 490 sunt
370 432 640 488 Dominici
698 434 944 504 corporis
1003 435 1309 492 cicatrices.
1361 434 1467 494 Sed
1521 455 1643 494 cum
1691 448 1810 509 post
1841 449 1887 504 Α
1917 442 2170 510 praesenti
2201 440 2466 510 Ecclesia,
2503 457 2625 513 quae
2650 442 2888 500 calcatis
2919 444 3062 500 illius
3080 445 3341 503 Ecclesia:
3363 461 3526 503 vcsti-

202 525 381 596 hujus
404 535 574 596 petra:
603 524 890 591 foramina,
925 528 1100 584 dulcis
1132 544 1232 584 vox
1262 545 1474 599 sponsa:
1520 533 1575 586 in
1628 534 1812 603 sponsi

204 617 446 673 auribus
483 633 682 673 sonare
705 620 1035 689 pmcipitur,
1062 620 1191 689 quid
1216 621 1361 701 aliud
1387 638 1547 691 qnam
1576 622 1817 694 quinque

201 709 535 765 vulneribus
581 709 683 763 sub
735 713 925 765 eodem
981 712 1234 780 quinario
1291 729 1518 769 munero
1572 716 1815 770 carmina

203 798 438 854 laudum
473 800 699 854 reddere
727 801 810 871 pia
837 801 1088 872 quaelibet
1118 804 1320 866 anima,
1355 803 1439 858 vel
1486 813 1676 860 sancta
1701 795 1840 859 nni?

203 890 447 948 versalis
473 890 735 956 Ecclesia,
768 903 1167 951 connnonetur.
1194 903 1250 946 ut
1277 893 1398 962 ejus
1418 899 1524 949 iem
1556 895 1819 964 quodam-

203 979 382 1036 modo
407 983 618 1037 numeri
649 983 891 1037 carmina
919 980 1120 1036 referat
1156 993 1286 1051 quot
1309 999 1408 1055 per
1456 999 1516 1039 so
1563 995 1815 1057 suscepta

203 1071 441 1126 Vulnera
476 1086 580 1127 non
611 1073 847 1142 ignorat,
905 1071 1090 1144 illique
1143 1086 1371 1131 cunctus
1421 1077 1505 1131 sui
1566 1079 1818 1148 corporis

205 1177 412 1216 sensus
438 1161 672 1224 dedicet,
699 1178 860 1232 quem
884 1165 1111 1219 totidem
1146 1181 1245 1234 pro
1274 1181 1334 1221 se
1363 1167 1669 1223 sauciatum
1701 1169 1818 1223 vul-

205 1252 439 1307 neribus
467 1253 646 1308 videt?
670 1253 922 1324 Quinque
954 1256 1209 1310 nimirum
1227 1266 1537 1314 nostrorum
1556 1274 1814 1315 sensuum

206 1340 462 1405 vulnera,
497 1341 603 1397 illis
628 1344 868 1412 quinque
895 1345 1161 1400 Dominici
1193 1347 1439 1415 corporis
1461 1348 1818 1404 cicatricibus

208 1439 342 1486 sunt
375 1439 585 1486 sanata.
619 1430 974 1499 Quodauicm
1031 1435 1288 1491 Salomon
1346 1453 1512 1509 super
1565 1441 1727 1511 lignis
1786 1459 1814 1495 a

209 1521 401 1588 cedro,
440 1537 560 1591 quae
583 1534 666 1580 est
691 1525 745 1580 in
770 1525 997 1588 Libano,
1038 1544 1209 1598 usque
1233 1530 1299 1584 ad
1333 1532 1651 1601 hyssopum,
1696 1548 1818 1603 qua:

207 1614 491 1685 egreditur
511 1618 576 1672 de
598 1618 828 1687 pariete,
855 1620 1163 1690 disputasse
1181 1624 1410 1687 dicitur;
1445 1626 1532 1680 hic
1559 1641 1815 1682 necessa-

209 1693 402 1762 rie—al
435 1707 769 1778 spiritualem
801 1712 1096 1768 remittitur
1137 1717 1496 1784 intellectura,
1531 1733 1655 1772 cum
1699 1719 1816 1772 uul-

1920 535 2105 590 bulum
2127 543 2235 598 est.
2275 536 2562 592 Dominum
2611 539 2739 592 totis
2779 539 2987 594 viribus
3039 541 3272 595 ﬁrmiter
3301 551 3357 595 et
3384 556 3523 595 con-

1919 636 2132 682 stanter
2154 643 2422 682 amamus.
2463 627 2581 697 ipsa
2603 630 2803 699 quippe
2827 631 3064 694 dilectio,
3111 633 3253 686 sicut
3285 631 3529 690 Joannes

1918 717 2250 786 evangelista
2286 719 2556 787 perhibet,
2595 719 2736 776 Deus
2758 730 2842 776 est
2885 722 2950 791 (1
2979 721 3142 776 Joau.
3191 723 3300 793 iv).
3346 723 3412 776 Et
3457 723 3531 779 de

1923 808 2032 862 Deo
2055 806 2324 878 Propheta
2351 808 2563 878 psallit:
2599 828 2617 861 ι
2661 810 2803 866 Deus
2835 827 3010 874 meus,
3035 823 3090 866 et
3118 811 3381 867 fortitudo
3405 825 3530 868 mea

1920 895 2111 968 (Psal.
2146 902 2308 966 xui).
2357 917 2376 949 ›
2403 896 2726 953 Columnam
2759 915 2911 964 vero,
2940 915 3061 971 quze
3091 910 3319 954 vocatur
3349 902 3401 955 in
3437 914 3531 958 ro-

1919 986 2051 1041 bore
2078 987 2133 1040 in
2167 987 2385 1043 sinislra
2414 987 2658 1058 ejusdem
2700 992 2955 1045 vestibuli
3002 1002 3156 1060 parte
3206 993 3535 1061 statuimus,

1918 1092 2044 1132 cum
2073 1079 2383 1147 proximum
2420 1090 2668 1136 nostrum
2715 1083 2771 1136 in
2816 1083 2926 1138 Deo
2973 1085 3115 1139 sicut
3168 1085 3534 1157 nosmetipsos

1920 1183 2190 1223 amamus.
2219 1167 2318 1225 Ubi
2343 1172 2641 1226 notandum
2655 1174 2801 1242 quod
2823 1173 3108 1244 Scriptura
3135 1177 3488 1247 prosequitur
3515 1195 3528 1233 :

1925 1285 1944 1319 i
1975 1264 2086 1320 Nec
2115 1281 2222 1320 nou
2265 1275 2318 1321 et
2341 1267 2496 1336 quasi
2524 1268 2810 1324 catenulas
2838 1268 2893 1324 in
2915 1269 3164 1336 oraculo,
3191 1279 3243 1326 et
3273 1283 3538 1343 superpo-

1920 1359 2150 1413 suiteas
2197 1358 2470 1427 capitibus
2520 1357 2943 1431 rolumuarum(
2961 1359 3023 1413 11
3087 1360 3215 1414 Par.
3251 1361 3364 1433 ni).
3402 1385 3416 1412 ο
3475 1358 3535 1417 ln

1921 1459 2125 1506 nostris
2150 1450 2351 1520 quippe
2374 1449 2576 1504 mentis
2605 1449 2830 1505 oraculo
2859 1453 3132 1522 capitibus
3154 1453 3536 1510 columnarum

1919 1541 2204 1597 cateuulas
2235 1541 2677 1612 superponimus,
2731 1543 2929 1612 quibus
2987 1541 3200 1598 scilicet
3237 1554 3535 1613 utramque

1919 1634 2229 1688 columnam
2259 1632 2480 1688 sibimet
2523 1631 2756 1686 invicem
2803 1642 3222 1699 conuectamus,
3269 1633 3397 1706 quia
3428 1647 3534 1690 nec

1922 1720 2094 1777 Deum
2127 1723 2244 1776 sine
2272 1723 2547 1793 proximo,
2592 1738 2695 1779 nec
2721 1724 3032 1793 proximum
3091 1737 3220 1781 vere
3262 1723 3540 1798 diligimus

209 1793 430 1854 latenus
449 1808 598 1857 stare
625 1802 798 1858 valeat
825 1804 1142 1874 superficies
1174 1807 1499 1865 litterarum.
1537 1811 1815 1883 liyssOpus
1848 1796 1890 1853 Β
1919 1812 2039 1868 sine
2077 1813 2205 1867 Deo.

209 1892 358 1945 enim
392 1905 732 1963 nequaquam
764 1895 830 1950 de
854 1897 1155 1966 parietibus
1184 1901 1390 1970 egredi.
1424 1903 1519 1956 sed
1546 1905 1614 1957 de
1651 1918 1818 1959 saxo-

211 1970 290 2036 sl’s
317 1985 563 2038 cernitur
584 1986 858 2040 montibus
889 1989 1208 2058 germinari.
1244 1990 1431 2046 Paries
1486 1993 1671 2063 itaque
1713 2012 1812 2052 no-

210 2079 328 2124 ster
363 2071 478 2140 ipsa
514 2073 866 2130 mortalitatis
896 2086 1100 2133 nostra:
1119 2081 1360 2136 conditio
1385 2091 1488 2149 est,
1522 2099 1645 2156 qum
1668 2101 1767 2142 nos
1784 2103 1814 2142 a

210 2162 679 2230 contemplatione
703 2164 1018 2223 Conditoris
1041 2169 1194 2224 velut
1210 2171 1407 2228 abdita:
1421 2174 1613 2230 domus
1637 2176 1818 2232 obsta-

213 2253 396 2308 culum
425 2254 639 2319 dividit,
668 2257 797 2312 etin
824 2259 928 2313 ima
950 2261 1264 2330 proclivius.
1287 2264 1562 2322 declinare
1580 2269 1818 2339 compel-

213 2339 297 2395 n't.
326 2359 345 2392 ‹
374 2340 581 2412 Corpus
602 2345 745 2399 enim
774 2346 920 2415 quod
971 2350 1363 2420 corrumpitur,
1420 2366 1681 2426 aggravat
1703 2357 1818 2411 ani-

215 2443 359 2485 mam
380 2446 396 2495 ;
421 2440 477 2486 et
500 2433 755 2501 deprimit
789 2443 1003 2491 terrena
1029 2437 1350 2496 iubabitatio
1377 2455 1596 2497 sensum
1649 2446 1818 2500 multa

215 2517 544 2608 cogitantem
569 2520 735 2593 (Sap.
767 2525 881 2596 ix).
920 2545 938 2578 ι
969 2527 1044 2582 Ex
1076 2529 1180 2583 hoc
1207 2543 1339 2603 ergo
1389 2534 1600 2603 pariete
1649 2535 1819 2608 308

215 2607 485 2680 hyssopus
511 2612 809 2681 egreditur,
833 2616 958 2684 quia
1001 2619 1067 2672 de
1098 2617 1391 2691 fragilitate
1419 2633 1622 2681 nostris
1674 2607 1820 2682 mor-

217 2697 444 2756 talitatis
472 2702 730 2773 erumpit,
763 2706 906 2773 quod
925 2721 1145 2778 semper
1173 2725 1402 2768 necesse
1429 2723 1516 2769 est
1535 2713 1685 2771 ferro
1708 2732 1822 2786 pce-

217 2790 462 2846 uiteutiai
504 2795 759 2849 resecari.
820 2796 1069 2869 Hyssopo
1127 2802 1387 2858 nimirum
1449 2806 1813 2875 puriﬁcantur

217 2881 409 2936 intima
435 2884 662 2948 viscera,
691 2901 790 2956 per
815 2905 937 2960 quae
996 2908 1103 2948 non
1157 2895 1456 2968 incongrue
1499 2900 1822 2973 designatur

217 2970 488 3030 confessio
517 2988 887 3046 peccatorum.
914 2981 1222 3053 Disputavit
1251 2987 1416 3058 igitur
1443 2970 1642 3047 uoster
1665 2993 1824 3048 Salo-

217 3076 343 3120 mon
363 3078 527 3134 super
552 3067 729 3138 lignis,
764 3071 1076 3130 hominibus
1121 3076 1376 3134 videlicet
1427 3081 1571 3136 intra
1617 3085 1818 3150 germi.

2529 1907 2761 1964 CAPUT
2803 1907 2888 1963 Vl.

1920 1991 1987 2047 In
2010 1993 2230 2065 epistola
2260 1995 2350 2050 ad.
2379 1998 2443 2050 Α.
2479 1996 2538 2050 Ρ.
2571 1997 2634 2050 1³.
2667 1998 2755 2050 ubi
2783 1998 3125 2067 conqueritur
3153 1997 3220 2053 de
3239 1996 3533 2055 insolentia

2419 2083 2706 2136 procorum
2731 2067 3030 2121 hominum.

1995 2152 2071 2209 De
2104 2153 2271 2216 vasis,
2295 2171 2418 2226 quae
2447 2155 2615 2209 Iiirau
2639 2156 2799 2226 jussu
2853 2155 3166 2214 Salomonis
3216 2160 3361 2230 regis
3408 2158 3542 2216 fecit

1922 2244 1976 2297 in
2006 2243 2168 2299 domo
2197 2245 2410 2300 Domini
2445 2246 2711 2315 scriptum
2741 2255 2828 2300 est
2866 2261 2880 2300 :
2917 2266 2934 2298 ι
2977 2247 3114 2316 Quia
3157 2250 3210 2303 iu
3244 2251 3540 2320 campestri

1923 2332 2148 2405 regione
2189 2334 2448 2390 Jordauis
2511 2335 2649 2390 fudit
2718 2352 2782 2392 ea
2836 2353 2930 2393 rex
2986 2339 3041 2393 in
3087 2340 3358 2412 argillosa‘
3391 2351 3541 2397 terra

1922 2423 2070 2480 inter
2139 2425 2342 2480 Socliot
2399 2435 2455 2480 et
2530 2427 2732 2481 Sartau
2795 2425 2927 2497 (111
2965 2427 3097 2501 Reg.
3157 2430 3286 2502 vn).
3323 2449 3341 2483 ι
3375 2430 3548 2505 ³ου

1925 2515 2130 2573 Socbot
2185 2519 2237 2571 iu
2287 2519 2631 2574 tabernacula
2699 2520 2959 2587 vertitur,
3020 2521 3217 2580 Ssrtan
3270 2539 3401 2582 vero
3463 2526 3546 2581 in-

1920 2617 2252 2682 terpretatur
2297 2613 2572 2668 tribulatio
2609 2631 2813 2682 eorum,
2869 2616 2984 2671 sive
3019 2617 3393 2673 dsusolitaruns
3440 2626 3540 2675 aut

1925 2707 2410 2774 counguslantistnt.
2434 2705 2576 2772 Quid
2606 2706 2773 2777 igitur
2795 2722 2893 2779 per
2922 2705 3146 2776 Socbot,
3187 2711 3335 2781 quod
3372 2713 3544 2768 inter-

1927 2793 2129 2862 pretari
2163 2794 2512 2852 tabernacula
2543 2795 2803 2864 diximus,
2836 2799 2940 2854 nisi
2969 2813 3192 2858 sanctos
3220 2802 3370 2859 viros
3403 2803 3548 2859 accl-

1924 2885 2129 2953 pimus,
2179 2887 2270 2956 qui
2321 2887 2578 2944 videlicet
2631 2888 2866 2945 dicunt:
2908 2909 2928 2944 i
2970 2888 3088 2946 Non
3139 2892 3405 2950 habemus
3455 2895 3549 2953 hic

1926 2986 2236 3032 manentem
2265 2979 2564 3043 civitatem,
2592 2981 2686 3036 sed
2703 2980 2944 3038 futuram
2971 2983 3546 3058 inquirimusNHebr.

1927 3072 2073 3143 xui.)
2103 3091 2121 3124 ι
2153 3074 2220 3128 Et
2251 3074 2446 3130 Petrus
2478 3091 2492 3129 :
2528 3095 2547 3128 ι
2590 3075 2786 3133 Certus
2813 3094 2957 3145 sum,
2994 3080 3187 3152 inquit,
3215 3081 3359 3152 quod
3393 3081 3544 3139 velox

217 3157 401 3212 nantis
430 3157 686 3215 Ecclesiae
715 3164 960 3219 membra
984 3166 1266 3234 radicatis,
1299 3185 1328 3222 a
1365 3172 1531 3226 cedro
1560 3149 1681 3243 qua:
1731 3184 1817 3230 est

1928 3171 2012 3217 est
2060 3159 2332 3233 depositio
2383 3167 2718 3222 tabernaculi
2775 3170 2881 3223 mei
2941 3169 3026 3240 (Il
3060 3149 3312 3244 Pam—1).
3349 3193 3369 3227 ι
3404 3172 3548 3241 Quid

219 3250 275 3304 iu
302 3248 532 3320 Libano,
562 3268 735 3323 usque
791 3255 859 3311 ad
911 3257 1228 3330 hyssopum,
1260 3276 1380 3331 quia
1428 3267 1710 3334 egreditur
1755 3268 1821 3324 de

217 3341 447 3410 pariete,
471 3342 526 3398 id
556 3354 662 3408 est,
686 3347 756 3401 ab
781 3347 913 3416 ipsis
954 3350 1325 3408 eminentibus
1379 3357 1586 3412 sanctis
1641 3360 1822 3416 nitore

214 3431 440 3504 justitize
474 3434 783 3490 candidatis
838 3453 1010 3509 usque
1063 3440 1130 3494 ad
1183 3453 1501 3511 peccatores
1546 3455 1602 3502 et
1643 3448 1824 3518 lapsos

224 3528 386 3590 atque
436 3523 504 3578 ad
551 3527 888 3594 penitentia:
938 3529 1158 3585 demum
1210 3532 1446 3589 lamenta
1499 3552 1818 3597 conversos.

221 3609 357 3666 llinc
383 3623 468 3668 εει
493 3615 636 3684 quod
665 3617 944 3685 sequitur:
979 3637 998 3671 ι
1037 3620 1304 3678 Disseruit
1326 3635 1382 3680 et
1403 3627 1470 3682 de
1486 3625 1768 3696 jumeutis,
1799 3651 1817 3683 ι

219 3716 530 3762 sanctorum
583 3708 791 3764 scilicet
854 3711 1228 3781 adjutoribus,
1299 3721 1590 3775 catholicis
1655 3723 1820 3790 viris;

226 3815 246 3848 ι
279 3808 332 3851 et
357 3797 426 3852 de
449 3797 780 3864 volucribus,
811 3818 830 3853 ι
869 3800 1183 3859 hominibus
1206 3805 1486 3871 nimirum,
1502 3824 1602 3878 per
1628 3822 1820 3868 sancta

220 3886 486 3945 desideria
512 3891 580 3946 ad
607 3905 844 3961 superna
867 3895 1176 3964 suspensis;
1211 3915 1230 3947 ι
1253 3897 1396 3954 etde
1423 3901 1711 3971 reptilibus
1765 3913 1823 3959 et

219 3977 478 4051 piscibus,
513 4002 534 4036 ι
563 3984 666 4039 hoc
693 3993 797 4049 est,
826 3986 892 4042 de
930 3987 1017 4042 his
1042 3989 1345 4060 quipectus
1365 3995 1826 4067 concupiscentiis

219 4085 319 4144 per
345 4080 548 4132 terram
581 4077 804 4134 trahunt
830 4087 887 4135 et
907 4079 1000 4150 qui
1036 4095 1136 4153 per
1188 4084 1532 4142 saecularium
1583 4089 1826 4161 negotio-

221 4179 340 4222 rum
370 4163 573 4225 ﬂuenta
603 4180 891 4244 vagantur.

847 4264 1079 4323 CAPUT
1116 4267 1182 4323 ν.

225 4351 289 4408 In
312 4353 531 4424 epistola
555 4356 625 4411 ad
651 4356 1085 4486 Alberi;um,lt:bi
1105 4364 1308 4420 dicitur
1328 4366 1396 4421 ds
1448 4368 1816 4424 mamionibls

853 4448 970 4486 παι
993 4450 1010 4486 ι
1037 4451 1213 4486 arum.

853 4448 1213 4489 εηιιιιιαηηη.

299 4534 318 4566 ι
344 4513 549 4572 Statuit
576 4517 836 4577 Salomon
860 4523 996 4580 duas
1024 4525 1079 4580 in
1105 4528 1374 4584 vestibulo
1396 4530 1579 4603 templi
1605 4531 1822 4588 Domini
1858 4499 1907 4558 θ

225 4603 527 4673 columnas,
556 4625 722 4664 unum
767 4627 797 4667 a
826 4613 1056 4682 dextris,
1086 4624 1141 4671 et
1185 4616 1416 4675 alteram
1447 4636 1477 4675 a
1527 4622 1771 4678 sinistris
1804 4640 1819 4676 ε

225 4712 361 4764 eam,
391 4704 801 4770 quieadcxtris
834 4717 975 4773 erat,
1025 4713 1244 4768 vocavit
1295 4712 1535 4779 Jachim.
1591 4717 1695 4773 hoc
1741 4728 1826 4773 est

227 4788 484 4845 ﬁrmitas:
512 4802 566 4847 et
600 4809 720 4864 qua:
740 4797 807 4852 ad
839 4797 1038 4867 levam,
1068 4801 1233 4867 Boos,
1261 4804 1365 4861 hoc
1391 4814 1494 4871 est,
1527 4807 1579 4862 iu
1631 4807 1827 4866 robore

229 4875 352 4950 (111
381 4878 507 4951 Reg.
533 4900 640 4948 vii;
677 4884 742 4940 11
767 4884 899 4944 Par.
925 4892 1041 4962 ιη).
1081 4911 1099 4944 i
1135 4893 1274 4960 Quid
1304 4896 1448 4951 enim
1497 4912 1594 4968 per
1619 4899 1829 4956 colum-

228 4983 370 5035 nam,
400 4985 522 5041 qua:
544 4990 572 5027 a
598 4975 805 5033 dextris
830 4989 914 5034 est
940 4993 996 5035 et
1024 4993 1253 5040 vocatur
1307 4984 1562 5054 ﬁrmitas,
1601 4989 1704 5045 nisi
1738 4990 1824 5046 di-

229 5054 386 5113 lectio
419 5059 544 5147 Dei;
581 5073 638 5118 ct
665 5080 788 5135 qua:
812 5084 842 5122 a
876 5071 1116 5127 sinistris
1139 5084 1244 5139 est,
1274 5085 1330 5130 ct
1359 5087 1584 5133 vocatur
1635 5079 1687 5133 in
1741 5096 1826 5136 ro-

227 5147 380 5214 bore,
416 5152 519 5208 nisi
542 5155 763 5212 dilectio
789 5162 1062 5230 proximi?
1100 5165 1258 5220 Aliud
1283 5176 1369 5223 est
1396 5169 1543 5223 enim
1570 5170 1823 5238 firmitas,

230 5241 326 5298 hoc
350 5253 455 5308 est,
487 5246 663 5316 ipsum
689 5252 876 5319 robur,
902 5255 1047 5310 aliud
1078 5257 1132 5312 in
1151 5258 1372 5326 robore,
1402 5263 1662 5331 quoniam
1678 5265 1824 5322 aliud

229 5344 307 5389 est
330 5336 554 5429 diligere
581 5343 752 5413 ipsum
808 5346 1118 5417 Dominum,
1175 5353 1324 5409 aliud
1365 5356 1594 5428 diligere
1641 5362 1825 5429 proxi-

230 5441 368 5482 mum
402 5428 454 5484 iu
482 5431 614 5488 Deo.
651 5435 706 5489 In
741 5437 1032 5495 dilectione
1053 5444 1250 5515 quippe
1281 5448 1516 5516 proximi
1562 5428 1820 5507 mensura

228 5522 474 5589 ponitur;
503 5526 788 5584 Dominum
811 5547 939 5587 vero
998 5534 1223 5607 diligere
1270 5539 1390 5594 sine
1434 5541 1540 5595 ulla
1592 5557 1822 5613 prorsus

230 5628 475 5671 mensura
499 5618 772 5685 jubemur.
808 5624 862 5679 In
896 5629 1163 5684 vestibulo
1191 5645 1323 5702 ergo
1377 5632 1561 5703 templi
1614 5635 1821 5690 colum-

229 5717 368 5775 nam,
396 5723 516 5778 qum
550 5710 781 5773 ﬁrmitas
819 5725 1070 5787 vocatur,
1130 5720 1415 5794 erigimus.
1465 5738 1587 5780 cum
1618 5726 1671 5781 in
1715 5727 1817 5782 hac

1928 3270 2060 3311 vero
2091 3272 2188 3326 per
2217 3256 2439 3324 Sartau,
2469 3273 2590 3328 quae
2620 3258 2900 3315 tribulatio
2939 3276 3129 3315 eorum
3173 3262 3396 3329 dicitur,
3440 3264 3546 3322 nisi

1926 3349 2283 3419 reproborum
2315 3350 2689 3407 tribulantium
2723 3368 2823 3407 nos
2848 3355 3165 3424 persecutio
3186 3356 3546 3429 designatur?

1928 3441 1994 3496 lli
2042 3443 2299 3497 nimirum
2341 3451 2396 3497 et
2432 3443 2782 3500 dcmolitores
2827 3455 2883 3500 et
2922 3456 3353 3518 coangustautes
3392 3459 3543 3521 sunt,

1925 3534 2054 3603 quia
2086 3533 2214 3587 dum
2250 3533 2496 3590 demoliri
2527 3543 2692 3605 atque
2748 3536 3032 3592 destruere
3071 3539 3193 3595 ﬁdei
3222 3550 3425 3597 nostris
3465 3541 3553 3600 vel

1928 3622 2054 3678 boui
2086 3623 2269 3693 operis
2313 3623 2604 3679 :edilicium
2641 3632 2882 3688 tentant.
2927 3629 3081 3683 duris
3132 3627 3454 3698 iujuriarum
3484 3646 3554 3689 so

1929 3729 2312 3783 pressat-arum
2364 3729 2464 3769 nos
2510 3715 2918 3773 calamitatibus
2968 3729 3350 3790 coaugustant.
3403 3721 3553 3782 Vasa

1927 3820 2061 3873 ergo
2093 3805 2299 3875 templi,
2335 3805 2386 3859 id
2417 3813 2501 3859 est
2530 3822 2724 3862 omnes
2761 3809 2920 3864 electi
2959 3809 3259 3866 funduntur
3303 3812 3357 3868 in
3393 3827 3550 3872 cam-

1929 3901 2099 3970 pestri
2153 3901 2377 3972 regione
2433 3901 2710 3966 Iordanis.
2761 3904 2814 3960 id
2871 3913 2959 3961 est
3003 3906 3060 3960 in
3103 3905 3415 3964 humilitate
3450 3905 3551 3966 ba-

1929 3991 2112 4061 ptismi
2130 4007 2145 4057 ;
2162 3992 2307 4048 inter
2325 3991 2529 4049 Sochot
2549 4003 2605 4049 et
2622 3993 2846 4060 Sartan,
2865 3996 2915 4050 id
2936 4006 3022 4054 est
3039 3997 3552 4075 interjustosatque

1928 4094 2240 4152 perversos,
2269 4092 2329 4138 ut
2367 4091 2423 4140 et
2450 4085 2721 4140 bonorum
2765 4085 2941 4142 forma
2970 4097 3309 4158 proponatur
3335 4089 3454 4176 illis
3476 4089 3552 4150 ad

1931 4174 2259 4231 imitandum
2298 4185 2460 4231 rectae
2489 4178 2928 4234 conversationis
2963 4179 3297 4250 exemplum,
3327 4192 3386 4238 et
3417 4174 3548 4256 pra-

1931 4280 2123 4323 vorum
2155 4267 2462 4336 persecutio
2489 4269 2558 4323 ad
2590 4268 2868 4324 cumulum
2899 4271 3008 4328 illis
3044 4272 3296 4344 proficiat
3323 4277 3554 4333 merito-

1933 4374 2077 4414 rum.
2110 4377 2129 4409 σ
2169 4358 2308 4415 Vasa
2341 4358 2563 4429 quidem
2609 4360 2758 4431 liguli
2791 4362 2988 4433 probat
3037 4361 3256 4430 fornax,
3287 4376 3343 4421 et
3375 4366 3555 4427 homi-

1939 4467 2038 4508 nes
2056 4451 2236 4522 iustos
2263 4452 2494 4509 tentatio
2531 4453 2902 4511 tribulationis
2931 4453 3126 4528 (Eccli.
3162 4459 3359 4532 xxvii).
3401 4479 3422 4515 ι

2005 4541 2062 4597 In
2106 4542 2267 4596 arida
2309 4557 2442 4612 ergo
2473 4552 2618 4598 terra
2648 4545 2831 4614 templi
2882 4561 3014 4602 vasa
3065 4548 3390 4618 funduntur,
3416 4551 3550 4624 quis

1936 4647 2092 4688 mens
2121 4633 2361 4688 hominis
2392 4633 2460 4688 ad
2487 4635 2898 4704 suscipiendum
2925 4653 3180 4709 supernae
3203 4641 3396 4713 gratia
3432 4659 3555 4700 mu-

1936 4737 2039 4777 nus
2077 4737 2181 4777 nou
2233 4732 2320 4779 est
2366 4739 2631 4794 congrua,
2676 4727 2778 4782 uisi
2832 4729 2983 4798 prius
3018 4731 3088 4786 ab
3125 4732 3272 4787 omni
3309 4737 3554 4793 carnalis

1937 4812 2207 4869 illecebrae
2232 4813 2399 4870 fuerit
2425 4816 2654 4871 humore
2697 4818 2922 4874 siccata.
2972 4819 3129 4876 Sicca
3155 4823 3355 4894 quippe
3384 4828 3550 4884 corda

1938 4906 2146 4962 clarum
2193 4907 2496 4962 harmoniae
2543 4909 2806 4975 sonitum,
2850 4911 3073 4966 hmnida
3117 4914 3353 4970 reddunt
3391 4915 3555 4972 obtu-

1930 5013 2073 5052 sum.
2103 4996 2444 5071 Tympauum
2477 5015 2698 5070 quoque
2744 5003 2970 5056 surdum
3015 5012 3197 5069 sonat,
3236 5005 3281 5060 si
3321 5008 3553 5077 quilibet

1931 5107 2055 5147 eum
2089 5092 2270 5162 liquor
2297 5092 2599 5148 humectat.
2627 5093 2718 5148 Sic
2749 5109 2973 5150 necesse
3002 5105 3087 5152 est
3109 5105 3168 5151 ut
3199 5112 3355 5153 mens
3381 5099 3554 5155 homi-

1929 5181 2017 5235 nis
2070 5197 2098 5234 a
2135 5181 2316 5234 carnis
2362 5181 2642 5252 voluptate
2701 5187 2772 5237 sit
2806 5185 2978 5249 arida,
3032 5196 3308 5256 quatenus
3355 5187 3406 5242 in
3456 5189 3550 5249 Dei

1929 5269 2325 5340 omnipotentis
2357 5271 2582 5326 auribus
2631 5273 2750 5342 ejus
2800 5275 2979 5329 oratio
3009 5277 3080 5330 sit
3114 5289 3327 5348 arguta.
3369 5277 3552 5335 Enim-

1927 5376 2063 5417 vero
2092 5363 2234 5418 sicut
2261 5365 2480 5428 oculus,
2513 5365 2640 5421 dum
2670 5367 2799 5421 solis
2829 5385 2888 5423 se
2921 5369 3088 5424 radiis
3121 5370 3327 5440 objicit,
3365 5372 3552 5431 videre

1930 5453 2132 5509 frustra
2177 5457 2479 5522 contendit,
2524 5467 2579 5513 et
2607 5475 2774 5513 cavos
2798 5461 3017 5529 quidem
3058 5463 3218 5518 orbes
3257 5481 3322 5520 ac
3349 5479 3550 5522 vacuus

1930 5546 2150 5616 pupillis
2196 5546 2486 5618 palpebras
2524 5550 2767 5620 pandere
2812 5553 3027 5618 nititur,
3070 5556 3167 5610 sed
3200 5555 3548 5626 splendorem

1929 5653 2036 5706 quo
2062 5637 2408 5708 perfunditur
2457 5641 2766 5698 nullatenus
2819 5643 3084 5711 intuetur,
3119 5648 3196 5702 sic
3237 5649 3303 5702 ad
3340 5665 3544 5705 concu-

1927 5730 2244 5799 piscendam
2275 5731 2761 5805 contemplationis
2797 5734 2976 5793 lucem
3018 5753 3138 5794 sese
3168 5739 3408 5798 inaniter
3431 5742 3546 5800 eri.
