  <div class='ocr_page' id='page_1' title='image "/cluster/home/n/w/nwhite01/storage/ocr_20150623/144-145/uc1.31175001639262/1099.png"; bbox 0 0 2952 3343; ppageno 0'>
   <div class='ocr_carea' id='block_1_1' title="bbox 1237 204 1306 233">
    <p class='ocr_par' dir='ltr' id='par_1_1' title="bbox 1237 204 1306 233">
     <span class='ocr_line' id='line_1_1' title="bbox 1237 204 1306 233; baseline 0 0"><span class='ocrx_word' id='word_1_1' title='bbox 1237 204 1306 233; x_wconf 78' lang='grc'><strong>1119</strong></span> 
     </span>
    </p>
   </div>
   <div class='ocr_carea' id='block_1_2' title="bbox 1234 260 2065 296">
    <p class='ocr_par' dir='ltr' id='par_1_2' title="bbox 1234 260 2065 296">
     <span class='ocr_line' id='line_1_2' title="bbox 1234 260 2065 296; baseline 0.001 -8"><span class='ocrx_word' id='word_1_2' title='bbox 1234 262 1282 296; x_wconf 62' lang='lat' dir='ltr'><strong>git,</strong></span> <span class='ocrx_word' id='word_1_3' title='bbox 1297 260 1342 295; x_wconf 85' lang='lat' dir='ltr'><strong>qui</strong></span> <span class='ocrx_word' id='word_1_4' title='bbox 1366 269 1413 295; x_wconf 84' lang='lat' dir='ltr'><strong>per</strong></span> <span class='ocrx_word' id='word_1_5' title='bbox 1436 261 1572 288; x_wconf 76' lang='lat' dir='ltr'><strong>sreculaiis</strong></span> <span class='ocrx_word' id='word_1_6' title='bbox 1598 261 1658 288; x_wconf 73' lang='lat' dir='ltr'><strong>vita:</strong></span> <span class='ocrx_word' id='word_1_7' title='bbox 1682 262 1808 288; x_wconf 86' lang='lat' dir='ltr'><strong>meritum</strong></span> <span class='ocrx_word' id='word_1_8' title='bbox 1828 261 1913 288; x_wconf 81' lang='lat' dir='ltr'><strong>aciem</strong></span> <span class='ocrx_word' id='word_1_9' title='bbox 1934 261 2024 289; x_wconf 78' lang='lat' dir='ltr'><strong>cordis</strong></span> <span class='ocrx_word' id='word_1_10' title='bbox 2038 264 2065 293; x_wconf 73' lang='grc' dir='ltr'><strong>Α</strong></span> 
     </span>
    </p>
   </div>
   <div class='ocr_carea' id='block_1_3' title="bbox 1235 306 2027 342">
    <p class='ocr_par' dir='ltr' id='par_1_3' title="bbox 1235 306 2027 342">
     <span class='ocr_line' id='line_1_3' title="bbox 1235 306 2027 342; baseline 0 -8"><span class='ocrx_word' id='word_1_11' title='bbox 1235 307 1334 334; x_wconf 83' lang='lat' dir='ltr'><strong>amisit.</strong></span> <span class='ocrx_word' id='word_1_12' title='bbox 1358 306 1421 333; x_wconf 80' lang='lat' dir='ltr'><strong>Nam</strong></span> <span class='ocrx_word' id='word_1_13' title='bbox 1435 308 1456 334; x_wconf 84' lang='lat' dir='ltr'><strong>si</strong></span> <span class='ocrx_word' id='word_1_14' title='bbox 1471 307 1581 340; x_wconf 87' lang='lat' dir='ltr'><strong>quilibet</strong></span> <span class='ocrx_word' id='word_1_15' title='bbox 1600 307 1704 342; x_wconf 80' lang='lat' dir='ltr'><strong>ignotus</strong></span> <span class='ocrx_word' id='word_1_16' title='bbox 1721 307 1874 333; x_wconf 88' lang='lat' dir='ltr'><strong>cubiculum</strong></span> <span class='ocrx_word' id='word_1_17' title='bbox 1897 308 1967 342; x_wconf 74' lang='lat' dir='ltr'><strong>regis</strong></span> <span class='ocrx_word' id='word_1_18' title='bbox 1992 308 2027 334; x_wconf 89' lang='lat' dir='ltr'><strong>ir-</strong></span> 
     </span>
    </p>
   </div>
   <div class='ocr_carea' id='block_1_4' title="bbox 1234 352 2024 387">
    <p class='ocr_par' dir='ltr' id='par_1_4' title="bbox 1234 352 2024 387">
     <span class='ocr_line' id='line_1_4' title="bbox 1234 352 2024 387; baseline 0.001 -9"><span class='ocrx_word' id='word_1_19' title='bbox 1234 357 1340 387; x_wconf 87' lang='lat' dir='ltr'><strong>rumpat</strong></span> <span class='ocrx_word' id='word_1_20' title='bbox 1354 352 1431 386; x_wconf 83' lang='lat' dir='ltr'><strong>eique</strong></span> <span class='ocrx_word' id='word_1_21' title='bbox 1446 359 1564 386; x_wconf 71' lang='lat' dir='ltr'><strong>prarsens</strong></span> <span class='ocrx_word' id='word_1_22' title='bbox 1587 357 1712 386; x_wconf 89' lang='lat' dir='ltr'><strong>tanquam</strong></span> <span class='ocrx_word' id='word_1_23' title='bbox 1739 352 1881 378; x_wconf 79' lang='lat' dir='ltr'><strong>familiaris</strong></span> <span class='ocrx_word' id='word_1_24' title='bbox 1906 353 2024 383; x_wconf 84' lang='lat' dir='ltr'><strong>assistat,</strong></span> 
     </span>
    </p>
   </div>
   <div class='ocr_carea' id='block_1_5' title="bbox 1234 397 2024 431">
    <p class='ocr_par' dir='ltr' id='par_1_5' title="bbox 1234 397 2024 431">
     <span class='ocr_line' id='line_1_5' title="bbox 1234 397 2024 431; baseline 0 -7"><span class='ocrx_word' id='word_1_25' title='bbox 1234 397 1305 431; x_wconf 77' lang='lat' dir='ltr'><strong>regis</strong></span> <span class='ocrx_word' id='word_1_26' title='bbox 1320 402 1408 424; x_wconf 86' lang='lat' dir='ltr'><strong>tamen</strong></span> <span class='ocrx_word' id='word_1_27' title='bbox 1429 397 1545 431; x_wconf 87' lang='lat' dir='ltr'><strong>alloquio</strong></span> <span class='ocrx_word' id='word_1_28' title='bbox 1561 405 1612 423; x_wconf 92' lang='lat' dir='ltr'><strong>non</strong></span> <span class='ocrx_word' id='word_1_29' title='bbox 1630 397 1786 431; x_wconf 87' lang='lat' dir='ltr'><strong>perfrttitttr,</strong></span> <span class='ocrx_word' id='word_1_30' title='bbox 1809 397 1870 431; x_wconf 82' lang='lat' dir='ltr'><strong>quia</strong></span> <span class='ocrx_word' id='word_1_31' title='bbox 1887 398 1985 424; x_wconf 90' lang='lat' dir='ltr'><strong>charus</strong></span> <span class='ocrx_word' id='word_1_32' title='bbox 2000 398 2024 424; x_wconf 87' lang='lat' dir='ltr'><strong>ei</strong></span> 
     </span>
    </p>
   </div>
   <div class='ocr_carea' id='block_1_6' title="bbox 1233 442 2024 476">
    <p class='ocr_par' dir='ltr' id='par_1_6' title="bbox 1233 442 2024 476">
     <span class='ocr_line' id='line_1_6' title="bbox 1233 442 2024 476; baseline 0.003 -9"><span class='ocrx_word' id='word_1_33' title='bbox 1233 448 1279 476; x_wconf 89' lang='lat' dir='ltr'><strong>per</strong></span> <span class='ocrx_word' id='word_1_34' title='bbox 1293 442 1435 468; x_wconf 88' lang='lat' dir='ltr'><strong>anterioris</strong></span> <span class='ocrx_word' id='word_1_35' title='bbox 1453 442 1553 469; x_wconf 73' lang='lat' dir='ltr'><strong>notitiae</strong></span> <span class='ocrx_word' id='word_1_36' title='bbox 1569 444 1681 476; x_wconf 74' lang='lat' dir='ltr'><strong>gratiam</strong></span> <span class='ocrx_word' id='word_1_37' title='bbox 1706 451 1757 469; x_wconf 90' lang='lat' dir='ltr'><strong>non</strong></span> <span class='ocrx_word' id='word_1_38' title='bbox 1782 442 1904 473; x_wconf 76' lang='lat' dir='ltr'><strong>trahetur.</strong></span> <span class='ocrx_word' id='word_1_39' title='bbox 1926 443 1960 469; x_wconf 84' lang='lat' dir='ltr'><strong>ita</strong></span> <span class='ocrx_word' id='word_1_40' title='bbox 1976 451 2024 469; x_wconf 87' lang='lat' dir='ltr'><strong>nos</strong></span> 
     </span>
    </p>
   </div>
   <div class='ocr_carea' id='block_1_7' title="bbox 1232 485 2024 522">
    <p class='ocr_par' dir='ltr' id='par_1_7' title="bbox 1232 485 2024 522">
     <span class='ocr_line' id='line_1_7' title="bbox 1232 485 2024 522; baseline 0.004 -10"><span class='ocrx_word' id='word_1_41' title='bbox 1232 485 1352 513; x_wconf 90' lang='lat' dir='ltr'><strong>infelices</strong></span> <span class='ocrx_word' id='word_1_42' title='bbox 1376 491 1401 514; x_wconf 89' lang='lat' dir='ltr'><strong>et</strong></span> <span class='ocrx_word' id='word_1_43' title='bbox 1423 487 1526 518; x_wconf 84' lang='lat' dir='ltr'><strong>miseri,</strong></span> <span class='ocrx_word' id='word_1_44' title='bbox 1546 488 1617 522; x_wconf 83' lang='lat' dir='ltr'><strong>quod</strong></span> <span class='ocrx_word' id='word_1_45' title='bbox 1631 488 1736 521; x_wconf 87' lang='lat' dir='ltr'><strong>quidem</strong></span> <span class='ocrx_word' id='word_1_46' title='bbox 1757 488 1788 514; x_wconf 91' lang='lat' dir='ltr'><strong>de</strong></span> <span class='ocrx_word' id='word_1_47' title='bbox 1812 488 1877 514; x_wconf 84' lang='lat' dir='ltr'><strong>meis</strong></span> <span class='ocrx_word' id='word_1_48' title='bbox 1893 488 2024 515; x_wconf 62' lang='lat' dir='ltr'><strong>similibus</strong></span> 
     </span>
    </p>
   </div>
   <div class='ocr_carea' id='block_1_8' title="bbox 1231 530 2023 566">
    <p class='ocr_par' dir='ltr' id='par_1_8' title="bbox 1231 530 2023 566">
     <span class='ocr_line' id='line_1_8' title="bbox 1231 530 2023 566; baseline -0.001 -8"><span class='ocrx_word' id='word_1_49' title='bbox 1231 530 1336 566; x_wconf 82' lang='lat' dir='ltr'><strong>loquor,</strong></span> <span class='ocrx_word' id='word_1_50' title='bbox 1351 539 1420 566; x_wconf 70' lang='lat' dir='ltr'><strong>sa‘pe</strong></span> <span class='ocrx_word' id='word_1_51' title='bbox 1434 532 1481 558; x_wconf 87' lang='lat' dir='ltr'><strong>soli</strong></span> <span class='ocrx_word' id='word_1_52' title='bbox 1498 533 1522 559; x_wconf 92' lang='lat' dir='ltr'><strong>in</strong></span> <span class='ocrx_word' id='word_1_53' title='bbox 1539 537 1649 566; x_wconf 73' lang='lat' dir='ltr'><strong>angusta</strong></span> <span class='ocrx_word' id='word_1_54' title='bbox 1670 533 1770 558; x_wconf 78' lang='lat' dir='ltr'><strong>cellul;e</strong></span> <span class='ocrx_word' id='word_1_55' title='bbox 1792 533 1939 559; x_wconf 83' lang='lat' dir='ltr'><strong>remotione</strong></span> <span class='ocrx_word' id='word_1_56' title='bbox 1958 540 2023 559; x_wconf 79' lang='lat' dir='ltr'><strong>con-</strong></span> 
     </span>
    </p>
   </div>
   <div class='ocr_carea' id='block_1_9' title="bbox 1231 576 2023 609">
    <p class='ocr_par' dir='ltr' id='par_1_9' title="bbox 1231 576 2023 609">
     <span class='ocr_line' id='line_1_9' title="bbox 1231 576 2023 609; baseline 0.001 -6"><span class='ocrx_word' id='word_1_57' title='bbox 1231 576 1361 608; x_wconf 75' lang='lat' dir='ltr'><strong>sistimus,</strong></span> <span class='ocrx_word' id='word_1_58' title='bbox 1377 577 1439 602; x_wconf 88' lang='lat' dir='ltr'><strong>solis</strong></span> <span class='ocrx_word' id='word_1_59' title='bbox 1454 578 1547 603; x_wconf 76' lang='lat' dir='ltr'><strong>divitire</strong></span> <span class='ocrx_word' id='word_1_60' title='bbox 1564 577 1709 609; x_wconf 77' lang='lat' dir='ltr'><strong>majestatis</strong></span> <span class='ocrx_word' id='word_1_61' title='bbox 1725 578 1863 603; x_wconf 88' lang='lat' dir='ltr'><strong>obtutibus</strong></span> <span class='ocrx_word' id='word_1_62' title='bbox 1878 582 2023 604; x_wconf 79' lang='lat' dir='ltr'><strong>trementes</strong></span> 
     </span>
    </p>
   </div>
   <div class='ocr_carea' id='block_1_10' title="bbox 1231 622 2022 655">
    <p class='ocr_par' dir='ltr' id='par_1_10' title="bbox 1231 622 2022 655">
     <span class='ocr_line' id='line_1_10' title="bbox 1231 622 2022 655; baseline 0.001 -8"><span class='ocrx_word' id='word_1_63' title='bbox 1231 625 1369 653; x_wconf 81' lang='lat' dir='ltr'><strong>astamus,</strong></span> <span class='ocrx_word' id='word_1_64' title='bbox 1398 623 1513 655; x_wconf 79' lang='lat' dir='ltr'><strong>peccatis</strong></span> <span class='ocrx_word' id='word_1_65' title='bbox 1540 627 1626 648; x_wconf 80' lang='lat' dir='ltr'><strong>tamen</strong></span> <span class='ocrx_word' id='word_1_66' title='bbox 1650 623 1836 652; x_wconf 70' lang='lat' dir='ltr'><strong>obstantibus,</strong></span> <span class='ocrx_word' id='word_1_67' title='bbox 1866 622 1906 648; x_wconf 82' lang='lat' dir='ltr'><strong>vel</strong></span> <span class='ocrx_word' id='word_1_68' title='bbox 1937 623 2022 648; x_wconf 88' lang='lat' dir='ltr'><strong>intirui</strong></span> 
     </span>
    </p>
   </div>
   <div class='ocr_carea' id='block_1_11' title="bbox 1230 666 2021 702">
    <p class='ocr_par' dir='ltr' id='par_1_11' title="bbox 1230 666 2021 702">
     <span class='ocr_line' id='line_1_11' title="bbox 1230 666 2021 702; baseline -0.001 -9"><span class='ocrx_word' id='word_1_69' title='bbox 1230 666 1380 700; x_wconf 78' lang='lat' dir='ltr'><strong>splendoris</strong></span> <span class='ocrx_word' id='word_1_70' title='bbox 1392 667 1547 700; x_wconf 73' lang='lat' dir='ltr'><strong>igniculum,</strong></span> <span class='ocrx_word' id='word_1_71' title='bbox 1562 667 1601 692; x_wconf 69' lang='lat' dir='ltr'><strong>vel</strong></span> <span class='ocrx_word' id='word_1_72' title='bbox 1617 668 1828 701; x_wconf 75' lang='lat' dir='ltr'><strong>conupmictionis</strong></span> <span class='ocrx_word' id='word_1_73' title='bbox 1841 668 1954 702; x_wconf 81' lang='lat' dir='ltr'><strong>gratiam</strong></span> <span class='ocrx_word' id='word_1_74' title='bbox 1971 675 2021 693; x_wconf 92' lang='lat' dir='ltr'><strong>non</strong></span> 
     </span>
    </p>
   </div>
   <div class='ocr_carea' id='block_1_12' title="bbox 1230 712 2021 747">
    <p class='ocr_par' dir='ltr' id='par_1_12' title="bbox 1230 712 2021 747">
     <span class='ocr_line' id='line_1_12' title="bbox 1230 712 2021 747; baseline 0 -9"><span class='ocrx_word' id='word_1_75' title='bbox 1230 718 1378 739; x_wconf 86' lang='lat' dir='ltr'><strong>meremur.</strong></span> <span class='ocrx_word' id='word_1_76' title='bbox 1394 712 1439 739; x_wconf 89' lang='lat' dir='ltr'><strong>Sic</strong></span> <span class='ocrx_word' id='word_1_77' title='bbox 1453 712 1541 746; x_wconf 86' lang='lat' dir='ltr'><strong>itaque</strong></span> <span class='ocrx_word' id='word_1_78' title='bbox 1556 713 1628 739; x_wconf 91' lang='lat' dir='ltr'><strong>velut</strong></span> <span class='ocrx_word' id='word_1_79' title='bbox 1639 718 1699 738; x_wconf 86' lang='lat' dir='ltr'><strong>ante</strong></span> <span class='ocrx_word' id='word_1_80' title='bbox 1715 714 1785 747; x_wconf 76' lang='lat' dir='ltr'><strong>regis</strong></span> <span class='ocrx_word' id='word_1_81' title='bbox 1799 713 1920 739; x_wconf 75' lang='lat' dir='ltr'><strong>videmur</strong></span> <span class='ocrx_word' id='word_1_82' title='bbox 1935 719 2021 739; x_wconf 81' lang='lat' dir='ltr'><strong>astare</strong></span> 
     </span>
    </p>
   </div>
   <div class='ocr_carea' id='block_1_13' title="bbox 1229 757 2021 792">
    <p class='ocr_par' dir='ltr' id='par_1_13' title="bbox 1229 757 2021 792">
     <span class='ocr_line' id='line_1_13' title="bbox 1229 757 2021 792; baseline 0 -9"><span class='ocrx_word' id='word_1_83' title='bbox 1229 757 1409 792; x_wconf 65' lang='lat' dir='ltr'><strong>praesentiam,</strong></span> <span class='ocrx_word' id='word_1_84' title='bbox 1424 758 1470 784; x_wconf 89' lang='lat' dir='ltr'><strong>sed</strong></span> <span class='ocrx_word' id='word_1_85' title='bbox 1486 758 1545 791; x_wconf 84' lang='lat' dir='ltr'><strong>quia</strong></span> <span class='ocrx_word' id='word_1_86' title='bbox 1561 766 1607 791; x_wconf 87' lang='lat' dir='ltr'><strong>per</strong></span> <span class='ocrx_word' id='word_1_87' title='bbox 1622 759 1682 784; x_wconf 71' lang='lat' dir='ltr'><strong>vine</strong></span> <span class='ocrx_word' id='word_1_88' title='bbox 1698 758 1884 784; x_wconf 81' lang='lat' dir='ltr'><strong>rectitudinem</strong></span> <span class='ocrx_word' id='word_1_89' title='bbox 1901 758 1950 783; x_wconf 86' lang='lat' dir='ltr'><strong>sibi</strong></span> <span class='ocrx_word' id='word_1_90' title='bbox 1967 758 2021 784; x_wconf 90' lang='lat' dir='ltr'><strong>noti</strong></span> 
     </span>
    </p>
   </div>
   <div class='ocr_carea' id='block_1_14' title="bbox 1230 802 2019 832">
    <p class='ocr_par' dir='ltr' id='par_1_14' title="bbox 1230 802 2019 832">
     <span class='ocr_line' id='line_1_14' title="bbox 1230 802 2019 832; baseline 0.003 -5"><span class='ocrx_word' id='word_1_91' title='bbox 1230 808 1283 828; x_wconf 90' lang='lat' dir='ltr'><strong>non</strong></span> <span class='ocrx_word' id='word_1_92' title='bbox 1305 809 1408 832; x_wconf 85' lang='lat' dir='ltr'><strong>sumus,</strong></span> <span class='ocrx_word' id='word_1_93' title='bbox 1433 802 1617 829; x_wconf 78' lang='lat' dir='ltr'><strong>collocationis</strong></span> <span class='ocrx_word' id='word_1_94' title='bbox 1644 804 1755 829; x_wconf 48' lang='lat' dir='ltr'><strong>interrae</strong></span> <span class='ocrx_word' id='word_1_95' title='bbox 1781 803 1947 829; x_wconf 77' lang='lat' dir='ltr'><strong>dulcedinem</strong></span> <span class='ocrx_word' id='word_1_96' title='bbox 1968 810 2019 829; x_wconf 92' lang='lat' dir='ltr'><strong>non</strong></span> 
     </span>
    </p>
   </div>
   <div class='ocr_carea' id='block_1_15' title="bbox 1228 847 2020 880">
    <p class='ocr_par' dir='ltr' id='par_1_15' title="bbox 1228 847 2020 880">
     <span class='ocr_line' id='line_1_15' title="bbox 1228 847 2020 880; baseline 0.003 -8"><span class='ocrx_word' id='word_1_97' title='bbox 1228 850 1375 880; x_wconf 72' lang='lat' dir='ltr'><strong>gustamus.</strong></span> <span class='ocrx_word' id='word_1_98' title='bbox 1401 847 1464 878; x_wconf 78' lang='lat' dir='ltr'><strong>Sed,</strong></span> <span class='ocrx_word' id='word_1_99' title='bbox 1487 855 1503 873; x_wconf 92' lang='lat' dir='ltr'><strong>o</strong></span> <span class='ocrx_word' id='word_1_100' title='bbox 1525 847 1637 874; x_wconf 79' lang='lat' dir='ltr'><strong>dulcedo</strong></span> <span class='ocrx_word' id='word_1_101' title='bbox 1659 848 1792 878; x_wconf 82' lang='lat' dir='ltr'><strong>melbﬁua,</strong></span> <span class='ocrx_word' id='word_1_102' title='bbox 1809 856 1869 873; x_wconf 88' lang='lat' dir='ltr'><strong>cttm</strong></span> <span class='ocrx_word' id='word_1_103' title='bbox 1893 848 2020 874; x_wconf 82' lang='lat' dir='ltr'><strong>Dominus</strong></span> 
     </span>
    </p>
   </div>
   <div class='ocr_carea' id='block_1_16' title="bbox 1228 891 2020 925">
    <p class='ocr_par' dir='ltr' id='par_1_16' title="bbox 1228 891 2020 925">
     <span class='ocr_line' id='line_1_16' title="bbox 1228 891 2020 925; baseline 0.003 -8"><span class='ocrx_word' id='word_1_104' title='bbox 1228 891 1255 918; x_wconf 89' lang='lat' dir='ltr'><strong>iu</strong></span> <span class='ocrx_word' id='word_1_105' title='bbox 1278 900 1368 925; x_wconf 84' lang='lat' dir='ltr'><strong>servo,</strong></span> <span class='ocrx_word' id='word_1_106' title='bbox 1394 897 1421 919; x_wconf 89' lang='lat' dir='ltr'><strong>et</strong></span> <span class='ocrx_word' id='word_1_107' title='bbox 1447 901 1539 919; x_wconf 79' lang='lat' dir='ltr'><strong>servus</strong></span> <span class='ocrx_word' id='word_1_108' title='bbox 1565 894 1713 920; x_wconf 81' lang='lat' dir='ltr'><strong>delet-tatur</strong></span> <span class='ocrx_word' id='word_1_109' title='bbox 1740 894 1764 919; x_wconf 86' lang='lat' dir='ltr'><strong>in</strong></span> <span class='ocrx_word' id='word_1_110' title='bbox 1789 894 1917 919; x_wconf 75' lang='lat' dir='ltr'><strong>Domino!</strong></span> <span class='ocrx_word' id='word_1_111' title='bbox 1945 893 2020 919; x_wconf 71' lang='lat' dir='ltr'><strong>[Inde</strong></span> 
     </span>
    </p>
   </div>
   <div class='ocr_carea' id='block_1_17' title="bbox 1685 204 2421 235">
    <p class='ocr_par' dir='ltr' id='par_1_17' title="bbox 1685 204 2421 235">
     <span class='ocr_line' id='line_1_17' title="bbox 1685 204 2421 235; baseline 0 -1"><span class='ocrx_word' id='word_1_112' title='bbox 1685 205 1932 234; x_wconf 79' lang='lat' dir='ltr'><strong>COLLECTANEA</strong></span> <span class='ocrx_word' id='word_1_113' title='bbox 1952 205 1986 233; x_wconf 76' lang='lat' dir='ltr'><strong>IN</strong></span> <span class='ocrx_word' id='word_1_114' title='bbox 2005 206 2119 235; x_wconf 78' lang='lat' dir='ltr'><strong>VETUS</strong></span> <span class='ocrx_word' id='word_1_115' title='bbox 2147 204 2421 235; x_wconf 73' lang='lat' dir='ltr'><strong>TESTAMENTUM.</strong></span> 
     </span>
    </p>
   </div>
   <div class='ocr_carea' id='block_1_18' title="bbox 2794 204 2852 234">
    <p class='ocr_par' dir='ltr' id='par_1_18' title="bbox 2794 204 2852 234">
     <span class='ocr_line' id='line_1_18' title="bbox 2794 204 2852 234; baseline 0.017 -1"><span class='ocrx_word' id='word_1_116' title='bbox 2794 204 2852 234; x_wconf 83' lang='lat' dir='ltr'><strong>mo</strong></span> 
     </span>
    </p>
   </div>
   <div class='ocr_carea' id='block_1_19' title="bbox 2374 259 2574 289">
    <p class='ocr_par' dir='ltr' id='par_1_19' title="bbox 2374 259 2574 289">
     <span class='ocr_line' id='line_1_19' title="bbox 2374 259 2574 289; baseline -0.005 0"><span class='ocrx_word' id='word_1_117' title='bbox 2374 260 2489 289; x_wconf 78' lang='lat' dir='ltr'><strong>CAPUT</strong></span> <span class='ocrx_word' id='word_1_118' title='bbox 2508 259 2574 289; x_wconf 83' lang='lat' dir='ltr'><strong>Vlll.</strong></span> 
     </span>
    </p>
   </div>
   <div class='ocr_carea' id='block_1_20' title="bbox 2234 306 2712 342">
    <p class='ocr_par' dir='ltr' id='par_1_20' title="bbox 2234 306 2712 342">
     <span class='ocr_line' id='line_1_20' title="bbox 2234 306 2712 342; baseline 0 -9"><span class='ocrx_word' id='word_1_119' title='bbox 2234 306 2267 333; x_wconf 82' lang='lat' dir='ltr'><strong>In</strong></span> <span class='ocrx_word' id='word_1_120' title='bbox 2278 306 2385 342; x_wconf 73' lang='lat' dir='ltr'><strong>epistola</strong></span> <span class='ocrx_word' id='word_1_121' title='bbox 2399 307 2433 333; x_wconf 84' lang='lat' dir='ltr'><strong>ad</strong></span> <span class='ocrx_word' id='word_1_122' title='bbox 2449 307 2571 341; x_wconf 78' lang='lat' dir='ltr'><strong>Agnetem</strong></span> <span class='ocrx_word' id='word_1_123' title='bbox 2587 306 2712 341; x_wconf 73' lang='lat' dir='ltr'><strong>reginam.</strong></span> 
     </span>
    </p>
   </div>
   <div class='ocr_carea' id='block_1_21' title="bbox 2116 352 2853 388">
    <p class='ocr_par' dir='ltr' id='par_1_21' title="bbox 2116 352 2853 388">
     <span class='ocr_line' id='line_1_21' title="bbox 2116 352 2853 388; baseline 0.001 -9"><span class='ocrx_word' id='word_1_124' title='bbox 2116 361 2125 378; x_wconf 74' lang='grc' dir='ltr'><strong>ι</strong></span> <span class='ocrx_word' id='word_1_125' title='bbox 2143 352 2199 379; x_wconf 81' lang='lat' dir='ltr'><strong>Non</strong></span> <span class='ocrx_word' id='word_1_126' title='bbox 2218 358 2274 379; x_wconf 86' lang='lat' dir='ltr'><strong>erat</strong></span> <span class='ocrx_word' id='word_1_127' title='bbox 2291 358 2440 388; x_wconf 70' lang='lat' dir='ltr'><strong>argenturm.</strong></span> <span class='ocrx_word' id='word_1_128' title='bbox 2458 360 2506 379; x_wconf 88' lang='lat' dir='ltr'><strong>nec</strong></span> <span class='ocrx_word' id='word_1_129' title='bbox 2528 352 2607 379; x_wconf 82' lang='lat' dir='ltr'><strong>ullius</strong></span> <span class='ocrx_word' id='word_1_130' title='bbox 2627 353 2704 387; x_wconf 79' lang='lat' dir='ltr'><strong>pretii</strong></span> <span class='ocrx_word' id='word_1_131' title='bbox 2719 353 2853 387; x_wconf 74' lang='lat' dir='ltr'><strong>putabatur</strong></span> 
     </span>
    </p>
   </div>
   <div class='ocr_carea' id='block_1_22' title="bbox 2077 397 2852 433">
    <p class='ocr_par' dir='ltr' id='par_1_22' title="bbox 2077 397 2852 433">
     <span class='ocr_line' id='line_1_22' title="bbox 2077 397 2852 433; baseline -0.001 -8"><span class='ocrx_word' id='word_1_132' title='bbox 2077 398 2102 425; x_wconf 90' lang='lat' dir='ltr'><strong>in</strong></span> <span class='ocrx_word' id='word_1_133' title='bbox 2125 398 2220 425; x_wconf 86' lang='lat' dir='ltr'><strong>diebus</strong></span> <span class='ocrx_word' id='word_1_134' title='bbox 2242 398 2392 425; x_wconf 85' lang='lat' dir='ltr'><strong>Salomonis</strong></span> <span class='ocrx_word' id='word_1_135' title='bbox 2410 397 2469 433; x_wconf 91' lang='grc'><strong>(111</strong></span> <span class='ocrx_word' id='word_1_136' title='bbox 2487 398 2550 432; x_wconf 72' lang='lat' dir='ltr'><strong>Reg.</strong></span> <span class='ocrx_word' id='word_1_137' title='bbox 2568 400 2605 432; x_wconf 70' lang='grc' dir='ltr'><strong>ι).</strong></span> <span class='ocrx_word' id='word_1_138' title='bbox 2622 407 2632 423; x_wconf 76' lang='grc'><strong>1</strong></span> <span class='ocrx_word' id='word_1_139' title='bbox 2645 397 2720 431; x_wconf 85' lang='lat' dir='ltr'><strong>Quod</strong></span> <span class='ocrx_word' id='word_1_140' title='bbox 2735 398 2852 425; x_wconf 83' lang='lat' dir='ltr'><strong>nimirum</strong></span> 
     </span>
    </p>
   </div>
   <div class='ocr_carea' id='block_1_23' title="bbox 2076 442 2851 478">
    <p class='ocr_par' dir='ltr' id='par_1_23' title="bbox 2076 442 2851 478">
     <span class='ocr_line' id='line_1_23' title="bbox 2076 442 2851 478; baseline 0 -8"><span class='ocrx_word' id='word_1_141' title='bbox 2076 444 2210 478; x_wconf 90' lang='lat' dir='ltr'><strong>quomodo</strong></span> <span class='ocrx_word' id='word_1_142' title='bbox 2223 444 2299 477; x_wconf 75' lang='lat' dir='ltr'><strong>juxta</strong></span> <span class='ocrx_word' id='word_1_143' title='bbox 2317 444 2429 470; x_wconf 80' lang='lat' dir='ltr'><strong>litteram</strong></span> <span class='ocrx_word' id='word_1_144' title='bbox 2449 443 2538 474; x_wconf 79' lang='lat' dir='ltr'><strong>stabit,</strong></span> <span class='ocrx_word' id='word_1_145' title='bbox 2557 448 2584 469; x_wconf 93' lang='lat' dir='ltr'><strong>ut</strong></span> <span class='ocrx_word' id='word_1_146' title='bbox 2603 443 2675 470; x_wconf 86' lang='lat' dir='ltr'><strong>credi</strong></span> <span class='ocrx_word' id='word_1_147' title='bbox 2690 442 2776 471; x_wconf 81' lang='lat' dir='ltr'><strong>valeat</strong></span> <span class='ocrx_word' id='word_1_148' title='bbox 2791 447 2851 471; x_wconf 83' lang='lat' dir='ltr'><strong>tem-</strong></span> 
     </span>
    </p>
   </div>
   <div class='ocr_carea' id='block_1_24' title="bbox 2076 487 2853 524">
    <p class='ocr_par' dir='ltr' id='par_1_24' title="bbox 2076 487 2853 524">
     <span class='ocr_line' id='line_1_24' title="bbox 2076 487 2853 524; baseline -0.001 -8"><span class='ocrx_word' id='word_1_149' title='bbox 2076 497 2140 523; x_wconf 89' lang='lat' dir='ltr'><strong>pore</strong></span> <span class='ocrx_word' id='word_1_150' title='bbox 2152 489 2303 516; x_wconf 82' lang='lat' dir='ltr'><strong>Salomonis</strong></span> <span class='ocrx_word' id='word_1_151' title='bbox 2315 493 2453 524; x_wconf 77' lang='lat' dir='ltr'><strong>argentum</strong></span> <span class='ocrx_word' id='word_1_152' title='bbox 2469 488 2507 513; x_wconf 83' lang='lat' dir='ltr'><strong>vel</strong></span> <span class='ocrx_word' id='word_1_153' title='bbox 2522 488 2628 521; x_wconf 80' lang='lat' dir='ltr'><strong>penitus</strong></span> <span class='ocrx_word' id='word_1_154' title='bbox 2652 495 2703 515; x_wconf 86' lang='lat' dir='ltr'><strong>non</strong></span> <span class='ocrx_word' id='word_1_155' title='bbox 2724 487 2815 519; x_wconf 83' lang='lat' dir='ltr'><strong>fuisse,</strong></span> <span class='ocrx_word' id='word_1_156' title='bbox 2824 494 2853 515; x_wconf 84' lang='lat' dir='ltr'><strong>ac</strong></span> 
     </span>
    </p>
   </div>
   <div class='ocr_carea' id='block_1_25' title="bbox 2075 530 2853 568">
    <p class='ocr_par' dir='ltr' id='par_1_25' title="bbox 2075 530 2853 568">
     <span class='ocr_line' id='line_1_25' title="bbox 2075 530 2853 568; baseline 0 -8"><span class='ocrx_word' id='word_1_157' title='bbox 2075 540 2183 568; x_wconf 76' lang='lat' dir='ltr'><strong>propter</strong></span> <span class='ocrx_word' id='word_1_158' title='bbox 2195 535 2245 561; x_wconf 91' lang='lat' dir='ltr'><strong>hoc</strong></span> <span class='ocrx_word' id='word_1_159' title='bbox 2258 535 2367 561; x_wconf 86' lang='lat' dir='ltr'><strong>omnino</strong></span> <span class='ocrx_word' id='word_1_160' title='bbox 2379 535 2410 560; x_wconf 83' lang='lat' dir='ltr'><strong>de</strong></span> <span class='ocrx_word' id='word_1_161' title='bbox 2425 539 2492 560; x_wconf 89' lang='lat' dir='ltr'><strong>terra</strong></span> <span class='ocrx_word' id='word_1_162' title='bbox 2503 534 2631 566; x_wconf 80' lang='lat' dir='ltr'><strong>deletum,</strong></span> <span class='ocrx_word' id='word_1_163' title='bbox 2646 532 2688 561; x_wconf 92' lang='lat' dir='ltr'><strong>vel</strong></span> <span class='ocrx_word' id='word_1_164' title='bbox 2701 530 2853 565; x_wconf 76' lang='lat' dir='ltr'><strong>nullius,vel</strong></span> 
     </span>
    </p>
   </div>
   <div class='ocr_carea' id='block_1_26' title="bbox 2075 577 2854 613">
    <p class='ocr_par' dir='ltr' id='par_1_26' title="bbox 2075 577 2854 613">
     <span class='ocr_line' id='line_1_26' title="bbox 2075 577 2854 613; baseline -0.001 -7"><span class='ocrx_word' id='word_1_165' title='bbox 2075 580 2151 606; x_wconf 60' lang='lat' dir='ltr'><strong>cxiiis</strong></span> <span class='ocrx_word' id='word_1_166' title='bbox 2166 580 2259 606; x_wconf 86' lang='lat' dir='ltr'><strong>saltem</strong></span> <span class='ocrx_word' id='word_1_167' title='bbox 2275 580 2351 613; x_wconf 83' lang='lat' dir='ltr'><strong>pretii</strong></span> <span class='ocrx_word' id='word_1_168' title='bbox 2367 580 2526 605; x_wconf 64' lang='lat' dir='ltr'><strong>constitisse.</strong></span> <span class='ocrx_word' id='word_1_169' title='bbox 2546 577 2611 604; x_wconf 81' lang='lat' dir='ltr'><strong>Nam</strong></span> <span class='ocrx_word' id='word_1_170' title='bbox 2635 578 2657 605; x_wconf 84' lang='lat' dir='ltr'><strong>si</strong></span> <span class='ocrx_word' id='word_1_171' title='bbox 2681 577 2778 604; x_wconf 87' lang='lat' dir='ltr'><strong>nullius</strong></span> <span class='ocrx_word' id='word_1_172' title='bbox 2799 580 2854 605; x_wconf 75' lang='lat' dir='ltr'><strong>erat</strong></span> 
     </span>
    </p>
   </div>
   <div class='ocr_carea' id='block_1_27' title="bbox 2074 622 2852 660">
    <p class='ocr_par' dir='ltr' id='par_1_27' title="bbox 2074 622 2852 660">
     <span class='ocr_line' id='line_1_27' title="bbox 2074 622 2852 660; baseline -0.001 -9"><span class='ocrx_word' id='word_1_173' title='bbox 2074 627 2162 660; x_wconf 82' lang='lat' dir='ltr'><strong>pretii.</strong></span> <span class='ocrx_word' id='word_1_174' title='bbox 2179 627 2247 652; x_wconf 81' lang='lat' dir='ltr'><strong>sicut</strong></span> <span class='ocrx_word' id='word_1_175' title='bbox 2260 625 2369 656; x_wconf 77' lang='lat' dir='ltr'><strong>dicitur,</strong></span> <span class='ocrx_word' id='word_1_176' title='bbox 2389 632 2451 657; x_wconf 61' lang='lat' dir='ltr'><strong>ergo</strong></span> <span class='ocrx_word' id='word_1_177' title='bbox 2477 625 2547 651; x_wconf 82' lang='lat' dir='ltr'><strong>mille</strong></span> <span class='ocrx_word' id='word_1_178' title='bbox 2572 624 2668 651; x_wconf 85' lang='lat' dir='ltr'><strong>talenta</strong></span> <span class='ocrx_word' id='word_1_179' title='bbox 2693 622 2801 658; x_wconf 69' lang='lat' dir='ltr'><strong>argenti.</strong></span> <span class='ocrx_word' id='word_1_180' title='bbox 2822 630 2852 650; x_wconf 84' lang='lat' dir='ltr'><strong>ne</strong></span> 
     </span>
    </p>
   </div>
   <div class='ocr_carea' id='block_1_28' title="bbox 2075 668 2850 705">
    <p class='ocr_par' dir='ltr' id='par_1_28' title="bbox 2075 668 2850 705">
     <span class='ocr_line' id='line_1_28' title="bbox 2075 668 2850 705; baseline -0.001 -9"><span class='ocrx_word' id='word_1_181' title='bbox 2075 672 2154 697; x_wconf 89' lang='lat' dir='ltr'><strong>unius</strong></span> <span class='ocrx_word' id='word_1_182' title='bbox 2182 671 2288 705; x_wconf 81' lang='lat' dir='ltr'><strong>quidem</strong></span> <span class='ocrx_word' id='word_1_183' title='bbox 2317 671 2357 696; x_wconf 81' lang='lat' dir='ltr'><strong>ovi</strong></span> <span class='ocrx_word' id='word_1_184' title='bbox 2392 674 2517 704; x_wconf 85' lang='lat' dir='ltr'><strong>poterant</strong></span> <span class='ocrx_word' id='word_1_185' title='bbox 2543 668 2674 703; x_wconf 83' lang='lat' dir='ltr'><strong>appendio</strong></span> <span class='ocrx_word' id='word_1_186' title='bbox 2701 668 2850 703; x_wconf 80' lang='lat' dir='ltr'><strong>supputari;</strong></span> 
     </span>
    </p>
   </div>
   <div class='ocr_carea' id='block_1_29' title="bbox 2074 713 2852 750">
    <p class='ocr_par' dir='ltr' id='par_1_29' title="bbox 2074 713 2852 750">
     <span class='ocr_line' id='line_1_29' title="bbox 2074 713 2852 750; baseline -0.003 -9"><span class='ocrx_word' id='word_1_187' title='bbox 2074 716 2143 750; x_wconf 84' lang='lat' dir='ltr'><strong>quod</strong></span> <span class='ocrx_word' id='word_1_188' title='bbox 2169 724 2232 742; x_wconf 86' lang='lat' dir='ltr'><strong>sane</strong></span> <span class='ocrx_word' id='word_1_189' title='bbox 2260 716 2343 744; x_wconf 73' lang='lat' dir='ltr'><strong>credi,</strong></span> <span class='ocrx_word' id='word_1_190' title='bbox 2370 723 2448 748; x_wconf 81' lang='lat' dir='ltr'><strong>quain</strong></span> <span class='ocrx_word' id='word_1_191' title='bbox 2474 714 2609 745; x_wconf 70' lang='lat' dir='ltr'><strong>frivolum,</strong></span> <span class='ocrx_word' id='word_1_192' title='bbox 2633 720 2713 748; x_wconf 86' lang='lat' dir='ltr'><strong>quam</strong></span> <span class='ocrx_word' id='word_1_193' title='bbox 2736 713 2852 739; x_wconf 81' lang='lat' dir='ltr'><strong>videatur</strong></span> 
     </span>
    </p>
   </div>
   <div class='ocr_carea' id='block_1_30' title="bbox 2074 757 2850 795">
    <p class='ocr_par' dir='ltr' id='par_1_30' title="bbox 2074 757 2850 795">
     <span class='ocr_line' id='line_1_30' title="bbox 2074 757 2850 795; baseline -0.005 -8"><span class='ocrx_word' id='word_1_194' title='bbox 2074 762 2192 795; x_wconf 88' lang='lat' dir='ltr'><strong>ineptum</strong></span> <span class='ocrx_word' id='word_1_195' title='bbox 2210 762 2265 795; x_wconf 83' lang='lat' dir='ltr'><strong>ipse</strong></span> <span class='ocrx_word' id='word_1_196' title='bbox 2281 760 2395 786; x_wconf 66' lang='lat' dir='ltr'><strong>reiiuxit</strong></span> <span class='ocrx_word' id='word_1_197' title='bbox 2415 764 2502 786; x_wconf 75' lang='lat' dir='ltr'><strong>tettus</strong></span> <span class='ocrx_word' id='word_1_198' title='bbox 2520 763 2547 785; x_wconf 85' lang='lat' dir='ltr'><strong>et</strong></span> <span class='ocrx_word' id='word_1_199' title='bbox 2562 759 2628 786; x_wconf 89' lang='lat' dir='ltr'><strong>ordo</strong></span> <span class='ocrx_word' id='word_1_200' title='bbox 2641 757 2793 789; x_wconf 74' lang='lat' dir='ltr'><strong>verborum.</strong></span> <span class='ocrx_word' id='word_1_201' title='bbox 2809 757 2850 791; x_wconf 84' lang='lat' dir='ltr'><strong>qui</strong></span> 
     </span>
    </p>
   </div>
   <div class='ocr_carea' id='block_1_31' title="bbox 2073 806 2852 840">
    <p class='ocr_par' dir='ltr' id='par_1_31' title="bbox 2073 806 2852 840">
     <span class='ocr_line' id='line_1_31' title="bbox 2073 806 2852 840; baseline -0.001 -8"><span class='ocrx_word' id='word_1_202' title='bbox 2073 812 2212 840; x_wconf 72' lang='lat' dir='ltr'><strong>postquam</strong></span> <span class='ocrx_word' id='word_1_203' title='bbox 2242 807 2379 840; x_wconf 61' lang='lat' dir='ltr'><strong>praemittit</strong></span> <span class='ocrx_word' id='word_1_204' title='bbox 2399 815 2404 832; x_wconf 90' lang='lat'>:</span> <span class='ocrx_word' id='word_1_205' title='bbox 2425 816 2432 831; x_wconf 75' lang='grc' dir='ltr'><strong>ι</strong></span> <span class='ocrx_word' id='word_1_206' title='bbox 2451 806 2506 832; x_wconf 88' lang='lat' dir='ltr'><strong>Non</strong></span> <span class='ocrx_word' id='word_1_207' title='bbox 2537 808 2597 831; x_wconf 88' lang='lat' dir='ltr'><strong>erat</strong></span> <span class='ocrx_word' id='word_1_208' title='bbox 2622 807 2780 839; x_wconf 73' lang='lat' dir='ltr'><strong>argentum.</strong></span> <span class='ocrx_word' id='word_1_209' title='bbox 2807 810 2852 831; x_wconf 82' lang='lat' dir='ltr'><strong>nec</strong></span> 
     </span>
    </p>
   </div>
   <div class='ocr_carea' id='block_1_32' title="bbox 2074 848 2851 885">
    <p class='ocr_par' dir='ltr' id='par_1_32' title="bbox 2074 848 2851 885">
     <span class='ocr_line' id='line_1_32' title="bbox 2074 848 2851 885; baseline -0.004 -8"><span class='ocrx_word' id='word_1_210' title='bbox 2074 853 2151 878; x_wconf 85' lang='lat' dir='ltr'><strong>ullius</strong></span> <span class='ocrx_word' id='word_1_211' title='bbox 2171 852 2247 885; x_wconf 57' lang='grc' dir='ltr'><strong>ρηξιίῑ</strong></span> <span class='ocrx_word' id='word_1_212' title='bbox 2265 853 2407 885; x_wconf 76' lang='lat' dir='ltr'><strong>putabatur</strong></span> <span class='ocrx_word' id='word_1_213' title='bbox 2424 852 2448 877; x_wconf 90' lang='lat' dir='ltr'><strong>in</strong></span> <span class='ocrx_word' id='word_1_214' title='bbox 2463 850 2554 876; x_wconf 82' lang='lat' dir='ltr'><strong>diebus</strong></span> <span class='ocrx_word' id='word_1_215' title='bbox 2571 848 2732 880; x_wconf 77' lang='lat' dir='ltr'><strong>Salomonis,</strong></span> <span class='ocrx_word' id='word_1_216' title='bbox 2757 856 2766 873; x_wconf 75' lang='grc' dir='ltr'><strong>ν</strong></span> <span class='ocrx_word' id='word_1_217' title='bbox 2786 854 2851 881; x_wconf 70' lang='grc' dir='ltr'><strong>ρη-</strong></span> 
     </span>
    </p>
   </div>
   <div class='ocr_carea' id='block_1_33' title="bbox 2072 894 2852 930">
    <p class='ocr_par' dir='ltr' id='par_1_33' title="bbox 2072 894 2852 930">
     <span class='ocr_line' id='line_1_33' title="bbox 2072 894 2852 930; baseline -0.005 -8"><span class='ocrx_word' id='word_1_218' title='bbox 2072 901 2112 922; x_wconf 89' lang='lat' dir='ltr'><strong>sto</strong></span> <span class='ocrx_word' id='word_1_219' title='bbox 2131 896 2265 930; x_wconf 76' lang='lat' dir='ltr'><strong>suhjttngit</strong></span> <span class='ocrx_word' id='word_1_220' title='bbox 2286 905 2289 919; x_wconf 85' lang='lat'>:</span> <span class='ocrx_word' id='word_1_221' title='bbox 2312 905 2319 919; x_wconf 81' lang='grc'><strong>1</strong></span> <span class='ocrx_word' id='word_1_222' title='bbox 2338 895 2403 927; x_wconf 82' lang='lat' dir='ltr'><strong>Quia</strong></span> <span class='ocrx_word' id='word_1_223' title='bbox 2426 895 2519 921; x_wconf 69' lang='lat' dir='ltr'><strong>classis</strong></span> <span class='ocrx_word' id='word_1_224' title='bbox 2543 894 2614 928; x_wconf 79' lang='lat' dir='ltr'><strong>regis</strong></span> <span class='ocrx_word' id='word_1_225' title='bbox 2634 900 2682 927; x_wconf 83' lang='lat' dir='ltr'><strong>per</strong></span> <span class='ocrx_word' id='word_1_226' title='bbox 2702 899 2775 919; x_wconf 87' lang='lat' dir='ltr'><strong>mare</strong></span> <span class='ocrx_word' id='word_1_227' title='bbox 2795 898 2852 918; x_wconf 81' lang='lat' dir='ltr'><strong>cum</strong></span> 
     </span>
    </p>
   </div>
   <div class='ocr_carea' id='block_1_34' title="bbox 1228 935 2854 974">
    <p class='ocr_par' dir='ltr' id='par_1_34' title="bbox 1228 935 2854 974">
     <span class='ocr_line' id='line_1_34' title="bbox 1228 935 2854 974; baseline 0.001 -12"><span class='ocrx_word' id='word_1_228' title='bbox 1228 935 1369 963; x_wconf 73' lang='lat' dir='ltr'><strong>l’saltnista</strong></span> <span class='ocrx_word' id='word_1_229' title='bbox 1385 946 1389 960; x_wconf 72' lang='grc' dir='ltr'><em>τ</em></span> <span class='ocrx_word' id='word_1_230' title='bbox 1408 946 1416 962; x_wconf 72' lang='grc' dir='ltr'><strong>ι</strong></span> <span class='ocrx_word' id='word_1_231' title='bbox 1436 937 1530 963; x_wconf 81' lang='lat' dir='ltr'><strong>Suavis</strong></span> <span class='ocrx_word' id='word_1_232' title='bbox 1553 939 1600 968; x_wconf 87' lang='lat' dir='ltr'><strong>sit,</strong></span> <span class='ocrx_word' id='word_1_233' title='bbox 1629 938 1711 970; x_wconf 85' lang='lat' dir='ltr'><strong>inquit</strong></span> <span class='ocrx_word' id='word_1_234' title='bbox 1723 958 1729 967; x_wconf 77' lang='lat'><strong>,</strong></span> <span class='ocrx_word' id='word_1_235' title='bbox 1757 938 1779 963; x_wconf 73' lang='lat' dir='ltr'><strong>ri</strong></span> <span class='ocrx_word' id='word_1_236' title='bbox 1807 937 1922 963; x_wconf 76' lang='lat' dir='ltr'><strong>laudatio</strong></span> <span class='ocrx_word' id='word_1_237' title='bbox 1940 946 2013 969; x_wconf 85' lang='lat' dir='ltr'><strong>mea,</strong></span> <span class='ocrx_word' id='word_1_238' title='bbox 2032 946 2052 974; x_wconf 72' lang='grc' dir='ltr'><strong><em>Β</em></strong></span> <span class='ocrx_word' id='word_1_239' title='bbox 2070 943 2154 968; x_wconf 62' lang='lat' dir='ltr'><strong>classe</strong></span> <span class='ocrx_word' id='word_1_240' title='bbox 2169 941 2259 967; x_wconf 65' lang='lat' dir='ltr'><strong>uirum</strong></span> <span class='ocrx_word' id='word_1_241' title='bbox 2275 941 2354 967; x_wconf 66' lang='lat' dir='ltr'><strong>sentel</strong></span> <span class='ocrx_word' id='word_1_242' title='bbox 2372 949 2417 974; x_wconf 80' lang='lat' dir='ltr'><strong>per</strong></span> <span class='ocrx_word' id='word_1_243' title='bbox 2435 946 2487 966; x_wconf 76' lang='lat' dir='ltr'><strong>tres</strong></span> <span class='ocrx_word' id='word_1_244' title='bbox 2502 947 2586 965; x_wconf 86' lang='lat' dir='ltr'><strong>annos</strong></span> <span class='ocrx_word' id='word_1_245' title='bbox 2604 938 2659 966; x_wconf 84' lang='lat' dir='ltr'><strong>ibat</strong></span> <span class='ocrx_word' id='word_1_246' title='bbox 2673 937 2796 969; x_wconf 68' lang='lat' dir='ltr'><strong>Titanis,</strong></span> <span class='ocrx_word' id='word_1_247' title='bbox 2809 937 2854 965; x_wconf 79' lang='lat' dir='ltr'><strong>de-</strong></span> 
     </span>
    </p>
   </div>
   <div class='ocr_carea' id='block_1_35' title="bbox 1226 982 1894 1015">
    <p class='ocr_par' dir='ltr' id='par_1_35' title="bbox 1226 982 1894 1015">
     <span class='ocr_line' id='line_1_35' title="bbox 1226 982 1894 1015; baseline 0 -7"><span class='ocrx_word' id='word_1_248' title='bbox 1226 988 1274 1015; x_wconf 73' lang='lat' dir='ltr'><strong>cgu</strong></span> <span class='ocrx_word' id='word_1_249' title='bbox 1289 990 1351 1009; x_wconf 71' lang='lat' dir='ltr'><strong>vero</strong></span> <span class='ocrx_word' id='word_1_250' title='bbox 1365 982 1516 1009; x_wconf 81' lang='lat' dir='ltr'><strong>delectabor</strong></span> <span class='ocrx_word' id='word_1_251' title='bbox 1532 984 1556 1008; x_wconf 89' lang='lat' dir='ltr'><strong>in</strong></span> <span class='ocrx_word' id='word_1_252' title='bbox 1571 983 1681 1009; x_wconf 77' lang='lat' dir='ltr'><strong>Domino</strong></span> <span class='ocrx_word' id='word_1_253' title='bbox 1698 983 1781 1015; x_wconf 75' lang='lat' dir='ltr'><strong>(Psal.</strong></span> <span class='ocrx_word' id='word_1_254' title='bbox 1796 988 1862 1010; x_wconf 83' lang='lat' dir='ltr'><strong>cut‘.</strong></span> <span class='ocrx_word' id='word_1_255' title='bbox 1887 994 1894 1008; x_wconf 78' lang='grc' dir='ltr'><strong>ι</strong></span> 
     </span>
    </p>
   </div>
   <div class='ocr_carea' id='block_1_36' title="bbox 1525 1027 1710 1054">
    <p class='ocr_par' dir='ltr' id='par_1_36' title="bbox 1525 1027 1710 1054">
     <span class='ocr_line' id='line_1_36' title="bbox 1525 1027 1710 1054; baseline 0 0"><span class='ocrx_word' id='word_1_256' title='bbox 1525 1027 1636 1054; x_wconf 63' lang='lat' dir='ltr'><strong>CAPUT</strong></span> <span class='ocrx_word' id='word_1_257' title='bbox 1659 1029 1710 1054; x_wconf 59' lang='lat' dir='ltr'><strong>V&#39;ll.</strong></span> 
     </span>
    </p>
   </div>
   <div class='ocr_carea' id='block_1_37' title="bbox 1366 1071 1861 1099">
    <p class='ocr_par' dir='ltr' id='par_1_37' title="bbox 1366 1071 1861 1099">
     <span class='ocr_line' id='line_1_37' title="bbox 1366 1071 1861 1099; baseline 0.004 -2"><span class='ocrx_word' id='word_1_258' title='bbox 1366 1071 1397 1097; x_wconf 83' lang='lat' dir='ltr'><strong>In</strong></span> <span class='ocrx_word' id='word_1_259' title='bbox 1410 1080 1525 1098; x_wconf 77' lang='lat' dir='ltr'><strong>sermone</strong></span> <span class='ocrx_word' id='word_1_260' title='bbox 1537 1073 1567 1098; x_wconf 82' lang='lat' dir='ltr'><strong>de</strong></span> <span class='ocrx_word' id='word_1_261' title='bbox 1579 1074 1709 1099; x_wconf 58' lang='grc' dir='ltr'><strong>ναίὴ-ἕηκεν</strong></span> <span class='ocrx_word' id='word_1_262' title='bbox 1723 1073 1750 1099; x_wconf 90' lang='lat' dir='ltr'><strong>S.</strong></span> <span class='ocrx_word' id='word_1_263' title='bbox 1770 1073 1861 1099; x_wconf 66' lang='lat' dir='ltr'><strong>t‘lﬂl‘ltf)</strong></span> 
     </span>
    </p>
   </div>
   <div class='ocr_carea' id='block_1_38' title="bbox 1263 1116 2012 1147">
    <p class='ocr_par' dir='ltr' id='par_1_38' title="bbox 1263 1116 2012 1147">
     <span class='ocr_line' id='line_1_38' title="bbox 1263 1116 2012 1147; baseline 0.004 -6"><span class='ocrx_word' id='word_1_264' title='bbox 1263 1125 1272 1140; x_wconf 85' lang='grc'><strong>‹</strong></span> <span class='ocrx_word' id='word_1_265' title='bbox 1293 1116 1403 1142; x_wconf 81' lang='lat' dir='ltr'><strong>Factum</strong></span> <span class='ocrx_word' id='word_1_266' title='bbox 1422 1123 1472 1147; x_wconf 71' lang='lat' dir='ltr'><strong>est,</strong></span> <span class='ocrx_word' id='word_1_267' title='bbox 1498 1126 1557 1144; x_wconf 91' lang='lat' dir='ltr'><strong>cum</strong></span> <span class='ocrx_word' id='word_1_268' title='bbox 1583 1119 1699 1145; x_wconf 67' lang='lat' dir='ltr'><strong>cxissont</strong></span> <span class='ocrx_word' id='word_1_269' title='bbox 1722 1120 1874 1145; x_wconf 67' lang='lat' dir='ltr'><strong>sacerdotes</strong></span> <span class='ocrx_word' id='word_1_270' title='bbox 1903 1121 1933 1146; x_wconf 70' lang='lat' dir='ltr'><strong>de</strong></span> <span class='ocrx_word' id='word_1_271' title='bbox 1951 1128 2012 1144; x_wconf 76' lang='lat' dir='ltr'><strong>san-</strong></span> 
     </span>
    </p>
   </div>
   <div class='ocr_carea' id='block_1_39' title="bbox 1225 1162 2012 1196">
    <p class='ocr_par' dir='ltr' id='par_1_39' title="bbox 1225 1162 2012 1196">
     <span class='ocr_line' id='line_1_39' title="bbox 1225 1162 2012 1196; baseline -0.001 -9"><span class='ocrx_word' id='word_1_272' title='bbox 1225 1162 1341 1192; x_wconf 83' lang='lat' dir='ltr'><strong>ctuario,</strong></span> <span class='ocrx_word' id='word_1_273' title='bbox 1358 1162 1452 1188; x_wconf 82' lang='lat' dir='ltr'><strong>nebula</strong></span> <span class='ocrx_word' id='word_1_274' title='bbox 1469 1163 1587 1196; x_wconf 74' lang='lat' dir='ltr'><strong>implebit</strong></span> <span class='ocrx_word' id='word_1_275' title='bbox 1605 1165 1711 1189; x_wconf 75' lang='lat' dir='ltr'><strong>domum</strong></span> <span class='ocrx_word' id='word_1_276' title='bbox 1727 1164 1840 1193; x_wconf 87' lang='lat' dir='ltr'><strong>Domini,</strong></span> <span class='ocrx_word' id='word_1_277' title='bbox 1857 1169 1881 1189; x_wconf 72' lang='lat' dir='ltr'><strong>i-t</strong></span> <span class='ocrx_word' id='word_1_278' title='bbox 1901 1173 1951 1189; x_wconf 85' lang='lat' dir='ltr'><strong>non</strong></span> <span class='ocrx_word' id='word_1_279' title='bbox 1967 1172 2012 1195; x_wconf 69' lang='lat' dir='ltr'><strong>po-</strong></span> 
     </span>
    </p>
   </div>
   <div class='ocr_carea' id='block_1_40' title="bbox 1223 1209 2012 1243">
    <p class='ocr_par' dir='ltr' id='par_1_40' title="bbox 1223 1209 2012 1243">
     <span class='ocr_line' id='line_1_40' title="bbox 1223 1209 2012 1243; baseline 0 -9"><span class='ocrx_word' id='word_1_280' title='bbox 1223 1211 1314 1234; x_wconf 84' lang='lat' dir='ltr'><strong>terant</strong></span> <span class='ocrx_word' id='word_1_281' title='bbox 1326 1209 1479 1235; x_wconf 83' lang='lat' dir='ltr'><strong>sacerdotes</strong></span> <span class='ocrx_word' id='word_1_282' title='bbox 1492 1214 1563 1234; x_wconf 77' lang='lat' dir='ltr'><strong>stare</strong></span> <span class='ocrx_word' id='word_1_283' title='bbox 1584 1216 1666 1243; x_wconf 81' lang='lat' dir='ltr'><strong>prope</strong></span> <span class='ocrx_word' id='word_1_284' title='bbox 1681 1214 1790 1243; x_wconf 81' lang='lat' dir='ltr'><strong>propter</strong></span> <span class='ocrx_word' id='word_1_285' title='bbox 1808 1209 1946 1240; x_wconf 80' lang='lat' dir='ltr'><strong>nebulam;</strong></span> <span class='ocrx_word' id='word_1_286' title='bbox 1964 1210 2012 1234; x_wconf 86' lang='lat' dir='ltr'><strong>im-</strong></span> 
     </span>
    </p>
   </div>
   <div class='ocr_carea' id='block_1_41' title="bbox 1225 1252 2013 1288">
    <p class='ocr_par' dir='ltr' id='par_1_41' title="bbox 1225 1252 2013 1288">
     <span class='ocr_line' id='line_1_41' title="bbox 1225 1252 2013 1288; baseline 0.001 -10"><span class='ocrx_word' id='word_1_287' title='bbox 1225 1252 1344 1287; x_wconf 88' lang='lat' dir='ltr'><strong>pleverat</strong></span> <span class='ocrx_word' id='word_1_288' title='bbox 1365 1254 1435 1279; x_wconf 82' lang='lat' dir='ltr'><strong>enim</strong></span> <span class='ocrx_word' id='word_1_289' title='bbox 1463 1254 1545 1288; x_wconf 79' lang='lat' dir='ltr'><strong>gloria</strong></span> <span class='ocrx_word' id='word_1_290' title='bbox 1573 1255 1674 1280; x_wconf 85' lang='lat' dir='ltr'><strong>Domini</strong></span> <span class='ocrx_word' id='word_1_291' title='bbox 1696 1255 1803 1279; x_wconf 86' lang='lat' dir='ltr'><strong>doumm</strong></span> <span class='ocrx_word' id='word_1_292' title='bbox 1829 1254 1932 1280; x_wconf 87' lang='lat' dir='ltr'><strong>Domini</strong></span> <span class='ocrx_word' id='word_1_293' title='bbox 1957 1254 2013 1280; x_wconf 82' lang='lat' dir='ltr'><strong>(III</strong></span> 
     </span>
    </p>
   </div>
   <div class='ocr_carea' id='block_1_42' title="bbox 1224 1297 2012 1333">
    <p class='ocr_par' dir='ltr' id='par_1_42' title="bbox 1224 1297 2012 1333">
     <span class='ocr_line' id='line_1_42' title="bbox 1224 1297 2012 1333; baseline 0.001 -9"><span class='ocrx_word' id='word_1_294' title='bbox 1224 1297 1383 1332; x_wconf 59' lang='grc' dir='ltr'><strong>Περ-1111).)</strong></span> <span class='ocrx_word' id='word_1_295' title='bbox 1398 1308 1406 1322; x_wconf 90' lang='grc'><strong><em>‹</em></strong></span> <span class='ocrx_word' id='word_1_296' title='bbox 1422 1299 1485 1331; x_wconf 74' lang='lat' dir='ltr'><strong>Qua:</strong></span> <span class='ocrx_word' id='word_1_297' title='bbox 1500 1300 1600 1330; x_wconf 89' lang='lat' dir='ltr'><strong>omnia,</strong></span> <span class='ocrx_word' id='word_1_298' title='bbox 1614 1309 1620 1324; x_wconf 79' lang='grc' dir='ltr'><strong>ι</strong></span> <span class='ocrx_word' id='word_1_299' title='bbox 1633 1300 1699 1326; x_wconf 78' lang='lat' dir='ltr'><strong>sicut</strong></span> <span class='ocrx_word' id='word_1_300' title='bbox 1712 1301 1833 1333; x_wconf 57' lang='lat' dir='ltr'><strong>egregius</strong></span> <span class='ocrx_word' id='word_1_301' title='bbox 1851 1308 1904 1333; x_wconf 73' lang='lat' dir='ltr'><strong>pre</strong></span> <span class='ocrx_word' id='word_1_302' title='bbox 1917 1300 2012 1326; x_wconf 87' lang='lat' dir='ltr'><strong>licalor</strong></span> 
     </span>
    </p>
   </div>
   <div class='ocr_carea' id='block_1_43' title="bbox 1224 1343 2011 1378">
    <p class='ocr_par' dir='ltr' id='par_1_43' title="bbox 1224 1343 2011 1378">
     <span class='ocr_line' id='line_1_43' title="bbox 1224 1343 2011 1378; baseline 0.003 -10"><span class='ocrx_word' id='word_1_303' title='bbox 1319 1343 1395 1374; x_wconf 85' lang='lat' dir='ltr'><strong>dicit,</strong></span> <span class='ocrx_word' id='word_1_304' title='bbox 1411 1353 1419 1368; x_wconf 86' lang='grc'><strong>1</strong></span> <span class='ocrx_word' id='word_1_305' title='bbox 1435 1344 1459 1369; x_wconf 91' lang='lat' dir='ltr'><strong>in</strong></span> <span class='ocrx_word' id='word_1_306' title='bbox 1474 1344 1554 1378; x_wconf 76' lang='lat' dir='ltr'><strong>figura</strong></span> <span class='ocrx_word' id='word_1_307' title='bbox 1567 1345 1757 1378; x_wconf 72' lang='lat' dir='ltr'><strong>contingebant</strong></span> <span class='ocrx_word' id='word_1_308' title='bbox 1770 1346 1820 1371; x_wconf 81' lang='lat' dir='ltr'><strong>illis</strong></span> <span class='ocrx_word' id='word_1_309' title='bbox 1833 1346 1856 1378; x_wconf 68' lang='lat' dir='ltr'><strong>ll</strong></span> <span class='ocrx_word' id='word_1_310' title='bbox 1874 1346 1934 1371; x_wconf 80' lang='lat' dir='ltr'><strong>Cor.</strong></span> <span class='ocrx_word' id='word_1_311' title='bbox 1950 1347 1986 1378; x_wconf 62' lang='grc' dir='ltr'><strong>χ).</strong></span> <span class='ocrx_word' id='word_1_312' title='bbox 2004 1356 2011 1370; x_wconf 82' lang='grc' dir='ltr'><strong>ι</strong></span> 
     </span>
    </p>
   </div>
   <div class='ocr_carea' id='block_1_44' title="bbox 1223 1388 2014 1424">
    <p class='ocr_par' dir='ltr' id='par_1_44' title="bbox 1223 1388 2014 1424">
     <span class='ocr_line' id='line_1_44' title="bbox 1223 1388 2014 1424; baseline 0.003 -9"><span class='ocrx_word' id='word_1_313' title='bbox 1223 1388 1313 1415; x_wconf 83' lang='lat' dir='ltr'><strong>Gloria</strong></span> <span class='ocrx_word' id='word_1_314' title='bbox 1326 1390 1423 1423; x_wconf 78' lang='lat' dir='ltr'><strong>quippe</strong></span> <span class='ocrx_word' id='word_1_315' title='bbox 1440 1390 1541 1416; x_wconf 89' lang='lat' dir='ltr'><strong>Domini</strong></span> <span class='ocrx_word' id='word_1_316' title='bbox 1558 1391 1711 1424; x_wconf 79' lang='lat' dir='ltr'><strong>intelligitur</strong></span> <span class='ocrx_word' id='word_1_317' title='bbox 1725 1391 1862 1421; x_wconf 76' lang='lat' dir='ltr'><strong>Christus,</strong></span> <span class='ocrx_word' id='word_1_318' title='bbox 1878 1391 1953 1424; x_wconf 75' lang='lat' dir='ltr'><strong>cujus</strong></span> <span class='ocrx_word' id='word_1_319' title='bbox 1966 1391 2014 1417; x_wconf 80' lang='lat' dir='ltr'><strong>fide</strong></span> 
     </span>
    </p>
   </div>
   <div class='ocr_carea' id='block_1_45' title="bbox 1223 1434 2014 1470">
    <p class='ocr_par' dir='ltr' id='par_1_45' title="bbox 1223 1434 2014 1470">
     <span class='ocr_line' id='line_1_45' title="bbox 1223 1434 2014 1470; baseline 0.003 -9"><span class='ocrx_word' id='word_1_320' title='bbox 1223 1434 1343 1469; x_wconf 85' lang='lat' dir='ltr'><strong>repletus</strong></span> <span class='ocrx_word' id='word_1_321' title='bbox 1358 1440 1399 1462; x_wconf 86' lang='lat' dir='ltr'><strong>est</strong></span> <span class='ocrx_word' id='word_1_322' title='bbox 1412 1437 1542 1465; x_wconf 82' lang='lat' dir='ltr'><strong>mundus;</strong></span> <span class='ocrx_word' id='word_1_323' title='bbox 1558 1437 1589 1463; x_wconf 89' lang='lat' dir='ltr'><strong>de</strong></span> <span class='ocrx_word' id='word_1_324' title='bbox 1602 1445 1653 1470; x_wconf 83' lang='lat' dir='ltr'><strong>qua</strong></span> <span class='ocrx_word' id='word_1_325' title='bbox 1670 1436 1753 1470; x_wconf 78' lang='lat' dir='ltr'><strong>gloria</strong></span> <span class='ocrx_word' id='word_1_326' title='bbox 1768 1445 1828 1462; x_wconf 89' lang='lat' dir='ltr'><strong>cum</strong></span> <span class='ocrx_word' id='word_1_327' title='bbox 1844 1445 1890 1470; x_wconf 91' lang='lat' dir='ltr'><strong>pro</strong></span> <span class='ocrx_word' id='word_1_328' title='bbox 1905 1437 2014 1463; x_wconf 84' lang='lat' dir='ltr'><strong>adorato</strong></span> 
     </span>
    </p>
   </div>
   <div class='ocr_carea' id='block_1_46' title="bbox 1224 1480 2016 1516">
    <p class='ocr_par' dir='ltr' id='par_1_46' title="bbox 1224 1480 2016 1516">
     <span class='ocr_line' id='line_1_46' title="bbox 1224 1480 2016 1516; baseline 0 -9"><span class='ocrx_word' id='word_1_329' title='bbox 1224 1480 1309 1507; x_wconf 82' lang='lat' dir='ltr'><strong>vitulo</strong></span> <span class='ocrx_word' id='word_1_330' title='bbox 1336 1481 1527 1513; x_wconf 82' lang='lat' dir='ltr'><strong>deprecaretur</strong></span> <span class='ocrx_word' id='word_1_331' title='bbox 1551 1481 1691 1507; x_wconf 87' lang='lat' dir='ltr'><strong>Dominum</strong></span> <span class='ocrx_word' id='word_1_332' title='bbox 1719 1481 1822 1516; x_wconf 80' lang='lat' dir='ltr'><strong>Moyses</strong></span> <span class='ocrx_word' id='word_1_333' title='bbox 1849 1487 1876 1507; x_wconf 92' lang='lat' dir='ltr'><strong>ut</strong></span> <span class='ocrx_word' id='word_1_334' title='bbox 1894 1486 2016 1515; x_wconf 73' lang='lat' dir='ltr'><strong>parceret</strong></span> 
     </span>
    </p>
   </div>
   <div class='ocr_carea' id='block_1_47' title="bbox 1224 1527 2015 1562">
    <p class='ocr_par' dir='ltr' id='par_1_47' title="bbox 1224 1527 2015 1562">
     <span class='ocr_line' id='line_1_47' title="bbox 1224 1527 2015 1562; baseline 0.001 -9"><span class='ocrx_word' id='word_1_335' title='bbox 1224 1527 1325 1562; x_wconf 84' lang='lat' dir='ltr'><strong>populo</strong></span> <span class='ocrx_word' id='word_1_336' title='bbox 1335 1528 1480 1561; x_wconf 82' lang='lat' dir='ltr'><strong>peccatori,</strong></span> <span class='ocrx_word' id='word_1_337' title='bbox 1495 1528 1633 1561; x_wconf 61' lang='lat' dir='ltr'><strong>respondit</strong></span> <span class='ocrx_word' id='word_1_338' title='bbox 1646 1528 1772 1554; x_wconf 87' lang='lat' dir='ltr'><strong>Dominus</strong></span> <span class='ocrx_word' id='word_1_339' title='bbox 1786 1538 1791 1553; x_wconf 75' lang='grc' dir='ltr'><strong>ι</strong></span> <span class='ocrx_word' id='word_1_340' title='bbox 1804 1538 1811 1553; x_wconf 84' lang='grc'><em>‹</em></span> <span class='ocrx_word' id='word_1_341' title='bbox 1824 1528 1956 1562; x_wconf 79' lang='lat' dir='ltr'><strong>Propitius</strong></span> <span class='ocrx_word' id='word_1_342' title='bbox 1970 1536 2015 1554; x_wconf 77' lang='lat' dir='ltr'><strong>ero</strong></span> 
     </span>
    </p>
   </div>
   <div class='ocr_carea' id='block_1_48' title="bbox 1223 1572 2012 1607">
    <p class='ocr_par' dir='ltr' id='par_1_48' title="bbox 1223 1572 2012 1607">
     <span class='ocr_line' id='line_1_48' title="bbox 1223 1572 2012 1607; baseline 0 -8"><span class='ocrx_word' id='word_1_343' title='bbox 1223 1572 1475 1604; x_wconf 73' lang='lat' dir='ltr'><strong>illi;verumtamen</strong></span> <span class='ocrx_word' id='word_1_344' title='bbox 1499 1574 1559 1599; x_wconf 77' lang='lat' dir='ltr'><strong>vivo</strong></span> <span class='ocrx_word' id='word_1_345' title='bbox 1578 1581 1643 1607; x_wconf 80' lang='lat' dir='ltr'><strong>ego,</strong></span> <span class='ocrx_word' id='word_1_346' title='bbox 1663 1579 1689 1599; x_wconf 88' lang='lat' dir='ltr'><strong>et</strong></span> <span class='ocrx_word' id='word_1_347' title='bbox 1708 1574 1772 1599; x_wconf 78' lang='lat' dir='ltr'><strong>vivit</strong></span> <span class='ocrx_word' id='word_1_348' title='bbox 1794 1582 1890 1600; x_wconf 84' lang='lat' dir='ltr'><strong>nomen</strong></span> <span class='ocrx_word' id='word_1_349' title='bbox 1914 1582 2012 1603; x_wconf 79' lang='lat' dir='ltr'><strong>meum.</strong></span> 
     </span>
    </p>
   </div>
   <div class='ocr_carea' id='block_1_49' title="bbox 2066 982 2854 1017">
    <p class='ocr_par' dir='ltr' id='par_1_49' title="bbox 2066 982 2854 1017">
     <span class='ocr_line' id='line_1_49' title="bbox 2066 982 2854 1017; baseline -0.003 -6"><span class='ocrx_word' id='word_1_350' title='bbox 2066 987 2155 1011; x_wconf 77' lang='lat' dir='ltr'><strong>terens</strong></span> <span class='ocrx_word' id='word_1_351' title='bbox 2170 985 2229 1011; x_wconf 79' lang='lat' dir='ltr'><strong>inde</strong></span> <span class='ocrx_word' id='word_1_352' title='bbox 2249 993 2342 1011; x_wconf 84' lang='lat' dir='ltr'><strong>aurum</strong></span> <span class='ocrx_word' id='word_1_353' title='bbox 2360 990 2385 1011; x_wconf 77' lang='lat' dir='ltr'><strong>et</strong></span> <span class='ocrx_word' id='word_1_354' title='bbox 2402 990 2551 1017; x_wconf 67' lang='lat' dir='ltr'><strong>argentum.</strong></span> <span class='ocrx_word' id='word_1_355' title='bbox 2575 993 2583 1008; x_wconf 71' lang='grc' dir='ltr'><strong>ι</strong></span> <span class='ocrx_word' id='word_1_356' title='bbox 2600 982 2655 1010; x_wconf 85' lang='lat' dir='ltr'><strong>Cur</strong></span> <span class='ocrx_word' id='word_1_357' title='bbox 2668 982 2739 1009; x_wconf 81' lang='lat' dir='ltr'><strong>enim</strong></span> <span class='ocrx_word' id='word_1_358' title='bbox 2756 989 2802 1016; x_wconf 86' lang='lat' dir='ltr'><strong>per</strong></span> <span class='ocrx_word' id='word_1_359' title='bbox 2816 983 2854 1010; x_wconf 83' lang='lat' dir='ltr'><strong>tot</strong></span> 
     </span>
    </p>
   </div>
   <div class='ocr_carea' id='block_1_50' title="bbox 2066 1027 2851 1060">
    <p class='ocr_par' dir='ltr' id='par_1_50' title="bbox 2066 1027 2851 1060">
     <span class='ocr_line' id='line_1_50' title="bbox 2066 1027 2851 1060; baseline -0.001 -5"><span class='ocrx_word' id='word_1_360' title='bbox 2066 1031 2168 1056; x_wconf 86' lang='lat' dir='ltr'><strong>marina</strong></span> <span class='ocrx_word' id='word_1_361' title='bbox 2182 1031 2335 1056; x_wconf 77' lang='lat' dir='ltr'><strong>discrimina</strong></span> <span class='ocrx_word' id='word_1_362' title='bbox 2352 1031 2487 1055; x_wconf 77' lang='lat' dir='ltr'><strong>metallum</strong></span> <span class='ocrx_word' id='word_1_363' title='bbox 2500 1030 2549 1055; x_wconf 85' lang='lat' dir='ltr'><strong>hoc</strong></span> <span class='ocrx_word' id='word_1_364' title='bbox 2563 1029 2657 1056; x_wconf 74' lang='lat' dir='ltr'><strong>classis</strong></span> <span class='ocrx_word' id='word_1_365' title='bbox 2670 1029 2714 1056; x_wconf 85' lang='lat' dir='ltr'><strong>illa</strong></span> <span class='ocrx_word' id='word_1_366' title='bbox 2728 1027 2851 1060; x_wconf 77' lang='lat' dir='ltr'><strong>deferret,</strong></span> 
     </span>
    </p>
   </div>
   <div class='ocr_carea' id='block_1_51' title="bbox 2066 1074 2854 1109">
    <p class='ocr_par' dir='ltr' id='par_1_51' title="bbox 2066 1074 2854 1109">
     <span class='ocr_line' id='line_1_51' title="bbox 2066 1074 2854 1109; baseline -0.001 -9"><span class='ocrx_word' id='word_1_367' title='bbox 2066 1075 2134 1108; x_wconf 74' lang='lat' dir='ltr'><strong>quod</strong></span> <span class='ocrx_word' id='word_1_368' title='bbox 2152 1075 2264 1107; x_wconf 88' lang='lat' dir='ltr'><strong>pretium</strong></span> <span class='ocrx_word' id='word_1_369' title='bbox 2291 1077 2394 1108; x_wconf 56' lang='lat' dir='ltr'><strong>penitus</strong></span> <span class='ocrx_word' id='word_1_370' title='bbox 2420 1083 2469 1100; x_wconf 68' lang='lat' dir='ltr'><strong>nun</strong></span> <span class='ocrx_word' id='word_1_371' title='bbox 2497 1075 2629 1102; x_wconf 75' lang='lat' dir='ltr'><strong>haberet!</strong></span> <span class='ocrx_word' id='word_1_372' title='bbox 2648 1075 2681 1102; x_wconf 82' lang='grc' dir='ltr'>Ει</span> <span class='ocrx_word' id='word_1_373' title='bbox 2704 1074 2782 1109; x_wconf 72' lang='lat' dir='ltr'><strong>paulo</strong></span> <span class='ocrx_word' id='word_1_374' title='bbox 2795 1074 2854 1109; x_wconf 68' lang='lat' dir='ltr'><strong>post</strong></span> 
     </span>
    </p>
   </div>
   <div class='ocr_carea' id='block_1_52' title="bbox 2065 1119 2853 1153">
    <p class='ocr_par' dir='ltr' id='par_1_52' title="bbox 2065 1119 2853 1153">
     <span class='ocr_line' id='line_1_52' title="bbox 2065 1119 2853 1153; baseline 0.001 -10"><span class='ocrx_word' id='word_1_375' title='bbox 2065 1121 2163 1145; x_wconf 85' lang='lat' dir='ltr'><strong>tliCtilll‘</strong></span> <span class='ocrx_word' id='word_1_376' title='bbox 2179 1128 2184 1145; x_wconf 86' lang='lat'><strong><em>:</em></strong></span> <span class='ocrx_word' id='word_1_377' title='bbox 2204 1129 2211 1143; x_wconf 89' lang='grc'><strong>‹</strong></span> <span class='ocrx_word' id='word_1_378' title='bbox 2231 1120 2297 1152; x_wconf 65' lang='lat' dir='ltr'><strong>Quid</strong></span> <span class='ocrx_word' id='word_1_379' title='bbox 2312 1119 2493 1144; x_wconf 66' lang='lat' dir='ltr'><strong>()lll&#39;l&#39;t’llltllllll&#39;</strong></span> <span class='ocrx_word' id='word_1_380' title='bbox 2505 1131 2527 1145; x_wconf 67' lang='grc' dir='ltr'>ι,</span> <span class='ocrx_word' id='word_1_381' title='bbox 2546 1128 2606 1146; x_wconf 68' lang='lat' dir='ltr'><strong>\‘asa</strong></span> <span class='ocrx_word' id='word_1_382' title='bbox 2625 1126 2705 1146; x_wconf 81' lang='lat' dir='ltr'><strong>aurea</strong></span> <span class='ocrx_word' id='word_1_383' title='bbox 2719 1123 2745 1145; x_wconf 92' lang='lat' dir='ltr'><strong>et</strong></span> <span class='ocrx_word' id='word_1_384' title='bbox 2757 1125 2853 1153; x_wconf 75' lang='lat' dir='ltr'><strong>argen-</strong></span> 
     </span>
    </p>
   </div>
   <div class='ocr_carea' id='block_1_53' title="bbox 2066 1164 2851 1199">
    <p class='ocr_par' dir='ltr' id='par_1_53' title="bbox 2066 1164 2851 1199">
     <span class='ocr_line' id='line_1_53' title="bbox 2066 1164 2851 1199; baseline 0 -9"><span class='ocrx_word' id='word_1_385' title='bbox 2066 1170 2105 1191; x_wconf 62' lang='lat' dir='ltr'><strong>tea</strong></span> <span class='ocrx_word' id='word_1_386' title='bbox 2120 1174 2125 1196; x_wconf 84' lang='lat'>;</span> <span class='ocrx_word' id='word_1_387' title='bbox 2148 1175 2155 1189; x_wconf 81' lang='grc' dir='ltr'><strong>ι</strong></span> <span class='ocrx_word' id='word_1_388' title='bbox 2172 1166 2264 1192; x_wconf 73' lang='lat' dir='ltr'><strong>deimli-</strong></span> <span class='ocrx_word' id='word_1_389' title='bbox 2278 1166 2442 1191; x_wconf 60' lang='lat' dir='ltr'><strong>Stiliittii-I‘itlt‘</strong></span> <span class='ocrx_word' id='word_1_390' title='bbox 2458 1175 2463 1191; x_wconf 93' lang='lat'><strong>:</strong></span> <span class='ocrx_word' id='word_1_391' title='bbox 2482 1175 2490 1190; x_wconf 76' lang='grc' dir='ltr'><strong>ι</strong></span> <span class='ocrx_word' id='word_1_392' title='bbox 2510 1165 2702 1199; x_wconf 75' lang='lat' dir='ltr'><strong>Egrediebatur</strong></span> <span class='ocrx_word' id='word_1_393' title='bbox 2726 1164 2851 1199; x_wconf 69' lang='lat' dir='ltr'><strong>quadriga</strong></span> 
     </span>
    </p>
   </div>
   <div class='ocr_carea' id='block_1_54' title="bbox 2065 1210 2853 1246">
    <p class='ocr_par' dir='ltr' id='par_1_54' title="bbox 2065 1210 2853 1246">
     <span class='ocr_line' id='line_1_54' title="bbox 2065 1210 2853 1246; baseline 0.001 -10"><span class='ocrx_word' id='word_1_394' title='bbox 2065 1219 2094 1237; x_wconf 76' lang='lat' dir='ltr'><strong>ex</strong></span> <span class='ocrx_word' id='word_1_395' title='bbox 2122 1211 2237 1245; x_wconf 53' lang='lat' dir='ltr'><strong>Algypto</strong></span> <span class='ocrx_word' id='word_1_396' title='bbox 2261 1213 2392 1237; x_wconf 56' lang='lat' dir='ltr'><strong>5&quot;br’01ltis‘</strong></span> <span class='ocrx_word' id='word_1_397' title='bbox 2417 1211 2488 1237; x_wconf 85' lang='lat' dir='ltr'><strong>siclis</strong></span> <span class='ocrx_word' id='word_1_398' title='bbox 2514 1211 2619 1246; x_wconf 81' lang='lat' dir='ltr'><strong>argenti</strong></span> <span class='ocrx_word' id='word_1_399' title='bbox 2643 1215 2670 1238; x_wconf 84' lang='lat' dir='ltr'><strong>et</strong></span> <span class='ocrx_word' id='word_1_400' title='bbox 2690 1210 2767 1245; x_wconf 81' lang='lat' dir='ltr'><strong>equis</strong></span> <span class='ocrx_word' id='word_1_401' title='bbox 2791 1216 2853 1237; x_wconf 82' lang='lat' dir='ltr'><strong>ceu-</strong></span> 
     </span>
    </p>
   </div>
   <div class='ocr_carea' id='block_1_55' title="bbox 2067 1254 2851 1291">
    <p class='ocr_par' dir='ltr' id='par_1_55' title="bbox 2067 1254 2851 1291">
     <span class='ocr_line' id='line_1_55' title="bbox 2067 1254 2851 1291; baseline 0 -10"><span class='ocrx_word' id='word_1_402' title='bbox 2067 1262 2120 1282; x_wconf 90' lang='lat' dir='ltr'><strong>tttm</strong></span> <span class='ocrx_word' id='word_1_403' title='bbox 2137 1263 2330 1289; x_wconf 59' lang='lat' dir='ltr'><strong>quinquaginta</strong></span> <span class='ocrx_word' id='word_1_404' title='bbox 2350 1256 2453 1289; x_wconf 53' lang='lat' dir='ltr'><strong>illum).</strong></span> <span class='ocrx_word' id='word_1_405' title='bbox 2467 1266 2474 1281; x_wconf 80' lang='grc'><strong>1</strong></span> <span class='ocrx_word' id='word_1_406' title='bbox 2490 1256 2545 1282; x_wconf 82' lang='lat' dir='ltr'><strong>Non</strong></span> <span class='ocrx_word' id='word_1_407' title='bbox 2558 1263 2622 1291; x_wconf 72' lang='lat' dir='ltr'><strong>ergo</strong></span> <span class='ocrx_word' id='word_1_408' title='bbox 2638 1255 2725 1290; x_wconf 90' lang='lat' dir='ltr'><strong>pretio</strong></span> <span class='ocrx_word' id='word_1_409' title='bbox 2743 1254 2851 1282; x_wconf 83' lang='lat' dir='ltr'><strong>carebat</strong></span> 
     </span>
    </p>
   </div>
   <div class='ocr_carea' id='block_1_56' title="bbox 2067 1298 2852 1336">
    <p class='ocr_par' dir='ltr' id='par_1_56' title="bbox 2067 1298 2852 1336">
     <span class='ocr_line' id='line_1_56' title="bbox 2067 1298 2852 1336; baseline -0.003 -9"><span class='ocrx_word' id='word_1_410' title='bbox 2067 1306 2215 1335; x_wconf 77' lang='lat' dir='ltr'><strong>argentum,</strong></span> <span class='ocrx_word' id='word_1_411' title='bbox 2231 1310 2283 1334; x_wconf 83' lang='lat' dir='ltr'><strong>quo</strong></span> <span class='ocrx_word' id='word_1_412' title='bbox 2302 1302 2421 1327; x_wconf 71' lang='lat' dir='ltr'><strong>wliirula</strong></span> <span class='ocrx_word' id='word_1_413' title='bbox 2440 1302 2639 1328; x_wconf 83' lang='lat' dir='ltr'><strong>redimebantnr</strong></span> <span class='ocrx_word' id='word_1_414' title='bbox 2651 1307 2791 1336; x_wconf 84' lang='lat' dir='ltr'><strong>equorum.</strong></span> <span class='ocrx_word' id='word_1_415' title='bbox 2806 1298 2852 1326; x_wconf 78' lang='lat' dir='ltr'><strong>sed</strong></span> 
     </span>
    </p>
   </div>
   <div class='ocr_carea' id='block_1_57' title="bbox 2067 1344 2853 1380">
    <p class='ocr_par' dir='ltr' id='par_1_57' title="bbox 2067 1344 2853 1380">
     <span class='ocr_line' id='line_1_57' title="bbox 2067 1344 2853 1380; baseline 0 -9"><span class='ocrx_word' id='word_1_416' title='bbox 2067 1351 2175 1380; x_wconf 79' lang='lat' dir='ltr'><strong>argento</strong></span> <span class='ocrx_word' id='word_1_417' title='bbox 2190 1348 2343 1379; x_wconf 53' lang='lat' dir='ltr'><strong>dedignatur</strong></span> <span class='ocrx_word' id='word_1_418' title='bbox 2356 1347 2465 1372; x_wconf 69' lang='lat' dir='ltr'><strong>claritas</strong></span> <span class='ocrx_word' id='word_1_419' title='bbox 2484 1346 2674 1373; x_wconf 77' lang='lat' dir='ltr'><strong>ecelcsiastica:</strong></span> <span class='ocrx_word' id='word_1_420' title='bbox 2688 1344 2853 1379; x_wconf 66' lang='lat' dir='ltr'><strong>przdieatio-</strong></span> 
     </span>
    </p>
   </div>
   <div class='ocr_carea' id='block_1_58' title="bbox 2066 1389 2853 1426">
    <p class='ocr_par' dir='ltr' id='par_1_58' title="bbox 2066 1389 2853 1426">
     <span class='ocr_line' id='line_1_58' title="bbox 2066 1389 2853 1426; baseline 0 -9"><span class='ocrx_word' id='word_1_421' title='bbox 2066 1392 2116 1422; x_wconf 77' lang='lat' dir='ltr'><strong>nis,</strong></span> <span class='ocrx_word' id='word_1_422' title='bbox 2151 1393 2182 1417; x_wconf 91' lang='lat' dir='ltr'><strong>de</strong></span> <span class='ocrx_word' id='word_1_423' title='bbox 2211 1400 2261 1425; x_wconf 84' lang='lat' dir='ltr'><strong>qua</strong></span> <span class='ocrx_word' id='word_1_424' title='bbox 2292 1392 2418 1418; x_wconf 66' lang='lat' dir='ltr'><strong>dit-itur:</strong></span> <span class='ocrx_word' id='word_1_425' title='bbox 2445 1392 2583 1425; x_wconf 66' lang='lat' dir='ltr'><strong>tI-Tloquia</strong></span> <span class='ocrx_word' id='word_1_426' title='bbox 2617 1391 2721 1418; x_wconf 85' lang='lat' dir='ltr'><strong>Domini</strong></span> <span class='ocrx_word' id='word_1_427' title='bbox 2747 1389 2853 1426; x_wconf 85' lang='lat' dir='ltr'><strong>eloquia</strong></span> 
     </span>
    </p>
   </div>
   <div class='ocr_carea' id='block_1_59' title="bbox 2068 1434 2852 1470">
    <p class='ocr_par' dir='ltr' id='par_1_59' title="bbox 2068 1434 2852 1470">
     <span class='ocr_line' id='line_1_59' title="bbox 2068 1434 2852 1470; baseline 0 -9"><span class='ocrx_word' id='word_1_428' title='bbox 2068 1440 2149 1466; x_wconf 81' lang='lat' dir='ltr'><strong>easta,</strong></span> <span class='ocrx_word' id='word_1_429' title='bbox 2171 1443 2309 1469; x_wconf 56' lang='lat' dir='ltr'><strong>argentum</strong></span> <span class='ocrx_word' id='word_1_430' title='bbox 2327 1436 2411 1469; x_wconf 67' lang='lat' dir='ltr'><strong>(Prol.</strong></span> <span class='ocrx_word' id='word_1_431' title='bbox 2432 1437 2480 1470; x_wconf 74' lang='grc' dir='ltr'>ιι).</span> <span class='ocrx_word' id='word_1_432' title='bbox 2499 1446 2507 1461; x_wconf 77' lang='grc' dir='ltr'><strong>ι</strong></span> <span class='ocrx_word' id='word_1_433' title='bbox 2527 1436 2639 1468; x_wconf 72' lang='lat' dir='ltr'><strong>Nullius,</strong></span> <span class='ocrx_word' id='word_1_434' title='bbox 2655 1440 2684 1462; x_wconf 84' lang='grc' dir='ltr'>ιιι</span> <span class='ocrx_word' id='word_1_435' title='bbox 2696 1435 2733 1462; x_wconf 88' lang='lat' dir='ltr'><strong>ita</strong></span> <span class='ocrx_word' id='word_1_436' title='bbox 2748 1434 2852 1470; x_wconf 80' lang='lat' dir='ltr'><strong>loquar.</strong></span> 
     </span>
    </p>
   </div>
   <div class='ocr_carea' id='block_1_60' title="bbox 2068 1480 2854 1515">
    <p class='ocr_par' dir='ltr' id='par_1_60' title="bbox 2068 1480 2854 1515">
     <span class='ocr_line' id='line_1_60' title="bbox 2068 1480 2854 1515; baseline 0.001 -10"><span class='ocrx_word' id='word_1_437' title='bbox 2068 1481 2143 1513; x_wconf 85' lang='lat' dir='ltr'><strong>pretii</strong></span> <span class='ocrx_word' id='word_1_438' title='bbox 2163 1481 2239 1514; x_wconf 80' lang='lat'><strong>211</strong></span> <span class='ocrx_word' id='word_1_439' title='bbox 2266 1481 2457 1514; x_wconf 76' lang='lat' dir='ltr'><strong>rcputabimtts,</strong></span> <span class='ocrx_word' id='word_1_440' title='bbox 2491 1489 2538 1507; x_wconf 61' lang='lat' dir='ltr'><strong>nec</strong></span> <span class='ocrx_word' id='word_1_441' title='bbox 2563 1481 2729 1515; x_wconf 70' lang='lat' dir='ltr'><strong>aliquatenus</strong></span> <span class='ocrx_word' id='word_1_442' title='bbox 2754 1480 2854 1507; x_wconf 76' lang='lat' dir='ltr'><strong>erimus</strong></span> 
     </span>
    </p>
   </div>
   <div class='ocr_carea' id='block_1_61' title="bbox 2068 1525 2853 1560">
    <p class='ocr_par' dir='ltr' id='par_1_61' title="bbox 2068 1525 2853 1560">
     <span class='ocr_line' id='line_1_61' title="bbox 2068 1525 2853 1560; baseline 0.003 -10"><span class='ocrx_word' id='word_1_443' title='bbox 2068 1525 2125 1559; x_wconf 67' lang='lat' dir='ltr'><strong>ejus</strong></span> <span class='ocrx_word' id='word_1_444' title='bbox 2142 1526 2232 1560; x_wconf 72' lang='lat' dir='ltr'><strong>indigi,</strong></span> <span class='ocrx_word' id='word_1_445' title='bbox 2247 1530 2387 1558; x_wconf 72' lang='lat' dir='ltr'><strong>postquam</strong></span> <span class='ocrx_word' id='word_1_446' title='bbox 2411 1527 2442 1552; x_wconf 89' lang='lat' dir='ltr'><strong>ad</strong></span> <span class='ocrx_word' id='word_1_447' title='bbox 2458 1526 2511 1552; x_wconf 79' lang='lat' dir='ltr'><strong>veri</strong></span> <span class='ocrx_word' id='word_1_448' title='bbox 2531 1526 2681 1553; x_wconf 83' lang='lat' dir='ltr'><strong>Salomonis</strong></span> <span class='ocrx_word' id='word_1_449' title='bbox 2696 1532 2804 1560; x_wconf 71' lang='lat' dir='ltr'><strong>regnum</strong></span> <span class='ocrx_word' id='word_1_450' title='bbox 2818 1532 2853 1552; x_wconf 72' lang='lat' dir='ltr'><strong>rx</strong></span> 
     </span>
    </p>
   </div>
   <div class='ocr_carea' id='block_1_62' title="bbox 2069 1570 2853 1603">
    <p class='ocr_par' dir='ltr' id='par_1_62' title="bbox 2069 1570 2853 1603">
     <span class='ocr_line' id='line_1_62' title="bbox 2069 1570 2853 1603; baseline 0 -6"><span class='ocrx_word' id='word_1_451' title='bbox 2069 1571 2117 1597; x_wconf 79' lang='lat' dir='ltr'><strong>hac</strong></span> <span class='ocrx_word' id='word_1_452' title='bbox 2143 1571 2271 1597; x_wconf 75' lang='lat' dir='ltr'><strong>fuerimus</strong></span> <span class='ocrx_word' id='word_1_453' title='bbox 2296 1572 2449 1598; x_wconf 82' lang='lat' dir='ltr'><strong>calamitate</strong></span> <span class='ocrx_word' id='word_1_454' title='bbox 2471 1572 2609 1603; x_wconf 73' lang='lat' dir='ltr'><strong>translati;</strong></span> <span class='ocrx_word' id='word_1_455' title='bbox 2630 1579 2680 1598; x_wconf 88' lang='lat' dir='ltr'><strong>non</strong></span> <span class='ocrx_word' id='word_1_456' title='bbox 2699 1570 2770 1599; x_wconf 79' lang='lat' dir='ltr'><strong>enim</strong></span> <span class='ocrx_word' id='word_1_457' title='bbox 2790 1574 2853 1598; x_wconf 80' lang='lat' dir='ltr'><strong>tunc</strong></span> 
     </span>
    </p>
   </div>
   <div class='ocr_carea' id='block_1_63' title="bbox 1222 1613 2853 1651">
    <p class='ocr_par' dir='ltr' id='par_1_63' title="bbox 1222 1613 2853 1651">
     <span class='ocr_line' id='line_1_63' title="bbox 1222 1613 2853 1651; baseline 0.001 -8"><span class='ocrx_word' id='word_1_458' title='bbox 1222 1617 1285 1651; x_wconf 87' lang='lat' dir='ltr'><strong>quia</strong></span> <span class='ocrx_word' id='word_1_459' title='bbox 1295 1616 1537 1651; x_wconf 79' lang='lat' dir='ltr'><strong>implebiturgloria</strong></span> <span class='ocrx_word' id='word_1_460' title='bbox 1550 1626 1607 1645; x_wconf 80' lang='lat' dir='ltr'><strong>mea</strong></span> <span class='ocrx_word' id='word_1_461' title='bbox 1620 1619 1708 1644; x_wconf 81' lang='lat' dir='ltr'><strong>omnis</strong></span> <span class='ocrx_word' id='word_1_462' title='bbox 1721 1622 1789 1645; x_wconf 84' lang='lat' dir='ltr'><strong>terra</strong></span> <span class='ocrx_word' id='word_1_463' title='bbox 1800 1618 1893 1651; x_wconf 72' lang='lat' dir='ltr'><strong>(Num.</strong></span> <span class='ocrx_word' id='word_1_464' title='bbox 1906 1619 1989 1645; x_wconf 77' lang='lat' dir='ltr'><strong>xxtvl.</strong></span> <span class='ocrx_word' id='word_1_465' title='bbox 2002 1628 2010 1643; x_wconf 81' lang='grc'><strong>1</strong></span> <span class='ocrx_word' id='word_1_466' title='bbox 2029 1613 2050 1643; x_wconf 89' lang='lat' dir='ltr'><strong>C</strong></span> <span class='ocrx_word' id='word_1_467' title='bbox 2069 1617 2266 1649; x_wconf 60' lang='lat' dir='ltr'><strong>praedicationis</strong></span> <span class='ocrx_word' id='word_1_468' title='bbox 2279 1617 2426 1651; x_wconf 75' lang='lat' dir='ltr'><strong>indgentus</strong></span> <span class='ocrx_word' id='word_1_469' title='bbox 2439 1617 2554 1651; x_wconf 85' lang='lat' dir='ltr'><strong>eloquio,</strong></span> <span class='ocrx_word' id='word_1_470' title='bbox 2569 1616 2612 1644; x_wconf 87' lang='lat' dir='ltr'><strong>ubi</strong></span> <span class='ocrx_word' id='word_1_471' title='bbox 2626 1616 2742 1644; x_wconf 85' lang='lat' dir='ltr'><strong>daturin</strong></span> <span class='ocrx_word' id='word_1_472' title='bbox 2753 1615 2853 1644; x_wconf 77' lang='lat' dir='ltr'><strong>decore</strong></span> 
     </span>
    </p>
   </div>
   <div class='ocr_carea' id='block_1_64' title="bbox 1223 1662 2012 1697">
    <p class='ocr_par' dir='ltr' id='par_1_64' title="bbox 1223 1662 2012 1697">
     <span class='ocr_line' id='line_1_64' title="bbox 1223 1662 2012 1697; baseline 0 -8"><span class='ocrx_word' id='word_1_473' title='bbox 1223 1662 1297 1695; x_wconf 86' lang='lat' dir='ltr'><strong>Quod</strong></span> <span class='ocrx_word' id='word_1_474' title='bbox 1311 1667 1401 1690; x_wconf 82' lang='lat' dir='ltr'><strong>autem</strong></span> <span class='ocrx_word' id='word_1_475' title='bbox 1415 1662 1509 1690; x_wconf 91' lang='lat' dir='ltr'><strong>nebula</strong></span> <span class='ocrx_word' id='word_1_476' title='bbox 1522 1663 1640 1697; x_wconf 80' lang='lat' dir='ltr'><strong>implevit</strong></span> <span class='ocrx_word' id='word_1_477' title='bbox 1651 1663 1757 1689; x_wconf 88' lang='lat' dir='ltr'><strong>domum</strong></span> <span class='ocrx_word' id='word_1_478' title='bbox 1771 1664 1827 1693; x_wconf 83' lang='lat' dir='ltr'><strong>Dei,</strong></span> <span class='ocrx_word' id='word_1_479' title='bbox 1841 1668 1866 1690; x_wconf 90' lang='lat' dir='ltr'><strong>et</strong></span> <span class='ocrx_word' id='word_1_480' title='bbox 1878 1671 1929 1689; x_wconf 89' lang='lat' dir='ltr'><strong>non</strong></span> <span class='ocrx_word' id='word_1_481' title='bbox 1940 1669 2012 1697; x_wconf 90' lang='lat' dir='ltr'><strong>pole-</strong></span> 
     </span>
    </p>
   </div>
   <div class='ocr_carea' id='block_1_65' title="bbox 1223 1707 2011 1742">
    <p class='ocr_par' dir='ltr' id='par_1_65' title="bbox 1223 1707 2011 1742">
     <span class='ocr_line' id='line_1_65' title="bbox 1223 1707 2011 1742; baseline 0.001 -9"><span class='ocrx_word' id='word_1_482' title='bbox 1223 1711 1284 1734; x_wconf 90' lang='lat' dir='ltr'><strong>rant</strong></span> <span class='ocrx_word' id='word_1_483' title='bbox 1305 1708 1458 1734; x_wconf 73' lang='lat' dir='ltr'><strong>sacerdotes</strong></span> <span class='ocrx_word' id='word_1_484' title='bbox 1482 1707 1633 1736; x_wconf 57' lang='lat' dir='ltr'><strong>ministrare</strong></span> <span class='ocrx_word' id='word_1_485' title='bbox 1659 1713 1768 1742; x_wconf 72' lang='lat' dir='ltr'><strong>propter</strong></span> <span class='ocrx_word' id='word_1_486' title='bbox 1797 1708 1930 1739; x_wconf 80' lang='lat' dir='ltr'><strong>nebulam,</strong></span> <span class='ocrx_word' id='word_1_487' title='bbox 1957 1709 2011 1735; x_wconf 66' lang='lat' dir='ltr'><strong>hmc</strong></span> 
     </span>
    </p>
   </div>
   <div class='ocr_carea' id='block_1_66' title="bbox 1224 1752 2012 1786">
    <p class='ocr_par' dir='ltr' id='par_1_66' title="bbox 1224 1752 2012 1786">
     <span class='ocr_line' id='line_1_66' title="bbox 1224 1752 2012 1786; baseline 0.001 -7"><span class='ocrx_word' id='word_1_488' title='bbox 1224 1752 1356 1779; x_wconf 83' lang='lat' dir='ltr'><strong>sententia</strong></span> <span class='ocrx_word' id='word_1_489' title='bbox 1373 1752 1503 1786; x_wconf 83' lang='lat' dir='ltr'><strong>superbos</strong></span> <span class='ocrx_word' id='word_1_490' title='bbox 1519 1752 1669 1779; x_wconf 66' lang='lat' dir='ltr'><strong>Judteorum</strong></span> <span class='ocrx_word' id='word_1_491' title='bbox 1685 1753 1824 1786; x_wconf 76' lang='lat' dir='ltr'><strong>pontifices</strong></span> <span class='ocrx_word' id='word_1_492' title='bbox 1839 1761 1870 1780; x_wconf 88' lang='lat' dir='ltr'><strong>ac</strong></span> <span class='ocrx_word' id='word_1_493' title='bbox 1888 1755 2012 1781; x_wconf 81' lang='lat' dir='ltr'><strong>doctores</strong></span> 
     </span>
    </p>
   </div>
   <div class='ocr_carea' id='block_1_67' title="bbox 1223 1796 2011 1831">
    <p class='ocr_par' dir='ltr' id='par_1_67' title="bbox 1223 1796 2011 1831">
     <span class='ocr_line' id='line_1_67' title="bbox 1223 1796 2011 1831; baseline 0.005 -9"><span class='ocrx_word' id='word_1_494' title='bbox 1223 1796 1351 1828; x_wconf 81' lang='lat' dir='ltr'><strong>insinuat,</strong></span> <span class='ocrx_word' id='word_1_495' title='bbox 1365 1798 1410 1831; x_wconf 86' lang='lat' dir='ltr'><strong>qui</strong></span> <span class='ocrx_word' id='word_1_496' title='bbox 1433 1798 1495 1824; x_wconf 91' lang='lat' dir='ltr'><strong>dum</strong></span> <span class='ocrx_word' id='word_1_497' title='bbox 1512 1798 1703 1825; x_wconf 85' lang='lat' dir='ltr'><strong>incarnationis</strong></span> <span class='ocrx_word' id='word_1_498' title='bbox 1724 1798 1822 1825; x_wconf 88' lang='lat' dir='ltr'><strong>Christi</strong></span> <span class='ocrx_word' id='word_1_499' title='bbox 1844 1804 2011 1826; x_wconf 78' lang='lat' dir='ltr'><strong>sacramenta</strong></span> 
     </span>
    </p>
   </div>
   <div class='ocr_carea' id='block_1_68' title="bbox 1221 1841 2011 1877">
    <p class='ocr_par' dir='ltr' id='par_1_68' title="bbox 1221 1841 2011 1877">
     <span class='ocr_line' id='line_1_68' title="bbox 1221 1841 2011 1877; baseline 0.003 -8"><span class='ocrx_word' id='word_1_500' title='bbox 1221 1841 1385 1877; x_wconf 74' lang='lat' dir='ltr'><strong>investigare</strong></span> <span class='ocrx_word' id='word_1_501' title='bbox 1396 1843 1553 1877; x_wconf 82' lang='lat' dir='ltr'><strong>despiciunt,</strong></span> <span class='ocrx_word' id='word_1_502' title='bbox 1564 1843 1681 1870; x_wconf 90' lang='lat' dir='ltr'><strong>debitum</strong></span> <span class='ocrx_word' id='word_1_503' title='bbox 1695 1843 1754 1871; x_wconf 86' lang='lat' dir='ltr'><strong>ﬁdei</strong></span> <span class='ocrx_word' id='word_1_504' title='bbox 1765 1852 1819 1870; x_wconf 59' lang='lat' dir='ltr'><strong>sua)</strong></span> <span class='ocrx_word' id='word_1_505' title='bbox 1833 1845 2011 1871; x_wconf 88' lang='lat' dir='ltr'><strong>ministerium</strong></span> 
     </span>
    </p>
   </div>
   <div class='ocr_carea' id='block_1_69' title="bbox 1222 1888 2013 1923">
    <p class='ocr_par' dir='ltr' id='par_1_69' title="bbox 1222 1888 2013 1923">
     <span class='ocr_line' id='line_1_69' title="bbox 1222 1888 2013 1923; baseline 0.006 -10"><span class='ocrx_word' id='word_1_506' title='bbox 1222 1894 1270 1922; x_wconf 88' lang='lat' dir='ltr'><strong>per</strong></span> <span class='ocrx_word' id='word_1_507' title='bbox 1283 1888 1384 1914; x_wconf 72' lang='lat' dir='ltr'><strong>erroris</strong></span> <span class='ocrx_word' id='word_1_508' title='bbox 1397 1888 1520 1915; x_wconf 81' lang='lat' dir='ltr'><strong>nebulam</strong></span> <span class='ocrx_word' id='word_1_509' title='bbox 1536 1889 1649 1923; x_wconf 88' lang='lat' dir='ltr'><strong>perdunt</strong></span> <span class='ocrx_word' id='word_1_510' title='bbox 1670 1898 1674 1915; x_wconf 94' lang='lat'>:</span> <span class='ocrx_word' id='word_1_511' title='bbox 1689 1889 1723 1916; x_wconf 86' lang='lat' dir='ltr'><strong>ita</strong></span> <span class='ocrx_word' id='word_1_512' title='bbox 1742 1890 1813 1916; x_wconf 87' lang='lat' dir='ltr'><strong>enim</strong></span> <span class='ocrx_word' id='word_1_513' title='bbox 1831 1898 1923 1917; x_wconf 84' lang='lat' dir='ltr'><strong>eorum</strong></span> <span class='ocrx_word' id='word_1_514' title='bbox 1939 1899 2013 1918; x_wconf 87' lang='lat' dir='ltr'><strong>men-</strong></span> 
     </span>
    </p>
   </div>
   <div class='ocr_carea' id='block_1_70' title="bbox 1223 1933 2010 1971">
    <p class='ocr_par' dir='ltr' id='par_1_70' title="bbox 1223 1933 2010 1971">
     <span class='ocr_line' id='line_1_70' title="bbox 1223 1933 2010 1971; baseline 0.004 -11"><span class='ocrx_word' id='word_1_515' title='bbox 1223 1937 1264 1961; x_wconf 89' lang='lat' dir='ltr'><strong>tes</strong></span> <span class='ocrx_word' id='word_1_516' title='bbox 1279 1933 1444 1961; x_wconf 86' lang='lat' dir='ltr'><strong>inﬁdelitatis</strong></span> <span class='ocrx_word' id='word_1_517' title='bbox 1466 1934 1552 1969; x_wconf 79' lang='lat' dir='ltr'><strong>caligo</strong></span> <span class='ocrx_word' id='word_1_518' title='bbox 1566 1935 1685 1969; x_wconf 77' lang='lat' dir='ltr'><strong>replevit,</strong></span> <span class='ocrx_word' id='word_1_519' title='bbox 1701 1940 1729 1962; x_wconf 92' lang='lat' dir='ltr'><strong>ut</strong></span> <span class='ocrx_word' id='word_1_520' title='bbox 1751 1937 1864 1970; x_wconf 84' lang='lat' dir='ltr'><strong>propriis</strong></span> <span class='ocrx_word' id='word_1_521' title='bbox 1879 1938 2010 1971; x_wconf 77' lang='lat' dir='ltr'><strong>exigenti-</strong></span> 
     </span>
    </p>
   </div>
   <div class='ocr_carea' id='block_1_71' title="bbox 1222 1979 2010 2015">
    <p class='ocr_par' dir='ltr' id='par_1_71' title="bbox 1222 1979 2010 2015">
     <span class='ocr_line' id='line_1_71' title="bbox 1222 1979 2010 2015; baseline 0.005 -10"><span class='ocrx_word' id='word_1_522' title='bbox 1222 1979 1274 2006; x_wconf 81' lang='lat' dir='ltr'><strong>bus</strong></span> <span class='ocrx_word' id='word_1_523' title='bbox 1291 1979 1393 2006; x_wconf 87' lang='lat' dir='ltr'><strong>meritis</strong></span> <span class='ocrx_word' id='word_1_524' title='bbox 1417 1987 1469 2006; x_wconf 93' lang='lat' dir='ltr'><strong>non</strong></span> <span class='ocrx_word' id='word_1_525' title='bbox 1489 1986 1635 2015; x_wconf 72' lang='lat' dir='ltr'><strong>agnoscant</strong></span> <span class='ocrx_word' id='word_1_526' title='bbox 1654 1981 1754 2008; x_wconf 91' lang='lat' dir='ltr'><strong>cultum</strong></span> <span class='ocrx_word' id='word_1_527' title='bbox 1775 1982 1949 2009; x_wconf 80' lang='lat' dir='ltr'><strong>credulitatis.</strong></span> <span class='ocrx_word' id='word_1_528' title='bbox 1973 1983 2010 2009; x_wconf 78' lang='lat' dir='ltr'><strong>Ad</strong></span> 
     </span>
    </p>
   </div>
   <div class='ocr_carea' id='block_1_72' title="bbox 1221 2024 2012 2059">
    <p class='ocr_par' dir='ltr' id='par_1_72' title="bbox 1221 2024 2012 2059">
     <span class='ocr_line' id='line_1_72' title="bbox 1221 2024 2012 2059; baseline 0.004 -9"><span class='ocrx_word' id='word_1_529' title='bbox 1221 2024 1286 2051; x_wconf 92' lang='lat' dir='ltr'><strong>illud</strong></span> <span class='ocrx_word' id='word_1_530' title='bbox 1301 2032 1365 2058; x_wconf 79' lang='lat' dir='ltr'><strong>ergo</strong></span> <span class='ocrx_word' id='word_1_531' title='bbox 1381 2025 1506 2059; x_wconf 88' lang='lat' dir='ltr'><strong>templum</strong></span> <span class='ocrx_word' id='word_1_532' title='bbox 1519 2025 1648 2052; x_wconf 87' lang='lat' dir='ltr'><strong>Dominus</strong></span> <span class='ocrx_word' id='word_1_533' title='bbox 1664 2026 1689 2052; x_wconf 94' lang='lat' dir='ltr'><strong>in</strong></span> <span class='ocrx_word' id='word_1_534' title='bbox 1707 2026 1801 2053; x_wconf 87' lang='lat' dir='ltr'><strong>nebttla</strong></span> <span class='ocrx_word' id='word_1_535' title='bbox 1818 2026 1966 2057; x_wconf 76' lang='lat' dir='ltr'><strong>descendit.</strong></span> <span class='ocrx_word' id='word_1_536' title='bbox 1984 2031 2012 2053; x_wconf 91' lang='lat' dir='ltr'><strong>ut</strong></span> 
     </span>
    </p>
   </div>
   <div class='ocr_carea' id='block_1_73' title="bbox 1221 2068 2010 2106">
    <p class='ocr_par' dir='ltr' id='par_1_73' title="bbox 1221 2068 2010 2106">
     <span class='ocr_line' id='line_1_73' title="bbox 1221 2068 2010 2106; baseline 0.004 -10"><span class='ocrx_word' id='word_1_537' title='bbox 1221 2073 1320 2096; x_wconf 75' lang='lat' dir='ltr'><strong>ctecam</strong></span> <span class='ocrx_word' id='word_1_538' title='bbox 1334 2068 1451 2096; x_wconf 69' lang='lat' dir='ltr'><strong>Judaicte</strong></span> <span class='ocrx_word' id='word_1_539' title='bbox 1467 2069 1631 2098; x_wconf 85' lang='lat' dir='ltr'><strong>inﬁdelitatis</strong></span> <span class='ocrx_word' id='word_1_540' title='bbox 1649 2070 1790 2105; x_wconf 77' lang='lat' dir='ltr'><strong>caliginem</strong></span> <span class='ocrx_word' id='word_1_541' title='bbox 1804 2071 1965 2106; x_wconf 81' lang='lat' dir='ltr'><strong>designaret.</strong></span> <span class='ocrx_word' id='word_1_542' title='bbox 1983 2071 2010 2099; x_wconf 90' lang='lat' dir='ltr'><strong>In</strong></span> 
     </span>
    </p>
   </div>
   <div class='ocr_carea' id='block_1_74' title="bbox 1222 2113 2008 2149">
    <p class='ocr_par' dir='ltr' id='par_1_74' title="bbox 1222 2113 2008 2149">
     <span class='ocr_line' id='line_1_74' title="bbox 1222 2113 2008 2149; baseline 0.004 -8"><span class='ocrx_word' id='word_1_543' title='bbox 1222 2113 1273 2141; x_wconf 86' lang='lat' dir='ltr'><strong>hoc</strong></span> <span class='ocrx_word' id='word_1_544' title='bbox 1286 2113 1325 2140; x_wconf 86' lang='lat' dir='ltr'><strong>sic</strong></span> <span class='ocrx_word' id='word_1_545' title='bbox 1337 2113 1465 2147; x_wconf 84' lang='lat' dir='ltr'><strong>scriptum</strong></span> <span class='ocrx_word' id='word_1_546' title='bbox 1478 2119 1537 2141; x_wconf 84' lang='lat' dir='ltr'><strong>est:</strong></span> <span class='ocrx_word' id='word_1_547' title='bbox 1556 2123 1565 2140; x_wconf 78' lang='lat' dir='ltr'><strong>t</strong></span> <span class='ocrx_word' id='word_1_548' title='bbox 1579 2114 1608 2141; x_wconf 90' lang='lat' dir='ltr'><strong>lu</strong></span> <span class='ocrx_word' id='word_1_549' title='bbox 1623 2115 1678 2142; x_wconf 85' lang='lat' dir='ltr'><strong>sole</strong></span> <span class='ocrx_word' id='word_1_550' title='bbox 1699 2116 1787 2149; x_wconf 90' lang='lat' dir='ltr'><strong>posuit</strong></span> <span class='ocrx_word' id='word_1_551' title='bbox 1809 2117 2008 2144; x_wconf 78' lang='lat' dir='ltr'><strong>tabernaculum</strong></span> 
     </span>
    </p>
   </div>
   <div class='ocr_carea' id='block_1_75' title="bbox 1221 2158 2008 2193">
    <p class='ocr_par' dir='ltr' id='par_1_75' title="bbox 1221 2158 2008 2193">
     <span class='ocr_line' id='line_1_75' title="bbox 1221 2158 2008 2193; baseline 0.005 -8"><span class='ocrx_word' id='word_1_552' title='bbox 1221 2165 1299 2186; x_wconf 86' lang='lat' dir='ltr'><strong>suum</strong></span> <span class='ocrx_word' id='word_1_553' title='bbox 1318 2158 1403 2193; x_wconf 71' lang='lat' dir='ltr'><strong>(Paul.</strong></span> <span class='ocrx_word' id='word_1_554' title='bbox 1418 2160 1503 2193; x_wconf 81' lang='lat' dir='ltr'><strong>xvut),</strong></span> <span class='ocrx_word' id='word_1_555' title='bbox 1517 2164 1546 2187; x_wconf 89' lang='lat' dir='ltr'><strong>ut</strong></span> <span class='ocrx_word' id='word_1_556' title='bbox 1559 2160 1696 2187; x_wconf 83' lang='lat' dir='ltr'><strong>sedentem</strong></span> <span class='ocrx_word' id='word_1_557' title='bbox 1708 2161 1733 2187; x_wconf 96' lang='lat' dir='ltr'><strong>in</strong></span> <span class='ocrx_word' id='word_1_558' title='bbox 1747 2162 1863 2188; x_wconf 84' lang='lat' dir='ltr'><strong>tenebris</strong></span> <span class='ocrx_word' id='word_1_559' title='bbox 1876 2166 1903 2188; x_wconf 88' lang='lat' dir='ltr'><strong>et</strong></span> <span class='ocrx_word' id='word_1_560' title='bbox 1915 2163 2008 2190; x_wconf 83' lang='lat' dir='ltr'><strong>umbra</strong></span> 
     </span>
    </p>
   </div>
   <div class='ocr_carea' id='block_1_76' title="bbox 1222 2203 2009 2241">
    <p class='ocr_par' dir='ltr' id='par_1_76' title="bbox 1222 2203 2009 2241">
     <span class='ocr_line' id='line_1_76' title="bbox 1222 2203 2009 2241; baseline 0.005 -11"><span class='ocrx_word' id='word_1_561' title='bbox 1222 2203 1317 2231; x_wconf 80' lang='lat' dir='ltr'><strong>mortis</strong></span> <span class='ocrx_word' id='word_1_562' title='bbox 1344 2203 1506 2231; x_wconf 85' lang='lat' dir='ltr'><strong>illuminaret</strong></span> <span class='ocrx_word' id='word_1_563' title='bbox 1538 2205 1614 2240; x_wconf 83' lang='lat' dir='ltr'><strong>(Luc.</strong></span> <span class='ocrx_word' id='word_1_564' title='bbox 1635 2209 1663 2238; x_wconf 85' lang='lat' dir='ltr'><strong>t).</strong></span> <span class='ocrx_word' id='word_1_565' title='bbox 1684 2214 1693 2230; x_wconf 72' lang='grc' dir='ltr'><strong>ι</strong></span> <span class='ocrx_word' id='word_1_566' title='bbox 1710 2204 1747 2231; x_wconf 90' lang='lat' dir='ltr'><strong>Illi</strong></span> <span class='ocrx_word' id='word_1_567' title='bbox 1770 2206 1884 2240; x_wconf 81' lang='lat' dir='ltr'><strong>denique</strong></span> <span class='ocrx_word' id='word_1_568' title='bbox 1911 2206 2009 2241; x_wconf 89' lang='lat' dir='ltr'><strong>templo</strong></span> 
     </span>
    </p>
   </div>
   <div class='ocr_carea' id='block_1_77' title="bbox 1224 2248 2006 2284">
    <p class='ocr_par' dir='ltr' id='par_1_77' title="bbox 1224 2248 2006 2284">
     <span class='ocr_line' id='line_1_77' title="bbox 1224 2248 2006 2284; baseline 0.004 -9"><span class='ocrx_word' id='word_1_569' title='bbox 1224 2248 1294 2275; x_wconf 82' lang='lat' dir='ltr'><strong>Deus</strong></span> <span class='ocrx_word' id='word_1_570' title='bbox 1307 2249 1475 2282; x_wconf 83' lang='lat' dir='ltr'><strong>omnipotens</strong></span> <span class='ocrx_word' id='word_1_571' title='bbox 1490 2249 1601 2284; x_wconf 77' lang='lat' dir='ltr'><strong>gloriam</strong></span> <span class='ocrx_word' id='word_1_572' title='bbox 1621 2250 1661 2277; x_wconf 86' lang='lat' dir='ltr'><strong>sui</strong></span> <span class='ocrx_word' id='word_1_573' title='bbox 1679 2251 1808 2277; x_wconf 81' lang='lat' dir='ltr'><strong>adventus</strong></span> <span class='ocrx_word' id='word_1_574' title='bbox 1822 2251 1945 2283; x_wconf 84' lang='lat' dir='ltr'><strong>contulit,</strong></span> <span class='ocrx_word' id='word_1_575' title='bbox 1960 2252 2006 2278; x_wconf 86' lang='lat' dir='ltr'><strong>sed</strong></span> 
     </span>
    </p>
   </div>
   <div class='ocr_carea' id='block_1_78' title="bbox 1222 2281 2046 2330">
    <p class='ocr_par' dir='ltr' id='par_1_78' title="bbox 1222 2281 2046 2330">
     <span class='ocr_line' id='line_1_78' title="bbox 1222 2281 2046 2330; baseline 0.004 -10"><span class='ocrx_word' id='word_1_576' title='bbox 1222 2293 1287 2321; x_wconf 63' lang='lat' dir='ltr'><strong>nihil</strong></span> <span class='ocrx_word' id='word_1_577' title='bbox 1303 2301 1333 2321; x_wconf 79' lang='lat' dir='ltr'><strong>ex</strong></span> <span class='ocrx_word' id='word_1_578' title='bbox 1350 2302 1382 2321; x_wconf 88' lang='lat' dir='ltr'><strong>eo</strong></span> <span class='ocrx_word' id='word_1_579' title='bbox 1396 2295 1421 2321; x_wconf 92' lang='lat' dir='ltr'><strong>in</strong></span> <span class='ocrx_word' id='word_1_580' title='bbox 1437 2302 1483 2321; x_wconf 86' lang='lat' dir='ltr'><strong>sua</strong></span> <span class='ocrx_word' id='word_1_581' title='bbox 1496 2299 1590 2322; x_wconf 86' lang='lat' dir='ltr'><strong>natura</strong></span> <span class='ocrx_word' id='word_1_582' title='bbox 1604 2296 1730 2330; x_wconf 86' lang='lat' dir='ltr'><strong>suscepit.</strong></span> <span class='ocrx_word' id='word_1_583' title='bbox 1746 2297 1773 2322; x_wconf 89' lang='lat' dir='ltr'><strong>In</strong></span> <span class='ocrx_word' id='word_1_584' title='bbox 1787 2297 1949 2324; x_wconf 73' lang='lat' dir='ltr'><strong>beatissimm</strong></span> <span class='ocrx_word' id='word_1_585' title='bbox 1961 2305 2009 2323; x_wconf 88' lang='lat' dir='ltr'><strong>au-</strong></span> <span class='ocrx_word' id='word_1_586' title='bbox 2024 2281 2046 2310; x_wconf 83' lang='lat' dir='ltr'><strong>D</strong></span> 
     </span>
    </p>
   </div>
   <div class='ocr_carea' id='block_1_79' title="bbox 1222 2339 2009 2376">
    <p class='ocr_par' dir='ltr' id='par_1_79' title="bbox 1222 2339 2009 2376">
     <span class='ocr_line' id='line_1_79' title="bbox 1222 2339 2009 2376; baseline 0.005 -11"><span class='ocrx_word' id='word_1_587' title='bbox 1222 2343 1277 2366; x_wconf 92' lang='lat' dir='ltr'><strong>tem</strong></span> <span class='ocrx_word' id='word_1_588' title='bbox 1300 2339 1418 2374; x_wconf 72' lang='lat' dir='ltr'><strong>Virginis</strong></span> <span class='ocrx_word' id='word_1_589' title='bbox 1442 2345 1558 2372; x_wconf 88' lang='lat' dir='ltr'><strong>uterum,</strong></span> <span class='ocrx_word' id='word_1_590' title='bbox 1585 2349 1636 2368; x_wconf 89' lang='lat' dir='ltr'><strong>non</strong></span> <span class='ocrx_word' id='word_1_591' title='bbox 1660 2342 1745 2368; x_wconf 85' lang='lat' dir='ltr'><strong>solum</strong></span> <span class='ocrx_word' id='word_1_592' title='bbox 1768 2346 1810 2368; x_wconf 85' lang='lat' dir='ltr'><strong>est</strong></span> <span class='ocrx_word' id='word_1_593' title='bbox 1825 2342 1949 2376; x_wconf 74' lang='lat' dir='ltr'><strong>dignatus</strong></span> <span class='ocrx_word' id='word_1_594' title='bbox 1964 2343 2009 2369; x_wconf 90' lang='lat' dir='ltr'><strong>de-</strong></span> 
     </span>
    </p>
   </div>
   <div class='ocr_carea' id='block_1_80' title="bbox 1222 2385 2009 2421">
    <p class='ocr_par' dir='ltr' id='par_1_80' title="bbox 1222 2385 2009 2421">
     <span class='ocr_line' id='line_1_80' title="bbox 1222 2385 2009 2421; baseline 0.003 -9"><span class='ocrx_word' id='word_1_595' title='bbox 1222 2385 1361 2417; x_wconf 83' lang='lat' dir='ltr'><strong>scendere,</strong></span> <span class='ocrx_word' id='word_1_596' title='bbox 1376 2386 1424 2413; x_wconf 84' lang='lat' dir='ltr'><strong>sed</strong></span> <span class='ocrx_word' id='word_1_597' title='bbox 1443 2393 1476 2413; x_wconf 82' lang='lat' dir='ltr'><strong>ex</strong></span> <span class='ocrx_word' id='word_1_598' title='bbox 1495 2394 1526 2412; x_wconf 72' lang='lat' dir='ltr'><strong>eo</strong></span> <span class='ocrx_word' id='word_1_599' title='bbox 1546 2387 1625 2413; x_wconf 83' lang='lat' dir='ltr'><strong>etiam</strong></span> <span class='ocrx_word' id='word_1_600' title='bbox 1641 2387 1786 2421; x_wconf 80' lang='lat' dir='ltr'><strong>perfectam</strong></span> <span class='ocrx_word' id='word_1_601' title='bbox 1811 2388 1861 2414; x_wconf 86' lang='lat' dir='ltr'><strong>sibi</strong></span> <span class='ocrx_word' id='word_1_602' title='bbox 1886 2388 2009 2414; x_wconf 88' lang='lat' dir='ltr'><strong>substan-</strong></span> 
     </span>
    </p>
   </div>
   <div class='ocr_carea' id='block_1_81' title="bbox 1223 2431 2007 2467">
    <p class='ocr_par' dir='ltr' id='par_1_81' title="bbox 1223 2431 2007 2467">
     <span class='ocr_line' id='line_1_81' title="bbox 1223 2431 2007 2467; baseline 0.003 -9"><span class='ocrx_word' id='word_1_603' title='bbox 1223 2431 1286 2458; x_wconf 84' lang='lat' dir='ltr'><strong>tiam</strong></span> <span class='ocrx_word' id='word_1_604' title='bbox 1300 2436 1398 2458; x_wconf 58' lang='lat' dir='ltr'><strong>nostra!</strong></span> <span class='ocrx_word' id='word_1_605' title='bbox 1414 2432 1583 2459; x_wconf 87' lang='lat' dir='ltr'><strong>mortalitatis</strong></span> <span class='ocrx_word' id='word_1_606' title='bbox 1606 2433 1690 2459; x_wconf 89' lang='lat' dir='ltr'><strong>unire.</strong></span> <span class='ocrx_word' id='word_1_607' title='bbox 1707 2432 1813 2465; x_wconf 82' lang='lat' dir='ltr'><strong>Quanto</strong></span> <span class='ocrx_word' id='word_1_608' title='bbox 1829 2433 1909 2467; x_wconf 81' lang='lat' dir='ltr'><strong>igitur</strong></span> <span class='ocrx_word' id='word_1_609' title='bbox 1924 2434 2007 2460; x_wconf 85' lang='lat' dir='ltr'><strong>nostri</strong></span> 
     </span>
    </p>
   </div>
   <div class='ocr_carea' id='block_1_82' title="bbox 1222 2476 2008 2512">
    <p class='ocr_par' dir='ltr' id='par_1_82' title="bbox 1222 2476 2008 2512">
     <span class='ocr_line' id='line_1_82' title="bbox 1222 2476 2008 2512; baseline 0.003 -9"><span class='ocrx_word' id='word_1_610' title='bbox 1222 2476 1311 2510; x_wconf 85' lang='lat' dir='ltr'><strong>templi</strong></span> <span class='ocrx_word' id='word_1_611' title='bbox 1327 2476 1414 2511; x_wconf 84' lang='lat' dir='ltr'><strong>major</strong></span> <span class='ocrx_word' id='word_1_612' title='bbox 1426 2482 1467 2504; x_wconf 88' lang='lat' dir='ltr'><strong>cst</strong></span> <span class='ocrx_word' id='word_1_613' title='bbox 1484 2477 1610 2512; x_wconf 70' lang='lat' dir='ltr'><strong>dignitas,</strong></span> <span class='ocrx_word' id='word_1_614' title='bbox 1638 2482 1710 2504; x_wconf 90' lang='lat' dir='ltr'><strong>tanto</strong></span> <span class='ocrx_word' id='word_1_615' title='bbox 1728 2477 1869 2512; x_wconf 81' lang='lat' dir='ltr'><strong>gloriosior</strong></span> <span class='ocrx_word' id='word_1_616' title='bbox 1891 2477 1948 2511; x_wconf 86' lang='lat' dir='ltr'><strong>ejus</strong></span> <span class='ocrx_word' id='word_1_617' title='bbox 1963 2478 2008 2505; x_wconf 74' lang='lat' dir='ltr'><strong>de~</strong></span> 
     </span>
    </p>
   </div>
   <div class='ocr_carea' id='block_1_83' title="bbox 1221 2521 2006 2559">
    <p class='ocr_par' dir='ltr' id='par_1_83' title="bbox 1221 2521 2006 2559">
     <span class='ocr_line' id='line_1_83' title="bbox 1221 2521 2006 2559; baseline 0.004 -11"><span class='ocrx_word' id='word_1_618' title='bbox 1221 2521 1265 2548; x_wconf 89' lang='lat' dir='ltr'><strong>bet</strong></span> <span class='ocrx_word' id='word_1_619' title='bbox 1279 2529 1338 2549; x_wconf 78' lang='lat' dir='ltr'><strong>esse</strong></span> <span class='ocrx_word' id='word_1_620' title='bbox 1355 2523 1517 2550; x_wconf 83' lang='lat' dir='ltr'><strong>solemuitas.</strong></span> <span class='ocrx_word' id='word_1_621' title='bbox 1542 2523 1607 2550; x_wconf 70' lang='lat' dir='ltr'><strong>Illud</strong></span> <span class='ocrx_word' id='word_1_622' title='bbox 1630 2524 1761 2558; x_wconf 73' lang='lat' dir='ltr'><strong>siquidem</strong></span> <span class='ocrx_word' id='word_1_623' title='bbox 1783 2532 1880 2559; x_wconf 86' lang='lat' dir='ltr'><strong>corpus</strong></span> <span class='ocrx_word' id='word_1_624' title='bbox 1896 2524 2006 2556; x_wconf 86' lang='lat' dir='ltr'><strong>Christi,</strong></span> 
     </span>
    </p>
   </div>
   <div class='ocr_carea' id='block_1_84' title="bbox 1221 2567 2006 2603">
    <p class='ocr_par' dir='ltr' id='par_1_84' title="bbox 1221 2567 2006 2603">
     <span class='ocr_line' id='line_1_84' title="bbox 1221 2567 2006 2603; baseline 0.003 -11"><span class='ocrx_word' id='word_1_625' title='bbox 1221 2567 1291 2601; x_wconf 88' lang='lat' dir='ltr'><strong>qqu</strong></span> <span class='ocrx_word' id='word_1_626' title='bbox 1308 2567 1461 2594; x_wconf 78' lang='lat' dir='ltr'><strong>beatissima</strong></span> <span class='ocrx_word' id='word_1_627' title='bbox 1478 2568 1556 2602; x_wconf 73' lang='lat' dir='ltr'><strong>Virgo</strong></span> <span class='ocrx_word' id='word_1_628' title='bbox 1573 2569 1675 2603; x_wconf 78' lang='lat' dir='ltr'><strong>genuit,</strong></span> <span class='ocrx_word' id='word_1_629' title='bbox 1689 2569 1759 2603; x_wconf 89' lang='lat' dir='ltr'><strong>quod</strong></span> <span class='ocrx_word' id='word_1_630' title='bbox 1774 2569 1799 2595; x_wconf 95' lang='lat' dir='ltr'><strong>in</strong></span> <span class='ocrx_word' id='word_1_631' title='bbox 1816 2569 1917 2603; x_wconf 78' lang='lat' dir='ltr'><strong>gremio</strong></span> <span class='ocrx_word' id='word_1_632' title='bbox 1930 2568 2006 2600; x_wconf 87' lang='lat' dir='ltr'><strong>fovit,</strong></span> 
     </span>
    </p>
   </div>
   <div class='ocr_carea' id='block_1_85' title="bbox 1220 2611 2004 2646">
    <p class='ocr_par' dir='ltr' id='par_1_85' title="bbox 1220 2611 2004 2646">
     <span class='ocr_line' id='line_1_85' title="bbox 1220 2611 2004 2646; baseline 0.003 -9"><span class='ocrx_word' id='word_1_633' title='bbox 1220 2611 1290 2645; x_wconf 79' lang='lat' dir='ltr'><strong>quod</strong></span> <span class='ocrx_word' id='word_1_634' title='bbox 1304 2611 1394 2638; x_wconf 74' lang='lat' dir='ltr'><strong>fascis</strong></span> <span class='ocrx_word' id='word_1_635' title='bbox 1404 2611 1500 2642; x_wconf 71' lang='lat' dir='ltr'><strong>cinxit.</strong></span> <span class='ocrx_word' id='word_1_636' title='bbox 1514 2613 1582 2646; x_wconf 92' lang='lat' dir='ltr'><strong>quod</strong></span> <span class='ocrx_word' id='word_1_637' title='bbox 1595 2618 1713 2640; x_wconf 84' lang='lat' dir='ltr'><strong>materna</strong></span> <span class='ocrx_word' id='word_1_638' title='bbox 1725 2621 1787 2640; x_wconf 85' lang='lat' dir='ltr'><strong>cura</strong></span> <span class='ocrx_word' id='word_1_639' title='bbox 1802 2614 1921 2645; x_wconf 77' lang='lat' dir='ltr'><strong>nutrivit,</strong></span> <span class='ocrx_word' id='word_1_640' title='bbox 1932 2612 2004 2642; x_wconf 84' lang='lat' dir='ltr'><strong>illud.</strong></span> 
     </span>
    </p>
   </div>
   <div class='ocr_carea' id='block_1_86' title="bbox 1221 2655 2007 2691">
    <p class='ocr_par' dir='ltr' id='par_1_86' title="bbox 1221 2655 2007 2691">
     <span class='ocr_line' id='line_1_86' title="bbox 1221 2655 2007 2691; baseline 0.005 -10"><span class='ocrx_word' id='word_1_641' title='bbox 1221 2655 1340 2690; x_wconf 84' lang='lat' dir='ltr'><strong>inquam,</strong></span> <span class='ocrx_word' id='word_1_642' title='bbox 1356 2656 1457 2691; x_wconf 85' lang='lat' dir='ltr'><strong>absque</strong></span> <span class='ocrx_word' id='word_1_643' title='bbox 1477 2656 1528 2682; x_wconf 85' lang='lat' dir='ltr'><strong>ulla</strong></span> <span class='ocrx_word' id='word_1_644' title='bbox 1547 2657 1691 2689; x_wconf 81' lang='lat' dir='ltr'><strong>dubietate,</strong></span> <span class='ocrx_word' id='word_1_645' title='bbox 1710 2665 1760 2684; x_wconf 92' lang='lat' dir='ltr'><strong>non</strong></span> <span class='ocrx_word' id='word_1_646' title='bbox 1784 2658 1855 2686; x_wconf 86' lang='lat' dir='ltr'><strong>aliud</strong></span> <span class='ocrx_word' id='word_1_647' title='bbox 1883 2666 1954 2685; x_wconf 90' lang='lat' dir='ltr'><strong>nunc</strong></span> <span class='ocrx_word' id='word_1_648' title='bbox 1974 2658 2007 2685; x_wconf 84' lang='lat' dir='ltr'><strong>do</strong></span> 
     </span>
    </p>
   </div>
   <div class='ocr_carea' id='block_1_87' title="bbox 1221 2702 2004 2741">
    <p class='ocr_par' dir='ltr' id='par_1_87' title="bbox 1221 2702 2004 2741">
     <span class='ocr_line' id='line_1_87' title="bbox 1221 2702 2004 2741; baseline 0.008 -14"><span class='ocrx_word' id='word_1_649' title='bbox 1221 2708 1298 2729; x_wconf 86' lang='lat' dir='ltr'><strong>sacro</strong></span> <span class='ocrx_word' id='word_1_650' title='bbox 1323 2702 1398 2729; x_wconf 87' lang='lat' dir='ltr'><strong>altari</strong></span> <span class='ocrx_word' id='word_1_651' title='bbox 1422 2702 1593 2737; x_wconf 84' lang='lat' dir='ltr'><strong>percipimus,</strong></span> <span class='ocrx_word' id='word_1_652' title='bbox 1616 2708 1643 2730; x_wconf 91' lang='lat' dir='ltr'><strong>et</strong></span> <span class='ocrx_word' id='word_1_653' title='bbox 1655 2704 1712 2738; x_wconf 80' lang='lat' dir='ltr'><strong>ejus</strong></span> <span class='ocrx_word' id='word_1_654' title='bbox 1734 2706 1888 2741; x_wconf 79' lang='lat' dir='ltr'><strong>sanguinem</strong></span> <span class='ocrx_word' id='word_1_655' title='bbox 1913 2706 1939 2733; x_wconf 91' lang='lat' dir='ltr'><strong>in</strong></span> <span class='ocrx_word' id='word_1_656' title='bbox 1960 2713 2004 2733; x_wconf 86' lang='lat' dir='ltr'><strong>sa-</strong></span> 
     </span>
    </p>
   </div>
   <div class='ocr_carea' id='block_1_88' title="bbox 1222 2748 2007 2783">
    <p class='ocr_par' dir='ltr' id='par_1_88' title="bbox 1222 2748 2007 2783">
     <span class='ocr_line' id='line_1_88' title="bbox 1222 2748 2007 2783; baseline 0.008 -12"><span class='ocrx_word' id='word_1_657' title='bbox 1222 2750 1388 2773; x_wconf 75' lang='lat' dir='ltr'><strong>cramentum</strong></span> <span class='ocrx_word' id='word_1_658' title='bbox 1420 2752 1519 2774; x_wconf 68' lang='lat' dir='ltr'><strong>noema</strong></span> <span class='ocrx_word' id='word_1_659' title='bbox 1550 2748 1739 2783; x_wconf 85' lang='lat' dir='ltr'><strong>redemptionis</strong></span> <span class='ocrx_word' id='word_1_660' title='bbox 1770 2750 1916 2778; x_wconf 89' lang='lat' dir='ltr'><strong>haurimus.</strong></span> <span class='ocrx_word' id='word_1_661' title='bbox 1950 2750 2007 2777; x_wconf 90' lang='lat' dir='ltr'><strong>lloc</strong></span> 
     </span>
    </p>
   </div>
   <div class='ocr_carea' id='block_1_89' title="bbox 1221 2790 2006 2827">
    <p class='ocr_par' dir='ltr' id='par_1_89' title="bbox 1221 2790 2006 2827">
     <span class='ocr_line' id='line_1_89' title="bbox 1221 2790 2006 2827; baseline 0.01 -10"><span class='ocrx_word' id='word_1_662' title='bbox 1221 2790 1351 2818; x_wconf 76' lang='lat' dir='ltr'><strong>catholica</strong></span> <span class='ocrx_word' id='word_1_663' title='bbox 1368 2791 1432 2820; x_wconf 78' lang='lat' dir='ltr'><strong>fides</strong></span> <span class='ocrx_word' id='word_1_664' title='bbox 1450 2793 1538 2827; x_wconf 83' lang='lat' dir='ltr'><strong>habet,</strong></span> <span class='ocrx_word' id='word_1_665' title='bbox 1561 2795 1611 2823; x_wconf 90' lang='lat' dir='ltr'><strong>hoc</strong></span> <span class='ocrx_word' id='word_1_666' title='bbox 1634 2790 1729 2823; x_wconf 59' lang='lat' dir='ltr'><strong>san&#39;cta</strong></span> <span class='ocrx_word' id='word_1_667' title='bbox 1752 2795 1869 2824; x_wconf 85' lang='lat' dir='ltr'><strong>Ecclesia</strong></span> <span class='ocrx_word' id='word_1_668' title='bbox 1892 2796 2006 2825; x_wconf 75' lang='lat' dir='ltr'><strong>fideliter</strong></span> 
     </span>
    </p>
   </div>
   <div class='ocr_carea' id='block_1_90' title="bbox 1222 2837 1307 2865">
    <p class='ocr_par' dir='ltr' id='par_1_90' title="bbox 1222 2837 1307 2865">
     <span class='ocr_line' id='line_1_90' title="bbox 1222 2837 1307 2865; baseline 0.024 -3"><span class='ocrx_word' id='word_1_669' title='bbox 1222 2837 1307 2865; x_wconf 81' lang='lat' dir='ltr'><strong>docet.</strong></span> 
     </span>
    </p>
   </div>
   <div class='ocr_carea' id='block_1_91' title="bbox 2 2922 2571 3343">
    <p class='ocr_par' dir='ltr' id='par_1_91' title="bbox 396 2926 2009 3343">
     <span class='ocr_line' id='line_1_91' title="bbox 396 2926 2009 3343; baseline 0 -311"><span class='ocrx_word' id='word_1_670' title='bbox 396 3028 499 3167; x_wconf 30' lang='grc'><strong>,2</strong></span> <span class='ocrx_word' id='word_1_671' title='bbox 649 2926 1024 3343; x_wconf 32' lang='lat' dir='ltr'><strong>gr.</strong></span> <span class='ocrx_word' id='word_1_672' title='bbox 2000 3063 2009 3076; x_wconf 23' lang='grc' dir='ltr'><strong><em>Ι</em></strong></span> 
     </span>
    </p>
   </div>
   <div class='ocr_carea' id='block_1_92' title="bbox 2063 1661 2852 1696">
    <p class='ocr_par' dir='ltr' id='par_1_92' title="bbox 2063 1661 2852 1696">
     <span class='ocr_line' id='line_1_92' title="bbox 2063 1661 2852 1696; baseline -0.003 -8"><span class='ocrx_word' id='word_1_673' title='bbox 2063 1669 2111 1688; x_wconf 81' lang='lat' dir='ltr'><strong>suo</strong></span> <span class='ocrx_word' id='word_1_674' title='bbox 2125 1668 2211 1695; x_wconf 78' lang='lat' dir='ltr'><strong>regem</strong></span> <span class='ocrx_word' id='word_1_675' title='bbox 2226 1662 2316 1694; x_wconf 77' lang='lat' dir='ltr'><strong>gloriae</strong></span> <span class='ocrx_word' id='word_1_676' title='bbox 2330 1662 2396 1688; x_wconf 73' lang='lat' dir='ltr'><strong>faeie</strong></span> <span class='ocrx_word' id='word_1_677' title='bbox 2407 1662 2439 1688; x_wconf 85' lang='lat' dir='ltr'><strong>ad</strong></span> <span class='ocrx_word' id='word_1_678' title='bbox 2452 1661 2545 1689; x_wconf 78' lang='lat' dir='ltr'><strong>faciem</strong></span> <span class='ocrx_word' id='word_1_679' title='bbox 2560 1668 2683 1693; x_wconf 87' lang='lat' dir='ltr'><strong>cernere,</strong></span> <span class='ocrx_word' id='word_1_680' title='bbox 2698 1669 2778 1696; x_wconf 86' lang='lat' dir='ltr'><strong>quem</strong></span> <span class='ocrx_word' id='word_1_681' title='bbox 2794 1661 2852 1687; x_wconf 89' lang='lat' dir='ltr'><strong>ubi-</strong></span> 
     </span>
    </p>
   </div>
   <div class='ocr_carea' id='block_1_93' title="bbox 2064 1706 2852 1741">
    <p class='ocr_par' dir='ltr' id='par_1_93' title="bbox 2064 1706 2852 1741">
     <span class='ocr_line' id='line_1_93' title="bbox 2064 1706 2852 1741; baseline 0.003 -10"><span class='ocrx_word' id='word_1_682' title='bbox 2064 1716 2115 1741; x_wconf 85' lang='lat' dir='ltr'><strong>que</strong></span> <span class='ocrx_word' id='word_1_683' title='bbox 2140 1708 2328 1734; x_wconf 82' lang='lat' dir='ltr'><strong>consuevimus</strong></span> <span class='ocrx_word' id='word_1_684' title='bbox 2353 1715 2384 1734; x_wconf 85' lang='lat' dir='ltr'><strong>ex</strong></span> <span class='ocrx_word' id='word_1_685' title='bbox 2408 1716 2454 1733; x_wconf 90' lang='lat' dir='ltr'><strong>ore</strong></span> <span class='ocrx_word' id='word_1_686' title='bbox 2481 1707 2663 1741; x_wconf 67' lang='lat' dir='ltr'><strong>prmiticatoria</strong></span> <span class='ocrx_word' id='word_1_687' title='bbox 2686 1706 2789 1733; x_wconf 84' lang='lat' dir='ltr'><strong>audire.</strong></span> <span class='ocrx_word' id='word_1_688' title='bbox 2805 1706 2852 1733; x_wconf 85' lang='lat' dir='ltr'><strong>Sic</strong></span> 
     </span>
    </p>
   </div>
   <div class='ocr_carea' id='block_1_94' title="bbox 2064 1750 2852 1787">
    <p class='ocr_par' dir='ltr' id='par_1_94' title="bbox 2064 1750 2852 1787">
     <span class='ocr_line' id='line_1_94' title="bbox 2064 1750 2852 1787; baseline -0.004 -8"><span class='ocrx_word' id='word_1_689' title='bbox 2064 1760 2111 1787; x_wconf 85' lang='lat' dir='ltr'><strong>per</strong></span> <span class='ocrx_word' id='word_1_690' title='bbox 2125 1753 2282 1787; x_wconf 81' lang='lat' dir='ltr'><strong>prophetam</strong></span> <span class='ocrx_word' id='word_1_691' title='bbox 2298 1753 2439 1786; x_wconf 87' lang='lat' dir='ltr'><strong>pollicetur</strong></span> <span class='ocrx_word' id='word_1_692' title='bbox 2455 1752 2592 1784; x_wconf 88' lang='lat' dir='ltr'><strong>Dominus,</strong></span> <span class='ocrx_word' id='word_1_693' title='bbox 2615 1752 2725 1780; x_wconf 84' lang='lat' dir='ltr'><strong>dicens:</strong></span> <span class='ocrx_word' id='word_1_694' title='bbox 2742 1760 2752 1776; x_wconf 77' lang='grc' dir='ltr'><strong>ι</strong></span> <span class='ocrx_word' id='word_1_695' title='bbox 2767 1750 2852 1778; x_wconf 82' lang='lat' dir='ltr'><strong>Nemo</strong></span> 
     </span>
    </p>
   </div>
   <div class='ocr_carea' id='block_1_95' title="bbox 2064 1798 2852 1833">
    <p class='ocr_par' dir='ltr' id='par_1_95' title="bbox 2064 1798 2852 1833">
     <span class='ocr_line' id='line_1_95' title="bbox 2064 1798 2852 1833; baseline -0.003 -8"><span class='ocrx_word' id='word_1_696' title='bbox 2064 1799 2134 1826; x_wconf 90' lang='lat' dir='ltr'><strong>dicet</strong></span> <span class='ocrx_word' id='word_1_697' title='bbox 2151 1808 2157 1825; x_wconf 87' lang='lat'><strong>:</strong></span> <span class='ocrx_word' id='word_1_698' title='bbox 2175 1800 2298 1833; x_wconf 77' lang='lat' dir='ltr'><strong>Agnosco</strong></span> <span class='ocrx_word' id='word_1_699' title='bbox 2318 1799 2476 1830; x_wconf 80' lang='lat' dir='ltr'><strong>Dominum;</strong></span> <span class='ocrx_word' id='word_1_700' title='bbox 2492 1806 2585 1825; x_wconf 84' lang='lat' dir='ltr'><strong>omnes</strong></span> <span class='ocrx_word' id='word_1_701' title='bbox 2600 1798 2671 1825; x_wconf 87' lang='lat' dir='ltr'><strong>enim</strong></span> <span class='ocrx_word' id='word_1_702' title='bbox 2689 1799 2852 1832; x_wconf 63' lang='lat' dir='ltr'><strong>cognoscent</strong></span> 
     </span>
    </p>
   </div>
   <div class='ocr_carea' id='block_1_96' title="bbox 2063 1841 2851 1877">
    <p class='ocr_par' dir='ltr' id='par_1_96' title="bbox 2063 1841 2851 1877">
     <span class='ocr_line' id='line_1_96' title="bbox 2063 1841 2851 1877; baseline -0.005 -7"><span class='ocrx_word' id='word_1_703' title='bbox 2063 1851 2106 1870; x_wconf 90' lang='lat' dir='ltr'><strong>me</strong></span> <span class='ocrx_word' id='word_1_704' title='bbox 2124 1851 2138 1870; x_wconf 89' lang='lat' dir='ltr'><strong>a</strong></span> <span class='ocrx_word' id='word_1_705' title='bbox 2155 1845 2270 1870; x_wconf 85' lang='lat' dir='ltr'><strong>maximo</strong></span> <span class='ocrx_word' id='word_1_706' title='bbox 2295 1851 2378 1877; x_wconf 87' lang='lat' dir='ltr'><strong>usque</strong></span> <span class='ocrx_word' id='word_1_707' title='bbox 2400 1843 2431 1869; x_wconf 87' lang='lat' dir='ltr'><strong>ad</strong></span> <span class='ocrx_word' id='word_1_708' title='bbox 2456 1844 2607 1873; x_wconf 86' lang='lat' dir='ltr'><strong>minimum.</strong></span> <span class='ocrx_word' id='word_1_709' title='bbox 2628 1842 2693 1869; x_wconf 91' lang='lat' dir='ltr'><strong>dicit</strong></span> <span class='ocrx_word' id='word_1_710' title='bbox 2721 1841 2851 1868; x_wconf 80' lang='lat' dir='ltr'><strong>Dominus</strong></span> 
     </span>
    </p>
   </div>
   <div class='ocr_carea' id='block_1_97' title="bbox 2063 1884 2851 1923">
    <p class='ocr_par' dir='ltr' id='par_1_97' title="bbox 2063 1884 2851 1923">
     <span class='ocr_line' id='line_1_97' title="bbox 2063 1884 2851 1923; baseline -0.003 -8"><span class='ocrx_word' id='word_1_711' title='bbox 2063 1888 2128 1923; x_wconf 80' lang='lat' dir='ltr'><strong>(Jer.</strong></span> <span class='ocrx_word' id='word_1_712' title='bbox 2138 1897 2179 1920; x_wconf 81' lang='grc' dir='ltr'>ιιι,</span> <span class='ocrx_word' id='word_1_713' title='bbox 2189 1890 2273 1923; x_wconf 79' lang='lat' dir='ltr'><strong>xui).</strong></span> <span class='ocrx_word' id='word_1_714' title='bbox 2282 1899 2290 1915; x_wconf 81' lang='grc' dir='ltr'><strong>ι</strong></span> <span class='ocrx_word' id='word_1_715' title='bbox 2302 1889 2353 1916; x_wconf 88' lang='lat' dir='ltr'><strong>Sed</strong></span> <span class='ocrx_word' id='word_1_716' title='bbox 2363 1889 2430 1916; x_wconf 83' lang='lat' dir='ltr'><strong>forte</strong></span> <span class='ocrx_word' id='word_1_717' title='bbox 2441 1889 2501 1923; x_wconf 87' lang='lat' dir='ltr'><strong>quis</strong></span> <span class='ocrx_word' id='word_1_718' title='bbox 2508 1884 2851 1922; x_wconf 67' lang='lat' dir='ltr'><strong>asseratScriptut-mverha</strong></span> 
     </span>
    </p>
   </div>
   <div class='ocr_carea' id='block_1_98' title="bbox 2061 1931 2851 1963">
    <p class='ocr_par' dir='ltr' id='par_1_98' title="bbox 2061 1931 2851 1963">
     <span class='ocr_line' id='line_1_98' title="bbox 2061 1931 2851 1963; baseline -0.004 -3"><span class='ocrx_word' id='word_1_719' title='bbox 2061 1942 2110 1961; x_wconf 92' lang='lat' dir='ltr'><strong>nos</strong></span> <span class='ocrx_word' id='word_1_720' title='bbox 2134 1935 2165 1961; x_wconf 80' lang='lat' dir='ltr'><strong>ad</strong></span> <span class='ocrx_word' id='word_1_721' title='bbox 2191 1939 2311 1961; x_wconf 87' lang='lat' dir='ltr'><strong>nostrum</strong></span> <span class='ocrx_word' id='word_1_722' title='bbox 2337 1934 2500 1961; x_wconf 88' lang='lat' dir='ltr'><strong>intellectum</strong></span> <span class='ocrx_word' id='word_1_723' title='bbox 2516 1934 2647 1960; x_wconf 86' lang='lat' dir='ltr'><strong>violenter</strong></span> <span class='ocrx_word' id='word_1_724' title='bbox 2659 1931 2806 1963; x_wconf 79' lang='lat' dir='ltr'><strong>inﬂectere,</strong></span> <span class='ocrx_word' id='word_1_725' title='bbox 2822 1934 2851 1957; x_wconf 77' lang='lat' dir='ltr'><strong>et</strong></span> 
     </span>
    </p>
   </div>
   <div class='ocr_carea' id='block_1_99' title="bbox 2062 1976 2850 2014">
    <p class='ocr_par' dir='ltr' id='par_1_99' title="bbox 2062 1976 2850 2014">
     <span class='ocr_line' id='line_1_99' title="bbox 2062 1976 2850 2014; baseline -0.003 -10"><span class='ocrx_word' id='word_1_726' title='bbox 2062 1980 2133 2014; x_wconf 92' lang='lat' dir='ltr'><strong>quod</strong></span> <span class='ocrx_word' id='word_1_727' title='bbox 2147 1980 2273 2006; x_wconf 86' lang='lat' dir='ltr'><strong>Salomon</strong></span> <span class='ocrx_word' id='word_1_728' title='bbox 2287 1980 2319 2006; x_wconf 90' lang='lat' dir='ltr'><strong>de</strong></span> <span class='ocrx_word' id='word_1_729' title='bbox 2335 1988 2363 2006; x_wconf 86' lang='lat' dir='ltr'><strong>se</strong></span> <span class='ocrx_word' id='word_1_730' title='bbox 2378 1980 2480 2006; x_wconf 82' lang='lat' dir='ltr'><strong>videtur</strong></span> <span class='ocrx_word' id='word_1_731' title='bbox 2495 1986 2617 2006; x_wconf 81' lang='lat' dir='ltr'><strong>asserere</strong></span> <span class='ocrx_word' id='word_1_732' title='bbox 2633 1978 2666 2005; x_wconf 88' lang='lat' dir='ltr'><strong>ad</strong></span> <span class='ocrx_word' id='word_1_733' title='bbox 2682 1976 2850 2005; x_wconf 80' lang='lat' dir='ltr'><strong>Salvatoretn</strong></span> 
     </span>
    </p>
   </div>
   <div class='ocr_carea' id='block_1_100' title="bbox 2062 2021 2852 2060">
    <p class='ocr_par' dir='ltr' id='par_1_100' title="bbox 2062 2021 2852 2060">
     <span class='ocr_line' id='line_1_100' title="bbox 2062 2021 2852 2060; baseline -0.005 -8"><span class='ocrx_word' id='word_1_734' title='bbox 2062 2025 2203 2059; x_wconf 83' lang='lat' dir='ltr'><strong>perhibeat</strong></span> <span class='ocrx_word' id='word_1_735' title='bbox 2219 2026 2371 2060; x_wconf 86' lang='lat' dir='ltr'><strong>specialiter</strong></span> <span class='ocrx_word' id='word_1_736' title='bbox 2385 2033 2432 2059; x_wconf 86' lang='lat' dir='ltr'><strong>per</strong></span> <span class='ocrx_word' id='word_1_737' title='bbox 2446 2025 2536 2051; x_wconf 84' lang='lat' dir='ltr'><strong>omnia</strong></span> <span class='ocrx_word' id='word_1_738' title='bbox 2554 2024 2697 2058; x_wconf 80' lang='lat' dir='ltr'><strong>pertinere.</strong></span> <span class='ocrx_word' id='word_1_739' title='bbox 2712 2023 2786 2050; x_wconf 79' lang='lat' dir='ltr'><strong>Dicat</strong></span> <span class='ocrx_word' id='word_1_740' title='bbox 2798 2021 2852 2048; x_wconf 81' lang='lat' dir='ltr'><strong>ita-</strong></span> 
     </span>
    </p>
   </div>
   <div class='ocr_carea' id='block_1_101' title="bbox 2061 2067 2851 2103">
    <p class='ocr_par' dir='ltr' id='par_1_101' title="bbox 2061 2067 2851 2103">
     <span class='ocr_line' id='line_1_101' title="bbox 2061 2067 2851 2103; baseline -0.001 -8"><span class='ocrx_word' id='word_1_741' title='bbox 2061 2077 2114 2103; x_wconf 86' lang='lat' dir='ltr'><strong>que</strong></span> <span class='ocrx_word' id='word_1_742' title='bbox 2128 2070 2289 2103; x_wconf 86' lang='lat' dir='ltr'><strong>ohjectiouis</strong></span> <span class='ocrx_word' id='word_1_743' title='bbox 2308 2075 2428 2096; x_wconf 80' lang='lat' dir='ltr'><strong>assertor</strong></span> <span class='ocrx_word' id='word_1_744' title='bbox 2439 2077 2490 2103; x_wconf 86' lang='lat' dir='ltr'><strong>qua</strong></span> <span class='ocrx_word' id='word_1_745' title='bbox 2507 2068 2633 2096; x_wconf 81' lang='lat' dir='ltr'><strong>Salomon</strong></span> <span class='ocrx_word' id='word_1_746' title='bbox 2645 2067 2731 2095; x_wconf 79' lang='lat' dir='ltr'><strong>valeat</strong></span> <span class='ocrx_word' id='word_1_747' title='bbox 2745 2067 2851 2094; x_wconf 74' lang='lat' dir='ltr'><strong>ratione</strong></span> 
     </span>
    </p>
   </div>
   <div class='ocr_carea' id='block_1_102' title="bbox 2060 2110 2850 2147">
    <p class='ocr_par' dir='ltr' id='par_1_102' title="bbox 2060 2110 2850 2147">
     <span class='ocr_line' id='line_1_102' title="bbox 2060 2110 2850 2147; baseline -0.003 -8"><span class='ocrx_word' id='word_1_748' title='bbox 2060 2118 2212 2147; x_wconf 83' lang='lat' dir='ltr'><strong>competere</strong></span> <span class='ocrx_word' id='word_1_749' title='bbox 2224 2114 2293 2147; x_wconf 88' lang='lat' dir='ltr'><strong>quod</strong></span> <span class='ocrx_word' id='word_1_750' title='bbox 2309 2113 2385 2147; x_wconf 85' lang='lat' dir='ltr'><strong>quasi</strong></span> <span class='ocrx_word' id='word_1_751' title='bbox 2399 2113 2431 2140; x_wconf 89' lang='lat' dir='ltr'><strong>de</strong></span> <span class='ocrx_word' id='word_1_752' title='bbox 2446 2120 2474 2139; x_wconf 80' lang='lat' dir='ltr'><strong>se</strong></span> <span class='ocrx_word' id='word_1_753' title='bbox 2492 2113 2576 2139; x_wconf 88' lang='lat' dir='ltr'><strong>dicit:</strong></span> <span class='ocrx_word' id='word_1_754' title='bbox 2596 2121 2606 2138; x_wconf 84' lang='grc'><strong><em>‹</em></strong></span> <span class='ocrx_word' id='word_1_755' title='bbox 2625 2112 2752 2140; x_wconf 79' lang='lat' dir='ltr'><strong>Dominus</strong></span> <span class='ocrx_word' id='word_1_756' title='bbox 2774 2110 2850 2138; x_wconf 79' lang='lat' dir='ltr'><strong>enim</strong></span> 
     </span>
    </p>
   </div>
   <div class='ocr_carea' id='block_1_103' title="bbox 2059 2157 2851 2192">
    <p class='ocr_par' dir='ltr' id='par_1_103' title="bbox 2059 2157 2851 2192">
     <span class='ocr_line' id='line_1_103' title="bbox 2059 2157 2851 2192; baseline -0.003 -7"><span class='ocrx_word' id='word_1_757' title='bbox 2059 2158 2132 2186; x_wconf 90' lang='lat' dir='ltr'><strong>dedit</strong></span> <span class='ocrx_word' id='word_1_758' title='bbox 2157 2158 2221 2185; x_wconf 91' lang='lat' dir='ltr'><strong>mihi</strong></span> <span class='ocrx_word' id='word_1_759' title='bbox 2248 2159 2342 2185; x_wconf 90' lang='lat' dir='ltr'><strong>horum</strong></span> <span class='ocrx_word' id='word_1_760' title='bbox 2363 2166 2422 2192; x_wconf 75' lang='lat' dir='ltr'><strong>qua:</strong></span> <span class='ocrx_word' id='word_1_761' title='bbox 2446 2162 2507 2185; x_wconf 87' lang='lat' dir='ltr'><strong>sunt</strong></span> <span class='ocrx_word' id='word_1_762' title='bbox 2533 2157 2671 2184; x_wconf 80' lang='lat' dir='ltr'><strong>scientiam</strong></span> <span class='ocrx_word' id='word_1_763' title='bbox 2694 2164 2795 2190; x_wconf 87' lang='lat' dir='ltr'><strong>veram,</strong></span> <span class='ocrx_word' id='word_1_764' title='bbox 2820 2159 2851 2183; x_wconf 76' lang='lat' dir='ltr'><strong>ut</strong></span> 
     </span>
    </p>
   </div>
   <div class='ocr_carea' id='block_1_104' title="bbox 2059 2202 2850 2238">
    <p class='ocr_par' dir='ltr' id='par_1_104' title="bbox 2059 2202 2850 2238">
     <span class='ocr_line' id='line_1_104' title="bbox 2059 2202 2850 2238; baseline 0 -8"><span class='ocrx_word' id='word_1_765' title='bbox 2059 2204 2143 2231; x_wconf 90' lang='lat' dir='ltr'><strong>sciam</strong></span> <span class='ocrx_word' id='word_1_766' title='bbox 2160 2204 2362 2238; x_wconf 86' lang='lat' dir='ltr'><strong>dispositionem</strong></span> <span class='ocrx_word' id='word_1_767' title='bbox 2381 2204 2454 2231; x_wconf 86' lang='lat' dir='ltr'><strong>orbis</strong></span> <span class='ocrx_word' id='word_1_768' title='bbox 2473 2209 2605 2230; x_wconf 87' lang='lat' dir='ltr'><strong>terrarum</strong></span> <span class='ocrx_word' id='word_1_769' title='bbox 2619 2207 2647 2231; x_wconf 84' lang='lat' dir='ltr'><strong>et</strong></span> <span class='ocrx_word' id='word_1_770' title='bbox 2661 2203 2772 2230; x_wconf 73' lang='lat' dir='ltr'><strong>virtutes</strong></span> <span class='ocrx_word' id='word_1_771' title='bbox 2788 2202 2850 2230; x_wconf 75' lang='lat' dir='ltr'><strong>olo-</strong></span> 
     </span>
    </p>
   </div>
   <div class='ocr_carea' id='block_1_105' title="bbox 2060 2248 2848 2280">
    <p class='ocr_par' dir='ltr' id='par_1_105' title="bbox 2060 2248 2848 2280">
     <span class='ocr_line' id='line_1_105' title="bbox 2060 2248 2848 2280; baseline 0 -5"><span class='ocrx_word' id='word_1_772' title='bbox 2060 2254 2221 2280; x_wconf 89' lang='lat' dir='ltr'><strong>mentorum,</strong></span> <span class='ocrx_word' id='word_1_773' title='bbox 2236 2250 2341 2276; x_wconf 91' lang='lat' dir='ltr'><strong>initium</strong></span> <span class='ocrx_word' id='word_1_774' title='bbox 2355 2254 2381 2276; x_wconf 88' lang='lat' dir='ltr'><strong>et</strong></span> <span class='ocrx_word' id='word_1_775' title='bbox 2397 2249 2655 2277; x_wconf 85' lang='lat' dir='ltr'><strong>consummationem</strong></span> <span class='ocrx_word' id='word_1_776' title='bbox 2671 2252 2698 2276; x_wconf 91' lang='lat' dir='ltr'><strong>et</strong></span> <span class='ocrx_word' id='word_1_777' title='bbox 2716 2248 2848 2275; x_wconf 74' lang='lat' dir='ltr'><strong>medieta-</strong></span> 
     </span>
    </p>
   </div>
   <div class='ocr_carea' id='block_1_106' title="bbox 2061 2292 2850 2328">
    <p class='ocr_par' dir='ltr' id='par_1_106' title="bbox 2061 2292 2850 2328">
     <span class='ocr_line' id='line_1_106' title="bbox 2061 2292 2850 2328; baseline -0.001 -8"><span class='ocrx_word' id='word_1_778' title='bbox 2061 2298 2112 2320; x_wconf 80' lang='lat' dir='ltr'><strong>tem</strong></span> <span class='ocrx_word' id='word_1_779' title='bbox 2127 2298 2287 2328; x_wconf 89' lang='lat' dir='ltr'><strong>temporum,</strong></span> <span class='ocrx_word' id='word_1_780' title='bbox 2302 2294 2523 2326; x_wconf 80' lang='lat' dir='ltr'><strong>vicissitudinem,</strong></span> <span class='ocrx_word' id='word_1_781' title='bbox 2536 2293 2747 2328; x_wconf 65' lang='lat' dir='ltr'><strong>permutatione:</strong></span> <span class='ocrx_word' id='word_1_782' title='bbox 2759 2292 2850 2320; x_wconf 81' lang='lat' dir='ltr'><strong>homi-</strong></span> 
     </span>
    </p>
   </div>
   <div class='ocr_carea' id='block_1_107' title="bbox 2059 2336 2849 2373">
    <p class='ocr_par' dir='ltr' id='par_1_107' title="bbox 2059 2336 2849 2373">
     <span class='ocr_line' id='line_1_107' title="bbox 2059 2336 2849 2373; baseline 0 -8"><span class='ocrx_word' id='word_1_783' title='bbox 2059 2347 2134 2371; x_wconf 84' lang='lat' dir='ltr'><strong>num,</strong></span> <span class='ocrx_word' id='word_1_784' title='bbox 2151 2344 2177 2366; x_wconf 91' lang='lat' dir='ltr'><strong>et</strong></span> <span class='ocrx_word' id='word_1_785' title='bbox 2189 2346 2354 2373; x_wconf 58' lang='lat' dir='ltr'><strong>quaecunque</strong></span> <span class='ocrx_word' id='word_1_786' title='bbox 2374 2344 2437 2365; x_wconf 80' lang='lat' dir='ltr'><strong>sunt</strong></span> <span class='ocrx_word' id='word_1_787' title='bbox 2454 2339 2584 2365; x_wconf 86' lang='lat' dir='ltr'><strong>abscousa</strong></span> <span class='ocrx_word' id='word_1_788' title='bbox 2598 2342 2625 2366; x_wconf 88' lang='lat' dir='ltr'><strong>et</strong></span> <span class='ocrx_word' id='word_1_789' title='bbox 2644 2338 2787 2372; x_wconf 82' lang='lat' dir='ltr'><strong>improvisa</strong></span> <span class='ocrx_word' id='word_1_790' title='bbox 2804 2336 2849 2365; x_wconf 84' lang='lat' dir='ltr'><strong>dl-</strong></span> 
     </span>
    </p>
   </div>
   <div class='ocr_carea' id='block_1_108' title="bbox 2060 2382 2850 2419">
    <p class='ocr_par' dir='ltr' id='par_1_108' title="bbox 2060 2382 2850 2419">
     <span class='ocr_line' id='line_1_108' title="bbox 2060 2382 2850 2419; baseline 0 -9"><span class='ocrx_word' id='word_1_791' title='bbox 2060 2385 2124 2411; x_wconf 84' lang='lat' dir='ltr'><strong>dicit</strong></span> <span class='ocrx_word' id='word_1_792' title='bbox 2148 2383 2238 2417; x_wconf 85' lang='lat' dir='ltr'><strong>(Prov.</strong></span> <span class='ocrx_word' id='word_1_793' title='bbox 2265 2384 2323 2419; x_wconf 78' lang='lat' dir='ltr'><strong>vn).</strong></span> <span class='ocrx_word' id='word_1_794' title='bbox 2345 2393 2354 2410; x_wconf 81' lang='grc'><strong>1</strong></span> <span class='ocrx_word' id='word_1_795' title='bbox 2371 2384 2449 2417; x_wconf 85' lang='lat' dir='ltr'><strong>Nam,</strong></span> <span class='ocrx_word' id='word_1_796' title='bbox 2465 2388 2494 2410; x_wconf 91' lang='lat' dir='ltr'><strong>ut</strong></span> <span class='ocrx_word' id='word_1_797' title='bbox 2509 2384 2542 2411; x_wconf 87' lang='lat' dir='ltr'><strong>de</strong></span> <span class='ocrx_word' id='word_1_798' title='bbox 2556 2383 2661 2411; x_wconf 64' lang='lat' dir='ltr'><strong>caeteris</strong></span> <span class='ocrx_word' id='word_1_799' title='bbox 2678 2383 2783 2410; x_wconf 80' lang='lat' dir='ltr'><strong>interim</strong></span> <span class='ocrx_word' id='word_1_800' title='bbox 2808 2382 2850 2410; x_wconf 79' lang='lat' dir='ltr'><strong>si-</strong></span> 
     </span>
    </p>
   </div>
   <div class='ocr_carea' id='block_1_109' title="bbox 2060 2429 2847 2465">
    <p class='ocr_par' dir='ltr' id='par_1_109' title="bbox 2060 2429 2847 2465">
     <span class='ocr_line' id='line_1_109' title="bbox 2060 2429 2847 2465; baseline -0.001 -9"><span class='ocrx_word' id='word_1_801' title='bbox 2060 2430 2172 2462; x_wconf 83' lang='lat' dir='ltr'><strong>leamus,</strong></span> <span class='ocrx_word' id='word_1_802' title='bbox 2195 2431 2330 2465; x_wconf 88' lang='lat' dir='ltr'><strong>quontodo</strong></span> <span class='ocrx_word' id='word_1_803' title='bbox 2351 2438 2430 2457; x_wconf 83' lang='lat' dir='ltr'><strong>nosse</strong></span> <span class='ocrx_word' id='word_1_804' title='bbox 2451 2430 2538 2465; x_wconf 90' lang='lat' dir='ltr'><strong>potuit</strong></span> <span class='ocrx_word' id='word_1_805' title='bbox 2557 2429 2682 2457; x_wconf 84' lang='lat' dir='ltr'><strong>Salomon</strong></span> <span class='ocrx_word' id='word_1_806' title='bbox 2706 2429 2847 2456; x_wconf 83' lang='lat' dir='ltr'><strong>hominum</strong></span> 
     </span>
    </p>
   </div>
   <div class='ocr_carea' id='block_1_110' title="bbox 2059 2474 2848 2511">
    <p class='ocr_par' dir='ltr' id='par_1_110' title="bbox 2059 2474 2848 2511">
     <span class='ocr_line' id='line_1_110' title="bbox 2059 2474 2848 2511; baseline -0.003 -8"><span class='ocrx_word' id='word_1_807' title='bbox 2059 2477 2247 2511; x_wconf 72' lang='lat' dir='ltr'><strong>cogitationes,</strong></span> <span class='ocrx_word' id='word_1_808' title='bbox 2263 2485 2324 2504; x_wconf 91' lang='lat' dir='ltr'><strong>cum</strong></span> <span class='ocrx_word' id='word_1_809' title='bbox 2346 2477 2403 2511; x_wconf 86' lang='lat' dir='ltr'><strong>ipse</strong></span> <span class='ocrx_word' id='word_1_810' title='bbox 2426 2477 2481 2504; x_wconf 88' lang='lat' dir='ltr'><strong>Deo</strong></span> <span class='ocrx_word' id='word_1_811' title='bbox 2499 2476 2562 2504; x_wconf 83' lang='lat' dir='ltr'><strong>alibi</strong></span> <span class='ocrx_word' id='word_1_812' title='bbox 2578 2475 2670 2503; x_wconf 82' lang='lat' dir='ltr'><strong>dicat:</strong></span> <span class='ocrx_word' id='word_1_813' title='bbox 2691 2484 2700 2501; x_wconf 77' lang='grc' dir='ltr'><strong>ι</strong></span> <span class='ocrx_word' id='word_1_814' title='bbox 2717 2474 2756 2502; x_wconf 77' lang='lat' dir='ltr'><strong>Tu</strong></span> <span class='ocrx_word' id='word_1_815' title='bbox 2771 2474 2848 2502; x_wconf 79' lang='lat' dir='ltr'><strong>solus</strong></span> 
     </span>
    </p>
   </div>
   <div class='ocr_carea' id='block_1_111' title="bbox 2059 2517 2847 2554">
    <p class='ocr_par' dir='ltr' id='par_1_111' title="bbox 2059 2517 2847 2554">
     <span class='ocr_line' id='line_1_111' title="bbox 2059 2517 2847 2554; baseline -0.003 -7"><span class='ocrx_word' id='word_1_816' title='bbox 2059 2521 2127 2548; x_wconf 87' lang='lat' dir='ltr'><strong>nosti</strong></span> <span class='ocrx_word' id='word_1_817' title='bbox 2142 2521 2222 2548; x_wconf 88' lang='lat' dir='ltr'><strong>corda</strong></span> <span class='ocrx_word' id='word_1_818' title='bbox 2235 2521 2355 2547; x_wconf 90' lang='lat' dir='ltr'><strong>omnium</strong></span> <span class='ocrx_word' id='word_1_819' title='bbox 2368 2520 2481 2547; x_wconf 85' lang='lat' dir='ltr'><strong>filiorum</strong></span> <span class='ocrx_word' id='word_1_820' title='bbox 2494 2519 2650 2547; x_wconf 73' lang='lat' dir='ltr'><strong>hominum?</strong></span> <span class='ocrx_word' id='word_1_821' title='bbox 2660 2517 2847 2554; x_wconf 72' lang='grc' dir='ltr'><strong>»(11Ραν.νι.ὶ</strong></span> 
     </span>
    </p>
   </div>
   <div class='ocr_carea' id='block_1_112' title="bbox 2059 2564 2847 2601">
    <p class='ocr_par' dir='ltr' id='par_1_112' title="bbox 2059 2564 2847 2601">
     <span class='ocr_line' id='line_1_112' title="bbox 2059 2564 2847 2601; baseline -0.003 -7"><span class='ocrx_word' id='word_1_822' title='bbox 2059 2566 2110 2594; x_wconf 90' lang='lat' dir='ltr'><strong>Sed</strong></span> <span class='ocrx_word' id='word_1_823' title='bbox 2125 2571 2152 2594; x_wconf 88' lang='lat' dir='ltr'><strong>et</strong></span> <span class='ocrx_word' id='word_1_824' title='bbox 2162 2567 2223 2601; x_wconf 90' lang='lat' dir='ltr'><strong>quis</strong></span> <span class='ocrx_word' id='word_1_825' title='bbox 2235 2567 2365 2594; x_wconf 84' lang='lat' dir='ltr'><strong>absconsa</strong></span> <span class='ocrx_word' id='word_1_826' title='bbox 2379 2567 2467 2593; x_wconf 88' lang='lat' dir='ltr'><strong>omnia</strong></span> <span class='ocrx_word' id='word_1_827' title='bbox 2480 2571 2509 2593; x_wconf 87' lang='lat' dir='ltr'><strong>et</strong></span> <span class='ocrx_word' id='word_1_828' title='bbox 2520 2565 2666 2601; x_wconf 81' lang='lat' dir='ltr'><strong>improvisa</strong></span> <span class='ocrx_word' id='word_1_829' title='bbox 2677 2565 2778 2596; x_wconf 80' lang='lat' dir='ltr'><strong>didicit,</strong></span> <span class='ocrx_word' id='word_1_830' title='bbox 2790 2564 2847 2592; x_wconf 78' lang='lat' dir='ltr'><strong>nisi</strong></span> 
     </span>
    </p>
   </div>
   <div class='ocr_carea' id='block_1_113' title="bbox 2057 2610 2848 2646">
    <p class='ocr_par' dir='ltr' id='par_1_113' title="bbox 2057 2610 2848 2646">
     <span class='ocr_line' id='line_1_113' title="bbox 2057 2610 2848 2646; baseline -0.001 -8"><span class='ocrx_word' id='word_1_831' title='bbox 2057 2610 2221 2645; x_wconf 78' lang='lat' dir='ltr'><strong>Redemptor</strong></span> <span class='ocrx_word' id='word_1_832' title='bbox 2241 2616 2347 2642; x_wconf 83' lang='lat' dir='ltr'><strong>noster,</strong></span> <span class='ocrx_word' id='word_1_833' title='bbox 2376 2611 2401 2637; x_wconf 90' lang='lat' dir='ltr'><strong>in</strong></span> <span class='ocrx_word' id='word_1_834' title='bbox 2426 2611 2503 2645; x_wconf 77' lang='lat' dir='ltr'><strong>cujus</strong></span> <span class='ocrx_word' id='word_1_835' title='bbox 2530 2616 2639 2646; x_wconf 85' lang='lat' dir='ltr'><strong>pectore</strong></span> <span class='ocrx_word' id='word_1_836' title='bbox 2663 2612 2725 2637; x_wconf 82' lang='lat' dir='ltr'><strong>sunt</strong></span> <span class='ocrx_word' id='word_1_837' title='bbox 2748 2616 2848 2637; x_wconf 85' lang='lat' dir='ltr'><strong>omnea</strong></span> 
     </span>
    </p>
   </div>
   <div class='ocr_carea' id='block_1_114' title="bbox 2057 2654 2845 2691">
    <p class='ocr_par' dir='ltr' id='par_1_114' title="bbox 2057 2654 2845 2691">
     <span class='ocr_line' id='line_1_114' title="bbox 2057 2654 2845 2691; baseline 0 -10"><span class='ocrx_word' id='word_1_838' title='bbox 2057 2656 2174 2683; x_wconf 79' lang='lat' dir='ltr'><strong>thesauri</strong></span> <span class='ocrx_word' id='word_1_839' title='bbox 2199 2656 2337 2691; x_wconf 78' lang='lat' dir='ltr'><strong>sapientia:</strong></span> <span class='ocrx_word' id='word_1_840' title='bbox 2357 2661 2387 2684; x_wconf 86' lang='lat' dir='ltr'><strong>et</strong></span> <span class='ocrx_word' id='word_1_841' title='bbox 2404 2656 2523 2683; x_wconf 79' lang='lat' dir='ltr'><strong>scientia:</strong></span> <span class='ocrx_word' id='word_1_842' title='bbox 2546 2655 2693 2683; x_wconf 79' lang='lat' dir='ltr'><strong>absennditi</strong></span> <span class='ocrx_word' id='word_1_843' title='bbox 2709 2654 2776 2691; x_wconf 82' lang='lat' dir='ltr'><strong>(Col.</strong></span> <span class='ocrx_word' id='word_1_844' title='bbox 2800 2654 2845 2689; x_wconf 82' lang='grc' dir='ltr'>ιι),</span> 
     </span>
    </p>
   </div>
   <div class='ocr_carea' id='block_1_115' title="bbox 2058 2699 2849 2736">
    <p class='ocr_par' dir='ltr' id='par_1_115' title="bbox 2058 2699 2849 2736">
     <span class='ocr_line' id='line_1_115' title="bbox 2058 2699 2849 2736; baseline 0 -8"><span class='ocrx_word' id='word_1_845' title='bbox 2058 2701 2101 2736; x_wconf 91' lang='lat' dir='ltr'><strong>qui</strong></span> <span class='ocrx_word' id='word_1_846' title='bbox 2123 2701 2243 2736; x_wconf 83' lang='lat' dir='ltr'><strong>profecto</strong></span> <span class='ocrx_word' id='word_1_847' title='bbox 2258 2709 2305 2735; x_wconf 88' lang='lat' dir='ltr'><strong>per</strong></span> <span class='ocrx_word' id='word_1_848' title='bbox 2320 2701 2514 2728; x_wconf 69' lang='lat' dir='ltr'><strong>humanitatem</strong></span> <span class='ocrx_word' id='word_1_849' title='bbox 2538 2700 2631 2728; x_wconf 89' lang='lat' dir='ltr'><strong>didicit</strong></span> <span class='ocrx_word' id='word_1_850' title='bbox 2656 2700 2726 2735; x_wconf 84' lang='lat' dir='ltr'><strong>quod</strong></span> <span class='ocrx_word' id='word_1_851' title='bbox 2741 2706 2789 2735; x_wconf 86' lang='lat' dir='ltr'><strong>per</strong></span> <span class='ocrx_word' id='word_1_852' title='bbox 2802 2699 2849 2728; x_wconf 75' lang='lat' dir='ltr'><strong>tli-</strong></span> 
     </span>
    </p>
   </div>
   <div class='ocr_carea' id='block_1_116' title="bbox 2059 2745 2465 2774">
    <p class='ocr_par' dir='ltr' id='par_1_116' title="bbox 2059 2745 2465 2774">
     <span class='ocr_line' id='line_1_116' title="bbox 2059 2745 2465 2774; baseline -0.002 -2"><span class='ocrx_word' id='word_1_853' title='bbox 2059 2746 2195 2774; x_wconf 84' lang='lat' dir='ltr'><strong>vinitatem</strong></span> <span class='ocrx_word' id='word_1_854' title='bbox 2211 2746 2369 2773; x_wconf 82' lang='lat' dir='ltr'><strong>naturaliter</strong></span> <span class='ocrx_word' id='word_1_855' title='bbox 2383 2745 2465 2772; x_wconf 71' lang='lat' dir='ltr'><strong>norit.</strong></span> 
     </span>
    </p>
   </div>
   <div class='ocr_carea' id='block_1_117' title="bbox 2363 2790 2539 2818">
    <p class='ocr_par' dir='ltr' id='par_1_117' title="bbox 2363 2790 2539 2818">
     <span class='ocr_line' id='line_1_117' title="bbox 2363 2790 2539 2818; baseline -0.011 0"><span class='ocrx_word' id='word_1_856' title='bbox 2363 2790 2475 2818; x_wconf 82' lang='lat' dir='ltr'><strong>CAPUT</strong></span> <span class='ocrx_word' id='word_1_857' title='bbox 2494 2790 2539 2817; x_wconf 80' lang='lat' dir='ltr'><strong>IX.</strong></span> 
     </span>
    </p>
   </div>
   <div class='ocr_carea' id='block_1_118' title="bbox 2257 2835 2640 2864">
    <p class='ocr_par' dir='ltr' id='par_1_118' title="bbox 2257 2835 2640 2864">
     <span class='ocr_line' id='line_1_118' title="bbox 2257 2835 2640 2864; baseline -0.005 0"><span class='ocrx_word' id='word_1_858' title='bbox 2257 2836 2289 2864; x_wconf 84' lang='lat' dir='ltr'><strong>In</strong></span> <span class='ocrx_word' id='word_1_859' title='bbox 2303 2844 2420 2863; x_wconf 79' lang='lat' dir='ltr'><strong>sermone</strong></span> <span class='ocrx_word' id='word_1_860' title='bbox 2432 2837 2463 2863; x_wconf 79' lang='lat' dir='ltr'><strong>de</strong></span> <span class='ocrx_word' id='word_1_861' title='bbox 2479 2835 2509 2863; x_wconf 88' lang='lat' dir='ltr'><strong>S.</strong></span> <span class='ocrx_word' id='word_1_862' title='bbox 2525 2836 2640 2863; x_wconf 72' lang='lat' dir='ltr'><strong>Aulium.</strong></span> 
     </span>
    </p>
   </div>
   <div class='ocr_carea' id='block_1_119' title="bbox 2092 2874 2846 2919">
    <p class='ocr_par' dir='ltr' id='par_1_119' title="bbox 2092 2874 2846 2919">
     <span class='ocr_line' id='line_1_119' title="bbox 2092 2874 2846 2919; baseline -0.004 -10"><span class='ocrx_word' id='word_1_863' title='bbox 2092 2882 2200 2919; x_wconf 66' lang='lat' dir='ltr'><strong>Legitur</strong></span> <span class='ocrx_word' id='word_1_864' title='bbox 2225 2882 2287 2917; x_wconf 84' lang='lat' dir='ltr'><strong>quia</strong></span> <span class='ocrx_word' id='word_1_865' title='bbox 2310 2890 2319 2907; x_wconf 78' lang='grc' dir='ltr'><strong>ι</strong></span> <span class='ocrx_word' id='word_1_866' title='bbox 2342 2881 2478 2908; x_wconf 85' lang='lat' dir='ltr'><strong>Salomoul</strong></span> <span class='ocrx_word' id='word_1_867' title='bbox 2508 2880 2615 2908; x_wconf 79' lang='lat' dir='ltr'><strong>fuerimt</strong></span> <span class='ocrx_word' id='word_1_868' title='bbox 2640 2886 2736 2907; x_wconf 72' lang='lat' dir='ltr'><strong>uxores</strong></span> <span class='ocrx_word' id='word_1_869' title='bbox 2761 2874 2846 2914; x_wconf 70' lang='lat' dir='ltr'><strong>quasi</strong></span> 
     </span>
    </p>
   </div>
  </div>
