4260 6372
350 336 445 395 105

715 334 866 396 OPP.
906 335 1089 394 PARS
1129 337 1265 397 SEU
1322 339 1487 398 ΤΟΜ.
1520 342 1572 398 .l.
1608 373 1672 386 —-
1699 343 1923 402 EPIST.
1965 347 2096 407 LIB.
2144 353 2281 411 VIII.
2320 383 2395 399 -
2431 353 2637 411 LIBER
2677 352 2966 413 PRIMUS.
3007 353 3229 411 EPIST.
3271 354 3313 411 I.

940 487 3644 533 Mum

874 664 1063 825 s.
1206 668 1958 834 PETRI
2101 678 3155 885 DAMIANI
3295 927 3299 931 ν

1603 961 1661 1018 S.
1705 963 1771 1019 Β.
1811 963 1876 1021 Ε.
1909 964 2337 1027 CARDINALIS

657 1187 2034 1352 EPISTOLARUM
2147 1204 2675 1362 LIBRI
2792 1210 3369 1376 OCTO.

1509 1691 1880 1783 LIBER
1969 1696 2471 1793 PRIMUS.

547 1911 646 1968 AD
676 1910 966 1970 SUMMOS
1003 1909 1455 1970 CHRISTIANAE
1510 1910 1955 1973 REIPUBLICIE
1994 1915 2388 1989 PASTORES,
2430 1923 2525 1980 ET
2562 1925 2951 1990 CADAI.OUM
2990 1935 3420 2000 ANTIPAPAM.

728 2268 863 2339 1-2
904 2265 1235 2325 EPISTOLA
1278 2267 1515 2325 PRIMA.

524 2375 597 2415 ΑΙ)
628 2374 937 2417 διιεοοιιιυιι
967 2377 1016 2414 Vl
1056 2376 1316 2418 ROIAI‘UI
1357 2377 1706 2419 PONTII-‘ICEI.

320 2451 715 2509 Διςοιιιιιτυιι.
749 2484 814 2493 -
838 2452 1191 2529 Gregorion
1225 2470 1507 2510 sacrorum
1537 2466 1592 2511 et
1620 2458 1933 2529 reipublicae

386 2522 716 2579 Christi-amo
746 2540 875 2598 cura
914 2526 1229 2588 commissa,
1267 2542 1598 2598 magnopere
1629 2545 1687 2585 se
1703 2522 1932 2587 'exhila-

385 2605 562 2649 ratum
617 2596 877 2668 ostendit,
920 2606 975 2650 et
1023 2612 1247 2666 sperare
1299 2596 1375 2650 in
1406 2596 1686 2668 posterum
1745 2605 1931 2659 omnia

385 2664 577 2721 melius
608 2664 1065 2741 administratum
1084 2668 1169 2729 iri,
1186 2678 1243 2722 et
1266 2664 1517 2741 scelestis
1545 2674 1931 2741 negotiationi-

383 2736 501 2797 bus.
548 2746 608 2791 et
656 2736 1034 2806 largitionibus
1088 2740 1382 2803 submotis,
1435 2736 1645 2797 virtuti'
1682 2756 1928 2799 tantum-

380 2808 539 2861 moilo
576 2808 756 2862 locum
806 2808 942 2862 fore.
997 2809 1259 2884 ῌιιηιιιιιιι
1295 2813 1591 2884 praecipue,
1624 2826 1682 2868 ut
1716 2815 1931 2871 Castel-

380 2876 531 2939 lanze,
571 2879 869 2943 Fanensis,
915 2890 972 2935 et
1025 2876 1367 2938 Pisattrensis
1413 2876 1672 2941 EccleSia:
1722 2899 1928 2943 statum

380 2960 719 3028 componat;
749 2951 819 3005 ah
844 2952 929 3006 his
956 2952 1112 3008 initio
1140 2953 1309 3020 facto,
1343 2952 1492 3011 facili
1518 2960 1743 3028 negotio
1766 2972 1928 3016 caete-

379 3036 463 3075 ras
490 3022 694 3093 corrigi
727 3036 905 3090 posse.

379 3135 587 3193 Domno
618 3136 903 3197 CBEGOBIO
934 3143 1283 3199 sanctissimo
1321 3160 1495 3216 paptn,
1530 3148 1753 3206 PETRUS
1796 3167 1926 3222 pec-

310 3236 455 3282 cator
476 3231 784 3287 monachus
809 3231 1006 3287 debita:
1034 3235 1319 3292 servitutis
1351 3238 1703 3310 obsequium.

374 3316 855 3377 Revercndissime
882 3323 1124 3391 domne,
1155 3327 1271 3399 regi
1311 3344 1500 3402 regum
1538 3332 1760 3390 Christo
1791 3351 1925 3406 gra-

310 3407 407 3463 tias
434 3409 639 3477 refero,
665 3412 789 3481 quia
814 3414 879 3469 de
909 3416 1210 3485 apostolica
1242 3420 1373 3475 sede
1399 3424 1541 3476 bona
1574 3438 1795 3495 semper
1820 3441 1927 3481 au-

308 3499 417 3554 dire
468 3502 643 3557 aridis
698 3504 953 3561 desiderii
1014 3510 1120 3563 mei
1168 3508 1419 3568 faucibus
1478 3515 1640 3582 sitio;
1704 3515 1919 3589 largum

305 3596 555 3660 praeconii
592 3600 759 3652 vestri
790 3600 1065 3668 pocnlmu,
1100 3605 1288 3661 multis
1318 3606 1431 3677 jam
1472 3610 1913 3679 propinantibus,
1950 3640 1993 3699 Β

304 3683 561 3755 biho.Qui
580 3690 835 3748 videlicet
863 3695 1089 3750 haustus
1120 3706 1268 3751 tanta
1302 3701 1593 3757 suavitatis
1623 3704 1914 3761 dulcedine

304 3779 492 3834 mentis
518 3797 661 3837 mea:
681 3785 1025 3841 stomachum
1052 3799 1290 3854 recreat,
1326 3799 1384 3845 ut
1420 3792 1547 3847 dmn
1581 3811 1737 3851 mens
1774 3799 1915 3853 inte-

304 3866 658 3939 riusjubilat,
713 3872 894 3946 lingua
947 3878 1199 3947 protinus
1232 3882 1284 3936 in
1330 3882 1474 3940 hanc
1505 3902 1693 3943 vocem
1738 3890 1912 3949 IutttIIS

298 3977 541 4034 erumpat
575 3985 589 4020 :
626 3986 659 4031 λι
690 3966 879 4025 Gloria
909 3972 963 4026 in
990 3974 1225 4031 excelsis
1256 3977 1388 4046 Deo,
1430 3989 1487 4034 et
1532 3981 1585 4036 itt
1623 3992 1771 4038 terra
1803 4001 1911 4056 pax

300 4053 602 4115 hominibus
648 4060 804 4117 bona:
846 4066 1145 4122 voluntatis
1175 4066 1328 4139 (Luc.
1366 4071 1446 4141 tt).
1497 4092 1517 4124 ι
1568 4074 1707 4130 νριθ
1760 4053 1910 4133 enim

297 4163 421 4217 ipse,
445 4153 594 4209 sicut
623 4157 887 4226 scriptum
919 4169 1023 4227 est,
1057 4172 1232 4217 mutat
1261 4172 1526 4234 tempora,
1562 4178 1613 4221 et
1648 4170 1911 4225 transfert

298 4254 469 4311 regna.
505 4244 674 4311 Vere,
710 4251 851 4319 quod
882 4266 980 4321 per
1010 4254 1330 4324 prophetam
1361 4272 1519 4313 suum
1570 4261 1740 4317 multo
1775 4275 1905 4319 ante

295 4335 559 4401 pmtlixit,
591 4355 742 4395 nunc
780 4351 920 4397 teste
943 4347 1146 4401 mundo
1174 4348 1506 4406 mirabiliter
1545 4355 1903 4425 adimplevit:

298 4441 316 4476 t
348 4424 478 4493 Quia
509 4430 831 4487 dominatur
860 4432 1122 4493 Excelsus
1169 4440 1221 4493 in
1274 4456 1443 4513 regno
1489 4424 1799 4511 hominum,
1851 4461 1909 4506 et

292 4520 368 4572 cui
400 4521 641 4577 voluerit
666 4524 781 4595 ipse
806 4526 897 4580 dat
928 4526 1058 4583 illud
1090 4528 1273 4603 (Deut.
1300 4549 1375 4599 tv,
1413 4533 1553 4590 Dan.
1594 4540 1679 4606 ιι).
1728 4559 1746 4589 ι
1792 4540 1906 4595 Lae-

292 4619 462 4667 teutur
497 4631 636 4686 ergo
668 4618 819 4682 coeli,
852 4630 908 4675 et
929 4622 1171 4679 exsultet
1195 4635 1368 4689 terra,
1413 4638 1469 4682 et
1505 4632 1790 4701 antiquum
1822 4635 1904 4689 sui

285 4702 415 4773 juris
437 4709 790 4781 privilegium
823 4728 883 4769 se
918 4716 1192 4785 recepisse
1224 4728 1414 4774 sancta
1443 4723 1754 4793 gratuletur
1798 4727 1895 4781 lic-

290 4799 466 4857 clesia.
514 4802 853 4861 Conteratur
875 4808 990 4879 jam
1044 4810 1373 4869 milleforme
1430 4826 1596 4887 caput
1646 4822 1903 4875 venenati

290 4895 582 4963 serpentis;
617 4906 802 4952 cesset
851 4904 1241 4958 commercium
1273 4920 1547 4976 perversa:
1579 4913 1904 4983 liOgOIItIIO-

1957 2264 2010 2325 Α
2040 2276 2259 2349 (Matth.
2298 2297 2413 2349 xxt,
2441 2281 2616 2339 Marc.
2649 2300 2727 2351 xi,
2754 2285 2921 2341 Joan.
2949 2289 3037 2361 ιι).
3064 2288 3458 2352 Verumtamen
3484 2306 3675 2361 utrum

2038 2370 2165 2436 ista,
2218 2389 2341 2443 quae
2394 2376 2710 2444 scribimus,
2750 2380 2956 2437 mundo
3009 2397 3235 2453 sperare
3289 2388 3363 2443 sit
3413 2388 3672 2451 licitum;

2034 2466 2215 2535 primo
2248 2466 2596 2525 Pisaurensis
2626 2470 2869 2528 Ecclesia
2902 2475 3059 2531 bona:
3109 2477 3227 2548 spei
3277 2478 3486 2537 clarum
3518 2483 3673 2541 dabit

2038 2555 2322 2612 imlicium.
2353 2560 2464 2614 Nisi
2489 2563 2637 2617 enim
2670 2565 2929 2635 praedicta
2960 2566 3208 2624 Ecclesia
3235 2571 3303 2626 de
3330 2586 3495 2627 manu
3526 2575 3672 2635 illius

2036 2647 2293 2713 adulteri,
2330 2652 2650 2719 inecstuosi,
2686 2656 2917 2727 perjuri,
2959 2672 3125 2732 atque
3169 2666 3411 2735 raptoris
3449 2668 3671 2725 aufera-

2038 2751 2143 2805 tur,
2193 2747 2375 2801 omnis
2426 2750 2753 2818 populorum
2805 2768 2953 2823 spes,
3014 2772 3137 2826 qua:
3192 2758 3260 2813 de
3313 2764 3670 2832 reparatione

2034 2837 2221 2890 mundi
2279 2848 2461 2893 erecta
2523 2839 2726 2907 fuerat,
2773 2842 3023 2902 funditus
3078 2861 3400 2907 enervatur.
3460 2853 3669 2913 Omnes

2034 2926 2305 2997 siquidem
2342 2930 2406 2983 ad
2451 2931 2595 2988 lnmc
2624 2934 2789 2990 tinem
2836 2938 3026 2997 oculos
3069 2943 3326 3009 tendunt,
3372 2960 3569 3004 omnes
3597 2949 3667 3003 ad

2034 3016 2171 3071 Itane
2199 3034 2363 3073 unam
2404 3036 2594 3077 vocent
2637 3041 2801 3081 aures
2830 3028 3073 3099 erigunt.
3116 3032 3185 3089 Et
3229 3034 3273 3091 si
3319 3035 3412 3093 ille
3453 3047 3535 3093 tot
3564 3044 3667 3095 cri-

2033 3110 2271 3165 minibus
2301 3114 2593 3173 obvolutns
2628 3119 2696 3175 ad
2720 3121 3073 3192 episcOpatns
3098 3142 3285 3183 arcem
3326 3131 3662 3203 restituitur,

2032 3200 2099 3254 ab
2127 3204 2426 3271 apostolica
2460 3211 2591 3262 sede
2629 3210 2757 3267 boni
2790 3212 2997 3284 aliquid
3045 3216 3278 3275 ulterius
3315 3236 3476 3291 posse
3515 3200 3659 3293 fieri,

2029 3292 2251 3361 penitus
2298 3297 2620 3369 denegatur.
2674 3302 2812 3358 Tres
2849 3306 3107 3377 equidem
3158 3322 3311 3379 sunt,
3348 3330 3473 3386 qua:
3505 3320 3664 3375 testi-
3758 3303 3761 3306 I

2029 3385 2273 3440 monium
2325 3388 2557 3455 dabunt,
2622 3392 2933 3452 Castellana
2995 3400 3177 3468 sedes,
3238 3385 3534 3473 Fanensis,
3603 3420 3661 3466 et

2030 3473 2411 3545 Pisaurensis;
2458 3490 2519 3534 ut
2548 3482 2601 3535 in
2645 3498 2741 3540 ore
2773 3487 3031 3559 duorum,
3077 3491 3162 3545 vel
3209 3495 3372 3550 trium
3430 3501 3656 3557 testium

2029 3580 2134 3625 Stet.
2162 3590 2327 3629 oume
2356 3578 2583 3633 verbum
2608 3580 2792 3649 (Deut.
2825 3599 2939 3650 xix,
2974 3584 3169 3642 Matth.
3214 3591 3395 3663 xvut).
3448 3592 3507 3649 In
3568 3596 3654 3652 his

2028 3664 2201 3718 tribus
2231 3675 2483 3733 patenter
2505 3671 2818 3727 ostenditur
2848 3675 2979 3745 quid
3008 3678 3124 3749 spei
3150 3680 3218 3736 de
3248 3692 3456 3740 caetero
3484 3686 3654 3743 relin-

2019 3764 2239 3824 qnatur.

2090 3847 2451 3920 Omnipotens
2479 3854 2619 3912 Deus
2639 3866 2710 3925 te,
2736 3873 2950 3919 summe
2972 3862 3154 3933 Pater,
3175 3867 3243 3923 ad
3264 3875 3650 3932 conservanda

2018 3938 2279 3998 Ecclesia:
2333 3962 2447 4002 suae
2496 3948 2623 4019 jura
2677 3954 2991 4022 custodiat,
3046 3967 3103 4014 et
3161 3962 3420 4032 populum
3482 3981 3648 4023 suum

2017 4048 2085 4089 ne
2116 4035 2396 4093 immerito
2426 4042 2530 4096 sub
2568 4050 2723 4105 tanto
2750 4047 3011 4116 pontiﬁce
3038 4054 3280 4125 gaudere
3309 4059 3614 4127 permittat.

2598 4158 2942 4219 EPISTULA
2992 4166 3052 4222 ll.

2658 4272 2727 4311 AD
2755 4272 3000 4315 ευιιῡειι.

2011 4337 2417 4432 Αιιθῳιειξτυιι.
2441 4343 2747 4432 —nScribit
2778 4352 3071 4420 quemdam
3093 4356 3248 4432 .-.ιιιιί
3290 4359 3585 4432 episcopus
3613 4377 3648 4419 a

2084 4413 2198 4465 suis
2227 4413 2459 4496 electus,
2506 4416 2761 4496 Romam,
2793 4413 2851 4477 ut
2893 4438 2923 4477 a
2968 4413 3230 4496 pontiﬁce
3283 4413 3646 4490 conﬁrmare-

2087 4494 2196 4549 tur,
2227 4488 2550 4573 act-eilebat,
2577 4490 2679 4544 sibi
2717 4496 2835 4573 _nt')n
2868 4488 3266 4573 usquequaque
3295 4504 3519 4573 probari
3547 4522 3561 4571 ;
3596 4488 3646 4563 si

2083 4563 2262 4644 tamen
2293 4573 2418 4639 cum
2450 4560 2574 4644 aliis
2604 4560 3087 4644 conferaturfnot't
3119 4560 3423 4644 indignum
3466 4560 3644 4635 Videri

2080 4641 2142 4679 ea
2186 4628 2471 4719 dignitate.
2508 4631 2672 4719 Petit,
2708 4645 2765 4689 ut
2792 4638 2838 4692 si
2872 4628 3022 4719 illum
3053 4628 3331 4713 reiecerit,
3367 4628 3641 4719 usquead

2080 4712 2239 4752 suum
2263 4700 2561 4757 adventum
2595 4706 2737 4761 banc
2768 4722 2885 4765 rem
2915 4700 3157 4768 differa't.

2081 4810 2290 4870 Domno
2328 4814 2612 4875 ϐιιεοοιιιο
2650 4823 3009 4881 sanctissimo
3049 4843 3227 4899 papae,
3260 4829 3483 4889 Penus
3511 4849 3641 4907 pec-

2007 4913 2165 4957 catur
2193 4908 2496 4963 monat-hns
2524 4909 2895 4970 devotissimze
2927 4919 3218 4977 servitutis
3242 4923 3597 4999 obsequium.

290 4986 393 5052 nis;
416 4989 626 5045 nullam
663 4990 776 5061 jam
809 5002 1082 5050 monetam
1127 4995 1380 5055 falsarius
1412 5000 1603 5057 Simon
1634 5003 1687 5057 in
1714 5004 1902 5069 Eccle—

2082 4993 2619 5058 Noveritbeatitudo
2661 5019 2866 5072 vestra,
2924 5010 3176 5080 piissime
3209 4986 3455 5086 domine,
3506 5024 3638 5091 quia

290 5077 357 5131 sia
382 5078 617 5138 fabricet
648 5082 789 5152 (Act.
819 5083 971 5155 vni);
1017 5084 1071 5157 3
1114 5087 1259 5142 nulla
1290 5088 1442 5146 Giezi
1476 5091 1527 5163 (Ι
1545 5090 1585 5143 γ
1634 5092 1767 5165 Reg.
1814 5100 1891 5167 v),

290 5181 545 5237 praesente
596 5175 811 5242 providi
860 5178 1101 5234 doctoris
1156 5180 1425 5248 absentia,
1488 5184 1691 5242 furtiva
1750 5190 1893 5247 dona

291 5276 536 5334 reportet.
579 5265 707 5322 1am
735 5268 987 5325 columba
1017 5282 1329 5330 revertatur
1358 5276 1425 5331 ad
1468 5290 1674 5344 arcam,
1726 5290 1779 5337 ct
1811 5283 1890 5337 vi-

290 5360 521 5415 rentibus
553 5361 719 5416 oIiva:
755 5361 913 5427 foliis,
949 5381 1137 5436 pacein
1167 5372 1380 5428 nuntiet
1422 5373 1694 5429 redditam
1728 5379 1890 5435 terris

290 5447 430 5521 (Gen.
473 5454 623 5527 vui).
672 5455 985 5528 Beparetur
1032 5476 1180 5518 nunc
1227 5480 1452 5520 aureum
1512 5468 1887 5538 apostolorum

289 5543 551 5610 iaculum,
586 5555 660 5611 .et
710 5550 1033 5619 pmsidente
1065 5563 1245 5609 vestra
1277 5557 1587 5625 prudentia,
1622 5562 1887 5618 ecclesia--

290 5636 410 5693 stic:
457 5638 723 5697 refloreat
766 5641 1069 5714 disciplina.
1116 5644 1473 5719 chrimatnr
1531 5654 1763 5709 avaritia
1820 5656 1888 5712 ad

291 5729 608 5801 episcopaIes
688 5734 884 5791 infulas
944 5738 1358 5809 anhelantium;
1427 5756 1751 5802 evertautur
1796 5764 1885 5805 ca—

293 5816 481 5877 thedra:
562 5822 851 5881 columbas
940 5830 1285 5885 vendentium
1390 5836 1884 5896 nummulariorum

2008 5104 2111 5159 pro
2136 5094 2377 5160 peceatis
2420 5097 2626 5151 nostris
2648 5098 2835 5155 clerici
2874 5102 3025 5174 digni
3069 5107 3427 5182 episcopatus
3450 5114 3635 5172 cilicio

2004 5184 2058 5237 in
2093 5187 2296 5242 nostris
2342 5190 2594 5259 partibus
2644 5208 2753 5251 non
2803 5195 3183 5257 inveniuntur.
3219 5200 3427 5263 Omnes
3485 5210 3633 5265 enim

2003 5287 2260 5347 quaerunt
2303 5295 2425 5351 qua;
2473 5297 2571 5338 sua
2608 5295 2759 5351 sunt,
2811 5297 2865 5344 et
2910 5305 3019 5346 non
3068 5307 3192 5363 quae
3237 5294 3368 5354 Iesu
3419 5296 3657 5375 Christi,

2004 5366 2263 5443 (Philipp.
2296 5377 2380 5444 ιι).
2416 5375 2681 5435 Avaritia:
2705 5381 2907 5453 quippe
2933 5393 2989 5438 et
3042 5385 3297 5445 elationis
3330 5391 3459 5465 igne
3506 5410 3631 5449 suc-

2001 5466 2175 5531 censi,
2204 5469 2455 5527 ambiunt
2485 5472 2709 5543 quidem
2746 5477 2814 5531 ad
2861 5481 3237 5539 sacerdotium
3281 5489 3623 5557 promoveri,

1997 5558 2093 5613 sed
2130 5574 2239 5615 non
2275 5564 2499 5619 student
2528 5567 2675 5639 digni
2707 5572 3020 5629 sacerdotio
3062 5574 3204 5634 fieri.
3245 5576 3492 5637 Prteesse
3534 5583 3623 5639 iu-

1997 5652 2172 5719 hiant,
2206 5656 2467 5725 prodesse
2510 5676 2620 5715 non
2672 5672 2888 5720 curant.
2934 5665 3327 5727 Verumtamen
3360 5674 3461 5743 pro
3490 5689 3623 5744 qua-

1995 5746 2149 5803 litate
2178 5752 2531 5822 tempnris,et
2558 5759 2787 5825 penuria
2818 5775 3206 5833 personarum,
3237 5766 3455 5826 videtur
3481 5768 3620 5826 mihi

1994 5840 2085 5898 hic
2112 5844 2556 5917 archipresbyter
2577 5865 2741 5917 posse
2766 5855 2832 5910 ad
2858 5855 3213 5928 episcopatus
3236 5861 3449 5934 apicem
3490 5878 3619 5935 pro-
