5904 6594
1156 477 1286 531 Ilii

1151 589 1355 658 regina:
1384 588 1730 657 septingenta:
1756 592 1811 638 et
1841 580 2151 636 concubina:
2176 585 2430 631 trecenta:
2462 576 2477 641 (

1151 680 1251 741 ιι).
1298 697 1316 731 r
1370 678 1507 745 Quid
1552 686 1729 731 autem
1762 674 1891 729 mihi
1937 688 2058 726 cum
2114 658 2362 740 gynzeceo
2396 660 2739 717 Salomonis?

1151 766 1289 831 Sed,
1319 779 1544 820 excussa
1575 764 1724 832 palea
1756 764 2069 821 verborum,
2106 757 2377 811 invenitur
2413 755 2465 808 in
2504 749 2737 805 medulla

1150 858 1491 928 mysterium.
1521 856 1657 920 Quid
1690 854 1832 907 enim
1862 868 1956 921 per
1980 850 2368 917 septingentos,
2399 860 2517 913 qum
2546 855 2742 894 uxores

1148 945 1313 1001 simul
1342 954 1396 998 et
1421 946 1618 1011 regina:
1648 950 2036 1003 memorantur,
2080 939 2181 992 nisi
2218 937 2315 989 illa:
2371 932 2742 1001 intelliguntur

1151 1035 1371 1095 anima},
1413 1047 1532 1099 quae
1569 1040 1623 1085 et
1650 1030 1981 1099 septiformis
2023 1027 2223 1079 habent
2269 1023 2452 1094 gratiae
2481 1019 2739 1089 Spiritum

1150 1132 1209 1176 et
1232 1136 1396 1191 Super
1420 1122 1794 1175 reSultantiuur
1828 1120 2078 1171 vitiorum
2111 1126 2289 1169 motus
2312 1115 2464 1183 quasi
2509 1112 2740 1180 regalem

1149 1211 1403 1266 obtinent
1460 1209 1863 1280 principatum?
1917 1207 2054 1273 Quid
2108 1214 2287 1259 autem
2338 1220 2432 1272 per
2477 1212 2744 1257 trecentas

1150 1300 1481 1368 easdemque
1509 1299 1862 1359 concubinas,
1913 1296 2015 1350 nisi
2054 1296 2155 1349 illa:
2195 1294 2389 1347 animm
2420 1292 2741 1361 ﬁgurantur,

1150 1406 1274 1460 qua:
1302 1406 1397 1459 per
1426 1390 1591 1444 solam
1620 1387 1677 1443 S.
1710 1388 1992 1442 Trinitatis
2020 1387 2177 1440 fidem
2206 1386 2497 1440 thalamum
2524 1383 2741 1453 quidem

1151 1483 1299 1550 regis
1345 1480 1600 1550 ingressio
1648 1487 1808 1543 sunt,
1854 1479 1950 1532 sed
2007 1487 2169 1532 castae
2218 1474 2644 1531 conversationis
2693 1483 2747 1528 et

1152 1570 1558 1639 quodammodo
1603 1568 1920 1623 matronalis
1960 1568 2233 1637 pudicitia:
2275 1565 2592 1619 munditiam
2635 1578 2742 1617 non

1153 1661 1442 1725 habentes,
1493 1660 1697 1715 dotales
1745 1675 1975 1714 uxorum
2025 1659 2236 1711 tabulas
2282 1672 2386 1710 non
2428 1651 2745 1709 merentur?

1150 1750 1248 1806 Ha:
1275 1752 1529 1805 nimirum
1570 1760 1625 1805 et
1673 1750 1944 1805 Salomoni
1979 1764 2074 1819 per
2120 1749 2506 1802 conunercinm
2544 1747 2746 1817 juncta:

1151 1852 1300 1905 sunt,
1328 1843 1453 1911 quia
1483 1841 1781 1897 Salvatoris
1812 1842 1980 1895 nostri
2012 1842 2121 1893 veri
2156 1839 2363 1906 pacitici
2404 1847 2744 1892 sarrameuta

1151 1935 1481 2005 percipiunt,
1530 1942 1586 1987 et
1641 1944 1818 1985 tamen
1874 1946 1971 2000 per
2019 1932 2340 1998 degenerem
2390 1928 2746 1982 lenocinantis
2776 1934 2821 1992 Β
2852 1918 3108 1973 torridus.

1150 2026 1277 2079 vita:
1321 2034 1611 2092 torporem,
1654 2038 1752 2075 nec
1800 2022 2060 2075 habentes
2092 2021 2183 2073 uni
2214 2019 2329 2072 viro
2360 2018 2580 2088 pudoris
2608 2015 2741 2070 all“;-

1147 2125 1321 2178 ctum,
1376 2113 1443 2166 ad
1490 2111 1747 2183 nuptialis
1802 2109 2019 2163 fcederis
2060 2107 2366 2164 dotalitium
2410 2122 2515 2161 non
2559 2121 2742 2160 assur—

1146 2216 1303 2279 gout.
1338 2207 1628 2262 Enimvero
1661 2204 1761 2260 illa:
1789 2204 1984 2259 anima:
2013 2203 2202 2257 uxorio
2231 2218 2295 2256 ac
2328 2201 2495 2271 regali
2526 2200 2742 2255 nomine

1148 2298 1327 2367 digna:
1378 2305 1527 2359 sunt,
1578 2311 1697 2365 quae
1736 2296 1788 2349 in
1815 2294 1929 2350 solo
1961 2294 2196 2348 caelestis
2246 2294 2425 2363 sponsi
2472 2290 2743 2345 desiderio

1149 2388 1517 2457 requiescunt,
1544 2404 1661 2457 qua:
1693 2387 2139 2441 iufmderabiliter
2165 2396 2352 2441 contra
2382 2384 2738 2455 malignorum

1147 2477 1313 2549 212
1336 2480 1616 2548 spirituum
1645 2488 1975 2532 tentamenta
2002 2478 2317 2548 conﬂigunt.
2344 2475 2432 2531 Sic
2458 2477 2525 2530 de
2550 2477 2740 2530 eodem

1149 2570 1443 2626 Salomone
1485 2570 1763 2640 Scriptura
1829 2579 2097 2634 testatur,
2150 2571 2272 2639 quia
2329 2588 2346 2620 ‹
2412 2569 2741 2638 alienigenas

1148 2674 1366 2731 quoque
1436 2660 1751 2714 tributarios
1805 2660 1961 2723 fecit;
2026 2662 2092 2714 de
2156 2661 2278 2713 ﬁliis
2339 2669 2519 2713 autem
2579 2658 2742 2713 Israel

1146 2767 1257 2807 non
1313 2752 1596 2805 constituit
1650 2766 1741 2805 rex
1794 2752 1999 2805 servire
2044 2766 2404 2821 quemquam;
2448 2750 2540 2803 sed
2587 2756 2743 2801 erant

1148 2840 1253 2897 viri
1288 2838 1601 2899 bellatores.
1629 2849 1683 2892 et
1707 2840 1938 2892 ministri
1969 2839 2103 2906 eius,
2128 2850 2181 2893 et
2208 2840 2500 2907 principes,
2547 2845 2601 2889 et
2646 2838 2741 2888 titt-

1147 2944 1263 2993 ces,
1289 2940 1342 2984 et
1363 2928 1601 2998 przel'eeti
1631 2945 1887 2983 curruum
1915 2939 1967 2983 et
1995 2944 2253 2998 equorum
2287 2927 2403 2996 (Ill
2438 2926 2558 2995 Reg.
2589 2926 2687 2995 ιδ).
2719 2945 2736 2975 ι

1151 3022 1243 3075 ubi
1295 3031 1541 3089 patenter
1595 3021 1900 3075 ostenditur
1942 3036 2061 3089 qua:
2115 3021 2255 3074 inter
2304 3019 2633 3072 concubinas
2664 3018 2743 3070 di-

1152 3116 1351 3169 stantia
1404 3116 1472 3169 sit
1518 3124 1570 3169 et
1626 3115 1879 3185 reginas;
1926 3113 2053 3183 quid
2099 3112 2309 3165 differat
2355 3112 2494 3163 inier
2533 3125 2625 3164 eos
2650 3109 2740 3177 qui

1154 3204 1298 3259 servi
1333 3205 1539 3272 peccati
1573 3204 1719 3258 dura:
1750 3205 2051 3257 exactionis
2100 3202 2298 3255 tributa
2331 3198 2661 3268 persolvunt,
2690 3206 2743 3249 ct

2792 20 3033 28 ᾼ-ᾼ-ι
3114 20 3539 31 -ἐᾼ-ῌγῒέ-

2444 457 2511 513 1N
2557 454 2687 509 ιω.
2728 451 2795 506 111
2837 444 3096 502 REGUM.

2487 569 2580 624 ΙΙΙ
2607 566 2730 635 Reg.
2765 574 2809 629 Α
2842 559 3006 613 Iulum
3039 554 3228 609 farina:
3260 560 3427 621 atque
3466 548 3569 605 olei
3603 545 3745 617 quod
3775 544 3967 605 habeo,
4003 549 4061 595 ut
4092 538 4444 595 comedamus

4288 424 4430 482 «ΙΙ-23

2843 660 2898 706 et
2927 648 3220 702 moriamur
3250 641 3367 711 (Ill
3396 640 3522 711 Reg.
3551 640 3705 707 xvn).
3742 656 3761 688 ι
3795 636 3920 690 liae
3948 634 4142 687 mulier
4166 632 4273 687 duo
4300 630 4442 700 ligna

2844 740 3144 807 colligebat,
3180 735 3377 804 quibus
3408 740 3595 801 posset
3622 731 3836 799 inopem
3868 724 3971 780 sibi
4018 724 4201 778 cibum
4248 730 4305 777 et
4334 722 4447 778 filio

2844 832 3159 905 providere;
3194 825 3286 880 sed
3318 824 3478 892 hujus
3508 824 3679 876 vidua:
3716 806 3891 873 farina
3919 826 3972 871 et
4007 816 4185 869 oleum
4214 813 4280 867 ad
4317 828 4448 883 pro-

2845 904 3041 979 ventus
3090 918 3482 972 abundantiam
3517 911 3873 972 benedicitur,
3928 916 3989 960 ut
4020 905 4304 961 charitatis
4337 904 4450 957 fru-

2845 1024 2965 1069 ctus
2993 1024 3047 1066 et
3074 1007 3369 1065 hilaritatis
3406 1004 3515 1071 jam
3564 1013 3690 1057 tunc
3726 1001 3779 1055 in
3818 1004 4160 1053 sacramento
4190 992 4449 1049 Ecclesia:

2846 1102 3252 1158 commendetur
3280 1114 3293 1149 :
3331 1115 3349 1147 ς
3391 1094 3628 1147 llilurem
3655 1090 3801 1145 enim
3831 1088 4078 1141 datorem
4108 1084 4281 1153 diligit
4306 1083 4450 1138 Deus

2846 1195 2931 1267 (II
2961 1194 3081 1249 Cor.
3117 1191 3221 1261 tu).
3272 1209 3290 1243 ι
3331 1189 3500 1243 Vidua
3551 1187 3663 1239 haec
3705 1191 3891 1238 sancta
3931 1188 4050 1235 erat
4086 1176 4351 1240 Ecciesia,
4382 1175 4448 1230 de

2845 1301 2953 1355 qua
2985 1284 3223 1339 dicitur:
3265 1300 3282 1331 ι
3321 1278 3550 1333 Videant
3589 1274 3704 1343 ejus
3754 1270 4079 1328 benedicens
4120 1267 4441 1323 henedicam

2848 1374 3021 1445 (Psal.
3051 1374 3257 1442 eam).
3298 1390 3316 1422 ι
3353 1369 3451 1424 Cui
3481 1367 3675 1421 licebat
3701 1365 4008 1432 cuicunque
4034 1360 4196 1414 vellet
4228 1371 4441 1414 mnt'ltto

2845 1466 2965 1519 viro
3007 1462 3280 1532 conjungi,
3328 1458 3480 1530 quia,
3530 1455 3811 1512 desinente
3854 1453 3993 1523 lege,
4049 1465 4174 1505 mox
4204 1447 4444 1514 Christo,

2847 1557 2939 1625 qui
2970 1554 3091 1609 ﬁnis
3120 1555 3252 1624 legis
3282 1559 3389 1614 est,
3420 1550 3487 1603 ad
3508 1545 3777 1615 justitiam
3814 1542 3960 1597 omni
3991 1538 4235 1595 credenti
4270 1536 4444 1605 (Rom.

2850 1645 2928 1715 ι),
2962 1645 3161 1699 meruit
3200 1641 3441 1696 Ecclesia
3490 1636 3751 1707 c0pulari.
3786 1632 3879 1687 llla
3918 1633 4101 1686 cibum
4134 1628 4446 1692 anhelabat,

2848 1736 2940 1804 qui
2966 1733 3171 1788 duobus
3202 1740 3348 1786 esset
3380 1727 3540 1799 lignis
3570 1735 3851 1787 exeoctus,
3890 1731 3946 1776 et
3982 1727 4171 1776 sancta
4204 1716 4447 1771 Ecclesia

2849 1838 3043 1896 panem
3070 1824 3136 1879 de
3158 1822 3299 1879 cwlo
3320 1820 3591 1875 viventeur
3623 1815 3815 1879 esurit,
3842 1812 3934 1884 qui
3956 1812 4011 1865 in
4033 1826 4129 1863 ara
4159 1806 4339 1865 crucis
4366 1816 4450 1859 est

3462 1998 3690 2056 CAPUT
3733 1997 3822 2052 XI.

3115 2097 3184 2152 In
3210 2110 3445 2151 sermone
3472 2094 3536 2146 de
3560 2091 3856 2144 inventione
3882 2085 3943 2141 S.
3980 2083 4178 2138 crucis.

2919 2209 2939 2243 ‹
2977 2190 3117 2245 Ecce
3164 2184 3429 2242 nubecula
3479 2197 3645 2252 parva
3685 2178 3837 2248 quasi
3886 2174 4177 2244 vestigium
4208 2169 4448 2226 hominis

2844 2280 3172 2337 ascendebat
3218 2279 3282 2333 de
3330 2275 3462 2329 nrari
3517 2272 3636 2343 (111
3684 2270 3808 2341 Reg.
3862 2270 4039 2335 xvnr).
4081 2286 4099 2319 ι
4135 2263 4270 2332 Quia
4299 2263 4445 2317 enint

2844 2391 2950 2429 non
2991 2372 3147 2442 quasi
3191 2372 3375 2432 homo,
3412 2369 3505 2421 sed
3540 2366 3693 2436 quasi
3727 2362 4013 2431 \‘CSligiuttt
4045 2357 4284 2413 hominis
4314 2355 4449 2411 dici-

2846 2476 2956 2527 tur,
2984 2472 3130 2518 recte
3152 2476 3247 2532 per
3276 2462 3379 2514 hoc
3416 2472 3570 2519 crux,
3606 2469 3727 2524 qua:
3769 2450 4028 2506 membris
4066 2456 4152 2501 est
4180 2455 4305 2517 apta
4341 2445 4448 2499 Do-

2844 2554 3085 2620 minicis,
3112 2551 3447 2619 designatur.
3476 2546 3539 2600 Et
3567 2546 3705 2599 bene
3738 2557 3873 2597 crux
3900 2538 4185 2606 vestigium
4211 2535 4448 2592 hominis

2845 2650 3064 2711 dicitur,
3103 2644 3226 2714 quia
3270 2657 3366 2710 per
3405 2656 3522 2692 eam
3576 2637 3716 2690 Deus
3760 2636 3924 2688 homo
3971 2630 4259 2684 transitum
4295 2627 4445 2690 fecit,

2845 2755 2966 2795 cum
2999 2740 3064 2791 ad
3094 2736 3311 2789 Patrem
3359 2730 3533 2785 reliit.
3582 2726 3736 2784 Sicut
3785 2738 3879 2794 per
3907 2722 4169 2775 Joannem
4204 2718 4443 2772 dicitur:

2852 2856 2868 2888 t
2905 2835 3098 2890 Sciens
3131 2833 3289 2886 Jesus
3326 2828 3450 2898 quia
3485 2825 3631 2879 venit
3668 2820 3783 2889 cjus
3818 2820 3949 2873 hora
4005 2826 4063 2869 ut
4106 2819 4349 2867 transeat
4379 2823 4444 2865 cs

2847 2928 2949 2981 boc
2977 2926 3177 2979 mundo
3202 2923 3267 2975 ad
3296 2920 3511 2973 Patrem
3544 2915 3728 2985 (.Ioan.
3764 2912 3903 2979 1m).
3940 2929 3955 2957 ι
3990 2906 4198 2960 Pascha
4222 2903 4443 2971 quidem

2846 3020 3099 3071 transitus
3129 3013 3345 3068 dicitur.
3383 3010 3446 3061 Et
3483 3008 3572 3060 hic
3601 3003 3863 3058 transitus
3892 3012 3988 3067 per
4019 3009 4235 3050 crucem
4270 2991 4446 3045 {actus

2846 3121 2949 3175 est,
2978 3109 3118 3161 sicut
3149 3106 3281 3159 dicit
3310 3098 3599 3171 Apostolus
3626 3114 3637 3148 :
3676 3113 3691 3145 r
3730 3091 3940 3147 Pascha
3972 3097 4215 3143 nostrum
4251 3084 4447 3137 inuno-

2848 3168 2988 3252 lzrtus
3016 3208 3097 3251 est
3138 3168 3388 3249 Chrisms
3421 3187 3469 3258 (1
3509 3187 3629 3241 Cor.
3673 3184 3750 3253 v).
3790 3200 3805 3233 r
3844 3178 3997 3233 Sicut
4037 3189 4167 3244 ergo
4196 3187 4293 3242 per
4322 3168 4447 3224 Vir-

1156 3308 1254 3348 eos
1284 3294 1373 3363 qui
1402 3309 1496 3362 per
1527 3295 1711 3348 sedata
1762 3293 1897 3347 bella
1948 3294 2303 3348 certaminum
2346 3290 2742 3360 principatuunr
2773 3275 2816 3334 Ο
2848 3292 3029 3362 ginem
3067 3285 3344 3341 descendit
3381 3282 3446 3333 ad
3495 3288 3705 3339 nostra,
3740 3275 3817 3327 sic
3848 3286 3944 3340 per
3990 3280 4207 3322 erucem
4236 3273 4322 3317 est
4364 3277 4449 3315 re-

1153 3383 1355 3441 infulas
1386 3387 1708 3441 sortiuntur.

1781 3476 2007 3531 CAPUT
2046 3474 2111 3528 Χ.

1427 3566 1492 3619 1η
1522 3582 1759 3620 sermone
1784 3567 1845 3619 de
1880 3566 2169 3619 inventione
2203 3561 2258 3616 S.
2288 3563 2477 3616 crucis.

1235 3676 1253 3708 ι
1288 3656 1376 3708 Ait
1423 3655 1721 3725 Sareptana
1775 3658 1966 3711 mulier
1998 3658 2063 3711 ad
2101 3656 2289 3718 Eliarn,
2341 3654 2406 3707 ad
2456 3668 2615 3722 quam
2662 3650 2749 3704 ille

1158 3746 1464 3818 pascendns
1494 3746 1671 3801 fuerat
1718 3749 1914 3801 missus
1962 3765 1988 3801 a
2023 3748 2248 3803 Domino
2276 3765 2287 3799 :
2318 3745 2391 3799 Eu
2423 3744 2617 3812 colligo
2642 3744 2748 3795 duo

1161 3836 1330 3909 ligna,
1365 3850 1421 3891 ut
1453 3839 1724 3909 ingrediar
1756 3850 1808 3893 et
1856 3840 2049 3893 faciam
2082 3840 2211 3892 mihi
2240 3849 2294 3891 et
2326 3838 2435 3890 lilio
2464 3852 2584 3889 meo
2620 3851 2752 3903 pau-

2844 3354 3036 3435 versus
3098 3378 3163 3432 ad
3222 3373 3460 3445 propria.
3534 3367 3687 3435 Quod
3760 3368 4119 3430 congruenter
4175 3354 4451 3422 expressit

2849 3474 2977 3529 illud
3021 3473 3218 3525 factum
3265 3468 3365 3521 sub
3394 3464 3572 3519 Eliseo
3598 3455 3938 3513 miraculum.
3972 3450 4107 3505 Nam
4144 3462 4267 3502 cum
4293 3446 4449 3515 juxta

2847 3562 3135 3616 Jordauern
3166 3559 3307 3627 ligna
3341 3554 3698 3615 crederentur,
3747 3552 3967 3615 repente
4016 3538 4228 3595 securis
4266 3534 4449 3627 cujus:-

2848 3653 2972 3707 darn
3025 3619 3311 3703 materiam
3360 3638 3695 3699 succidentis
3748 3638 3801 3690 in
3851 3646 4047 3703 aquam
4104 3624 4302 3682 cecidit
4338 3619 4445 3694 (IV

2852 3743 2980 3812 Reg.
3010 3740 3106 3811 vr).

2200 3968 2505 4038 Expliciunt
2538 3964 2834 4020 testimonia
2866 3963 2987 4016 libri
3015 3960 3156 4014 tertii
3185 3958 3407 4028 Regum.

1808 4111 1969 4183 213
2000 4106 2164 4181 215
2200 4102 2536 4162 mormur:
2597 4099 2943 4157 CAPITULA
2999 4095 3183 4152 unm
3226 4089 3489 4161 QUARTI
3528 4072 3796 4143 necum.

1256 4243 1411 4309 Quod
1446 4243 1651 4297 Eliseus
1681 4259 1845 4311 aquas
1876 4243 2084 4295 Jericlro
2109 4241 2235 4295 salis
2263 4239 2574 4311 admistione
2594 4236 2829 4311 sanauit.

1158 4312 1220 4369 2.
1260 4287 1338 4367 ’ὗε
1359 4330 1418 4368 eo
1449 4314 1587 4375 quod
1616 4287 1787 4365 Elis-1w
1829 4287 2130 4366 narendenti
2152 4313 2219 4364 ad
2250 4287 2927 4375 Betlielnp'ue'ri'madebant
2982 4306 3207 4375 dicentes
3237 4318 3254 4354 :
3288 4300 3541 4375 Ascende,
3573 4295 3741 4375 calee,
3767 4290 4012 4375 ascende,
4042 4287 4207 4375 calve.

1160 4382 1219 4438 3.
1264 4358 1512 4445 Obsecro,
1544 4384 1705 4450 :nqnit
1734 4379 1979 4433 Nannmn
2008 4380 2437 4443 Eltseo,concede
2456 4358 2587 4431 rmilii
2619 4394 2765 4431 servo
2791 4358 2901 4440 tuo,
2932 4387 2985 4428 ut
3016 4374 3197 4429 tollant
3229 4389 3358 4450 onus
3395 4358 3619 4450 duorum
3660 4363 3953 4450 burdonunt
3978 4358 4229 4450 defertu.

1158 4451 1218 4522 4.
1265 4451 1338 4522 ρο
1362 4470 1420 4506 eo
1454 4430 1591 4522 quod
1611 4430 1741 4504 itum
1770 4451 1972 4505 Eliseus
2008 4430 2204 4519 [ignaui
2247 4456 2299 4501 in
2329 4466 2519 4518 aqtmm
2548 4430 2793 4522 misisset,
2825 4430 3041 4506 securis,
3066 4459 3181 4513 qua:
3207 4442 3485 4520 ceciderat,
3511 4437 3578 4490 ad
3614 4432 3947 4522 mnnubrimt
3984 4430 4206 4522 reditur

1160 4520 1219 4576 ὅ.
1251 4520 1331 4575 De
1369 4539 1428 4577 eo
1455 4497 1612 4593 ’quod
1656 4523 1907 4593 Ezechias
1941 4497 2115 4575 deceJm
2144 4521 2292 4574 lineis
2335 4497 2945 4588 pitr'gritduswlior'ologii
2994 4497 3231 4567 uin'brttnt
3282 4497 3482 4565 reverti-
3516 4505 3821 4578 postulavit,
3856 4511 3907 4554 ut
3953 4509 4083 4553 esset
4108 4497 4207 4551 sibi
4236 4507 4439 4566 signum

1334 4591 1700 4662 recuperanda:
1724 4591 1927 4645 salutis.

2500 4657 2806 4727 Expliciunt
2847 4653 3100 4725 capitula.

1359 4860 1995 4949 INCIPIUNT
2053 4853 2803 4947 TESTIMONIA
2860 4850 3191 4939 LIBRI
3270 4838 3719 4956 QUARTI
3801 4838 4252 4931 REGUM.

1632 5092 1633 5095 η
1660 5026 1887 5083 CAPUT
1954 5027 2163 5081 PRIML’
2177 5027 2241 5079 Μ.

1386 5117 1451 5171 1η
1489 5134 1723 5172 sermone
1767 5116 1831 5170 de
1872 5118 2188 5169 exultatione
2234 5116 2291 5169 S.
2324 5115 2530 5169 Crucis.

1311 5206 1445 5263 Cum
1471 5207 1571 5261 viri
1619 5206 1837 5260 Jericho
1882 5205 2060 5259 Eliseo
2110 5214 2573 5273 conquererentur
2604 5203 2746 5273 quod

1164 5314 1319 5368 aqua:
1334 5304 1515 5352 essent
1530 5297 1866 5365 pessimaz,et
1882 5304 2022 5349 terra
2049 5294 2248 5348 sterilis
2270 5335 2281 5345 .
2306 5293 2529 5359 Alierte,
2548 5293 2743 5363 inquit,

1166 5389 1295 5443 mihi
1322 5403 1415 5441 vas
1445 5402 1663 5450 novum,
1694 5396 1748 5439 et
1777 5386 1973 5441 mittite
2003 5386 2055 5439 in
2088 5384 2213 5438 illud
2236 5384 2554 5450 sal;deinde
2576 5399 2744 5452 aqua-

1168 5496 1286 5536 rum
1318 5480 1453 5534 fonti
1484 5479 1560 5533 sal
1594 5480 1721 5533 illud
1761 5479 2023 5531 immersit
2066 5479 2250 5545 sicque
2296 5492 2465 5545 aquas
2497 5476 2563 5529 ab
2600 5476 2748 5529 omni

1169 5579 1343 5624 morte
1388 5579 1443 5623 et
1492 5569 1777 5624 sterilitate
1831 5568 2042 5622 sanavit
2092 5566 2196 5637 (IV
2233 5567 2360 5637 Reg.
2422 5566 2505 5638 tr).
2548 5586 2565 5618 ι
2600 5566 2753 5633 Quod

1172 5659 1449 5721 nimirum,
1474 5669 1533 5711 ut
1565 5667 1731 5713 totum
1767 5657 1918 5711 brevi
1945 5672 2193 5711 sermone
2228 5655 2544 5708 coacludam
2568 5696 2581 5720 ,
2622 5656 2753 5709 nihil

1174 5747 1318 5800 aliud
1362 5747 1622 5810 insinuat,
1659 5748 1757 5801 nisi
1783 5748 1923 5816 quod
1959 5748 2190 5801 Verbum
2223 5761 2351 5800 caro
2392 5746 2545 5800 tieret
2577 5755 2629 5799 et
2656 5748 2754 5799 ba-

1172 5840 1373 5895 bitarct
1423 5840 1475 5894 in
1516 5841 1668 5897 nobis
1714 5841 1890 5911 (Joan.
1940 5842 2000 5910 ι).
2060 5840 2197 5908 Quid
2244 5838 2387 5893 cnim
2443 5852 2600 5909 aqnze
2654 5840 2757 5894 nisi

2771 5026 2824 5084 D
2852 5020 3106 5075 mundani
3152 5027 3275 5071 sunt
3308 5014 3525 5087 populi?
3550 5013 3679 5083 quid
3716 5026 3815 5066 vas
3852 5023 4053 5065 novum
4102 5005 4205 5061 nisi
4245 5015 4442 5072 corpus

2858 5112 3222 5178 Dominicum,
3257 5110 3401 5163 nulla
3452 5108 3660 5161 scilicet
3723 5099 4189 5175 prazvaricationis
4242 5096 4442 5165 iniqua:

2854 5201 2979 5257 labe
3008 5202 3306 5271 nigratum,
3346 5198 3491 5253 nulla
3530 5196 3733 5252 veteris
3776 5191 4013 5248 hominis
4057 5188 4317 5242 abusione
4346 5187 4442 5240 de-

2855 5295 3084 5351 tritum?
3111 5292 3249 5361 Quid
3302 5307 3465 5361 porro
3491 5290 3589 5355 sal,
3621 5289 3726 5344 nisi
3764 5286 4004 5343 cmlestis
4030 5290 4113 5337 est
4143 5274 4446 5349 sapientia?

2857 5387 3134 5458 Sapientia
3171 5386 3334 5455 igitur
3364 5383 3542 5437 Patris
3586 5382 3639 5436 in
3669 5393 3871 5448 corpus
3915 5372 4197 5431 descendit
4253 5370 4449 5426 buma-

2857 5494 3007 5542 num,
3044 5487 3098 5531 et
3138 5478 3215 5530 sic
3266 5476 3332 5529 ad
3388 5474 3727 5528 fertilitatem
3760 5481 3815 5525 et
3846 5467 4028 5521 vitalis
4078 5461 4226 5518 intell
4252 5460 4449 5530 gentia:

2857 5569 3193 5625 dulcedinem
3216 5568 3461 5621 omnium
3493 5563 3757 5621 convertit
3782 5560 4022 5615 ﬁdelium
4054 5565 4285 5612 mentes.
4318 5552 4449 5619 Quas

2853 5662 3111 5715 nimirum
3162 5660 3392 5714 dulcedo
3423 5658 3607 5712 taudiu
3644 5656 3797 5709 latuit
3828 5666 4000 5721 usque
4031 5651 4159 5705 dum
4184 5646 4264 5702 sal
4305 5661 4451 5701 mer-

2856 5761 3074 5821 geretur
3116 5752 3167 5805 in
3215 5766 3437 5819 aquam,
3472 5749 3523 5802 id
3565 5757 3669 5810 est,
3697 5761 3869 5816 usque
3898 5744 4024 5798 dum
4058 5742 4148 5797 ille
4188 5740 4451 5811 penderet

2858 5842 2908 5895 in
2952 5855 3134 5906 cruce,
3164 5842 3256 5911 qui
3306 5840 3437 5898 dicit
3469 5857 3484 5895 :
3518 5859 3538 5894 ι
3579 5837 3799 5896 Salvum
3844 5852 3928 5892 me
3978 5834 4085 5899 fac,
4117 5836 4284 5900 Deus,
4317 5846 4453 5903 quo-
