2952 3300
9 0 882 116 .-

1222 271 1293 300 “Ti
1667 269 1916 299 COLLECTANBA
1946 270 1981 299 ΙΝ
2002 269 2117 300 νει-υς
2138 270 2410 300 τΕΞΤΑΜΕΝΤωΙ.
2786 273 2854 302 “Si

1219 329 1294 357 niam
1318 327 1486 355 intraverunt
1503 333 1579 361 aqum.
1601 333 1687 361 usque
1715 325 1748 353 ad
1779 325 1898 353 animam
1923 333 2012 353 meam
2029 330 2051 358 Α
2067 326 2225 362 mysterium
2237 327 2281 354 illa
2296 327 2514 363 repromissionis
2529 331 2611 360 terra,
2626 334 2686 362 qua
2702 327 2743 355 iac
2764 333 2791 356 et
2806 329 2858 356 mel

1220 374 1309 410 (ρωι.
1324 373 1430 407 nun).
1452 382 1462 399 ι
1479 373 1517 400 Ex
1531 378 1595 400 tunc
1608 373 1681 400 enim
1695 371 1778 400 homo
1792 372 1888 400 didicit
1899 372 1964 407 quid
1974 372 2019 400 de-

1219 419 1298 450 heret
1315 423 1459 455 appetere,
1474 418 1539 453 quid
1564 419 1661 445 vitare.

1540 464 1655 492 CAPUT
1666 464 1698 492 ll.

1415 508 1448 536 In
1463 517 1582 536 sermone
1597 509 1629 536 de
1642 508 1672 537 S.
1685 508 1825 537 Cassiano.

1253 555 1321 585 Cum
1341 554 1447 583 Eliseus
1470 554 1631 582 ascenderet
1648 554 1719 582 viam
1734 562 1795 589 qua:
1820 554 1896 582 ducit
1912 553 2016 586 Bethel,

1213 601 1296 637 pueri
1320 599 1426 635 parvuli
1452 599 1555 634 egressi
1579 599 1613 626 de
1636 599 1747 627 civitate
1760 598 1908 626 illudebant
1927 599 1962 631 ei,
1977 598 2019 626 di-

1217 650 1313 674 centes
1329 653 1336 672 :
1360 655 1369 671 ι
1385 645 1519 677 Ascende,
1535 644 1623 676 calve,
1637 645 1763 676 ascende,
1780 644 1865 672 calve.
1881 644 1932 678 Qui
1955 651 2017 672 cum

1218 691 1395 727 respexisset,
1408 690 1476 718 vidit
1496 697 1552 722 eos,
1565 694 1594 717 et
1620 689 1763 718 maledixit
1792 690 1832 718 eis
1859 690 1885 717 in
1907 690 2018 718 nomine

1217 737 1336 766 Domini.
1362 746 1372 763 ι
1400 735 1516 770 Moxque
1544 734 1686 770 Scriptura
1719 734 1888 771 subiunxit:
1915 746 1924 763 ι
1947 736 2017 769 Quia

1217 781 1323 818 egressi
1337 784 1403 809 sunt
1414 779 1468 807 duo
1481 779 1538 808 ursi
1552 778 1587 807 de
1602 779 1673 807 saltu
1686 785 1717 809 et
1729 780 1919 809 laceravemnt
1932 788 1965 809 es
1976 781 2017 809 eis

1216 826 1399 864 quadraginta
1414 826 1483 854 duos
1496 832 1596 861 pueros
1620 825 1672 862 (ιν
1689 826 1753 862 ﬂag.
1772 830 1814 863 ιι).
1834 837 1844 853 ι
1860 826 1932 856 Sane
1950 827 2016 863 quid

1215 880 1268 910 per
1282 873 1415 905 Eliseum.
1431 871 1484 900 nisi
1505 871 1638 900 ledlator
1654 871 1702 900 Dei
1721 877 1749 900 et
1771 873 1911 901 hominum
1935 873 2017 901 debet

1213 918 1356 954 intemgi?
1374 918 1445 952 Quid
1464 924 1530 946 vero
1543 925 1592 953 per
1611 917 1720 951 liethel.
1734 925 1794 953 qua:
1806 918 1900 947 donius
1914 918 1964 946 Dei
1978 918 2016 947 in-

1217 969 1402 1001 terpretatur,
1427 964 1480 993 nisi
1508 964 1649 994 beatitudo
1682 964 1803 992 emit-stis
1834 965 2016 1000 exprimitur?

2071 372 2155 400 ﬂuere
2167 373 2275 400 dicitur.
2289 374 2346 401 Lac
2360 374 2431 401 enitn
2444 373 2525 409 215
2536 373 2568 401 de
2586 380 2668 401 carne
2682 373 2749 407 ﬂuit,
2764 374 2816 402 mel
2827 376 2859 403 de

2071 418 2257 452 superioribus
2272 420 2355 446 venit.
2367 419 2435 452 Quia
2453 420 2535 454 igitur
2549 419 2574 446 in
2589 426 2642 446 uno
2654 419 2799 447 Mediamre
2813 420 2858 448 Del

2070 469 2098 490 et
2125 463 2264 491 hominum
2285 469 2312 491 et
2336 464 2513 492 humanitatis
2535 465 2576 493 lac
2596 469 2624 492 ct
2641 465 2693 492 mel
2715 465 2860 495 divinitatis

2070 511 2159 539 inesse
2188 512 2380 547 cognoscitur,
2406 516 2481 540 recte
2507 519 2556 547 per
2580 516 2681 540 terram
2700 511 2741 540 iac
2765 518 2793 541 et
2807 515 2860 542 mel

2069 562 2241 584 emanantem
2259 558 2454 586 incarnationis
2467 558 2525 594 ejus
2539 559 2698 595 mysterium
2720 560 2858 595 ﬁguntur.

2069 598 2146 636 Quod
2163 608 2253 631 autem
2275 612 2309 631 ex
2334 604 2385 631 hac
2400 608 2473 632 terra
2488 611 2556 632 onus
2577 604 2691 633 duorum
2710 606 2859 634 burdonum

2069 649 2154 683 petit,
2169 650 2232 684 quid
2249 649 2321 677 aliud
2343 657 2424 685 quam
2442 650 2557 678 duorum
2579 650 2860 685 Apostolorum,Petri

2069 692 2173 721 scilicet
2187 699 2214 721 et
2230 694 2315 726 Pauli,
2331 694 2492 723 documenta
2508 695 2648 730 deposcit?
2659 694 2739 724 Unde
2753 701 2780 724 et
2790 703 2860 724 unus

2068 746 2162 767 eorum
2178 739 2244 766 dicit
2259 748 2265 766 :
2282 749 2291 765 ι
2310 739 2360 774 Qui
2376 745 2504 775 operatus
2524 745 2567 768 est
2587 740 2667 768 Petro
2684 741 2710 768 in
2729 741 2861 776 apostola-

2069 789 2124 812 tum
2153 785 2391 818 circumcisionis,
2412 790 2544 820 operatus
2574 790 2616 813 est
2646 791 2673 813 et
2700 785 2767 813 mihi
2791 785 2861 813 inter

2067 836 2160 867 gentes
2174 831 2246 866 (Gal.
2262 831 2303 867 ιι).
2325 841 2334 857 ι
2351 831 2385 859 Ει
2398 832 2461 866 quia
2481 839 2535 859 non
2551 831 2632 859 modo
2652 831 2796 866 apostolos,
2812 832 2860 860 sed

2067 885 2163 906 omnes
2169 878 2361 913 praedicatores
2380 878 2520 906 scientiam
2529 882 2556 905 et
2565 878 2750 914 operationem
2761 878 2860 906 habere

2068 932 2181 953 necesse
2191 929 2243 957 est,
2257 924 2326 952 duos
2337 925 2365 952 in
2378 924 2532 957 castellum,
2547 924 2620 960 quod
2633 928 2727 952 contra
2746 931 2776 952 se
2788 929 2858 956 erat,

2069 969 2199 997 Dotnlnus
2213 969 2361 1006 discipulos
2376 970 2467 1003 misit;
2483 977 2576 1005 atque,
2590 970 2661 998 sicut
2674 969 2760 997 Lucas
2773 973 2858 997 testa-

1215 1009 1270 1039 Per
1283 1010 1354 1038 viam
1369 1016 1434 1045 ergo
1447 1016 1508 1044 qute
1521 1008 1597 1036 ducit
1612 1008 1716 1041 Botltcl,
1737 1008 1903 1044 Redemptor
1919 1014 2014 1038 noster
2031 1017 2051 1047 Β
2067 1018 2121 1046 tur,
2134 1014 2161 1042 in
2172 1021 2282 1042 omnem
2293 1014 2381 1042 civitai

1693 1008 1716 1041 Α,
1737 1008 1903 1044 ﬂcdetnptor
1919 1014 2014 1038 noster
2031 1017 2051 1047 Β
2067 1018 2121 1046 tur,
2134 1014 2161 1042 in
2172 1021 2282 1042 omnem
2293 1014 2433 1042 civitatem
2447 1019 2476 1042 ct
2488 1014 2578 1043 locum
2591 1021 2647 1050 quo
2660 1019 2719 1042 erat
2731 1014 2788 1049 ipse
2795 1021 2859 1041 ven-

1217 1054 1396 1086 aseendebat,
1411 1054 1520 1088 quando
1537 1052 1657 1089 passioni
1674 1054 1926 1089 appropinquabat;
1944 1054 2015 1082 sicut

1213 1100 1273 1137 iam
1286 1101 1313 1129 in
1324 1100 1383 1136 ipsa
1397 1105 1572 1129 sacrosancta
1586 1106 1614 1129 et
1629 1102 1743 1136 mystica
1758 1109 1838 1129 uena
1852 1101 1918 1129 dicit
1934 1101 2015 1129 disci-

1213 1147 1288 1183 pulis
1303 1156 1310 1174 :
1329 1157 1338 1173 ι
1358 1147 1434 1175 Vade
1448 1147 1483 1174 ad
1506 1154 1569 1174 eum
1585 1147 1631 1181 qui
1655 1147 1729 1174 misit
1752 1154 1795 1174 mc
1811 1146 1902 1182 (Joon.
1917 1148 1982 1181 ut).
2003 1156 2012 1172 ι
2028 1181 2030 1183 ἱ

1216 1191 1271 1223 Sed
1283 1193 1347 1221 dum
1369 1193 1492 1221 ascendit
1507 1192 1611 1226 Dothel,
1625 1193 1650 1220 id
1664 1198 1715 1226 est,
1732 1193 1794 1221 dum
1812 1201 1862 1228 per
1876 1193 2014 1221 sanctissi-

1214 1245 1267 1267 ma:
1289 1238 1423 1273 passionis
1447 1246 1503 1265 sua:
1527 1238 1687 1273 mysterium
1713 1238 1802 1265 redire
1826 1238 1965 1265 contendit
1981 1239 2013 1266 ad

1214 1284 1337 1317 Patrem,
1354 1285 1430 1320 pueri
1447 1284 1521 1320 parvi
1535 1285 1639 1320 egressi
1655 1285 1687 1312 de
1702 1285 1812 1312 civitate
1838 1284 1953 1312 illudunt
1976 1285 2012 1316 ci.

1215 1332 1339 1361 dicentes
1358 1340 1363 1357 :
1387 1340 1395 1356 t
1414 1332 1548 1361 Ascendc.
1562 1330 1649 1362 calve,
1665 1332 1797 1363 ascende,
1813 1330 1899 1363 calve,
1923 1340 1932 1357 ι
1948 1332 2013 1365 quia

1214 1377 1301 1407 Judmi
1325 1378 1398 1405 omni
1419 1377 1561 1413 gravitatis
1579 1382 1607 1404 et
1630 1377 1770 1411 sapientiae
1791 1377 1911 1412 pondere
1925 1379 2013 1410 vacui,

1215 1424 1316 1461 illaque
1341 1426 1457 1460 pueritia
1481 1424 1595 1460 parvuli,
1611 1423 1646 1452 de
1668 1431 1720 1458 quu
1736 1423 1855 1450 dicitur:
1871 1432 1880 1450 ι
1904 1423 2014 1451 Maledi-

1215 1476 1278 1500 ctus
1307 1478 1374 1507 puer
1394 1475 1503 1498 centum
1530 1477 1664 1498 annorum
1692 1468 1760 1505 (ha.
1785 1469 1859 1504 ιη),
1877 1478 1886 1495 ι
1903 1477 1963 1496 eum
1980 1469 2012 1496 ad

1217 1517 1319 1549 locum,
1335 1516 1381 1551 qui
1397 1516 1498 1543 dicitur
1512 1514 1658 1546 Calvariaz,
1671 1513 1842 1549 pertrahunt,
1862 1518 1942 1549 atque
1964 1514 2013 1540 ad-

1214 1568 1311 1589 versus
1339 1568 1400 1588 eum
1425 1561 1555 1595 viperinis
1577 1560 1736 1587 irrisionum
1760 1564 1787 1587 ct
1805 1560 2014 1594 opprobriorum

1213 1606 1294 1634 furiis
1307 1606 1491 1633 inardescunt.
1508 1605 1641 1633 Calvaria:
1651 1610 1741 1632 autem
1759 1605 1833 1632 locus
1848 1604 1890 1631 illc
1905 1605 2013 1632 dit-eba-

1212 1656 1258 1679 tur
1272 1659 1286 1677 a
1303 1651 1419 1678 calvitiis
1440 1650 1599 1685 amputatis,
1611 1650 1673 1684 quia
1689 1650 1743 1676 illic
1755 1649 1907 1677 damnatitii
1921 1650 2012 1676 «ιω-ιι-

1212 1698 1263 1726 lari
1274 1701 1482 1725 consueverant.
1492 1696 1525 1724 Et
1537 1697 1683 1725 notandum
1699 1696 1762 1731 quia
1775 1696 1850 1731 pueri
1863 1696 1963 1731 egressi
1978 1696 2011 1722 de
2025 1694 2047 1725 C

1213 1744 1325 1772 civitate
1349 1744 1488 1776 dicuntur,
1514 1740 1656 1778 quoniam,
1680 1743 1751 1770 sicut
1779 1743 1924 1778 Apostolus
1947 1743 2007 1769 ait:

1216 1799 1225 1816 ι
1251 1789 1287 1817 Ut
1305 1789 1490 1816 satictiﬂcaret
1508 1795 1555 1823 per
1580 1795 1659 1816 suum
1684 1788 1844 1821 sanguinem
1868 1788 2009 1823 populum,

1212 1841 1290 1864 extra
1316 1839 1424 1871 portant
1449 1842 1546 1870 passus
1568 1839 1611 1862 est
1637 1834 1767 1861 Dominus
1796 1833 1890 1868 (Hebr.
1907 1834 1978 1867 xm).
1998 1842 2006 1858 ι

1210 1881 1298 1910 Porro
1311 1882 1383 1915 quod
1403 1880 1548 1913 sequitur:
1567 1889 1577 1906 ι
1601 1879 1734 1912 Quoniam
1753 1879 1855 1915 egressi
1880 1884 1944 1906 sunt
1957 1879 2010 1907 duo

1211 1927 1267 1956 ursi
1289 1926 1322 1953 de
1336 1926 1405 1953 saltu
1424 1930 1451 1953 et
1474 1925 1691 1953 dilaceraverunt
1711 1931 1745 1952 ex
1765 1926 1805 1952 eis
1830 1925 2008 1960 quadraginta

1211 1972 1279 2001 diIOS
1299 1979 1411 2006 pueros,
1436 1980 1445 1995 Ι
1462 1978 1512 2005 per
1535 1977 1677 1997 numerum
1698 1976 1855 2004 puerorum,
1878 1977 2008 1998 numerus

1210 2017 1334 2052 signatur
1356 2023 1506 2048 annorum;
1531 2015 1741 2050 quadragesimo
1770 2014 1889 2042 secundo
1909 2015 2009 2049 quippe

1210 2069 1283 2091 anno
1300 2068 1360 2097 post
1376 2062 1482 2089 Domini
1496 2061 1661 2097 passionem,
1671 2061 1743 2088 sicut
1753 2061 1875 2088 historia:
1889 2062 2007 2094 tradunt,

1210 2106 1290 2136 Titus
1308 2113 1335 2135 et
1357 2107 1549 2143 Vespasianus.
1569 2107 1622 2134 duo
1639 2113 1726 2142 rcges,
1749 2107 1782 2134 de
1797 2107 1873 2134 silvis
1887 2111 2007 2142 gentnmt

1210 2158 1343 2190 tanquam
1358 2154 1411 2181 duo
1424 2153 1528 2181 feroces
1542 2153 1597 2181 ursi
1615 2153 1649 2181 de
1673 2152 1743 2179 saltu
1762 2153 1892 2184 ferarum,
1908 2154 2007 2180 dilace-

1210 2204 1343 2228 raveruut
1356 2206 1463 2235 pueros,
1478 2200 1540 2234 quia
1560 2199 1700 2226 venientes
1712 2198 1746 2225 ad
1758 2198 1894 2226 excidium
1910 2196 2008 2227 Hieru-

1209 2245 1297 2276 salem
1309 2241 1513 2273 debellaverunt
1527 2245 1554 2272 iu
1572 2244 1665 2271 furore
1682 2243 1800 2272 iudatos.

1517 2301 1632 2330 CAPUT
1652 2301 1695 2330 lli.

1209 2357 1376 2395 “epistola
1404 2358 1439 2385 ad
1469 2356 1681 2395 Eiidem-mitium
1701 2360 1732 2395 Διι
1757 2354 1937 2395 Stephanitae,
1960 2356 2005 2384 sibi

1245 2390 1344 2422 dicitur
1360 2394 1489 2427 quomodo
1507 2392 1642 2418 rationalis
1662 2391 1751 2418 animo
1766 2391 1801 2417 ad
1819 2390 2002 2425 perfectionem

1244 2429 1409 2504 fatgem-0,
1432 2471 1519 2506 inquit
1541 2470 1672 2503 Naaman,
1688 2470 1805 2499 concede
1833 2471 1897 2499 mihi
1923 2479 2003 2500 servo

1209 2523 1311 2551 tuo,ut
1340 2516 1431 2546 tollant
1458 2524 1527 2543 onus
1557 2516 1671 2544 duorum
1701 2516 1853 2544 burdonum
1879 2517 1912 2545 de
1931 2522 2003 2545 terra

1210 2563 1262 2600 (IV
1277 2562 1340 2598 Reg.
1354 2563 1390 2597 γ).
1410 2572 1419 2588 ι
1436 2561 1504 2595 Quid
1521 2566 1610 2589 autem
1631 2569 1679 2596 per
1703 2561 1860 2597 allegoriam
1881 2562 2000 2593 Naaman

1209 2608 1309 2645 Syrus,
1324 2607 1375 2635 nisi
1394 2613 1479 2641 genus
1502 2604 1626 2642 designat
1647 2606 1813 2635 humanum?
1834 2608 1911 2636 Sicut
1931 2610 2003 2638 enim

1208 2655 1330 2684 Naamau
1348 2658 1412 2681 ante
1425 2653 1558 2687 leprosus,
1570 2661 1633 2681 mox
1648 2657 1676 2680 ut
1687 2653 1788 2689 septies
1795 2661 1864 2689 aqua
1878 2654 2006 2685 .lordanis

1208 2700 1339 2731 abluitut,
1365 2698 1399 2726 ab
1427 2698 1502 2725 omni
1529 2697 1612 2733 lepra:
1639 2698 1765 2734 squalore
1788 2704 1936 2735 purgatur;
1967 2702 2004 2730 ita

1211 2746 1363 2774 mundanus
1381 2744 1496 2780 populus
1509 2748 1613 2780 septem
1629 2745 1794 2773 charismata
1812 2746 1883 2774 illius
1900 2748 2004 2776 colum-

1208 2790 1251 2820 ba
1267 2791 1429 2826 percipiens,
1443 2796 1502 2825 quae
1516 2797 1598 2824 super
1620 2789 1762 2818 Dominum
1782 2790 1808 2818 in
1823 2790 1942 2820 Iordane
1953 2793 2000 2821 (ιδ

1209 2836 1316 2865 scendit
1341 2835 1448 2870 (Matth.
1464 2843 1509 2867 ut;
1527 2834 1613 2862 Marc.
1630 2843 1654 2867 t;
1670 2834 1789 2869 Luam;
1805 2836 1885 2865 Joan.
1908 2840 1938 2874 ι),
1953 2847 2002 2874 ρει-

1210 2882 1281 2911 sacri
1295 2880 1466 2916 baptismatis
1480 2879 1617 2907 lavacrum
1630 2880 1756 2915 contagia
1768 2881 1891 2916 deposuit
1905 2890 2003 2918 pecca-

1211 2930 1309 2954 torum.
1325 2926 1394 2960 Quid
1405 2932 1469 2953 vero
1479 2930 1562 2958 terra,
1577 2933 1658 2962 quam
1674 2925 1794 2954 Naaman
1811 2929 1938 2963 postulat.
1949 2930 2001 2958 nisi

1212 2970 1427 3002 incarnationem
1444 2972 1579 3010 signiﬁcat
1594 2972 1803 3010 Redemptoris!
1822 2974 1885 3005 llaec
1899 2981 1937 3004 cal
1952 2983 2002 3013 per

2067 1064 2156 1092 turus,
2169 1059 2293 1094 geminos
2314 1058 2462 1087 destinarit
2476 1058 2553 1094 (Luc.
2571 1059 2611 1094 x).
2627 1058 2703 1092 Quod
2716 1065 2780 1094 ergo
2792 1057 2859 1086 Naa-

2067 1114 2129 1133 tnun
2143 1106 2169 1133 in
2183 1110 2256 1134 terra
2272 1111 2366 1133 sancta
2382 1106 2498 1133 duorum
2511 1105 2663 1133 burdonum
2678 1105 2780 1140 expetit
2799 1111 2859 1132 sar-

2066 1151 2155 1178 cinam
2180 1158 2263 1185 super
2282 1150 2497 1178 incarnationem
2521 1150 2689 1178 Dominieam
2711 1156 2795 1185 genus
2811 1150 2860 1176 htt-

2066 1203 2178 1223 tnanum
2204 1195 2381 1230 apostolicam
2399 1195 2508 1222 videtur
2528 1194 2678 1230 cili-agitare
2697 1194 2859 1227 doctrinam,

2067 1247 2094 1269 ut
2107 1242 2132 1269 hi
2149 1242 2279 1277 sagittarii
2295 1241 2396 1269 tuundo
2423 1246 2523 1269 terram
2551 1241 2694 1274 invehant,
2709 1248 2741 1268 ex
2757 1248 2808 1275 qua
2825 1240 2858 1266 ad

2065 1287 2205 1314 otl'ercnda
2223 1286 2357 1314 sacriﬁcia
2372 1286 2459 1314 altare
2483 1287 2509 1313 in
2535 1291 2681 1321 conspectu
2706 1285 2858 1313 Conditoris

2067 1333 2124 1359 ttat.
2139 1331 2217 1360 L'ntle
2232 1332 2293 1359 ﬁliis
2306 1331 2388 1359 Israel
2407 1331 2541 1366 praecipit,
2557 1331 2651 1359 dicens
2668 1340 2674 1358 :
2693 1340 2702 1356 ι
2718 1330 2811 1357 Altare
2825 1330 2858 1357 de

2066 1384 2137 1407 terra
2161 1378 2267 1406 facietis
2286 1379 2352 1406 mihi
2377 1378 2477 1413 (Exod.
2489 1377 2547 1412 xx).
2565 1387 2573 1403 I
2590 1376 2667 1411 Quod
2686 1380 2775 1404 autem
2788 1375 2858 1402 Naa-

2065 1432 2127 1451 man
2145 1432 2198 1451 non
2211 1424 2246 1451 ob
2261 1423 2332 1451 aliud
2348 1428 2448 1451 terram
2463 1424 2600 1458 propheta
2614 1423 2791 1458 poposcisset.
2806 1422 2857 1449 nisi

2064 1475 2093 1497 ut
2107 1478 2140 1497 ex
2156 1477 2187 1497 ea
2204 1470 2319 1497 Domino
2331 1469 2416 1497 altare
2429 1473 2611 1501 construeret.
2628 1469 2654 1496 in
2666 1469 2722 1496 suis
2732 1468 2790 1503 ipse
2798 1475 2858 1494 ser-

2063 1514 2105 1541 bis
2115 1514 2245 1545 ostendit.
2260 1521 2321 1541 eum
2336 1514 2389 1541 illic
2403 1519 2503 1548 praesto
2518 1512 2659 1548 subiungit
2672 1522 2678 1538 :
2695 1522 2707 1539 ι
2721 1512 2856 1540 Nanctum

2064 1560 2135 1587 ultra
2156 1560 2237 1588 faciet
2256 1568 2352 1588 servus
2379 1566 2441 1588 tuus
2463 1559 2663 1592 holocaustum,
2677 1564 2704 1587 et
2720 1560 2855 1587 \iClillllﬂl

2063 1607 2116 1634 diis
2130 1607 2238 1640 alienis,
2254 1607 2305 1634 nisi
2318 1607 2432 1634 Domino
2445 1605 2500 1642 (IV
2512 1605 2573 1641 Reg.
2589 1607 2627 1641 ν).
2647 1616 2657 1632 ι

2370 1653 2485 1680 CAPUT
2504 1653 2548 1680 iV.

2188 1699 2221 1726 ht
2235 1708 2353 1727 sermone
2365 1700 2396 1726 de
2408 1699 2554 1726 inventione
2573 1698 2602 1727 S.
2619 1699 2722 1726 Cruda.

2099 1753 2109 1770 ι
2123 1745 2189 1771 Cum
2206 1744 2253 1771 filii
2268 1745 2459 1779 prophetarum
2474 1745 2551 1778 juxta
2566 1744 2710 1772 Jordanem
2721 1743 2790 1779 ligna
2801 1750 2854 1772 ω-

2061 1791 2165 1822 dercnl.
2193 1796 2301 1825 repente
2315 1790 2419 1817 securis
2440 1789 2580 1823 cujusdam
2605 1790 2744 1816 materiam
2765 1788 2854 1816 succi-

2060 1836 2150 1864 dentis
2164 1836 2190 1863 itt
2206 1843 2305 1870 aquam
2331 1836 2447 1867 cecidit;
2465 1840 2529 1862 tunc
2552 1835 2683 1870 propheta
2707 1833 2806 1869 lignum
2827 1833 2853 1860 ιιι

2061 1890 2157 1917 aquam
2175 1882 2258 1913 tnisit,
2274 1886 2301 1909 et
2315 1889 2376 1908 mox
2393 1881 2495 1909 ferrum
2519 1881 2622 1908 natavit
2649 1885 2730 1915 atque
2748 1879 2781 1907 ad
2794 1887 2853 1907 mtt-

2060 1928 2188 1955 nubrium
2212 1927 2291 1955 rediit
2313 1926 2365 1961 (IV
2385 1926 2448 1962 Reg.
2465 1928 2514 1962 vn).
2532 1937 2541 1952 ι
2559 1926 2628 1960 Quid
2649 1930 2690 1953 est
2708 1931 2797 1953 autem
2812 1932 2853 1952 se-

2059 1974 2144 2005 curis,
2162 1974 2213 2000 nisi
2238 1973 2371 2008 sapientia
2396 1972 2442 2000 Dei
2460 1977 2572 2006 operata
2588 1979 2636 2007 per
2651 1971 2768 2007 corpus?
2788 1970 2853 2006 quid

2061 2020 2175 2052 ferrum,
2190 2019 2240 2046 nisi
2257 2019 2402 2046 divinitas?
2415 2018 2479 2053 quid
2494 2018 2608 2053 lignum,
2621 2018 2672 2045 nisi
2688 2017 2854 2045 humanitas!

2061 2065 2094 2093 Et
2120 2070 2194 2093 recte
2216 2072 2314 2100 corpus
2342 2064 2443 2091 Christi
2469 2064 2569 2099 lignum
2594 2063 2709 2095 dicitur,
2725 2062 2795 2097 quod
2825 2062 2852 2089 itt

2060 2111 2133 2147 ligno
2139 2110 2274 2146 pependit.
2284 2110 2394 2138 Securis
2402 2110 2483 2145 igitur
2498 2109 2574 2143 juxta
2586 2109 2731 2137 Jordanetn
2742 2108 2852 2136 arbores

2059 2156 2226 2187 succidebat,
2240 2155 2302 2190 quia
2322 2155 2369 2182 Dei
2385 2154 2517 2189 sapientia
2536 2154 2612 2188 juxta
2627 2153 2736 2181 liuidum
2750 2158 2850 2181 morta-

2058 2201 2143 2228 litatis
2158 2206 2258 2228 nostra:
2272 2201 2425 2231 decursum,
2442 2200 2551 2234 dignata
2574 2206 2615 2226 est
2639 2199 2735 2234 impios
2747 2198 2852 2227 Judmos

2058 2254 2113 2273 sua
2134 2244 2336 2281 praedicationis
2350 2244 2511 2272 austeritate
2526 2245 2662 2279 corripere
2679 2250 2705 2272 et
2721 2245 2793 2272 velut
2806 2245 2848 2271 in-

2058 2291 2210 2319 fructuosus
2221 2290 2334 2317 arbores
2345 2297 2359 2316 ιι
2375 2294 2446 2317 statu
2462 2290 2554 2325 rigida:
2569 2290 2701 2325 superbiae
2712 2289 2848 2318 desecare.

2060 2338 2135 2366 Unde
2145 2342 2173 2364 et
2186 2337 2306 2364 Joannes
2316 2336 2382 2363 dicit
2395 2345 2400 2361 :
2415 2346 2424 2361 t
2440 2334 2499 2363 iam
2512 2335 2617 2363 securis
2631 2336 2664 2362 ad
2680 2335 2796 2363 radicem
2807 2343 2849 2362 nr-

2058 2384 2153 2410 borum
2171 2382 2259 2416 posita
2276 2386 2328 2409 est.
2343 2381 2438 2409 Omnis
2460 2384 2543 2408 arbor
2559 2389 2619 2416 quin
2634 2389 2686 2408 non
2712 2380 2774 2407 facit
2795 2379 2850 2407 fru-

2058 2434 2132 2455 ctum
2173 2427 2272 2454 bonutn
2314 2427 2455 2454 excidetur
2489 2431 2516 2454 et
2551 2427 2576 2454 in
2611 2427 2699 2461 ignem
2729 2427 2848 2454 mittetur

2058 2473 2164 2509 (Matth.
2180 2481 2225 2505 nt;
2239 2472 2303 2500 Luc.
2323 2473 2377 2507 ιιι).
2391 2482 2402 2499 ο
2420 2473 2512 2508 Itaque
2531 2472 2594 2500 dum
2615 2473 2686 2508 ligna
2699 2473 2846 2503 cenduntur.

2058 2520 2159 2547 ferrum
2174 2520 2200 2546 iu
2214 2526 2299 2554 aquas
2315 2519 2348 2546 de
2361 2518 2505 2547 manubrio
2521 2518 2706 2552 cecidit,,quia
2722 2519 2784 2546 dum
2800 2518 2846 2546 sil-

2057 2569 2162 2592 vestres
2175 2564 2330 2592 intimorum
2346 2570 2451 2592 mentes
2466 2563 2573 2591 Veritas
2586 2564 2707 2599 corripit,
2722 2564 2847 2591 divinitas

2056 2617 2166 2638 cantem
2187 2614 2277 2637 tamen
2304 2617 2356 2636 non
2384 2609 2513 2637 deserens
2535 2611 2567 2636 ad
2593 2608 2691 2636 inferni
2716 2608 2846 2643 pnol'unda

2053 2664 2115 2684 cum
2142 2657 2238 2691 spiritu
2263 2657 2410 2683 comitante
2435 2655 2583 2684 descendit.
2614 2655 2667 2683 Sed
2694 2656 2793 2690 lignum
2819 2656 2845 2683 in

2053 2709 2151 2737 aquam
2178 2702 2294 2729 mittitur
2309 2706 2336 2729 et
2361 2700 2462 2729 {errutn
2486 2702 2566 2734 redit,
2580 2702 2644 2736 quia
2668 2709 2765 2736 corpus
2791 2700 2846 2728 Do-

2051 2749 2131 2778 mini.
2147 2749 2218 2782 quod
2232 2748 2257 2775 in
2267 2748 2341 2783 ligno
2355 2748 2528 2782 pependerat.
2542 2749 2569 2775 in
2587 2748 2712 2784 sepulcro
2726 2748 2836 2783 ponitur

2053 2794 2150 2821 deinde
2160 2802 2192 2821 ex
2207 2794 2347 2828 profundis
2358 2793 2456 2821 inferni
2468 2794 2564 2829 spiritu
2578 2795 2705 2822 redeunte
2717 2795 2846 2822 surrexit.

2055 2839 2131 2868 Unde
2146 2840 2296 2868 natandum
2310 2845 2352 2867 est
2365 2844 2394 2867 et
2407 2839 2612 2875 diligentissime
2629 2839 2848 2875 perpendendu'rtn

2053 2886 2116 2922 quia
2129 2887 2185 2920 ipse
2194 2886 2217 2912 Β
2228 2887 2289 2913 -den
2297 2890 2358 2921 ptor
2371 2873 2468 2914 noster
2476 2890 2539 2913 ante
2549 2893 2600 2921 per
2608 2873 2716 2913 crucem
2728 2885 2812 2912 transi
2821 2873 2848 2918 it.

2053 2938 2081 2959 et
2093 2933 2133 2960 sic
2144 2932 2341 2960 humanitatem
2359 2939 2436 2960 suam
2463 2932 2490 2958 in
2515 2936 2634 2966 paterna:
2657 2932 2774 2959 destina
2790 2931 2815 2961 gl

2055 2978 2122 3007 riam
2136 2977 2304 3007 sublinarit.
2323 2976 2482 3014 Exemplum
2505 2978 2604 3014 quippe
2623 2977 2700 3005 nobis
2712 2975 2851 3016 esbibuift.
