5904 6596
2380 22 2443 26 ὴ-
2538 22 2623 28 4——
2705 24 2775 30 4——
2842 24 2951 32 7——

1122 512 1263 573 ιιιδ

2402 494 2473 553 IN
2523 488 2790 550 LIBRUM
2841 480 3122 547 εειιιυε.

1117 636 1179 683 ιιι
1218 625 1361 681 unde
1386 631 1549 693 caput
1574 617 1920 694 praecessisse
1946 612 2309 685 cognoscitur.
2341 622 2440 680 per
2465 606 2713 665 eamdem
2742 607 2793 668 Δ
2821 600 3034 694 rologio
3049 598 3337 694 linearum.
3364 592 3477 694 Soli
3501 605 3738 694 namque
3762 586 4412 694 justiti-2,

1120 718 1265 772 viam
1293 726 1349 773 et
1375 714 1618 771 membra
1640 708 2026 779 subsequentia
2065 705 2405 776 gradiantur.

1662 801 1827 873 κισ
1854 796 2085 855 cum
2116 796 2180 851 v.

1482 892 1549 948 ιιι
1594 907 1831 948 srmone
1874 891 1939 943 de
1974 887 2031 943 S.
2064 884 2362 954 Bonifatio.

1200 1008 1222 1044 s
1256 988 1459 1047 Petivit
1503 1001 1598 1042 rex
1628 984 1893 1040 Ezechias
1931 992 1991 1036 ut
2019 979 2209 1034 umbra
2236 979 2425 1033 decem
2456 975 2722 1031 linearum

1118 1084 1382 1157 gradibus
1424 1089 1816 1139 reverteretur,
1846 1074 2043 1143 quibus
2078 1072 2190 1139 jam
2232 1072 2285 1126 in
2326 1068 2603 1139 horologia
2632 1068 2727 1122 de-

1118 1176 1414 1235 scenderst
1462 1169 1569 1244 (IV
1600 1170 1727 1241 Reg.
1765 1170 1883 1238 xx).
1920 1186 1939 1219 ι
1976 1166 2115 1234 Quid
2166 1166 2255 1220 isti
2316 1164 2518 1236 gradus
2579 1161 2726 1217 illius

1118 1263 1417 1334 horologii,
1448 1263 1503 1318 in
1534 1276 1643 1332 quo
1675 1275 1769 1315 rex
1802 1259 2065 1314 Ezechias
2096 1258 2346 1313 umbram
2393 1254 2589 1311 reverti
2625 1256 2725 1311 de-

1116 1368 1242 1411 cem
1271 1353 1431 1409 lineis
1459 1350 1647 1423 petiit,
1674 1348 1903 1421 mystice
1924 1348 2180 1411 innuunt,
2214 1346 2319 1401 nisi
2346 1346 2472 1415 quia
2498 1344 2722 1400 totidem

1121 1445 1381 1503 Salvator
1407 1452 1595 1501 noster
1615 1441 1878 1514 gradibus
1898 1442 1968 1495 ad
1997 1448 2199 1495 nostra:
2226 1436 2578 1493 mortalitatis
2616 1436 2726 1491 ima

1120 1534 1432 1599 descendit,
1455 1546 1580 1589 cum
1608 1532 1677 1587 ad
1706 1528 2084 1586 redimendum
2106 1542 2279 1601 genus
2310 1527 2606 1582 humanum
2628 1540 2727 1582 ve-

1120 1611 1245 1682 nit?
1288 1622 1457 1691 Quasi
1485 1624 1753 1693 quosdam
1783 1620 1927 1677 enim
1959 1619 2162 1689 gradus
2201 1616 2469 1679 exhibuit,
2500 1631 2623 1673 cum
2658 1615 2729 1672 de

1118 1717 1267 1777 colo
1297 1716 1449 1773 venit
1484 1716 1540 1772 in
1590 1723 1809 1770 uterum
1852 1711 2115 1783 Virginis,
2163 1711 2233 1766 de
2264 1718 2425 1766 utero
2472 1710 2625 1765 venit
2670 1708 2727 1764 in

1116 1821 1402 1881 me,
1438 1806 1508 1864 de
1551 1818 1792 1877 praesepe
1833 1802 2056 1860 transiit
2107 1800 2177 1858 sd
2230 1800 2725 1864 circumcisionem,

1116 1896 1645 1957 dedrcumcislone
1688 1895 1758 1951 ad
1806 1890 2726 1965 templum,detemploadbsptl-

2821 707 2943 749 mus
2970 692 3039 746 ad
3062 704 3159 743 nos
3184 684 3555 742 descensionis
3581 683 3780 755 gradus
3800 682 3901 737 fuit
3921 682 3989 737 de
4018 680 4129 737 Deo
4151 682 4205 737 in
4229 681 4416 751 Auge.

2824 782 2954 835 lum.
2991 779 3143 835 Unde
3191 784 3273 833 est
3322 775 3465 847 quod
3506 791 3605 847 per
3658 774 3853 829 Isaiam
3911 773 4149 829 dititnr:
4179 790 4199 821 s
4233 770 4415 844 Magni

2824 871 3036 927 consilii
3085 868 3325 940 Angelus
3354 867 3493 939 (lsa.
3526 866 3625 937 Ix).
3668 885 3689 918 ι
3732 864 3800 920 Ει
3832 866 3924 933 qui
3967 880 4089 918 cum
4126 860 4301 919 Iacob
4338 861 4420 921 lo-

2824 964 3095 1035 quebatur
3122 961 3264 1017 Deus
3303 959 3525 1029 angelus
3566 966 3933 1027 nuncupatur.
3982 954 4119 1010 Hinc
4154 964 4239 1009 est
4269 954 4420 1025 quod

2825 1071 2923 1127 per
2950 1055 3198 1110 eumdem
3224 1052 3395 1109 Iacob
3432 1053 3670 1108 dicitur:
3708 1070 3726 1102 ι
3763 1051 3910 1107 Dixit
3943 1048 4164 1121 angelus
4201 1047 4421 1106 Domini

2827 1148 2894 1202 ad
2940 1161 3029 1201 me
3069 1146 3124 1200 in
3169 1145 3419 1200 somnis:
3450 1143 3562 1215 Ego
3596 1158 3715 1199 sum
3760 1141 4021 1197 Dominus
4057 1139 4277 1205 Betbel.
4320 1137 4422 1200 ubi

2827 1237 3030 1294 unxisti
3064 1236 3295 1307 lapidem
3329 1244 3383 1290 et
3414 1244 3594 1290 votum
3632 1233 3830 1288 vovisti
3866 1232 3995 1288 mibi
4032 1228 4190 1301 (Gen.
4224 1232 4340 1303 tu);
4387 1248 4409 1286 s

2828 1330 3087 1385 nimirum
3112 1338 3173 1383 ut
3196 1329 3337 1384 idem
3370 1327 3485 1398 ipse
3515 1327 3609 1397 qui
3648 1325 3891 1396 loquitur
3928 1332 3983 1379 et
4007 1322 4151 1379 Deus
4169 1322 4333 1378 simul
4359 1331 4419 1380 ει

2829 1424 3053 1496 angelus
3094 1423 3433 1479 ostendatur.
3486 1419 3775 1489 Secundus
3813 1416 4187 1473 descensionis
4211 1416 4417 1487 gradus

2820 1514 2935 1571 fuit
2958 1514 3015 1569 ln
3041 1514 3393 1585 patriarchis,
3430 1527 3527 1584 per
3570 1525 3709 1581 quos
3751 1508 3966 1566 scilicet
4009 1509 4129 1579 ipse
4159 1507 4424 1566 Dominus

2835 1607 2991 1663 unius
3015 1604 3108 1661 Dei
3133 1605 3336 1663 cultum
3358 1620 3425 1662 ac
3444 1620 3588 1661 vera:
3610 1604 3734 1659 tidei
3753 1602 4102 1659 fundamenta
4117 1600 4420 1658 constituit.

2830 1695 3050 1753 Tertius
3079 1695 3133 1751 in
3178 1694 3614 1769 protnulgstioue
3662 1692 3825 1765 legis,
3854 1706 4016 1764 quam
4045 1700 4101 1748 et
4129 1691 4244 1763 ipse
4270 1692 4428 1763 prius

2830 1786 3085 1845 audiente
3112 1784 3312 1856 popqu
3356 1782 3605 1855 protulit,
3630 1796 3683 1837 et
3709 1781 4055 1854 postmodum
4103 1781 4158 1836 in
4195 1780 4426 1853 lapideis

2832 1875 3032 1933 tabulis
3056 1876 3279 1947 proprio
3306 1874 3478 1948 digito
3527 1881 3791 1935 exarante
3833 1869 4143 1941 descripsit.
4174 1869 4417 1938 Quartus

1122 2002 1335 2055 metu,
1364 1988 1433 2043 de
1457 1985 1731 2057 baptismo
1764 1983 1836 2039 ad
1886 1963 2131 2048 crucem,
2168 1983 2238 2041 de
2265 1998 2431 2040 cm
2458 1982 2528 2040 ,ἀ
2580 1997 2729 2038 mor.
2756 1979 2803 2042 Β
2829 1971 2887 2026 in
2917 1969 3046 2026 Iesu
3075 1967 3246 2035 Nave,
3280 1969 3334 2025 in
3363 1981 3488 2037 quo,
3514 1968 3658 2023 sicut
3686 1964 3927 2032 nomine,
3948 1963 4031 2057 sic
4056 1972 4114 2057 et
4136 1978 4301 2057 opere

1120 2087 1259 2143 ιοιιι.
1286 2077 1552 2134 demorte
1589 2074 1658 2129 ad
1685 2074 2029 2145 sepulcrum;
2054 2086 2333 2144 postremo
2358 2072 2725 2131 descenditad

1119 2168 1419 2233 infernum,
1450 2175 1512 2222 ut
1539 2165 1669 2222 inde
1694 2174 1913 2222 sanctos
1934 2174 2172 2232 erueret,
2196 2178 2333 2237 quos
2355 2165 2423 2221 ad
2446 2164 2726 2222 omlestem

1118 2258 1353 2329 gloriam
1381 2256 1597 2314 calcato
1624 2257 1819 2313 mortis
1850 2257 2083 2327 imperio
2127 2266 2434 2312 revocaret.
2466 2256 2634 2313 Plane
2670 2265 2729 2312 ut

1123 2363 1227 2405 nos
1250 2356 1373 2418 post
1402 2363 1462 2404 se
1497 2361 1721 2403 currere
1759 2346 1960 2401 faceret
1980 2387 1996 2410 ,
2025 2347 2158 2403 istos
2189 2362 2289 2417 pro
2327 2347 2486 2403 nobis
2525 2349 2728 2418 gradus

1121 2438 1475 2497 manifestata
1513 2455 1609 2511 per
1638 2453 1857 2495 carnem
1892 2437 2106 2494 Veritas
2128 2440 2199 2495 ad
2224 2455 2324 2495 nos
2345 2441 2729 2495 descendendo

1121 2532 1423 2601 disposuit;
1452 2540 1510 2586 et
1546 2530 1950 2601 quodammodo
1977 2530 2261 2599 cujusdam
2305 2533 2518 2603 mystici
2562 2534 2729 2588 horo-

1123 2622 1254 2692 logii
1288 2622 1366 2678 sol
1392 2621 1643 2691 iustitia,
1674 2623 1931 2679 Christus
1952 2622 2066 2677 haec
2096 2622 2164 2678 ad
2193 2638 2292 2678 nos
2317 2639 2375 2678 se
2410 2625 2728 2679 inclinaudo

1124 2724 1401 2771 moments
1428 2714 1698 2770 distinxit.
1736 2732 1753 2765 ι
1800 2713 1901 2781 Qui
1934 2715 2191 2769 nimirum
2224 2715 2518 2770 exsultavit
2548 2729 2605 2770 ut
2644 2717 2726 2787 gi-

1121 2822 1221 2876 gas
1258 2809 1327 2863 ad
1372 2804 1701 2862 currendam
1733 2806 1876 2859 viam
1900 2805 2075 2875 (Psal.
2107 2807 2294 2876 xvnt);
2322 2826 2339 2858 ι
2374 2816 2431 2859 ιιι
2456 2823 2554 2861 nos
2583 2807 2631 2860 ei
2662 2822 2729 2861 ex

1124 2898 1292 2953 corde
1321 2896 1675 2953 diceremus:
1716 2915 1735 2949 ι
1776 2896 1958 2950 Trahe
1985 2912 2069 2951 me
2100 2907 2221 2970 post
2256 2907 2327 2962 te,
2355 2912 2644 2952 curremus
2676 2898 2728 2950 in

1122 2987 1351 3043 odorem
1392 2996 1795 3055 unguentorum
1832 2996 2047 3040 tuurum
2072 2986 2248 3056 (Cant.
2283 2988 2344 3056 t).
2376 3007 2393 3037 ι
2428 2988 2730 3043 Descende-

1123 3087 1213 3133 rat
1252 3078 1434 3146 itaque
1474 3078 1555 3133 sol
1595 3078 1830 3133 emensis
1855 3078 1968 3147 jam
1996 3078 2183 3133 decem
2222 3079 2481 3149 gradibus
2514 3078 2730 3133 horolo-

1123 3168 1219 3239 gii,
1261 3168 1355 3221 sed
1395 3182 1491 3236 per
1518 3167 1738 3223 eosdem
1782 3169 1981 3237 gradus
2014 3166 2211 3221 iterum
2245 3167 2432 3232 rediit;
2466 3168 2614 3236 quod
2653 3168 2731 3221 vi-

1124 3258 1322 3313 delicet
1364 3260 1576 3329 signum
1624 3267 1787 3321 esset,
1819 3273 1915 3327 per
1944 3257 2090 3327 quod
2124 3273 2182 3311 se
2215 3274 2305 3310 rex
2350 3257 2623 3312 Ezechias
2644 3274 2731 3313 sa-

2818 2076 2983 2133 gens,
3011 2060 3063 2116 in
3095 2069 3297 2115 terram
3324 2057 3766 2129 repromissionis
3806 2054 4064 2127 populum
4098 2053 4426 2111 introduxit.

2830 2153 3069 2222 Quintus
3108 2151 3209 2208 fuit
3238 2148 3438 2221 gradus
3472 2149 3524 2203 in
3548 2147 3845 2217 ludicibus,
3879 2160 3977 2217 per
4003 2161 4141 2218 quos
4171 2145 4428 2200 nimirum

2829 2244 3182 2301 lsraeliticam
3207 2242 3417 2312 plebem
3448 2248 3504 2294 et
3531 2241 3647 2310 ipse
3682 2238 3922 2309 regebat.
3954 2236 4153 2292 Sextus
4192 2237 4246 2290 iu
4282 2238 4427 2307 regi-

2831 2338 2932 2393 bus
2944 2335 3418 2403 Iudaeorum,quia
3439 2334 3496 2388 in
3518 2332 3597 2387 eis
3614 2329 3987 2402 principaliter
4009 2329 4121 2399 ipse
4146 2329 4429 2399 regnabat.

2833 2428 3111 2499 Septimus
3157 2428 3211 2481 in
3257 2425 3557 2496 prophetis,
3591 2423 3717 2494 quia
3745 2437 3847 2492 per
3873 2436 3968 2476 eos
3999 2421 4116 2489 ipse
4136 2429 4193 2476 et
4222 2435 4432 2475 annun-

2834 2520 2999 2575 tiatus
3024 2528 3109 2574 est
3133 2526 3189 2572 ct
3235 2516 3466 2571 locutus.
3497 2513 3736 2571 Octavus
3768 2514 3819 2567 in
3865 2513 4232 2581 pontiﬁcibus,
4263 2511 4425 2584 217

2834 2613 2888 2666 in
2916 2611 3115 2681 quibus
3166 2610 3315 2679 ipse,
3354 2605 3443 2678 qui
3486 2620 3732 2661 summus
3779 2614 3863 2659 est
3908 2603 4177 2666 Pontifex,
4210 2605 4323 2658 veri
4375 2612 4433 2660 et

2833 2702 3019 2757 aeterni
3050 2701 3130 2755 sui
3161 2698 3450 2753 sacerdotii
3482 2696 3799 2768 mysterium
3827 2695 4097 2765 ﬁguravit.
4122 2693 4306 2751 Nonus
4333 2710 4430 2749 au-

2834 2806 2945 2850 tem
2992 2793 3192 2863 gradus
3238 2791 3551 2860 designatus
3601 2798 3684 2843 est
3732 2788 3786 2843 in
3821 2788 4058 2843 homine.
4093 2786 4349 2843 Decimus
4371 2788 4427 2844 in

2835 2886 3111 2955 passione.
3164 2883 3268 2937 Per
3314 2883 3412 2937 hos
3461 2882 3643 2952 itaque
3679 2879 3865 2935 decem
3907 2880 4126 2950 gradus,
4153 2880 4306 2949 quasi
4334 2893 4435 2951 per

2837 2979 3084 3031 umbram
3118 2976 3321 3028 veteris
3370 2973 3714 3037 testamenti,
3755 2970 3848 3026 Sol
3886 2972 4131 3042 justitiaz,
4157 2971 4434 3039 Christus,

2834 3070 2889 3135 in
2924 3078 3125 3123 nostra:
3154 3065 3507 3121 mortalitatis
3550 3064 3833 3119 descendit
3887 3078 4173 3126 occasum;
4225 3074 4278 3118 et
4334 3078 4435 3134 per

2832 3175 2928 3215 eos
2961 3161 3065 3213 iter
3088 3167 3211 3229 post
3240 3156 3695 3216 resurrectionem
3744 3169 3898 3210 suam
3938 3155 3991 3208 in
4031 3152 4226 3209 omium
4258 3154 4435 3207 victor

2835 3252 3084 3306 ascendit
3111 3263 3441 3318 omnemque
3470 3246 3616 3302 illam
3644 3254 3870 3300 vetusta:
3900 3244 4036 3315 legis
4063 3247 4306 3299 umbram
4335 3259 4429 3299 ve-

1125 3351 1223 3405 luti
1253 3352 1496 3419 pristinae
1529 3349 1921 3406 restituendum
1947 3364 2067 3403 esse
2091 3347 2411 3403 conﬁderet.
2439 3348 2732 3404 Enimvero
2761 3355 2804 3415 (ζ
2839 3345 3021 3400 ritatis
3048 3359 3160 3399 sua:
3186 3359 3248 3397 ac
3270 3357 3424 3396 nova!
3447 3342 3637 3412 grati-.e
3662 3340 3828 3395 radiis
3867 3338 4177 3403 illustravit,
4202 3337 4438 3395 obscura

1124 3462 1229 3502 nec
1253 3461 1422 3516 genus
1445 3446 1739 3500 humanum
1765 3446 1830 3500 ad
1866 3444 2312 3507 incolumitatem,
2339 3458 2500 3510 quam
2530 3446 2733 3497 amise-

1126 3545 1234 3599 rat.
1260 3537 1329 3592 de
1358 3536 1440 3591 sui
1482 3536 1759 3606 languoris
1790 3536 2105 3604 crogatione
2140 3534 2436 3600 convaluit,
2468 3550 2593 3589 cmn
2621 3535 2727 3589 diei

1127 3627 1220 3683 lux
1250 3642 1375 3683 vera
1422 3628 1673 3682 Christus
1718 3629 1904 3681 decem
1938 3643 2053 3695 eos,
2084 3643 2222 3697 quos
2260 3627 2726 3693 cnumeravimus,

1123 3718 1343 3787 mystici
1376 3716 1640 3786 horologii
1690 3718 1888 3791 gradus
1933 3718 1997 3771 ad
2052 3734 2305 3773 occasum
2357 3729 2606 3773 nostrum
2669 3733 2729 3773 se

1125 3807 1463 3863 humiliando
1490 3810 1796 3878 percurrit,
1831 3823 2143 3877 quanquam
2201 3825 2298 3879 per
2336 3809 2583 3863 umbram
2632 3810 2725 3863 de-

1126 3913 1247 3955 cem
1280 3900 1545 3969 graduum
1584 3910 1639 3953 et
1681 3901 1842 3954 aliter
1867 3915 2117 3969 superna:
2143 3900 2564 3969 dispensationis
2602 3915 2723 3969 pos-

1126 4005 1313 4045 sumus
1348 3991 1647 4061 intelligere
1686 4002 2106 4045 sacramentum.
2143 3991 2493 4045 Diversitates
2531 3992 2725 4059 quippe

1126 4087 1430 4152 temporum
1466 4080 1621 4149 quasi
1656 4080 1901 4147 quaedam
1952 4081 2331 4136 distinctiones
2373 4091 2499 4134 sunt
2533 4082 2584 4134 in
2620 4082 2721 4135 ho-

2843 3438 3111 3501 revelatts,
3138 3436 3322 3490 clausa
3359 3434 3602 3493 rcfet'ans
3631 3442 3685 3486 et
3728 3432 3913 3487 omnia
3942 3432 4041 3487 sub
4063 3430 4146 3486 vel
4184 3431 4331 3488 mine
4347 3427 4438 3488 ιιι-

2843 3542 2972 3584 term
2998 3538 3147 3581 recta
3178 3526 3479 3581 denudans.
3509 3523 3575 3579 Et
3603 3524 3744 3578 sicut
3770 3532 3900 3577 tunc
3930 3522 4009 3577 sol
4041 3522 4282 3577 Iineatim
4308 3522 4438 3593 qni-

2840 3620 2961 3675 dem
2994 3635 3056 3674 ac
3094 3632 3311 3673 morose
3335 3624 3703 3687 proce3serat,
3732 3622 3955 3685 repente
3980 3623 4162 3669 autem
4189 3614 4255 3668 ad
4282 3622 4439 3669 ortus

2837 3714 2921 3765 sui
2947 3721 3033 3765 est
3064 3724 3315 3763 reversus
3332 3708 3633 3777 originem;
3666 3706 3744 3759 sic
3768 3705 4049 3770 nimirum,
4078 3703 4158 3760 sic
4192 3704 4441 3774 signave-

2840 3812 2925 3855 rat
2972 3800 3303 3869 Redemptor
3349 3809 3537 3852 noster
3566 3812 3629 3852 ea
3657 3811 3779 3867 quae
3807 3797 3872 3850 de
3901 3796 4290 3849 incarnationis
4327 3808 4441 3852 sua

2831 3893 3093 3962 my~terio
3106 3891 3371 3960 perlonga
3392 3900 3699 3959 temporutn
3729 3888 4010 3943 intervalla
4034 3888 4087 3943 in
4121 3886 4234 3943 sola
4260 3899 4441 3943 resur-

2831 3983 3090 4038 rectionis
3138 3993 3305 4052 atque
3363 3982 3703 4036 ascensionis
3758 3995 3870 4035 suae
3902 3980 4074 4053 gloria
4130 3980 4440 4055 subipr

2831 4076 3036 4132 tet‘ecit.

2155 4213 2455 4285 Explicinnt
2492 4215 2794 4268 testimouta
2825 4213 2890 4266 de
2919 4212 3052 4265 libro
3081 4211 3107 4264 I
3128 4209 3165 4262 V
3204 4210 3423 4281 Regum.

2247 4365 2393 4451 DE
2456 4359 2825 4453 LIBRO
2899 4360 3362 4449 ESDRIE.

1126 4528 1193 4585 In
1232 4530 1453 4598 epistola
1489 4532 1559 4583 ad
1589 4529 1948 4599 Cuniberlum,
1982 4549 2278 4606 episcopum
2317 4536 2795 4597 Taurinensem._D
2823 4530 3083 4585 cet'dutali
3112 4546 3172 4586 se
3212 4530 3431 4601 prodire
3481 4545 3735 4603 prosapia
3774 4535 4024 4607 religiose
4076 4535 4313 4597 vivendo
4355 4544 4439 4600 (e-

1202 4635 1223 4673 s
1260 4618 1415 4688 Quod
1434 4621 1655 4690 quidam
1686 4625 1998 4680 sacerdotes
2026 4629 2360 4696 qumsierunt
2386 4628 2718 4697 scripturam

1123 4713 1451 4785 genealogize
1480 4729 1611 4770 suae.
1670 4715 1845 4781 Unde,
1877 4733 1997 4772 cum
2032 4734 2139 4775 non
2191 4720 2517 4784 invenirent,
2561 4718 2717 4789 ejecti

1124 4813 1255 4861 sunt
1302 4806 1366 4859 de
1404 4808 1728 4862 sacerdotio.
1766 4829 1783 4860 ι

1194 4892 1349 4948 Pium
1396 4896 1540 4949 enini
1580 4908 1663 4951 est
1712 4900 1931 4955 credere
1967 4902 2093 4968 quia
2124 4903 2391 4971 quisquis,
2420 4916 2562 4956 nunc
2592 4917 2717 4972 pec-

1122 4993 1243 5041 cata
1275 4986 1489 5056 propria
1523 5002 1915 5058 recognoscens
1942 5008 2002 5045 ac
2034 4994 2306 5056 deserens,
2336 5010 2366 5047 a
2395 5010 2494 5049 suo
2528 5010 2585 5050 se
2613 4997 2715 5049 tui-

1122 5074 1350 5128 nlsterio
1381 5075 1659 5130 humiliter
1688 5080 1955 5147 reprimit,
1994 5083 2045 5135 in
2091 5083 2178 5136 die
2218 5082 2406 5151 judicii
2439 5084 2713 5147 eumdem.

1120 5180 1232 5236 quo
1258 5180 1317 5219 se
1342 5176 1532 5236 sponte
1571 5168 1900 5237 privavcrat,
1947 5172 2191 5227 ordinem
2234 5174 2519 5229 obtinebit.
2560 5175 2713 5241 Quod

1122 5261 1177 5315 in
1228 5260 1365 5315 libro
1408 5261 1593 5317 Esdra:
1637 5264 1929 5334 signiﬁcari
1964 5267 2194 5329 videtur,
2246 5268 2335 5323 ubi
2366 5272 2713 5326 sacerdotum

1120 5350 1432 5422 genealogia
1474 5355 1823 5409 describitur.
1879 5356 1952 5412 lbi
1985 5358 2183 5428 quippe
2210 5374 2364 5412 sacra
2398 5372 2584 5413 narrat
2633 5361 2715 5415 bi-

1120 5444 1290 5498 storia
1317 5446 1439 5512 quia
1480 5462 1497 5494 ι
1536 5448 1752 5513 quidam
1802 5450 2143 5501 sacerdotum
2198 5450 2527 5518 qna'sierunt
2572 5450 2712 5505 scri—

1119 5543 1333 5607 pturam
1374 5538 1700 5605 genealoghe
1749 5552 1881 5601 sum,
1929 5548 1981 5592 ct
2023 5541 2276 5607 quoniam
2338 5543 2575 5610 reperire
2605 5557 2711 5600 non

1119 5636 1438 5698 pntnerunt,
1457 5625 1617 5693 ejecti
1648 5637 1773 5681 sunt
1795 5630 1860 5682 de
1885 5631 2187 5685 sacerdotio
2211 5630 2293 5701 (Il
2318 5631 2471 5685 Est/1'.
2493 5634 2571 5699 ιι).
2599 5653 2614 5683 ι
2634 5632 2710 5687 lllt

1118 5716 1279 5790 plane
1338 5720 1604 5773 veraciter
1647 5721 1960 5775 sacerdotes
2000 5730 2125 5774 sunt
2164 5723 2255 5791 qui
2306 5724 2713 5780 sacerdotaliter

1118 5809 1330 5864 vivunt.
1384 5808 1445 5863 lli
1487 5810 1838 5865 sacerdotalis
1879 5812 2091 5881 generis
2128 5810 2324 5868 lineam
2360 5826 2576 5871 servant
2616 5819 2709 5886 qui

1120 5903 1285 5959 vitam
1315 5914 1467 5956 suam
1522 5900 1747 5957 Omnino
1784 5903 2108 5958 sacriﬁcium
2152 5900 2386 5961 oliui-unt
2425 5920 2487 5963 ac
2516 5905 2581 5963 de
2626 5922 2714 5965 sa~

2828 4632 3086 4686 stantur,
3169 4623 3297 4678 dum
3362 4635 3680 4681 sanctorum
3747 4628 4092 4684 saccrdotutn
4160 4629 4442 4690 imitantur

2824 4715 3103 4785 exempla,
3152 4730 3275 4783 quae
3310 4715 3519 4785 legunt,
3580 4726 3713 4773 tunc
3744 4720 3795 4772 in
3853 4720 4028 4775 sacris
4069 4719 4301 4790 eloquiis
4349 4739 4441 4778 ss-

2824 4808 3106 4865 ccrdotum
3146 4822 3206 4863 se
3237 4808 3373 4883 ﬁlios
3408 4822 3829 4881 recognoscunt.
3870 4811 3941 4866 At
3988 4813 4043 4866 hi
4073 4814 4165 4884 qui
4197 4816 4440 4874 carnali-

2824 4908 2907 4956 ter
2934 4900 3147 4965 vivunt,
3182 4910 3238 4954 et
3264 4915 3562 4970 pravorum
3598 4903 3883 4973 sequendo
3930 4905 4155 4975 vestigia
4183 4906 4341 4976 quasi
4368 4906 4436 4963 du

2821 4990 3162 5046 saecularium
3212 4992 3564 5061 generatione
3601 4994 3973 5061 descendunt,
4009 4998 4203 5052 merito
4231 4998 4298 5054 de
4348 5012 4439 5056 sa.

2820 5080 3101 5135 cerdotum
3134 5081 3497 5149 projiciuntur
3524 5084 3738 5151 ordine,
3769 5101 4003 5154 quorum
4034 5102 4094 5143 se
4134 5103 4233 5159 per
4262 5091 4429 5147 vitam

2824 5172 3107 5238 replebam
3157 5179 3435 5242 nequeunt
3494 5172 3633 5229 filios
3686 5175 3955 5231 invenire.
4013 5176 4080 5232 Et
4126 5180 4431 5239 notandum

2818 5265 2963 5332 quod
3006 5265 3115 5318 illic
3155 5266 3495 5335 sequimni
3539 5265 3687 5321 Dixit
3734 5267 4065 5324 Athersatha
4112 5272 4192 5326 eis
4220 5282 4279 5327 ut
4323 5288 4431 5331 non

2818 5357 3166 5412 comederunt
3208 5360 3275 5413 de
3326 5359 3535 5412 sanctis
3578 5368 3921 5425 sanctorum,
3958 5363 4130 5417 donec
4176 5374 4431 5436 surgeret

2816 5450 3074 5505 sacerdos
3095 5449 3190 5505 Dei
3220 5451 3409 5505 doctus
3436 5459 3603 5520 atque
3634 5450 3906 5521 perfectus
3936 5450 4149 5525 (lbitL).
4182 5475 4201 5507 ι
4231 5456 4290 5511 in
4316 5471 4428 5530 qua

2818 5543 3075 5600 nimirum
3110 5545 3476 5616 prohibitione
3511 5548 3641 5616 quid
3669 5547 3815 5603 aliud
3860 5565 3957 5618 per
3986 5549 4263 5622 allegoria:
4310 5571 4426 5627 my-

2816 5635 3041 5691 sterium
3076 5637 3235 5693 debet
3263 5636 3514 5708 intelligi,
3557 5636 3657 5693 nisi
3694 5650 3754 5694 ut
3790 5640 3836 5694 is
3861 5641 3953 5711 qui
3981 5642 4181 5713 dignus
4206 5655 4423 5707 est'sa-

2815 5727 3081 5794 ecrdotio,
3113 5729 3478 5800 percipiendis
3499 5746 3560 5785 se
3584 5734 3947 5788 sacramentis
3978 5745 4033 5790 et
4057 5740 4418 5799 sacerdotalis

2816 5817 3025 5874 ordinis
3064 5820 3538 5877 administratione
3568 5834 3903 5895 compescat,
3951 5826 4126 5885 donec
4163 5828 4418 5892 Christus

2821 5912 2875 5968 in
2900 5910 3127 5986 judicio,
3154 5916 3246 5989 qui
3277 5930 3402 5975 vere
3433 5914 3706 5977 Sacerdos
3734 5929 3819 5977 est
3859 5920 4055 5981 doctus
4082 5933 4247 5997 atque
4282 5941 4415 5998 per-
