2952 3344
4 2902 1123 3344 >3

1249 215 1316 244 m1

1689 213 1937 242 COLLECTANEA
1959 213 1992 240 IN
2014 212 2127 241 VETUS
2147 212 2419 242 TESTAMENTUM.

2806 213 2872 242 {tu

1248 274 1333 299 tectus
1358 270 1505 304 exsurgat?
1534 270 1611 296 Sicut
1638 277 1685 304 per
1717 269 1887 297 Psalmistam
1915 269 2032 295 dicitur:
2051 272 2071 299 Α
2088 273 2258 303 gusiaicrunt
2272 268 2443 295 nihilominus
2459 269 2491 295 bo
2504 276 2556 295 :um
2572 268 2617 295 Dei
2629 268 2737 295 teritum
2751 268 2873 297 virtutes-

1251 324 1260 341 ι
1282 314 1364 342 Terra
1387 315 1496 341 tremuit
1511 319 1537 340 et
1552 315 1663 348 quievit,
1686 315 1748 341 dum
1770 318 1927 348 exsurgeret
1942 314 1968 339 in
1990 312 2033 346 ju-

1249 359 1320 387 dicio
1332 360 1402 385 Deus
1415 358 1500 393 (Psal.
1514 360 1621 394 LXXV),D
1637 364 1665 386 ut
1678 360 1711 391 is,
1724 359 1799 393 cujus
1816 359 1926 386 terroris
1940 359 2035 385 instin-

1248 409 1291 433 ctu
1305 404 1418 439 quilibet
1439 404 1529 438 lapsus
1552 405 1596 431 hic
1617 413 1664 431 sua
1680 413 1709 432 se
1724 405 1855 440 dignitate
1873 409 1967 438 sponte
1985 405 2037 437 pri-

1248 456 1368 482 vaverat,
1387 457 1448 476 eum
1466 450 1491 477 iu
1514 450 1596 485 218
1615 450 1715 484 judicio
1730 456 1804 484 grata
1820 450 1877 475 vice
1894 450 2036 475 restituens

1249 495 1281 523 ad
1300 496 1392 523 amissi
1405 496 1508 522 ordinis
1521 496 1625 522 culmen
1647 496 1761 528 attollat,
1775 496 1866 522 dicens
1881 503 1886 520 :
1903 504 1910 519 ι
1928 494 2035 526 Amice,

1247 542 1361 569 ascende
1374 541 1507 575 superius,
1524 547 1551 569 et
1566 546 1629 568 tunc
1642 543 1676 569 sit
1692 542 1738 568 tibi
1753 541 1835 575 gloria
1849 548 1940 567 coram
1955 541 2035 567 simul

1247 585 1476 614 discumbentibus
1485 586 1558 620 (Luc.
1573 587 1636 621 xiv).
1655 596 1663 612 ι
1683 586 1735 613 Sed
1747 590 1808 612 sunt
1820 586 1950 617 nonnulli,
1964 586 2035 619 quod

1246 632 1462 666 pratereunilum
1477 639 1528 658 non
1547 635 1599 663 est,
1618 631 1673 665 qui,
1686 631 1762 664 juxta
1778 630 1946 665 Apostoluin.
1963 640 1971 654 ι
1987 630 2035 657 dc-

1251 680 1393 709 eperantes
1408 675 1564 709 semetipsos
1593 675 1771 702 immunditia:
1792 675 1961 702 tradiderunt
1985 673 2035 708 (E-

1247 720 1318 753 phes.
1329 720 1376 753 tv);
1389 729 1398 745 ›
1414 727 1475 746 nam
1491 719 1683 747 continentiam
1699 720 1819 747 funditus
1834 721 2008 754 desperantes
2019 727 2033 745 a

1247 764 1363 798 suscepti
1384 764 1486 791 ordinis
1502 765 1736 792 administratione
1752 772 1780 792 se
1802 765 1965 799 reprimunt;
1980 764 2032 792 sic-

1247 815 1299 843 que
1314 816 1342 835 sc
1355 809 1511 844 delinquere
1526 810 1598 836 velut
1617 810 1725 844 impune
1743 810 1889 841 confidunt,
1903 817 1932 836 ac
1946 811 1965 836 si
1978 817 2034 836 ser-

1247 860 1297 881 vus
1314 853 1422 881 domino
1438 861 1486 881 suo
1502 854 1591 881 dicat:
1616 855 1681 887 Quia
1699 856 1768 889 quod
1786 856 1908 889 principis
1923 855 2035 889 implere

1248 906 1301 925 non
1317 898 1405 926 valeo.
1419 901 1452 926 ad
1470 899 1586 927 hostium
1609 906 1712 927 tuorum
1734 906 1823 927 castra
1840 901 1989 935 transfugio
2005 901 2034 927 il-

2087 324 2138 349 quc
2156 315 2244 341 διεωΙὶ
2261 315 2364 341 venturi
2384 320 2409 341 et
2426 315 2542 349 prolapsi
2558 318 2629 347 sunt.
2642 321 2737 342 rursus
2748 316 2871 342 renovari

2087 361 2119 388 ad
2140 361 2338 395 pmuiteutiam,
2358 368 2463 387 rursum
2490 361 2679 396 crucifigeulcs
2704 361 2730 388 in
2750 360 2869 388 sibimet-

2087 408 2150 441 ipsis
2164 407 2259 433 Filium
2287 407 2332 433 Dei
2348 412 2374 434 et
2393 407 2510 433 ostentui
2537 407 2666 434 habentes
2676 405 2769 441 (Hebr.
2794 406 2841 441 vt).
2859 415 2868 431 ι

2087 454 2122 479 lta
2136 453 2212 486 plane
2229 453 2353 479 videntur
2365 459 2443 486 agerc
2458 460 2489 478 ac
2504 453 2525 478 si
2536 451 2715 479 Israelitsrum
2728 450 2870 486 quispiam.

2086 499 2177 523 volens
2206 498 2331 524 fornicari
2360 505 2420 524 cum
2447 497 2538 527 idolis,
2567 497 2638 524 dicat
2658 495 2743 530 :quis
2770 501 2871 529 nequeo

2085 544 2230 570 observare
2260 544 2351 569 duram
2368 551 2398 569 ac
2416 543 2526 576 rigidam
2551 542 2596 569 Dei
2616 541 2712 576 legem,
2737 540 2770 568 ad
2791 541 2870 568 ritum

2087 588 2208 615 transibo
2224 588 2348 622 gentilcm
2366 592 2491 620 tauquam
2509 588 2663 614 recedens:
2679 586 2746 622 lege.
2766 592 2820 614 non
2836 585 2873 613 sit

2086 636 2189 663 debitor
2203 635 2252 669 legi
2271 639 2297 661 et
2317 633 2367 660 hoc
2394 634 2472 660 tnodo
2487 640 2639 667 quanquam
2653 632 2686 659 de
2699 636 2802 660 servata
2815 630 2872 667 lego

2087 690 2138 708 non
2150 681 2184 707 sit
2199 680 2310 715 praemio
2334 680 2440 714 dignus,
2465 678 2557 705 ultioni
2574 683 2662 705 tamen
2677 677 2709 706 de
2721 681 2872 711 contempta

2089 736 2142 754 non
2156 732 2278 753 teneatur
2297 726 2438 753 obnoxius.
2465 725 2515 751 Sed
2533 724 2673 750 audiamus
2695 722 2759 758 quid
2774 721 2871 749 talibus

2086 772 2174 798 divina
2191 772 2322 798 severitas
2338 771 2364 797 iu
2389 769 2596 797 Dcuteronomio
2616 768 2709 796 dicat:
2724 776 2733 793 ι
2750 767 2871 802 Cumque

2086 818 2199 844 audierit
2212 817 2354 851 quisquam
2372 816 2452 842 verba
2474 814 2619 849 jurameuti
2634 812 2722 848 huius,
2733 813 2872 841 benedicat

2086 863 2137 889 sibi
2161 863 2186 889 in
2203 862 2282 889 corde
2303 869 2352 888 suo
2376 862 2465 888 dicens
2484 870 2489 886 :
2513 860 2566 887 Pax
2583 859 2633 887 erit
2657 858 2721 886 mihi
2736 862 2763 886 et
2780 858 2874 885 ambu-

2087 909 2146 935 labO
2163 910 2187 935 in
2210 909 2341 942 pravitate
2362 908 2451 935 cordis
2475 909 2538 939 mei,
2558 912 2583 934 et
2600 909 2720 935 assumat
2732 905 2823 934 ebrius
2836 905 2873 933 si-

1248 943 1334 978 lisque
1350 952 1392 970 tne
1404 944 1436 970 ad
1449 945 1620 979 pugnandum
1635 950 1727 972 contra
1741 950 1765 972 te
1777 945 1926 972 dedititium
1943 946 2033 977 trado;
2052 947 2072 975 Β
2089 955 2198 981 [gentem
2222 960 2248 980 ρι
2278 955 2405 980 Dominus
2428 954 2551 989 ignoscat
2578 953 2602 980 εί
2614 960 2622 985 ς
2636 952 2683 980 δρα
2706 957 2768 980 “me
2791 958 2872 987 qua

1250 996 1377 1025 tanquam
1397 992 1479 1026 possit
1493 992 1630 1019 dominum
1644 1001 1721 1019 suum
1738 993 1853 1027 placare,
1871 994 1941 1027 quod
1954 993 2031 1027 fugit,

1246 1040 1274 1062 ct
1291 1043 1342 1062 non
1359 1037 1577 1070 possit'irritare,
1597 1038 1667 1071 quod
1683 1039 1811 1064 adversus
1826 1045 1886 1065 eum
1908 1039 1933 1064 in
1956 1046 2030 1064 arma

1247 1081 1397 1113 consurgit.
1413 1080 1514 1113 Quibus
1530 1089 1578 1115 ego
1595 1086 1751 1108 constanter
1771 1087 1797 1108 ct
1818 1083 1875 1109 sine.
1895 1083 1945 1108 tilla
1959 1091 2034 1117 pror-

1250 1132 1297 1151 sus
1312 1125 1484 1160 ambiguitate
1503 1126 1634 1153 denuntio
1657 1128 1784 1161 (piouiaut
1810 1136 1885 1154 cassa
1899 1136 1928 1154 se
1941 1136 1971 1154 ac
1988 1128 2036 1154 fri-

1248 1169 1308 1196 vola
1339 1170 1529 1203 pollicitatione
1558 1172 1711 1205 decipiunt,
1737 1173 1757 1199 si
1787 1181 1839 1199 non
1858 1179 2035 1206 exsequentes

1246 1215 1364 1243 oﬂicium
1380 1215 1465 1243 oﬂicio
1478 1224 1506 1243 se
1518 1222 1611 1243 exutos
1625 1226 1684 1244 esse
1700 1218 1846 1244 confidunt.
1868 1218 1942 1245 Licet
1961 1220 2033 1245 enim

1252 1267 1266 1286 a
1283 1260 1507 1295 frequentatione,
1529 1263 1568 1288 vel
1582 1264 1753 1289 exsecutione
1768 1268 1854 1289 cesset
1866 1264 1931 1290 ordo
1946 1264 2033 1297 cujus‘

1245 1304 1323 1338 libet,
1338 1305 1377 1332 vel
1391 1305 1504 1332 cilicium
1519 1307 1543 1333 in
1558 1308 1681 1334 Ordinato
1693 1314 1779 1334 tamen
1795 1309 2035 1343 nihilominuspi-r-

1247 1355 1340 1377 manet
1351 1351 1453 1377 ordinis
1471 1358 1681 1379 sacramentum.
1709 1353 1741 1379 Et
1760 1354 1829 1379 sicut
1845 1355 1887 1379 vir
1900 1355 2032 1388 quispiam

1247 1394 1298 1422 etsi
1314 1400 1401 1423 cesset
1416 1395 1450 1422 ab
1474 1404 1555 1430 opere
1581 1397 1723 1432 conjugali,
1752 1398 1823 1424 nullo
1840 1399 1918 1424 modo
1946 1404 2032 1425 tamen

1247 1439 1397 1466 absolvitur
1409 1441 1576 1474 copulatione
1590 1442 1722 1476 eonjugii;
1739 1443 1774 1468 ita
1791 1443 1914 1473 clericus,
1929 1444 1978 1469 etsi
1993 1443 2032 1468 sui

1246 1483 1350 1512 ordinis
1361 1492 1413 1511 non
1429 1484 1555 1519 fungatur
1571 1486 1669 1518 ofticio,
1695 1488 1812 1521 ejusdem
1832 1493 1919 1514 tamen
1933 1489 2035 1514 ordinis

1247 1537 1300 1557 non
1316 1530 1425 1559 exuitur
1436 1537 1618 1558 sacramento.
1635 1532 1787 1558 Cavendum
1804 1538 1844 1559 est
1858 1540 1920 1567 ergo
1935 1534 1986 1559 illis
2003 1542 2035 1560 nc

1245 1581 1328 1608 super
1342 1581 1388 1601 eos
1406 1576 1494 1601 veniat
1509 1576 1680 1603 formidolosa
1695 1576 1737 1602 illa
1750 1578 1893 1609 sententia,
1922 1586 1972 1611 qua
1987 1585 2035 1611 per

2087 1000 2201 1026 maxime
2215 1000 2302 1026 fumus
2316 1000 2372 1032 ejus
2387 999 2469 1026 fumet
2484 1004 2510 1026 et
2526 998 2599 1025 zelus
2620 1001 2713 1025 contra
2735 996 2872 1025 hominem

2087 1047 2170 1078 illum,
2195 1052 2220 1073 et
2239 1048 2347 1072 seiieaut
2367 1053 2445 1079 supra
2460 1053 2520 1072 eum
2539 1044 2628 1071 omnia
2644 1043 2798 1077 maledicta,
2810 1049 2870 1078 qua

2087 1094 2184 1126 scripta
2202 1096 2263 1118 sunt
2280 1092 2304 1116 in
2320 1091 2369 1117 hoc
2391 1090 2536 1121 volumine,
2561 1094 2588 1116 et
2601 1088 2690 1116 deleat
2702 1094 2798 1116 nomen
2811 1086 2872 1121 ejus

2086 1139 2135 1164 sub
2149 1137 2227 1167 coelo,
2244 1143 2269 1163 et
2285 1141 2423 1162 consumat
2437 1144 2496 1162 eum
2510 1135 2536 1161 in
2549 1133 2725 1169 perditionem
2739 1140 2772 1161 ex
2784 1131 2871 1160 omni-

2087 1183 2134 1208 bus
2150 1183 2271 1208 tribubus
2284 1182 2363 1207 lsrael
2376 1181 2451 1214 jutla
2468 1179 2677 1210 ntalediclioncs.
2690 1185 2750 1213 quo
2764 1177 2791 1205 in
2804 1176 2873 1204 me

2086 1229 2150 1262 ινδιξ
2172 1228 2248 1260 hujus
2266 1236 2296 1253 ac
2318 1227 2427 1253 hederis
2448 1226 2621 1253 eoutixzcntur
2642 1223 2732 1260 (Deut.
2756 1223 2840 1258 ηις).
2859 1231 2869 1249 s

2086 1274 2137 1299 Sel
2153 1278 2178 1298 et
2202 1273 2341 1299 l‘saimisia
2357 1272 2432 1303 dicit,
2450 1281 2457 1296 ι
2475 1270 2622 1302 Malcdicti,
2645 1269 2691 1305 qui
2704 1268 2839 1296 declinant
2855 1275 2871 1294 a

2088 1320 2219 1345 mandatis
2234 1319 2285 1344 tuis
2298 1317 2383 1351 ([‘sul.
2396 1317 2499 1349 cxvut).
2517 1326 2525 1341 ι
2538 1316 2568 1342 Et
2584 1323 2630 1350 per
2642 1314 2809 1342 Ezechielem
2820 1313 2871 1341 Do-

2086 1365 2173 1389 minus
2188 1364 2223 1389 ait
2239 1372 2244 1389 :
2262 1374 2269 1388 ι
2290 1363 2379 1396 hcque
2395 1363 2521 1396 cogitatio
2548 1360 2644 1388 tuentis
2657 1364 2753 1388 vestra
2767 1358 2812 1387 llet
2824 1359 2867 1386 di-

2085 1409 2200 1434 centium
2217 1395 2343 1434 ;Eriuius
2365 1395 2439 1433 sicut
2449 1395 2545 1441 gente!
2565 1410 2591 1432 ct
2608 1405 2678 1432 sicut
2699 1404 2872 1439 cognationes

2087 1459 2177 1486 terrm,
2200 1459 2225 1479 ut
2241 1454 2360 1479 eol'tums
2378 1453 2447 1487 ligna
2469 1457 2494 1478 et
2513 1452 2626 1485 lapides.
2642 1450 2710 1478 Vivo
2731 1456 2790 1485 ego.
2807 1448 2872 1476 dicit

2088 1499 2214 1525 Dominus
2246 1498 2325 1529 Deus,
2344 1498 2470 1531 quoniam
2487 1498 2512 1522 ιιι
2540 1503 2619 1522 manu
2634 1494 2695 1522 forti
2711 1498 2739 1522 et
2762 1493 2872 1521 brachio

2086 1549 2194 1571 extento
2207 1548 2232 1570 et
2248 1544 2272 1569 iu
2289 1543 2378 1569 furore
2390 1542 2472 1569 effluo
2489 1541 2605 1575 regnabo
2620 1548 2699 1575 super
2713 1546 2760 1567 vos
2768 1542 2796 1566 et
2808 1539 2871 1566 edu-

2087 1597 2145 1615 cam
2160 1596 2207 1614 vos
2226 1589 2257 1614 de
2271 1589 2384 1622 populis,
2403 1593 2429 1615 ct
2448 1586 2616 1622 congregabo
2629 1592 2678 1613 vos
2691 1585 2725 1612 de
2741 1584 2821 1612 terris
2846 1584 2871 1611 iu

1246 1619 1404 1667 Apostolum
1432 1621 1550 1648 dicitur:
1566 1631 1574 1646 ι
1603 1622 1771 1657 impossibile
1789 1628 1841 1653 est,
1862 1623 1956 1656 inquit,
1974 1631 2032 1653 eos,
2049 1617 2069 1646 C
2087 1635 2186 1667 quibus
2215 1617 2326 1667 δίψξῶ
2355 1617 2431 1664 θέης,
2453 1637 2480 1659 ει
2501 1617 2647 1667 ξυιῇίειοιη
2666 1636 2713 1659 το.
2727 1629 2754 1657 ιη
2766 1633 2872 1664 mpm

1246 1665 1292 1700 qui
1308 1666 1390 1693 semel
1404 1672 1466 1693 sunt
1483 1667 1638 1700 illuininati,
1652 1672 1825 1702 gustaverunt
1840 1669 1921 1694 etiam
1935 1670 2032 1694 ιίυιιωιι

1247 1709 1384 1744 εωιεειεε,
1410 1715 1436 1738 et
1455 1712 1599 1747 participes
1621 1717 1683 1740 sunt
1711 1711 1774 1739 facti
1797 1713 1912 1747 Spiritus
1937 1714 2033 1745 sancti,

2086 1688 2145 1707 meo
2161 1679 2267 1713 (Ludi.
2282 1679 2337 1713 xx).
2358 1688 2366 1703 ι

1735 1802 1816 1836 219
1847 1810 1919 1853 DE
1951 1810 2131 1855 LIBRO
2161 1809 2381 1855 TOBI/E.

1281 1890 1349 1919 Illud
1364 1891 1397 1919 ad
1413 1892 1570 1919 memoriam
1596 1900 1701 1923 revoca.
1726 1893 1796 1926 quod
1818 1894 1850 1919 de
1873 1893 1956 1920 Tobia
1973 1893 2032 1920 viro

1244 1935 1317 1971 justo
1333 1935 1471 1970 Scriptura
1495 1940 1608 1963 testatur
1624 1946 1630 1962 :
1651 1946 1659 1961 ι
1676 1937 1803 1972 Contigit,
1821 1938 1954 1972 inquiens.
1971 1945 2032 1964 cum

1248 1988 1302 2008 una
1315 1980 1359 2007 die
1383 1980 1509 2015 fatigatus
1529 1989 1542 2007 a
1558 1981 1705 2015 sepultura,
1724 1982 1834 2008 veniens
1849 1983 1968 2013 domum,
1992 1983 2034 2016 ja-

1247 2030 1351 2053 ctasset
1366 2033 1395 2051 se
1418 2024 1493 2058 juxta
1510 2026 1637 2060 parietem
1653 2030 1680 2052 et
1700 2026 1889 2058 obdormisset,
1907 2031 1986 2061 atque
2001 2035 2034 2053 es

1247 2070 1313 2098 nido
1329 2069 1500 2096 hirundinum
1527 2070 1669 2097 dormienti
1688 2070 1725 2097 illi
1743 2070 1830 2097 calida
1860 2077 1979 2098 stercora
1996 2072 2035 2097 in-

1250 2115 1371 2143 siderent
1389 2122 1471 2149 super
1499 2115 1592 2143 oculos
1619 2116 1677 2150 ejus
1704 2116 1835 2150 ﬁeretque
1857 2116 2033 2152 caecus(Tob.

1248 2161 1292 2195 tt).
1309 2170 1318 2186 ι
1340 2160 1480 2195 Fatigatus
1495 2168 1509 2187 a
1528 2161 1677 2195 sepultura,
1701 2161 1763 2188 dum
1780 2169 1808 2189 se
1830 2161 1901 2189 velut
1916 2162 2034 2190 effractis

1248 2205 1352 2233 viribus
1367 2205 1484 2240 projicit,
1500 2206 1590 2233 lumen
1606 2207 1714 2233 amittit.
1736 2207 1847 2234 lllmsmn
1865 2208 1962 2242 quippe
1974 2216 2034 2235 cor-

2085 1897 2235 1927 perungunt
2244 1900 2258 1918 τι
2267 1892 2363 1925 quibus
2376 1890 2478 1918 scilicet
2491 1890 2546 1917 hrcc
2559 1884 2629 1925 saepe
2639 1889 2782 1917 dicuntur:
2795 1888 2872 1922 Vive,

2085 1938 2147 1962 dum
2165 1936 2242 1965 vitis,
2258 1942 2349 1961 recrea
2364 1942 2462 1969 corpus
2476 1935 2583 1965 eduliis.
2598 1941 2633 1962 ne
2647 1934 2669 1961 si
2684 1933 2873 1961 sedislrictius

2085 1986 2194 2011 ..ιιει-ιιι,
2218 1986 2256 2006 tot
2285 1988 2413 2014 oppressa
2438 1980 2574 2006 laboribus
2595 1986 2659 2006 caro
2684 1977 2785 2014 fragilis
2809 1985 2872 2006 mox

2087 2026 2244 2052 succumbat
2259 2034 2265 2057 ;
2281 2032 2396 2059 persona
2426 2029 2469 2050 tua
2486 2021 2722 2051 excellentioribus
2735 2022 2873 2050 excolatur

2089 2071 2214 2099 induviis.
2230 2076 2258 2096 ιιι
2280 2071 2346 2104 ejus,
2372 2077 2451 2103 quam
2469 2074 2552 2100 tenes.
2577 2073 2699 2095 servetur
2713 2067 2819 2102 genium
2832 2067 2872 2094 di-

2088 2117 2213 2151 gnitatis;
2227 2116 2424 2150 agglomcretur
2435 2115 2564 2141 lateribus
2577 2113 2629 2141 luis
2643 2112 2870 2145 turbaclieulium,

2088 2166 2116 2187 ιιι
2133 2162 2194 2187 dum
2212 2166 2237 2187 lc
2251 2165 2461 2187 commeantium
2478 2159 2622 2186 multitudo
2636 2159 2804 2189 condecorat,
2821 2158 2870 2185 ho-

2089 2207 2162 2233 noris
2176 2205 2265 2232 ofﬁcio
2276 2210 2339 2232 tunc
2351 2205 2470 2232 vilescat.
2486 2204 2538 2231 Sed
2546 2204 2567 2231 si
2581 2203 2657 2231 nobis
2668 2204 2724 2231 hac
2735 2203 2871 2231 diabolica

1248 2253 1291 2282 dis
1312 2253 1420 2280 oculum
1439 2258 1540 2285 servat,
1563 2254 1683 2288 quisquis
1698 2254 1724 2280 in
1750 2254 1828 2281 bonis
1843 2254 1971 2288 operibus
1994 2255 2035 2281 in-
2049 2257 2073 2286 ι)
2088 2251 2262 2284 malignitatis
2287 2249 2439 2277 amaritudo
2473 2249 2621 2284 detegitur,
2650 2248 2805 2276 ιθηιῦιίοιιίι
2830 2248 2871 2275 ιη’

1250 2298 1395 2333 fatigabilis
1408 2303 1572 2332 perseverat,
1589 2306 1650 2325 cum
1667 2306 1730 2325 vero
1745 2299 1951 2334 pusillanimiter
1963 2297 2035 2325 fran-

1251 2345 1334 2379 gitur,
1349 2351 1399 2370 nou
1420 2343 1555 2371 immerito
1572 2344 1632 2371 luce
1658 2344 1788 2378 privatur.
1808 2343 1874 2370 lliuc
1887 2344 1956 2370 enim
1971 2345 2037 2371 scri-

1251 2394 1327 2423 ptum
1344 2392 1384 2415 est
1400 2396 1407 2414 :
1424 2398 1432 2413 ι
1453 2387 1498 2415 Va:
1518 2389 1560 2415 bis
1575 2389 1618 2423 qui
1645 2389 1819 2423 perdiderunt
1850 2390 2035 2416 sustinentium

1251 2434 1346 2469 (Eccli.
1370 2434 1411 2468 tt).
1432 2444 1440 2459 ι
1458 2434 1526 2461 llinc
1550 2434 1648 2461 Paulus
1665 2435 1721 2461 ait:
1738 2443 1746 2459 ι
1766 2434 1886 2470 Vigilate.
1916 2440 1985 2462 state
2010 2435 2035 2461 in

1252 2479 1315 2512 ilde,
1334 2480 1446 2506 viriliter
1464 2480 1534 2515 agite
1546 2479 1572 2514 (I
1589 2479 1650 2506 Cor.
1673 2480 1740 2515 xvi).
1760 2490 1767 2504 ο
1783 2480 1851 2513 Quid
1863 2488 1926 2507 vero
1943 2480 2037 2507 leviter

1251 2524 1373 2552 volantes
1391 2525 1559 2555 hirundines.
1575 2526 1624 2552 nisi
1638 2525 1709 2551 leves
1722 2525 1888 2551 adulantium
1902 2531 1928 2553 et
1940 2525 2034 2552 blanda

1252 2569 1418 2605 loquentium
1434 2570 1586 2603 significant
1602 2578 1690 2597 more:
1704 2571 1715 2596 ?
1732 2572 1775 2604 qvi
1795 2571 1855 2597 dum
1873 2571 2035 2605 blandiloqui

1252 2622 1299 2642 sua
1314 2614 1447 2641 suavitate
1462 2615 1621 2647 dctnulcent,
1634 2616 1697 2642 dum
1713 2616 1870 2643 adciatiouis
1885 2617 1945 2644 oleo
1958 2622 2039 2650 caput

1253 2658 1387 2686 audientis
1411 2658 1587 2694 impinguant,
1611 2660 1752 2687 interiores
1775 2661 1876 2693 oculos,
1902 2669 1935 2689 ne
1959 2661 2037 2688 solita

1254 2703 1314 2730 luce
1340 2703 1472 2734 fruantur,
1498 2708 1645 2731 excaecant.
1665 2713 1674 2729 ι
1696 2705 1828 2740 Corripiet
1852 2713 1905 2737 me,
1932 2706 2036 2740 inquit,

1251 2749 1341 2783 justus
1355 2749 1380 2775 in
1393 2748 1574 2776 misericordia
1592 2753 1621 2776 et
1644 2750 1791 2784 increpabit
1811 2757 1868 2781 me;
1880 2752 1968 2777 oleum
1988 2758 2036 2776 au-

1256 2798 1309 2821 tern
1332 2793 1484 2828 peccatoris
1504 2801 1556 2821 non
1582 2794 1729 2829 impinguet
1752 2800 1830 2829 caput
1850 2802 1937 2821 meum
1951 2794 2036 2830 {PsaL

1256 2838 1327 2873 CXL).
1347 2848 1355 2864 ι
1372 2838 1404 2865 Et
1429 2843 1555 2873 tauquam
1581 2844 1686 2866 stercus
1711 2840 1795 2866 oculis
1822 2840 1960 2875 ingeritur,
1974 2840 2037 2866 diuit

1259 2883 1437 2912 lenocinantis
1463 2885 1565 2920 eloquia
1593 2886 1737 2920 quemlibet
1762 2886 1859 2913 blanda
1874 2887 2037 2914 \"Ctltositulc

2087 2301 2168 2330 gesta:
2183 2295 2314 2328 caligines
2340 2294 2463 2321 funditus
2485 2298 2660 2320 evanescunt.
2688 2291 2763 2320 Unde
2777 2296 2803 2320 et
2817 2291 2871 2319 lllic

2087 2340 2185 2366 dicitur
2200 2348 2205 2365 :
2225 2349 2233 2364 ι
2251 2338 2326 2366 Tunc
2338 2346 2445 2365 sumens
2460 2337 2558 2365 Tobias
2572 2338 2606 2365 de
2619 2337 2680 2366 felle
2691 2337 2774 2373 piscis
2785 2336 2871 2365 liuivlt

2089 2384 2182 2410 oculos
2206 2384 2275 2417 patri
2295 2391 2352 2413 suo,
2379 2390 2495 2417 moxque
2520 2383 2603 2418 carpit
2626 2383 2723 2418 albugo
2736 2390 2769 2410 ex
2786 2382 2870 2410 oculis

2086 2428 2143 2462 ejus
2156 2430 2230 2461 quasi
2247 2429 2401 2456 membrana
2426 2429 2469 2456 ovi
2493 2429 2594 2464 egredi,
2617 2428 2761 2463 statimque
2783 2428 2869 2455 visum

2087 2476 2186 2509 recepit
2202 2475 2276 2510 (Tol).
2293 2475 2341 2509 ιι).
2356 2484 2365 2500 ›
2383 2474 2429 2502 Fel
2443 2476 2542 2501 etcuim
2559 2474 2639 2507 piscis
2652 2478 2694 2502 est
2709 2473 2810 2501 malitia
2821 2472 2870 2501 Bo-

2087 2520 2186 2550 bemol,
2203 2520 2248 2553 qui
2274 2525 2355 2553 caput
2369 2525 2410 2546 est
2430 2524 2456 2546 ct
2483 2519 2587 2549 initium
2614 2519 2695 2547 totius
2710 2519 2868 2554 iniquitatis.

2086 2563 2179 2590 Cmcus
2194 2564 2282 2598 itaque
2300 2564 2360 2591 felle
2378 2564 2459 2597 piscis
2478 2564 2606 2591 Oblinitur
2619 2569 2646 2591 et
2662 2565 2785 2600 protinus
2794 2565 2871 2592 eieci-

2087 2612 2128 2635 tas
2139 2607 2351 2642 elfugatur,quia
2363 2615 2423 2635 cum
2436 2610 2586 2635 amaritudo
2597 2609 2735 2637 diabolica:
2747 2610 2869 2636 versutia:

2087 2654 2187 2680 nostris
2203 2654 2287 2680 oculis
2301 2658 2408 2680 ostensa
2434 2654 2605 2689 proponitur.
2621 2654 2793 2682 tenebrarum
2808 2661 2867 2681 mox

2088 2699 2173 2733 caligo
2189 2698 2270 2733 220
2282 2699 2449 2732 propellitur,
2465 2702 2492 2725 et
2516 2699 2561 2725 lux
2584 2699 2707 2732 interior.
2724 2706 2783 2733 qua
2797 2699 2870 2726 velut

2088 2744 2210 2777 eclipsim
2232 2750 2308 2777 passa
2334 2744 2438 2775 fuerat,
2457 2744 2633 2771 reformatur.
2661 2744 2695 2773 Et
2721 2745 2868 2772 notandum

2087 2790 2156 2823 quod
2173 2789 2274 2816 dicitur
2295 2789 2356 2823 quia
2372 2790 2449 2824 prius
2464 2789 2561 2825 albugo
2584 2790 2617 2819 de
2638 2791 2724 2819 oculis
2737 2795 2779 2819 cst
2800 2790 2870 2818 illius

2086 2843 2174 2871 egros;
2206 2841 2232 2862 ct
2243 2835 2282 2862 sic
2294 2834 2337 2862 lux
2350 2835 2422 2862 illico
2434 2840 2569 2870 reparata.
2585 2835 2631 2863 Ille
2642 2836 2740 2872 quippe
2752 2836 2778 2863 in
2788 2835 2870 2864 oculis

2087 2884 2156 2918 gerit
2171 2882 2322 2918 albuginem
2338 2882 2384 2917 qui
2399 2883 2430 2909 de
2443 2889 2472 2910 se
2494 2882 2648 2911 sanctitatis
2667 2884 2749 2911 habet
2767 2882 2870 2916 opinis»
