3978 6376
260 373 285 430 Ι
304 374 404 433 [29
1556 408 1624 465 IN
1662 408 1927 467 LIBRUM
1960 409 2087 469 PSA
2097 412 2213 470 LM.
3413 418 3433 471 Ι
3453 416 3552 473 ίδὶ)

271 541 421 583 nem.
459 522 720 594 Quisquis
748 535 877 592 ergo
907 532 1233 591 recuperare
1260 518 1378 575 vult
1403 518 1579 576 lucem
1606 530 1855 591 amputet
1881 529 1933 588 Α
1962 523 2132 579 Deum
2163 524 2424 582 videbunt
2448 525 2666 597 (Matth.
2700 528 2776 599 v).
2810 544 2826 579 ι
2874 525 2964 582 lsli
3003 536 3130 583 sunt
3159 528 3324 597 oculi,
3356 530 3423 585 de
3446 546 3569 602 qui-

267 633 300 674 δ
337 627 395 673 se
440 617 593 685 prius
630 613 893 669 aﬂ‘ectata:
946 611 1322 667 azstimationis
1351 611 1678 682 albuginem,
1714 621 1772 666 ut
1800 627 1859 667 se
1964 616 2067 669 bus
2098 618 2152 671 in
2201 616 2443 672 Cantieis
2479 619 2682 673 dicitur
2715 634 2726 671 :
2774 637 2791 671 ι
2828 618 2982 673 Oculi
3040 621 3113 673 tui
3168 621 3570 690 columbarum,

266 718 380 759 non
421 708 658 776 abneget
687 714 1051 766 oeccatorem,
1090 702 1181 771 qui
1227 703 1437 772 peccati
1467 702 1583 757 vult
1626 704 1859 757 evadere
1966 708 2173 777 absque
2197 724 2264 763 eo
2293 710 2436 780 quod
2463 709 2798 766 intrinsecus
2826 711 2961 766 latet
2994 712 3173 782 (Cant.
3195 716 3290 780 l\').

265 798 593 853 caecitatem.
636 817 659 852 ε
723 792 875 850 Beati
936 791 1139 848 mundo
1188 794 1383 859 corde,
1440 794 1696 863 quoniam
1748 791 1863 862 ipsi

1574 990 1722 1078 DE
1794 987 2162 1081 LIBRO
2232 989 2491 1083 JOB.

1966 1162 2083 1216 suis
2115 1162 2471 1233 reproborum
2520 1162 2767 1219 turbines
2822 1168 3271 1237 persequentium
3320 1179 3375 1225 et
3415 1174 3577 1242 quasi

1965 1251 2216 1307 furentes
2268 1261 2487 1307 coercet
2537 1253 2770 1323 impetus
2814 1265 3233 1325 tempestatum;
3278 1262 3421 1329 quod
3466 1264 3571 1320 etsi

632 1161 715 1218 Ea:
762 1177 997 1216 sermone
1044 1162 1109 1214 de
1144 1160 1205 1215 S.
1248 1157 1494 1230 Georgio.

344 1276 364 1311 ι
396 1257 527 1326 Quis
552 1256 821 1313 conclusit
856 1255 1014 1310 ostiis
1064 1270 1237 1319 mare,
1280 1256 1499 1323 quando
1536 1255 1857 1327 erumpebat

264 1350 424 1417 quasi
460 1349 526 1403 de
554 1347 713 1401 vulva
767 1345 1113 1416 procedens?
1148 1364 1167 1397 ι
1207 1345 1275 1399 Et
1311 1346 1468 1415 paulo
1497 1355 1655 1415 post:
1687 1366 1705 1399 ‹
1743 1346 1862 1401 Cir-

266 1437 520 1492 cumdedi
578 1436 710 1490 illud
765 1436 1012 1490 terminis
1064 1434 1218 1499 meis,
1268 1444 1322 1491 et
1344 1435 1499 1505 posui
1548 1438 1759 1491 vectem
1808 1446 1863 1491 et

264 1529 432 1591 ostia,
474 1520 529 1583 et
554 1528 707 1583 dixi:
742 1527 925 1597 Usque
966 1528 1072 1582 huc
1121 1528 1306 1583 venies
1361 1536 1417 1583 et
1447 1544 1554 1584 non
1599 1529 1863 1598 procedes

1964 1340 2147 1395 {urere
2200 1356 2370 1411 usque
2435 1342 2505 1397 ad
2576 1343 2853 1413 infigenda
2918 1348 3245 1417 corporibus
3304 1361 3575 1409 tormenta

1968 1432 2238 1495 concedit,
2268 1447 2334 1487 ne
2358 1442 2536 1487 tamen
2574 1436 2806 1500 animas,
2833 1435 3034 1493 laedant
3066 1439 3264 1495 invicta
3289 1458 3384 1497 eos
3404 1454 3574 1516 atque
3628 1509 3641 1520 ι

1968 1524 2211 1596 pervigili
2243 1524 2450 1579 brachii
2500 1526 2581 1580 sui
2626 1528 2970 1596 protectione
3021 1534 3263 1589 custodit
3310 1537 3575 1605 quodam-

264 1619 523 1687 amplius,
569 1630 624 1675 et
677 1620 767 1675 hic
816 1618 1124 1689 conlringes
1182 1627 1451 1674 tumentes
1501 1618 1696 1675 ﬂuctus
1743 1630 1867 1675 tuos
1967 1618 2128 1671 modo
2156 1618 2341 1672 dicens
2371 1619 2550 1673 mari:
2584 1638 2601 1671 ‹
2638 1619 2932 1692 Hucusque
2971 1626 3180 1691 venies,
3215 1636 3270 1681 et
3314 1644 3419 1683 non
3446 1646 3576 1697 pro-

266 1710 397 1779 (Job
457 1711 715 1781 κιχνηι),
765 1730 784 1762 ,
842 1711 1136 1765 Enimvero
1202 1719 1350 1765 recte
1417 1726 1514 1779 per
1569 1727 1719 1765 mare
1770 1726 1867 1766 cor
1964 1706 2128 1762 cedes
2171 1708 2427 1777 amplius,
2464 1716 2519 1763 et
2555 1709 2643 1764 hic
2695 1712 3007 1783 confringes
3057 1723 3328 1773 tumentes
3377 1718 3577 1777 ﬂuctus

264 1800 418 1868 pravi
452 1800 689 1855 hominis
716 1798 1052 1867 designatur,
1098 1799 1242 1869 quod
1285 1798 1535 1854 videlicet
1572 1797 1757 1854 furore
1780 1810 1866 1855 est
1967 1806 2109 1852 tuos.
2145 1816 2164 1850 ι
2212 1799 2289 1853 Ac
2324 1800 2376 1852 si
2416 1809 2669 1867 patenter
2718 1802 2902 1857 dicat:
2936 1805 3120 1875 Usque
3166 1809 3233 1862 ad
3284 1810 3573 1869 inferenda

264 1890 566 1952 turbidum,
608 1889 740 1944 rixis
785 1905 1054 1955 amarum,
1104 1889 1341 1944 elatione
1378 1891 1645 1961 superbiae
1694 1892 1858 1946 tumi-
1889 1913 1935 1971 Β
1964 1893 2284 1963 corporibus
2333 1904 2383 1946 te
2417 1902 2687 1950 tormenta
2723 1895 2942 1963 relaxo;
2975 1914 3043 1953 ne
3076 1908 3259 1955 autem
3292 1919 3465 1974 usque
3497 1906 3569 1961 ad

263 1981 418 2046 dum,
448 1981 677 2052 caligine
708 1981 989 2037 malitiosae
1016 1980 1221 2035 fraudis
1247 1980 1565 2037 obscurum.
1624 1980 1860 2053 Separa-

262 2070 343 2125 vit
381 2086 512 2141 ergo
555 2080 683 2125 tunc
718 2071 861 2126 Deus
900 2086 1048 2126 mare
1072 2079 1125 2126 et
1169 2072 1410 2126 minaces
1456 2054 1649 2127 ﬂuctus
1673 2073 1740 2127 ab
1772 2073 1858 2126 in-

262 2161 563 2216 undatione
594 2170 755 2217 terra:
800 2161 1158 2232 compescuit,
1190 2171 1251 2215 ut
1291 2171 1435 2215 terra
1468 2163 1707 2217 virentes
1735 2164 1860 2217 her-

261 2252 367 2309 bas
418 2262 473 2309 et
514 2253 661 2325 ligna
715 2254 980 2324 pomifera
1030 2255 1363 2326 germinaret
1390 2270 1454 2329 ac
1480 2255 1674 2310 deinde
1704 2269 1857 2326 sege-

262 2352 381 2401 tum
408 2344 619 2402 lructus
647 2344 886 2402 afferret.
942 2345 1169 2417 Separat
1214 2346 1376 2401 etiam
1409 2362 1551 2401 nunc
1576 2348 1643 2402 ab
1669 2347 1859 2402 electis

1967 1986 2205 2039 animam
2266 1986 2499 2041 cumulis
2562 1986 3053 2047 intumescentibus
3110 1992 3387 2062 proﬂuas,
3438 1997 3572 2069 legis

1967 2090 2102 2128 meae
2147 2075 2243 2129 tibi
2288 2075 2442 2129 littus
2505 2090 2741 2146 oppono,
2802 2086 2860 2131 ut
2918 2080 3045 2134 dum
3095 2081 3264 2138 furori
3308 2084 3570 2143 ﬂuctuum

1969 2176 2181 2222 tuorum
2214 2168 2366 2223 littus
2404 2168 2682 2237 objicitur,
2732 2178 2877 2226 terra
2932 2176 3113 2231 cordis
3144 2178 3211 2233 ad
3242 2178 3571 2249 proferenda

1966 2258 2237 2313 fructuum
2269 2260 2513 2329 germina
2552 2260 2721 2318 libera
2770 2264 3129 2335 relinquatur.

1112 2476 1459 2533 lNClPlUNT
1499 2476 1843 2534 CAPITULA
1884 2476 1973 2531 DE
2009 2473 2216 2531 LIBRO
2254 2473 2706 2533 PSALMORUM.

296 2573 357 2627 1.
397 2571 473 2625 De
502 2571 664 2640 impio
691 2568 921 2624 exaltato
946 2578 993 2623 et
1024 2569 1286 2640 deprcsso.

298 2641 354 2695 2.
401 2641 475 2694 De
503 2636 675 2707 impiis
706 2641 887 2707 positis
914 2640 1046 2692 sicut
1080 2636 1197 2692 oues
1220 2638 1273 2690 in
1300 2636 1532 2705 inferno.

295 2711 349 2787 ξ).
389 2709 532 2787 Qeus
576 2724 743 2787 meus,
780 2708 993 2787 ostende
1021 2709 1151 2787 inibi
1179 2707 1313 2760 bona
1344 2723 1500 2777 super
1530 2708 1768 2787 inimicos
1799 2724 1979 2774 meos;
2010 2724 2072 2763 ne
2102 2709 2311 2763 occidas
2341 2723 2447 2773 eos,
2483 2724 2545 2763 ne
2575 2708 2952 2765 obliviscantur
2977 2712 3105 2778 legis
3130 2721 3252 2772 tum.

293 2782 351 2834 ιι.
396 2780 472 2833 De
498 2778 818 2831 holocaustis
856 2776 1177 2832 medullatis.

292 2851 345 2905 5.
393 2849 518 2903 Non
543 2863 625 2901 me
654 2848 916 2917 demerget
946 2857 1221 2916 tempestas
1248 2863 1420 2916 aqua,
1449 2855 1557 2902 etc.

301 2920 358 2975 6.
403 2918 478 2971 De
506 2917 845 2985 reproborunt
875 2917 1215 2970 exultatione.

298 2990 356 3044 7.
400 2986 530 3040 Filii
571 2986 797 3054 Ephrem
822 2985 1146 3040 iutendentes
1174 3003 1377 3040 arcum.

298 3061 353 3114 8.
402 3056 602 3111 Montes
627 3054 816 3109 excelsi
859 3057 1223 3125 cervis,pelra
1260 3057 1520 3125 refugium
1562 3060 1866 3115 Iterinaciis.

299 3130 355 3184 9.
398 3127 473 3181 De
499 3142 559 3179 eo
584 3126 728 3195 quod
755 3125 951 3195 dicitur
975 3139 994 3176 :
1024 3124 1137 3195 Ego
1163 3127 1273 3180 dixi
1305 3124 1357 3179 in
1382 3124 1597 3183 excessu
1623 3132 1811 3184 metuis
1836 3147 1997 3185 mere:
2037 3129 2223 3184 Omnis
2247 3130 2401 3184 homo
2436 3132 2683 3186 mendax.

264 3200 354 3254 50.
398 3197 473 3269 l_)e
498 3212 557 3249 eo
582 3192 721 3265 quod
746 3194 980 3269 dicitur:
1014 3192 1139 3269 Fiat
1169 3213 1355 3249 manus
1384 3206 1498 3260 tua,
1528 3208 1583 3251 ut
1607 3202 1810 3253 sulcum
1846 3216 1928 3252 me
1956 3200 2138 3269 faciat.

264 3272 354 3324 ll‘.
398 3265 543 3321 Sicut
571 3264 891 3333 unguentum
922 3264 977 3318 in
1002 3266 1171 3332 capite
1192 3268 1331 3335 quod
1373 3269 1661 3333 descendit,
1688 3280 1795 3324 etc.

262 3338 336 3395 12
395 3336 521 3391 Non
552 3336 780 3388 declines
807 3350 901 3387 cor
934 3348 1107 3388 meum
1148 3336 1203 3389 in
1232 3336 1441 3393 verbum
1479 3338 1700 3391 malum.

1618 3409 1925 3479 Expliciunt
1979 3411 2232 3479 capitula.

325 3521 680 3593 231222
747 3536 1391 3629 INCIPIUNT
1460 3538 2215 3632 TESTIMONIA
2296 3542 2629 3634 LIBRI
2710 3548 3487 3652 PSALMORUM.

779 3690 1009 3746 CAPUT
1047 3691 1339 3749 PRIMUM.

263 3797 333 3853 In
373 3798 592 3869 epistola
634 3802 704 3855 ad
755 3800 1084 3879 D_esideri_um
1132 3806 1391 3879 abbatem,
1430 3809 1518 3862 ubi
1556 3824 1713 3879 super
1758 3808 1857 3863 Dei

658 3874 1083 3942 omnipotentiam
1111 3876 1429 3945 disputatur.

343 3980 363 4014 ι
396 3960 516 4017 Vidi
547 3963 772 4034 impium
811 3966 1294 4035 superexaltatum,
1323 3978 1379 4025 et
1405 3970 1673 4027 elevatum
1696 3987 1859 4043 super

260 4051 456 4110 cedro:
507 4054 739 4120 Libani;
796 4057 1044 4124 transivi,
1094 4068 1147 4114 et
1192 4074 1320 4115 ecce
1365 4076 1472 4116 non
1506 4072 1628 4117 erat
1678 4061 1853 4134 (Psal.

261 4144 473 4213 nm).
509 4161 529 4196 ι
562 4144 752 4199 Adhuc
782 4143 1033 4203 fortassis
1056 4147 1376 4217 epulabatur
1415 4150 1504 4206 ille
1550 4151 1854 4219 splendide,

265 4235 590 4291 l'ulciebatur
638 4236 828 4291 cuneis
873 4239 1311 4308 obsequentium,
1364 4242 1709 4298 ambiebatur
1756 4259 1854 4313 ag-

260 4326 501 4381 minibus
524 4325 867 4393 bellatorum,
893 4343 1052 4397 quem
1071 4329 1347 4400 Propheta
1386 4336 1851 4404 superexaltatum

260 4424 316 4471 et
378 4415 649 4472 elevatum
701 4417 836 4472 vidit
888 4434 903 4484 ;
956 4434 1192 4491 moxque
1244 4424 1312 4477 ad
1375 4426 1853 4494 contemplandum

259 4523 470 4565 summa
517 4510 909 4578 pertransiens,
963 4526 1123 4582 quem
1167 4531 1419 4587 magnum
1460 4519 1663 4588 aliquid
1709 4520 1851 4578 forte

262 4598 599 4663 crediderat,
656 4600 787 4653 nihil
818 4616 939 4656 esse
978 4605 1230 4673 cognovit
1281 4618 1405 4662 tunc
1434 4618 1667 4679 gestum.
1699 4610 1853 4666 Tunc

258 4688 405 4743 enim
439 4698 497 4744 et
546 4706 671 4745 cum
720 4691 927 4747 divitiis
962 4694 1351 4763 intumescunt,
1401 4714 1524 4754 cum
1576 4715 1635 4756 se
1688 4717 1851 4771 super

256 4774 395 4832 alios
428 4789 751 4847 arroganter
801 4781 1088 4848 extollunt,
1120 4800 1245 4839 cum
1277 4787 1509 4857 denique
1560 4790 1850 4848 inferiores

254 4882 353 4939 per
382 4869 688 4938 tyrannidis
722 4870 1035 4927 violentiam
1055 4876 1388 4942 opprimunt,
1423 4887 1571 4941 tunc.
1600 4880 1845 4951 inquam,

254 4971 321 5011 eo
359 4957 541 5011 verius
591 4957 723 5011 nihil
769 4968 916 5027 sunt,
944 4975 1051 5030 quo
1082 4967 1149 5017 ab
1170 4979 1237 5020 co
1278 4967 1369 5035 qui
1403 4983 1527 5024 vere
1551 4984 1604 5024 tt
1634 4986 1844 5029 summe

253 5053 336 5101 est
360 5046 548 5116 procul
575 5055 719 5101 sunt.

888 5140 1117 5198 CAPUT
1154 5142 1219 5199 ll.

609 5224 677 5279 In
704 5227 923 5297 epistola
956 5232 1026 5285 ad
1055 5230 1453 5291 Hermisindim.

330 5333 353 5369 ι
388 5316 542 5373 Sicut
577 5332 709 5373 oves
736 5319 790 5373 in
820 5320 1033 5377 inferno
1085 5326 1246 5393 positi
1302 5338 1451 5395 sunt,
1487 5342 1540 5386 et
1568 5348 1715 5389 mors
1749 5334 1844 5388 dc-

249 5415 438 5480 pascet
483 5423 577 5463 eos
629 5406 803 5479 (Psal.
846 5412 1055 5481 xtvtrt).
1092 5432 1109 5464 ι
1153 5413 1294 5471 Oves
1347 5420 1509 5475 habet
1548 5420 1795 5479 Christus
1822 5465 1839 5491 ,

251 5513 387 5568 quas
432 5496 500 5551 ad
552 5511 767 5552 amoena
814 5499 1039 5554 virentia
1088 5504 1259 5560 caulis
1303 5509 1617 5566 ccelestibus
1664 5513 1870 5569 intro-'

252 5594 411 5648 ducat
436 5605 452 5656 ;
474 5604 605 5646 oves
637 5590 799 5653 habet
830 5603 886 5647 et
935 5593 1022 5649 ille
1054 5594 1138 5650 leo
1167 5601 1409 5669 rugiens,
1443 5618 1580 5673 quas
1605 5607 1833 5661 insatia-

250 5684 342 5740 bili
370 5691 629 5738 crucntus
672 5698 767 5737 ore
812 5684 1090 5755 deglutiat.
1119 5689 1220 5756 Qui
1251 5693 1386 5750 bene
1432 5713 1581 5753 mors
1609 5700 1828 5759 dicitur.

249 5774 394 5846 quia,
425 5788 547 5828 cum
582 5773 653 5828 sit
704 5782 892 5830 auctor
946 5782 1155 5844 mortis,
1188 5783 1251 5836 ad
1290 5784 1632 5844 inferendum
1676 5790 1829 5848 nobis

773 5866 1045 5931 l’sraoc.
1081 5867 1320 5936 CXLV,

1882 3700 1927 3761 ο
1961 3694 2240 3751 interitum
2276 3696 2572 3751 crudeliter
2600 3696 2859 3755 ell'eratur
2890 3720 2902 3755 :
2934 3704 3078 3759 unde
3108 3704 3352 3767 Joannes
3387 3729 3402 3765 :
3451 3734 3469 3766 ι
3500 3714 3569 3771 Et

1961 3800 2090 3842 ecce
2130 3802 2305 3858 equus
2332 3789 2585 3860 pallidus,
2619 3804 2674 3847 et
2701 3794 2792 3863 qui
2824 3795 3049 3853 sedebat
3099 3816 3263 3873 super
3292 3818 3439 3875 eum,
3468 3824 3570 3867 no-

1960 3896 2083 3937 men
2114 3883 2187 3937 illi
2217 3882 2361 3939 Mors
2397 3883 2581 3955 (Apoc.
2615 3888 2717 3959 vr).
2748 3907 2766 3940 ι

2587 3998 2818 4057 CAPUT
2858 4004 2945 4060 Ill.

1961 4102 2773 4197 Iit‘epifstola-gadbDeside'rium
2822 4116 3087 4197 abbatem,
3119 4123 3209 4197 ubi
3251 4126 3378 4181 dicit
3419 4134 3564 4197 quod

2031 4180 2573 4268 majori—-stitsudignus
2618 4182 2817 4268 honore
2859 4187 2952 4256 qui
3008 4180 3566 4268 dignitatemnrojiciwt

2028 4262 2186 4314 quam
2214 4264 2304 4316 qm
2325 4265 2381 4302 ιη
2402 4265 2464 4302 ea
2490 4261 2687 4306 manet.

2036 4353 2053 4385 σ
2092 4334 2254 4402 Deus,
2310 4338 2455 4393 Deus
2492 4355 2670 4406 meus,
2725 4348 2954 4404 ostende
3016 4352 3149 4409 mihi
3202 4355 3346 4415 bona
3398 4379 3567 4438 super

1958 4426 2209 4483 inimicos
2238 4443 2389 4485 meos
2431 4448 2446 4495 ;
2504 4448 2574 4487 ne
2606 4435 2826 4491 occidas
2883 4454 2995 4505 eos,
3050 4460 3119 4499 ne
3171 4426 3566 4515 obliviscamur

1954 4516 2090 4588 legis
2136 4527 2240 4573 tute
2293 4518 2465 4591 (Psal.
2507 4523 2684 4595 LVIII).
2723 4544 2743 4578 ›
2795 4526 3026 4586 Provida
3072 4536 3271 4607 quippe
3322 4541 3561 4602 Redem-

1952 4611 2127 4710 ptoris
2152 4614 2326 4710 nostri
2360 4615 2771 4710 dispensatione
2795 4624 3055 4683 divinitus
3084 4633 3283 4703 agitur,
3315 4648 3373 4693 ut
3402 4646 3562 4710 quasi

1924 4702 2022 4757 ‘ad
2068 4705 2395 4759 servandam
2434 4706 2571 4779 legis
2599 4710 2819 4767 domum
2852 4702 3163 4777 Iudaeorum
3198 4702 3442 4799 reliquid:
3467 4752 3556 4792 re-

1954 4805 2240 4850 serventur
2266 4815 2281 4863 ;
2312 4806 2371 4851 ut
2400 4799 2500 4868 ipsi
2523 4804 2927 4869 quodammodo
2956 4814 3126 4867 nostri
3154 4816 3261 4871 sint
3283 4824 3558 4884 sariniarii

1952 4894 2008 4939 et
2056 4885 2228 4944 libros
2260 4890 2505 4947 emlestis
2538 4893 2737 4963 eloquii
2774 4897 2827 4951 in
2875 4902 3087 4969 eadem,
3123 4908 3175 4963 in
3216 4926 3318 4981 qua
3352 4921 3557 4974 conditi

1952 4985 2079 5078 sunt
2113 4979 2558 5081 lippum-ubique
2587 4994 2861 5045 terrarum
2911 4993 3112 5063 ferant,
3143 4979 3409 5070 quatenus
3430 5010 3555 5081 ipsi,

1878 5060 1929 5120 D
1957 5066 2045 5161 qui
2090 5072 2249 5126 nobis
2272 5072 2481 5129 inimici
2521 5085 2671 5144 sunt,
2705 5079 2751 5135 si
2784 5084 3002 5151 quando
3025 5060 3311 5161 scrupulus

1948 5156 2075 5211 tatis
2097 5162 2408 5228 emerserit,
2440 5179 2600 5221 omne
2626 5168 2784 5225 nobis
2813 5172 3126 5243 ambiguum
3155 5156 3366 5239 tollant.
3397 5156 3555 5247 Unde

1944 5261 2042 5315 per
2066 5247 2415 5306 Psalmistam
2444 5255 2645 5311 dicitur
2674 5275 2687 5313 :
2720 5278 2738 5310 ε
2775 5260 2918 5317 Deus
2940 5280 3116 5332 meus,
3158 5278 3385 5333 ostende
3414 5282 3550 5339 mihi

1944 5341 2085 5393 bona
2136 5343 2279 5399 inter
2326 5345 2584 5403 inimicos
2635 5367 2807 5419 meos,
2854 5371 2924 5410 ne
2962 5360 3361 5424 obliviscantur
3412 5371 3550 5446 legis

1949 5441 2072 5535 tute.
2101 5451 2118 5483 ι
2155 5432 2420 5535 llebraica
2439 5439 2643 5535 quippe
2669 5442 2873 5514 lingua,
2893 5462 3013 5516 quae
3038 5458 3147 5506 toto
3170 5457 3305 5513 orbe
3340 5432 3552 5535 disper-

1946 5522 2118 5623 gitur,
2149 5526 2378 5581 multum
2430 5529 2758 5589 Christiana:
2806 5536 2933 5593 ﬁdei
2976 5547 3273 5604 auctoritas
3324 5522 3549 5623 adjuva-

1946 5623 2050 5668 tur.
2071 5612 2337 5718 NﬂlifliSi
2369 5619 2498 5676 illud
2524 5624 2810 5680 accederet
2839 5630 3209 5690 testimonium
3233 5612 3549 5718 quod'apud

1942 5717 2040 5759 nos
2090 5706 2367 5810 scribitur,
2422 5711 2823 5783 quodammodo
2865 5723 3040 5789 putari
3073 5706 3265 5795 posset
3292 5747 3414 5790 esse
3438 5706 3535 5810 ’δελ

1940 5804 2206 5852 mcntum.
2256 5797 2364 5857 Sed
2391 5819 2515 5859 eum
2550 5806 2678 5862 illud
2707 5811 3072 5870 tes:it::o:.ium
3107 5822 3425 5897 adhibetur,

3016 5907 3093 5969 36
