2952 3338
15 3204 513 3338 ι

1254 261 1321 290 1131
1695 265 1946 296 οοιιιικῑτΑΝΕΑ
1965 266 1998 296 ια
2029 267 2145 298 VETUS
2165 269 2420 301 TESTAMENTUM

1695 265 1946 296 COLLECTANEA
1965 266 1998 296 IN
2029 267 2145 298 τετυε
2165 269 2435 301 τεετΑιιεΝτυΜ.
2630 252 2634 256 .
2804 280 2859 309 iis]

1250 317 1302 345 lico
1313 316 1437 345 dubietas
1451 318 1561 346 tollitur.
1582 318 1658 348 Unde
1668 324 1696 347 et
1707 320 1761 349 illic
1774 326 1836 356 apte
1851 321 2038 358 subiungitur:
2054 324 2080 353 Α
2388 327 2502 356 CAPUT
2524 328 2577 356 VII.

1252 372 1260 388 ι
1272 363 1401 399 Disperge
1413 364 1473 392 illos
1493 364 1580 399 (Paul.
1594 365 1682 402 Lvnt);
1700 376 1710 393 ι
1729 367 1873 396 dissemina
1889 375 1938 404 per
1958 373 2043 396 totum

1247 408 1376 436 ntundum
1390 416 1436 436 eos
1442 409 1488 443 qui
1499 409 1682 444 superfuerint
1689 412 1722 439 de
1730 413 1828 448 populo
1837 413 2002 446 Judaorum,
2013 418 2044 441 ut

2286 371 2320 400 In
2330 381 2449 400 sermone
2460 374 2491 401 de
2503 373 2534 402 S.
2549 374 2702 404 Anastasio.

2128 414 2167 444 De
2187 416 2350 451 quibusdam
2378 426 2475 453 magna
2497 420 2717 455 praedicantibus,
2736 423 2782 452 sed
2801 424 2861 453 desi-

1246 453 1345 499 lpsigde
1360 456 1495 484 veteribus
1508 456 1586 484 libris
1600 458 1952 495 tcstimoniumperhibeant
1967 468 2042 489 nova
2092 459 2168 488 diose
2192 461 2346 490 viventibus
2370 470 2418 497 per
2442 453 2605 499 Prophetam
2630 453 2731 495 dicitur
2752 478 2759 496 :
2782 478 2790 495 ι
2809 469 2861 499 Filii

1244 496 1305 526 fidei
1318 499 1436 527 veritati.

1555 535 1669 565 CAPUT
1687 538 1730 566 Ν.

1430 578 1465 605 In
1477 579 1542 606 libro
1557 580 1589 606 de
1599 587 1746 617 contemptu
1758 583 1858 614 manli.

1280 630 1290 648 ι
1303 620 1468 650 Holocausta
1484 623 1628 653 medullata
1652 625 1765 654 offeram
1781 627 1828 655 libi
1841 636 1902 655 eum
1925 628 2037 657 incenso

1247 671 1273 694 et
1289 667 1421 695 arietibus
1438 668 1526 702 (Pani.
1542 671 1615 706 ιη).
1627 680 1637 697 ι
1664 672 1749 699 David
1772 677 1862 700 autem
1876 681 1926 708 pro
1940 682 2036 710 magno

1240 719 1352 740 munere
1370 714 1515 744 medullata
1530 724 1562 745 se
1580 716 1638 744 Deo
1652 718 1786 746 sacrificia
1807 718 1961 747 oblaturum
1976 728 2036 748 esse

1242 757 1398 794 Mllicetur,
1412 761 1504 789 dicens
1518 771 1524 789 :
1549 771 1558 788 ι
1575 761 1737 791 Bolocausta
1760 763 1907 791 medullata
1921 764 2032 793 offeram

1240 802 1291 833 tibi
1322 815 1383 834 cum
1411 807 1522 835 incenso
1545 811 1572 835 et
1589 808 1729 836 arietibus.
1752 818 1762 835 ι
1785 808 1921 844 Imprimis
1942 810 2032 845 itaque

1243 852 1383 879 sciendum
1407 852 1469 887 quia
1485 859 1655 888 nequaquam
1679 853 1751 881 Deus
1765 854 1915 881 hostiarum
1937 855 2030 890 pelles,

1240 897 1289 923 sed
1301 896 1431 924 interiora
1444 897 1534 932 potius
1546 897 1679 925 viseerum
1694 906 1755 926 cum
1773 899 1838 934 ipsis
1854 907 1960 934 quoque
1974 908 2031 929 me-

1239 940 1323 969 dullis
1342 941 1369 968 in
1383 942 1517 969 sacrificio
1529 942 1637 969 sibimet
1658 943 1768 970 mandat
1789 943 1891 971 offerri.
1910 944 1987 972 Unde
2002 945 2028 972 in

2092 505 2220 540 Ephrem,
2242 507 2418 536 intendentes-
2434 516 2526 537 arcum
2553 515 2580 538 et
2604 512 2742 540 mittentes
2763 515 2862 550 sagittas

2089 558 2164 583 suas,
2179 553 2305 579 conversi
2317 558 2380 580 sunt
2394 554 2420 580 in
2444 554 2487 581 die
2501 555 2561 582 belli
2577 554 2662 589 (Psal.
2676 559 2786 594 Lxxvn).
2796 568 2805 586 ι
2816 559 2861 593 Qui

2089 596 2160 623 enim
2183 597 2314 625 adversus
2338 598 2465 626 vitiorum
2494 601 2658 629 tentationes
2670 602 2703 629 ad
2721 603 2861 632 conflictum

2088 640 2155 669 alios
2168 647 2324 677 provocant,
2341 643 2388 671 sed
2409 644 2553 681 conﬂigere
2574 646 2623 681 ipsi
2647 648 2696 674 sub
2711 648 2813 683 ignobili
2822 649 2861 677 de-

2087 686 2162 713 sidite
2174 687 2302 722 languore
2317 688 2478 721 detrectant,
2496 690 2523 717 hi
2551 691 2680 719 nimirum
2694 694 2801 728 sagittas
2810 694 2861 729 qui-

2085 731 2146 758 dem
2161 731 2289 768 dirigunt,
2305 734 2352 763 sed
2376 739 2438 769 post
2451 740 2525 771 terga
2540 738 2661 764 conversi
2682 744 2860 766 consummata:

2084 777 2204 804 victoriae
2217 778 2310 806 titulos
2323 786 2375 806 non
2391 785 2538 813 merentur,
2562 789 2611 809 nec
2623 782 2663 809 eis
2676 783 2783 817 prodest
2797 782 2861 818 quod

2084 821 2151 849 bene
2163 828 2313 857 cmperant.
2333 825 2394 858 quia
2421 832 2474 852 non
2499 833 2585 860 usque
2612 826 2644 853 ad
2659 829 2738 854 tinem
2761 835 2861 862 magna-

2084 867 2194 895 nimiter
2208 873 2394 903 perseverant.
2422 869 2497 898 Unde
2513 871 2589 898 etde
2611 872 2664 899 illis
2688 873 2805 906 protinus
2823 880 2861 901 se-

2082 912 2175 946 quitur
2190 923 2196 940 :
2215 923 2224 939 ι
2242 914 2301 941 Non
2325 915 2510 942 custodierunt
2524 921 2714 944 testamentum
2731 917 2788 950 Dei,
2799 923 2823 945 et
2836 918 2860 946 in

2083 957 2141 992 lege
2164 959 2222 993 ejus
2237 959 2381 986 noluerunt
2394 961 2533 988 ambulare
2558 961 2663 997 (llud).
2678 971 2686 988 ι
2704 962 2742 990 Ac
2756 963 2776 990 si
2796 963 2862 991 dicc-

1239 985 1406 1040 osteqdendo
1421 985 1479 1040 ips:
1500 986 1703 1040 sacrificioquml
1724 987 1788 1036 ritu,
1805 987 1912 1038 Moyses
1936 989 2030 1040 praci—
2045 993 2067 1023 Β
2083 985 2124 1031 re:
2143 1012 2148 1030 ε
2173 985 2405 1040 ἐυδερρέτληηγηῲ

1693 995 1703 1040 'I
1805 987 1912 1040 mulso?
1936 989 2030 1040 pf“?
2045 993 2067 1023 Β
2083 985 2124 1031 ι·εεῖ
2143 1012 2148 1030 :
2173 985 2355 1039 éuscepcruut
2380 1006 2487 1040 quidem
2515 985 2716 1040 tesiamcultum,
2746 1008 2789 1036 sed
2811 1016 2859 1037 non

1238 1031 1287 1063 pit,
1304 1029 1395 1057 dicens
1412 1037 1419 1056 :
1434 1039 1443 1056 ε
1459 1029 1601 1058 Subtracta
1614 1030 1683 1065 pelle
1696 1031 1791 1059 ltostite
1813 1037 1888 1060 artus
1902 1033 1929 1059 in
1944 1033 2030 1061 frusta

1238 1076 1364 1103 concidat
1390 1076 1481 1111 (Levii.
1496 1076 1527 1110 ι).
1543 1086 1552 1103 ι
1573 1076 1702 1112 Quisquis
1727 1085 1792 1105 sane
1814 1085 1921 1113 semper
1946 1087 2028 1115 nego-

1237 1121 1338 1148 tiorum
1353 1121 1522 1149 stecularium
1549 1123 1680 1150 exercitia
1707 1123 1903 1152 delectabiliter
1928 1124 2026 1159 fundit,

1241 1165 1392 1193 holocausti
1406 1167 1447 1193 sui
1467 1167 1599 1195 medullas
1616 1175 1678 1195 cum
1690 1168 1839 1197 visceribus
1854 1171 1989 1198 subtrahit
2001 1176 2028 1199 et

1238 1211 1325 1239 solam
1349 1212 1464 1239 victima:
1478 1212 1574 1247 pellent
1598 1214 1663 1247 Deo,
1681 1215 1724 1241 etti
1739 1214 1828 1243 oﬂ‘erri
1855 1217 2024 1251 prohibetur,

1234 1255 1353 1283 adolere
1365 1257 1512 1284 contendit.
1525 1256 1575 1290 Qui
1589 1265 1654 1285 vero
1678 1266 1762 1286 suave
1779 1259 1835 1287 Deo
1862 1261 2026 1289 sacrificium

1233 1300 1334 1328 offerre
1347 1302 1492 1335 desiderat,
1508 1310 1632 1331 recessus
1644 1309 1728 1338 petat,
1745 1306 1874 1333 interiora
1891 1312 2021 1341 sectetur,

1236 1347 1356 1375 animam
1368 1356 1443 1376 suam
1459 1349 1590 1384 integram
1605 1349 1790 1386 illibatamquc
1807 1352 1835 1379 in
1851 1353 1959 1388 propria
1972 1354 2025 1381 vir-

1232 1392 1346 1427 ginitate
1370 1393 1520 1425 custodiat,
1544 1401 1578 1421 ne
1605 1395 1783 1423 discurrendo
1812 1405 1861 1431 pcr
1886 1398 2024 1433 lupanaria

1234 1436 1326 1464 stcculi
1351 1436 1497 1464 immundis
1522 1439 1741 1473 corruptoribus,
1765 1441 1907 1475 prostibuli
1935 1451 2021 1477 more,

1233 1481 1399 1509 substernat.
1416 1481 1448 1509 Ut
1462 1489 1527 1517 ergo
1541 1482 1640 1510 interni
1666 1483 1764 1518 Sponsi
1791 1487 1947 1520 conspectui
1962 1487 2023 1522 pla-

1231 1530 1304 1558 ceat,
1324 1533 1377 1553 non
1401 1533 1430 1553 se
1445 1525 1514 1553 fucis
1538 1533 1642 1562 pompae
1669 1528 1806 1556 smcularis
1831 1530 1956 1564 obducat,
1975 1533 2022 1559 sed

1232 1577 1327 1598 omnes
1356 1571 1454 1598 mentis
1479 1578 1536 1598 sua:
1549 1578 1645 1600 sensus
1670 1573 1833 1602 immortalis
1844 1576 1964 1611 unguine
1977 1585 2022 1606 ca-

1233 1614 1335 1641 stitatis
1363 1614 1495 1648 obliniat,
1523 1623 1558 1643 ne
1583 1616 1610 1643 itt
1637 1622 1752 1644 mortem
1781 1625 1830 1653 per
1851 1619 2020 1648 incontinen-

1229 1660 1296 1687 tiam
1330 1667 1461 1687 corruens
1496 1660 1523 1687 in
1549 1660 1635 1688 fetore
1666 1661 1779 1689 luxuria:
1809 1665 2056 1698 computrescat.C

1227 1705 1256 1732 in
1270 1705 1392 1733 conclavi
1405 1706 1486 1740 igitur
1498 1710 1599 1733 sauelm
1616 1706 1742 1734 Ecclesia:
1756 1708 1845 1735 anima
1868 1716 1897 1736 se
1921 1710 2017 1744 pudica

1228 1749 1371 1778 concludat
1392 1750 1485 1785 sicque
1504 1751 1531 1778 in
1554 1751 1648 1779 teterni
1672 1751 1754 1787 Regis
1777 1752 1895 1781 thalamo
1915 1753 2019 1790 jugiter

1227 1796 1389 1831 requiescat.
1544 1831 1658 1860 CAPUT
1679 1833 1700 1860 ν

1347 1875 1388 1903 Ad
1402 1875 1581 1904 Alexandrum
1594 1885 1701 1912 papam,
1713 1877 1745 1904 de
1756 1879 1901 1906 canonicis.

1264 1930 1274 1947 ‹
1290 1920 1350 1949 Non
1367 1929 1409 1949 me
1424 1921 1564 1957 demergat
1587 1926 1733 1957 tempestas
1758 1930 1846 1957 aquag,
1865 1931 1953 1959 neque
1967 1924 2016 1952 ab-

1230 1966 1340 1994 sorbent
1352 1974 1394 1994 me
1410 1971 1517 2002 puteus,
1537 1974 1624 2002 neque
1651 1971 1745 2002 urgeat
1758 1974 1840 2004 super
1852 1976 1895 1996 me
1917 1973 2015 2003 puteus

1224 2020 1256 2040 os
1267 2019 1345 2040 suum
1360 2011 1448 2047 (Paul.
1460 2012 1565 2047 mut).
1577 2022 1586 2039 ι
1603 2012 1669 2040 Cum
1683 2018 1778 2048 peccat
1793 2014 1884 2047 homo,
1896 2016 1973 2049 quasi
1987 2016 2015 2043 in

1225 2062 1335 2092 puteum
1362 2058 1483 2091 labitur;
1510 2066 1571 2085 cum
1596 2066 1662 2086 vero
1688 2064 1800 2094 peccata
1827 2060 1958 2091 defendit.
1983 2069 2014 2089 os

1224 2102 1298 2137 putei
1311 2110 1392 2138 super
1402 2109 1477 2135 eum,
1500 2110 1534 2129 ue
1549 2107 1639 2136 pateat
1654 2110 1789 2138 egressus,
1813 2110 1935 2139 urgetur.
1949 2104 2014 2132 Cor-

1225 2148 1280 2176 ruit
1299 2155 1364 2183 ergo
1378 2148 1405 2175 in
1431 2152 1541 2182 puteum
1565 2148 1656 2180 homo,
1680 2155 1740 2175 cum
1765 2154 1887 2184 peccat;
1912 2150 2013 2178 claudit

1223 2203 1289 2224 vero
1299 2196 1407 2224 sibimet
1428 2202 1459 2223 os
1475 2195 1560 2230 putei,
1576 2196 1639 2223 dnm
1664 2200 1784 2223 excusat.
1811 2196 1850 2224 Ex
1867 2197 1917 2225 hac
1930 2205 2011 2232 porro

1222 2241 1389 2273 defensione,
1397 2240 1438 2268 vel
1451 2240 1626 2268 excusatione
1642 2240 1744 2268 crimen
1758 2240 1868 2269 haeresis
1878 2242 2008 2269 nascitur.

1223 2287 1341 2316 [heresis
1366 2287 1438 2315 enim
1466 2286 1660 2321 interpretatur
1677 2286 1775 2317 electio,
1802 2291 1828 2314 ct
1857 2287 1920 2315 dum
1938 2288 2008 2322 quod

2081 1049 2268 1075 custodierunt
2283 1058 2290 1081 ;
2317 1054 2465 1084 posuerunt
2479 1050 2505 1077 iu
2520 1051 2579 1086 legc
2593 1052 2688 1086 pedem
2703 1060 2750 1087 per
2763 1053 2859 1080 initium

2080 1094 2126 1120 sed
2138 1101 2190 1120 non
2206 1098 2349 1121 tcuttcruut
2361 1098 2568 1129 perseverantia:
2580 1104 2727 1131 egressum.
2741 1097 2860 1132 Quisquis

2079 1146 2144 1174 ergo
2157 1140 2190 1166 ad
2206 1140 2345 1174 spirituale
2358 1147 2494 1170 certamen
2510 1141 2577 1169 alios
2592 1148 2731 1177 provocat,
2745 1144 2860 1179 quisquis

2079 1184 2111 1211 ad
2135 1184 2244 1212 fortiter
2260 1186 2393 1220 agendum
2418 1187 2604 1220 proximorum
2628 1192 2732 1215 tuentes
2745 1189 2857 1224 instigat,

2077 1229 2156 1257 debet
2172 1231 2263 1265 utique
2279 1232 2332 1258 vita
2347 1233 2512 1260 concordare
2534 1240 2594 1260 cum
2609 1233 2708 1269 lingita,
2732 1242 2777 1267 ne,
2799 1234 2858 1262 dum

2077 1275 2136 1303 aliis
2150 1277 2276 1311 proponit
2290 1277 2406 1309 excelsa,
2424 1278 2479 1312 ipse
2500 1283 2643 1306 contentus
2656 1279 2716 1307 imis
2728 1285 2860 1315 prematur

2077 1322 2182 1350 inertia.
2201 1324 2270 1351 llinc
2283 1329 2322 1351 est
2350 1325 2421 1358 quod
2446 1324 2472 1351 in
2495 1323 2553 1360 lege
2580 1326 2756 1359 praecipitur:
2777 1334 2786 1350 ‹
2803 1325 2859 1353 Non

2076 1367 2189 1396 habebis
2203 1369 2229 1395 iu
2241 1369 2349 1396 sacculo
2360 1369 2465 1396 diversa
2480 1370 2609 1404 pondera,
2621 1370 2708 1404 majus
2719 1375 2745 1397 et
2757 1371 2856 1404 minus;

2076 1421 2125 1440 nec
2141 1414 2193 1442 erit
2208 1415 2234 1441 in
2249 1414 2329 1441 donto
2342 1419 2385 1442 tua
2402 1414 2507 1442 modius
2523 1416 2609 1450 major
2631 1421 2658 1443 ct
2673 1417 2760 1443 tniuor
2773 1426 2779 1448 ;
2794 1424 2859 1451 pon-

2075 1459 2124 1486 dus
2135 1459 2244 1487 habebis
2253 1459 2367 1494 justum,
2383 1466 2411 1488 et
2433 1461 2539 1489 modius
2553 1461 2664 1496 aequalis
2674 1465 2701 1489 et
2716 1469 2794 1490 verus
2808 1463 2859 1491 erit

2075 1505 2123 1531 tibi
2139 1504 2229 1540 (Deut.-
2242 1506 2317 1540 xxv).
2341 1515 2350 1531 ι

2373 1552 2486 1580 CAPUT
2503 1553 2568 1581 V'lll.

2207 1598 2240 1625 In
2256 1599 2365 1634 epistola
2379 1599 2413 1626 ad
2425 1599 2553 1626 Blanram
2565 1599 2731 1627 comitiuum.

2109 1654 2118 1671 ‹
2137 1643 2243 1672 Montes
2258 1644 2360 1672 excelsi
2384 1645 2482 1677 cervis,
2506 1650 2581 1680 petra
2603 1645 2734 1680 refugium
2750 1644 2857 1672 lterina-

2071 1690 2121 1718 ciis
2140 1689 2227 1726 (Psal.
2250 1691 2320 1726 cm).
2335 1699 2343 1716 I
2361 1689 2430 1724 Quid
2449 1691 2518 1717 enim
2536 1691 2586 1718 hoc
2600 1690 2658 1718 loco
2678 1698 2726 1726 per
2740 1696 2855 1722 tuontcs,

2070 1736 2121 1763 nisi
2134 1736 2195 1764 alta:
2219 1736 2421 1771 Scripturarum
2435 1736 2615 1771 intelligenda:
2637 1742 2699 1764 sunt
2716 1736 2858 1771 profundi-

2071 1781 2209 1809 tatesHli
2236 1781 2366 1829 nitth
2390 1782 2435 1816 qui
2457 1780 2513 1816 jam
2534 1782 2600 1809 dare
2624 1780 2856 1816 contemplationis

2068 1828 2153 1858 saltus
2174 1833 2320 1861 noverunt,
2336 1829 2405 1856 altos
2416 1828 2610 1856 scntenti;.rum
2624 1828 2772 1855 divinarum
2795 1835 2858 1854 vero

2069 1874 2137 1902 tices
2150 1874 2227 1909 quasi
2242 1874 2383 1901 cacumina
2400 1879 2525 1900 montana
2541 1872 2736 1906 conscenduntl
2749 1871 2782 1899 ad
2794 1878 2856 1907 qua

2066 1918 2188 1953 profecto
2201 1919 2341 1946 cacumina
2353 1919 2416 1953 quia
2429 1918 2528 1945 inlirmi
2545 1918 2695 1954 pertingere
2707 1922 2855 1952 :equeunt,

2066 1968 2139 1991 recte
2155 1964 2208 1991 illic
2224 1963 2368 1991 subditur:
2386 1973 2395 1989 ‹
2413 1963 2496 1990 Petra
2514 1963 2645 1997 refugium
2661 1962 2825 1991 herinaciis:
2840 1970 2851 1988 ι

2064 2010 2128 2044 quia
2150 2009 2276 2037 videlicet
2297 2008 2429 2036 invalidus
2456 2016 2578 2044 quosque
2604 2015 2658 2035 non
2676 2007 2854 2042 intelligentia

2064 2056 2188 2084 sublimis
2202 2060 2321 2088 exercet,
2333 2055 2380 2082 sed
2394 2055 2449 2083 sola
2463 2055 2489 2082 in
2503 2054 2611 2082 Christo
2636 2054 2702 2082 fides
2716 2053 2854 2081 humiliter

2065 2102 2194 2130 continet.

2377 2147 2490 2176 CAPUT
2505 2147 2550 2175 ΙΧ.

2098 2194 2139 2221 Ad
2163 2194 2326 2222 Desiderium
2353 2193 2482 2226 abbatem,
2511 2194 2554 2220 ubi
2578 2202 2710 2221 excessum
2735 2201 2815 2220 suum

2399 2234 2516 2256 excusat.

2097 2283 2107 2300 ι
2125 2274 2181 2310 Ego
2196 2274 2251 2301 dixi
2265 2275 2291 2301 iu
2311 2281 2423 2301 excessu
2443 2274 2542 2301 mentis
2558 2281 2623 2301 mea:
2639 2283 2645 2301 :
2661 2272 2753 2302 Omnis
2766 2274 2850 2301 homo

1220 2332 1303 2368 elegit
1316 2332 1377 2368 quis
1387 2318 1638 2360 defendereitititur
1648 2331 1741 2360 relicto
1753 2324 1876 2360 veritatis
1891 2318 2008 2366 tramite,
2022 2337 2048 2367 ι)
2060 2318 2279 2368 mend“_‘__(P‘“lf
2293 2319 2366 2354 cn)‘
2379 2329 2389 2344 ’
2406 2318 2462 2368 ΟΨ,
2471 2319 2599 2368 ¹¹ί¹¹¹ίτ¹ξ¹¹¹
2621 2319 2775 2368 msPonderi

1221 2378 1285 2412 quia
1302 2384 1351 2412 per
1368 2376 1480 2412 abrupta
1497 2377 1616 2412 perversi
1630 2376 1763 2412 dogmatis
1782 2378 1893 2413 rapitur,
1911 2378 1937 2406 in
1951 2378 2007 2406 luc-

1220 2422 1303 2450 rcsim
1316 2429 1428 2450 necesse
1451 2427 1492 2450 est
1504 2422 1672 2457 prolabatur.
1688 2421 1746 2450 Hoc
1759 2427 1848 2452 autem
1861 2424 1933 2451 inter
1944 2431 2008 2459 pec-

1218 2473 1338 2496 eatorem
1350 2471 1376 2495 et
1392 2467 1548 2495 haereticum
1570 2466 1662 2499 distat.
1689 2467 1754 2502 quia
1771 2471 1898 2502 peccator
1909 2469 2006 2503 estqui

1217 2513 1360 2548 delinquit,
1386 2512 1529 2540 ha'reticus
1545 2516 1635 2540 autem
1654 2512 1699 2547 qui
1722 2517 1863 2547 peccatum
1885 2519 1933 2547 per
1945 2521 2008 2548 pra-

1218 2566 1282 2586 vum
1297 2558 1392 2593 dogma
1407 2557 1537 2585 defendit.

1522 2603 1637 2631 CAPUT
1659 2603 1702 2631 Vl.

1216 2648 1258 2676 ,Διί
1283 2648 1448 2676 Desideria»:
1472 2647 1669 2709 ubbuéem,ltt‘bi
1692 2647 1724 2675 de
1746 2647 1794 2675 Dei
1817 2648 2004 2683 omnipotentis

1550 2691 1607 2709 ιειιι
1619 2691 1634 2709 ιε
1648 2691 1689 2709 ur.

1550 2691 1689 2716 “putetur.

1256 2741 1266 2758 ι
1282 2729 1422 2764 Dejeciatis
1436 2736 1493 2761 eos,
1508 2729 1571 2756 dum
1585 2727 1766 2757 alievarentur
1781 2729 1866 2762 (Paul.
1880 2729 1976 2764 um).
1989 2739 1998 2755 ι

1211 2774 1285 2804 Dum
1310 2774 1344 2802 de
1370 2774 1546 2809 reproborum
1566 2780 1625 2801 sese
1645 2773 1829 2801 extollentium
1852 2774 2001 2808 dejectione

1216 2821 1350 2856 Propheta
1365 2824 1500 2851 narraret,
1514 2827 1565 2847 non
1576 2820 1632 2847 ait:
1647 2819 1794 2854 Postquam
1808 2820 1915 2848 allevati
1926 2822 1999 2851 stunt.

1216 2865 1337 2902 deiecisti
1351 2873 1412 2898 eos,
1438 2864 1572 2897 Domine;
1589 2865 1646 2897 sed,
1667 2873 1677 2891 ι
1702 2864 1766 2891 dum
1781 2864 1972 2897 allevareutur,
1988 2873 1998 2892 ι

1216 2912 1277 2947 quia
1293 2918 1340 2947 per
1355 2910 1405 2938 hoc
1429 2910 1598 2943 inanescunt,
1623 2916 1671 2945 per
1691 2909 1772 2945 223
1791 2909 1862 2944 quod
1886 2911 2001 2939 intume-

1216 2962 1293 2986 scunt
1306 2966 1313 2992 ;
1328 2958 1389 2987 inde
1402 2961 1542 2992 corruunt,
1556 2956 1626 2986 unde
1640 2955 1769 2985 sublimes
1780 2955 1859 2985 nunt.

2063 2370 2113 2392 tcst
2131 2373 2138 2391 ε
2158 2365 2188 2392 Si
2199 2364 2302 2396 omnis,
2318 2368 2400 2397 cttu;
2428 2364 2548 2399 falsaque
2558 2364 2614 2399 jam
2636 2365 2850 2400 eritsententia,

2061 2417 2142 2444 quant
2154 2409 2269 2437 mendax
2285 2409 2341 2443 ipse
2357 2408 2503 2444 protulisti.
2519 2409 2548 2436 Si
2563 2416 2626 2436 vero
2639 2409 2696 2444 ipse
2706 2416 2755 2436 non
2770 2416 2851 2437 men-

2061 2456 2124 2488 dax,
2137 2462 2201 2482 vera
2219 2454 2276 2489 jam
2290 2454 2423 2482 sententia
2447 2462 2500 2481 non
2523 2455 2586 2486 erit,
2608 2455 2682 2489 quia,
2696 2455 2757 2482 dum
2771 2459 2802 2482 tu
2817 2460 2850 2483 ee

2059 2508 2154 2534 verax,
2167 2508 2221 2528 non
2236 2499 2325 2527 omnis
2349 2499 2431 2526 homo
2446 2499 2619 2534 cognoscitur
2632 2506 2693 2526 esse
2719 2498 2851 2527 mendax.

2063 2544 2160 2573 Verum
2171 2552 2207 2572 ne
2221 2544 2258 2571 ad
2278 2544 2364 2571 instar
2382 2544 2520 2578 gentilium
2536 2544 2741 2579 scripturarum,
2765 2550 2851 2572 sacra

2057 2598 2165 2626 quoque
2179 2589 2320 2624 Scriptura
2333 2588 2475 2617 calumnia:
2490 2594 2592 2624 pateat,
2605 2590 2653 2617 sed
2665 2589 2720 2623 ipsa
2738 2595 2767 2615 se
2781 2594 2852 2623 pto-

2056 2637 2114 2672 pria
2129 2636 2219 2671 potius
2230 2635 2392 2662 auctoritate
2404 2634 2542 2667 defendat,
2558 2634 2704 2663 notandum
2717 2633 2850 2669 estquod

2055 2682 2232 2717 prcemittitur
2247 2690 2254 2708 :
2273 2690 2282 2706 ι
2302 2680 2358 2716 Ego
2385 2680 2440 2707 dixi
2455 2680 2482 2707 in
2496 2688 2608 2708 excesstt
2623 2681 2720 2708 mentis
2733 2687 2813 2708 mea.
2833 2688 2846 2705 ι

2055 2725 2107 2753 Per
2118 2732 2259 2753 excessum
2272 2724 2354 2760 igitur
2370 2726 2470 2752 tuentis
2484 2729 2512 2752 et
2535 2726 2707 2761 semetipsum
2721 2724 2845 2756 transiit,

2055 2779 2115 2799 cum
2131 2772 2165 2799 de
2178 2771 2309 2806 qualitate
2322 2770 2440 2799 hominis
2452 2771 2582 2805 definivit,
2606 2780 2639 2800 ac
2654 2772 2676 2800 si
2699 2771 2848 2807 pcrspicae

2054 2818 2136 2854 225
2154 2818 2227 2845 dicat
2247 2827 2254 2845 :
2280 2817 2318 2845 De
2339 2816 2457 2845 falsitate
2476 2819 2595 2846 omnium
2617 2818 2756 2846 hominum
2777 2817 2847 2845 inde

2053 2871 2145 2891 veram
2158 2863 2319 2891 sententiain
2333 2863 2443 2897 protuli,
2467 2863 2537 2892 unde
2553 2872 2603 2899 ego
2616 2863 2674 2900 ipse
2696 2871 2776 2900 super
2793 2863 2846 2890 lto-

2055 2910 2154 2937 minem
2168 2909 2217 2937 fui.
2232 2908 2259 2935 in
2271 2914 2375 2937 tantum
2390 2916 2454 2936 vero
2465 2915 2491 2936 et
2506 2910 2563 2944 ipse
2577 2910 2702 2943 mendax,
2715 2910 2741 2937 in
2753 2917 2847 2944 quan-

2055 2961 2109 2983 tum
2129 2954 2225 2989 homo;
2240 2955 2268 2984 in
2283 2958 2390 2982 tantum
2411 2956 2502 2982 autem
2524 2955 2634 2984 omnino
2645 2962 2697 2983 non
2711 2954 2847 2983 mendax.
