5904 6590
1164 487 1300 544 H33

2483 475 2550 531 L‘i
2592 475 2720 531 LIB.
2767 475 3111 532 PROVERB.

4310 478 4451 535 H34

1163 603 1215 658 in
1243 609 1504 674 quantum
1557 613 1840 656 excessum
1887 597 2083 652 mentis
2135 611 2296 666 super
2343 595 2619 649 hominem
2669 596 2736 650 ad
2768 598 2817 654 Α
2847 594 3005 648 tificis
3031 595 3214 646 Aaron
3246 599 3580 662 unguentum
3623 589 3676 644 in
3719 604 3814 645 ora
3838 590 4154 646 vestimenti
4198 591 4316 661 ejus
4364 595 4449 649 in-

1162 711 1370 759 summa
1405 694 1827 763 contemplanda
1853 691 2163 746 conscendi.

1783 807 2013 862 asper
2059 807 2119 859 Χ.
2289 880 2291 883 ι

1596 902 1662 955 In
1695 919 1865 955 sermo
1891 902 1954 953 de
1978 899 2035 953 S.
2065 899 2337 952 Columba.

1237 1013 1255 1046 ι
1294 995 1416 1049 Fiat
1439 1009 1633 1048 manus
1665 1001 1776 1055 tua,
1801 1002 1860 1044 ut
1891 990 2055 1044 salvet
2087 985 2358 1056 mc(Paal.
2386 987 2598 1058 cxvm),
2641 1007 2658 1038 ι
2687 1003 2750 1042 ac

1157 1084 1204 1139 si
1236 1084 1480 1139 diceret:
1526 1083 1646 1136 Fiat
1675 1083 1787 1146 ille,
1843 1096 1938 1149 per
1983 1095 2145 1148 quem
2199 1077 2342 1131 facta
2393 1088 2519 1130 sunt
2546 1079 2747 1140 omnia,

1157 1188 1218 1230 ut
1257 1177 1381 1230 dum
1415 1175 1502 1230 ille
1527 1184 1765 1238 creatur,
1797 1181 2045 1227 creatura
2075 1187 2103 1224 a
2135 1180 2317 1223 reatus
2363 1169 2446 1222 sui
2497 1170 2748 1238 contagio

1156 1268 1440 1326 liberetur.

1401 1358 1406 1363 '
1777 1335 2006 1392 CAPUT
2048 1335 2134 1388 ΧΙ.

1475 1431 1542 1484 In
1565 1445 1803 1484 sermone
1829 1429 1894 1482 de
1930 1427 1987 1483 S.
2021 1426 2418 1495 ClirisIOphoro.

1230 1541 1246 1572 I
1279 1520 1429 1576 Sicut
1462 1528 1793 1588 unguentum
1849 1519 1900 1571 in
1931 1519 2132 1586 capite,
2179 1515 2322 1584 quod
2371 1515 2653 1569 descendit
2693 1514 2745 1566 in

1151 1609 1400 1675 barbam,
1440 1610 1662 1665 barbam
1696 1610 1874 1661 Aaron
1909 1625 1922 1669 ;
1976 1606 2117 1675 quod
2149 1605 2432 1659 descendit
2482 1607 2533 1657 in
2592 1619 2744 1658 oram

1152 1703 1459 1758 vestimenti
1489 1700 1606 1768 ejus
1634 1698 1808 1769 (Psal.
1855 1699 2080 1768 cum).
2110 1716 2127 1747 ι
2164 1695 2507 1765 Unguentum
2539 1695 2745 1749 scilicet

1151 1795 1206 1847 in
1251 1794 1446 1861 capite,
1506 1792 1742 1861 Spiritus
1799 1800 2023 1844 sanctus
2069 1799 2151 1843 est
2206 1789 2258 1842 in
2303 1787 2606 1851 Salvatore,
2652 1790 2743 1856 qui

1149 1884 1406 1937 nimirum
1458 1898 1553 1952 per
1593 1883 1773 1936 Aaron
1820 1883 2047 1952 mystice
2088 1882 2418 1949 designatur.
2455 1881 2546 1949 qui
2594 1898 2743 1935 mons

1147 1972 1479 2040 fortitudinis
1513 1974 1734 2026 dicitur.
1770 1971 1906 2025 Cum
1940 1973 2106 2042 igitur
2133 1973 2312 2024 Aaron
2339 1988 2494 2026 mons
2518 1972 2588 2025 sit
2633 1972 2741 2025 for-

1147 2063 1417 2127 titudinis,
1445 2064 1609 2117 barba
1637 2079 1852 2134 quoque
1901 2065 2114 2133 signum
2143 2073 2223 2118 est
2246 2065 2540 2118 virilitatis.
2572 2064 2739 2132 Hujus

1144 2171 1277 2227 ergo
1306 2157 1485 2211 Aaron
1534 2159 1700 2212 barba
1733 2157 1908 2211 sancti
1962 2157 2190 2226 apostoli
2243 2165 2391 2218 sont.
2445 2157 2532 2221 qui
2568 2157 2740 2210 virili-

1145 2246 1274 2299 tatis
1305 2261 1415 2300 sure
1461 2248 1676 2312 robore,
1701 2248 1844 2318 quod
1890 2249 1956 2300 de
1992 2249 2163 2300 sancti
2199 2246 2435 2316 Spiritus
2484 2247 2739 2300 unctione

1141 2345 1539 2405 conceperant.
1591 2340 1767 2392 omnia
1814 2339 2108 2393 furentium
2163 2349 2569 2407 persecutorem
2602 2338 2737 2392 liclia

1144 2428 1397 2482 vicerunt
1443 2440 1497 2482 ct
1533 2431 1716 2484 mundi
1758 2431 2056 2499 principem
2094 2440 2348 2498 tanquam
2403 2429 2613 2485 leonem
2647 2431 2741 2482 ad-

1142 2531 1333 2572 versus
1363 2535 1493 2573 oves
1520 2520 1720 2575 Christi
1747 2523 2057 2574 immaniter
2081 2523 2383 2590 rugientem
2417 2537 2538 2574 cum
2570 2521 2739 2591 gloria

1141 2605 1574 2676 triumpharunt.
1619 2608 1772 2664 Unde
1831 2610 2054 2663 Petrus:
2097 2627 2112 2659 ι
2151 2610 2248 2663 Cui
2305 2610 2544 2663 resistite
2584 2653 2597 2672 ,
2659 2609 2740 2661 in-

1139 2696 1284 2764 quit,
1311 2695 1481 2750 fortes
1515 2699 1566 2751 in
1597 2699 1701 2752 fide
1734 2699 1782 2767 (I
1815 2699 1960 2753 Pctr.
1989 2702 2060 2770 v).
2087 2719 2103 2750 ι
2140 2699 2337 2754 Paulus
2369 2701 2533 2754 etiam
2561 2699 2735 2754 dicit:
2768 2704 2771 2705 ⁷

1145 2806 1164 2838 ι
1193 2789 1358 2841 Arma
1391 2791 1598 2846 militire
1646 2802 1850 2847 nostra:
1903 2808 2007 2846 non
2056 2792 2325 2856 carnalia,
2361 2795 2453 2847 sed
2495 2794 2737 2862 potentia

1138 2880 1254 2936 Deo
1309 2893 1457 2947 sunt,
1506 2885 1571 2939 ad
1620 2885 2047 2940 destructionem
2102 2886 2469 2940 munitionum
2511 2885 2738 2939 consilia

1139 2974 1395 3043 corporis
1443 2976 1789 3031 destruentcs
1819 2984 1872 3031 et
1901 2992 2118 3031 omnem
2170 2977 2510 3032 altitudinem
2558 2975 2737 3030 extol-

1142 3062 1350 3120 lentem
1383 3081 1440 3120 se
1492 3069 1782 3122 adversum
1830 3068 2113 3122 scientiam
2167 3067 2282 3132 Dei,
2318 3077 2374 3122 et
2409 3069 2461 3121 in
2513 3067 2738 3136 captivi-

1139 3165 1308 3211 tatem
1340 3158 1648 3230 redigentes
1679 3176 1896 3215 omnem
1931 3161 2267 3215 intellectum
2317 3162 2370 3214 in
2417 3161 2735 3226 obsequium

1135 3247 1338 3305 Christi
1365 3250 1451 3322 (ll
1483 3252 1602 3307 Cor.
1631 3252 1708 3323 κ).
1745 3273 1761 3303 ι
1793 3253 1876 3307 Ah
1904 3254 2004 3306 hac
2027 3268 2158 3323 ergo
2181 3252 2344 3307 barba
2379 3255 2575 3308 summi
2605 3268 2737 3322 pon-

2853 684 3040 748 stillat,
3084 682 3212 753 quia
3263 697 3360 753 per
3403 683 3594 738 beatos
3624 682 3921 753 apostolos,
3966 692 4368 757 consequenter
4397 696 4454 741 et

2853 788 3068 833 sanctos
3101 786 3370 847 martyres
3396 792 3459 831 ac
3490 776 3744 847 deinceps
3767 783 3936 832 totam
3960 776 4122 831 simul
4145 775 4450 833 Ecclesiam

2849 871 3118 925 fluentum
3152 871 3325 925 sancti
3363 869 3600 941 Spiritus
3628 869 3837 941 irrigat.

3461 979 3692 1037 CAPUT
3734 980 3846 1034 ΧΙῐ.

2850 1074 2918 1130 In
2948 1073 3168 1145 epistola
3199 1075 3267 1127 ad
3290 1072 3655 1154 Alexandrum
3682 1089 3896 1154 papam,
3921 1072 3987 1126 de
4015 1073 4307 1143 auferenda
4326 1091 4452 1146 pro-

3379 1153 3600 1212 prietate
3631 1159 3922 1196 canonicis.

2923 1237 3196 1304 Quantum
3235 1235 3302 1290 ad
3331 1245 3534 1289 nostra:
3574 1233 3946 1305 intelligentia:
3996 1235 4300 1306 modulum,
4327 1238 4451 1293 nul-

2849 1329 2959 1382 lum
3005 1329 3059 1381 in
3110 1328 3348 1383 humano
3399 1341 3598 1397 genere
3651 1327 3856 1381 malum
3908 1328 4320 1398 perniciosioris
4366 1341 4454 1386 est

2850 1421 3096 1475 criminis
3118 1434 3280 1489 quam
3312 1418 3558 1474 defensio
3589 1420 3895 1486 pravitatis.
3927 1419 4084 1476 Unde
4124 1421 4292 1476 David
4327 1423 4402 1478 ait
4433 1428 4449 1477 :'

2856 1531 2872 1562 ι
2906 1511 3022 1567 Non
3082 1511 3321 1565 declines
3377 1525 3474 1566 cor
3526 1526 3714 1566 meum
3765 1512 3819 1565 in
3852 1510 4078 1565 verbum
4123 1511 4351 1580 malum,
4381 1515 4452 1568 ad

2849 1602 3191 1657 excusandas
3232 1601 3615 1656 excusationes
3658 1602 3713 1656 in
3745 1605 3990 1671 peccatis
4023 1603 4196 1672 (Prol.
4233 1608 4381 1678 cst).
4425 1624 4444 1658 ι

2849 1697 3089 1754 Οιῐθιιείο
3111 1698 3313 1768 quippe
3357 1697 3458 1752 Dei
3504 1706 3749 1752 meretur
3784 1699 3922 1753 iram
3956 1715 3970 1762 ;
4005 1700 4286 1754 excusatio
4317 1715 4448 1771 pro-

2847 1801 3005 1848 vocat
3033 1792 3098 1846 ad
3126 1791 3446 1846 vindictam.
3492 1790 3606 1846 Hoc
3633 1789 3793 1859 plane
3824 1791 4038 1854 vitium,
4070 1792 4210 1847 sicut
4237 1808 4300 1847 ex
4355 1808 4448 1848 ra-

2848 1883 2967 1938 dice
3008 1882 3232 1938 humani
3281 1882 3500 1953 generis
3546 1882 3766 1951 prodiit,
3814 1883 4058 1953 quotidie
4114 1883 4346 1952 pullulat
4393 1894 4450 1940 et

2776 1965 2818 2022 Β
2851 1987 3107 2045 tanquam
3141 1985 3488 2044 erumpentes
3518 1972 3734 2028 arboris
3780 1990 3965 2029 ramos
3993 1976 4303 2046 germinare
4335 1992 4444 2032 non

2844 2077 3046 2122 cessat.
3097 2065 3392 2121 Consultus
3446 2065 3591 2119 enim
3645 2064 3819 2120 Adam
3884 2081 3984 2118 cur
4035 2081 4104 2120 cx
4150 2067 4445 2123 interdicto

2845 2169 3004 2224 pomo
3063 2155 3408 2209 comederit:
3472 2172 3490 2200 σ
3526 2151 3739 2218 Mulier,
3787 2153 3983 2223 inquit,
4035 2171 4197 2225 quam
4247 2158 4445 2212 dedisti

2844 2248 2976 2300 mihi
3009 2247 3240 2308 sociam,
3271 2245 3420 2300 dedit
3457 2245 3592 2299 mihi
3636 2244 3702 2298 de
3737 2243 3905 2316 ligno,
3956 2253 4009 2298 et
4037 2246 4248 2301 comedi
4283 2246 4439 2316 (Cen.

2843 2341 2967 2408 ιιι);
3006 2359 3023 2391 ι
3080 2338 3276 2393 mulier
3331 2337 3495 2392 etiam
3547 2351 3648 2391 cur
3705 2336 3810 2391 hoc
3860 2335 4069 2401 fecerit,
4125 2337 4442 2407 inquisita:

2847 2449 2865 2479 ι
2907 2429 3163 2497 Serpens,
3201 2428 3296 2488 ait.
3329 2425 3544 2496 decepit
3580 2441 3686 2489 me,
3713 2437 3766 2479 et
3814 2425 4026 2480 comedi
4054 2426 4264 2498 (Ibid).
4314 2446 4332 2481 ι
4365 2431 4446 2486 Ac

2843 2521 2884 2574 si
2914 2517 3076 2589 225
3123 2529 3350 2588 uterque
3377 2518 3432 2572 in
3453 2516 3802 2573 Conditorem
3845 2516 4066 2587 oblique
4111 2520 4322 2573 crimen
4356 2520 4442 2575 in-

2843 2618 3095 2681 torqueat
3131 2623 3383 2677 eumque,
3430 2622 3459 2662 a
3503 2622 3613 2678 quo
3661 2606 4084 2677 redarguuntur,
4139 2609 4437 2675 incessant,

2842 2700 3130 2755 dicentes:
3167 2697 3285 2752 Non
3337 2698 3514 2764 nobis,
3568 2698 3662 2752 sed
3693 2697 3788 2752 tibi
3827 2698 4022 2768 procul
4066 2699 4232 2756 dubio
4279 2700 4442 2757 debet

2843 2793 2932 2846 hic
2964 2801 3149 2846 reatus
3205 2789 3425 2854 ascribi,
3473 2789 3565 2859 qui
3616 2798 3672 2844 et
3722 2789 4009 2861 conjugem
4059 2791 4178 2848 viro
4203 2791 4439 2860 junxisli

2839 2890 2897 2937 et
2940 2889 3249 2951 serpentem
3288 2881 3340 2934 in
3380 2879 3637 2949 paradiso
3691 2880 3833 2936 inter
3881 2882 4128 2938 homines
4157 2883 4326 2958 226
4357 2884 4440 2937 vi-

2839 2986 2968 3028 vere
3015 2970 3329 3026 decrevisti.
3369 2969 3613 3036 Quorum
3672 2972 3956 3043 utriusque
4012 2982 4274 3044 tanquam
4324 2975 4440 3045 pri-

2817 3063 3139 3130 mischolus
3189 3061 3278 3118 ille
3323 3062 3623 3132 discipulus
3651 3074 3789 3129 erat,
3818 3066 3909 3134 qui
3943 3065 4009 3119 de
4035 3065 4166 3120 Abel
4202 3065 4438 3122 Domino

2841 3154 3137 3226 requirenti
3191 3153 3512 3223 respondit:
3550 3171 3567 3206 ι
3601 3154 3856 3226 Nunquid
3901 3166 4086 3212 custos
4116 3147 4301 3214 fratris
4327 3156 4440 3213 mei

2840 3265 2958 3306 sum
2989 3248 3160 3319 ego?»
3195 3245 3348 3317 (Cen.
3381 3248 3481 3317 iv.)

2245 3363 2552 3435 Expliciunt
2597 3366 2896 3420 testimonia
2936 3365 3000 3417 de
3033 3361 3316 3416 Psalterio.

1919 3523 2266 3580 lNCll’lUNT
2303 3522 2647 3579 CAPITULA
2689 3522 2777 3576 DE
2815 3519 3021 3575 LIBRO
3058 3519 3627 3577 PROVERBIORUM.

1207 3699 1222 3716 .
1267 3660 1341 3732 De
1369 3661 1603 3732 muliere,
1636 3678 1752 3732 qua:
1784 3661 1982 3716 dicitur
2021 3660 2218 3715 aliena.

1208 3768 1223 3785 .
1268 3731 1342 3785 De
1373 3731 1592 3785 niuliere
1614 3733 1766 3785 bona.

1209 3911 1222 3925 .
1265 3871 1342 3941 [)e
1367 3872 1636 3941 utriusque
1663 3874 1898 3927 mulieris
1921 3873 2243 3940 diﬁ'erentia.

1205 4049 1218 4061 .
1263 4011 1338 4079 De
1368 4010 1520 4063 malis
1544 4013 2002 4079 prmrt'icatoribus.

1167 3660 1198 3718 ι

1163 3730 1202 3786 2

1165 3799 1202 3854 3

1165 3869 1202 3924 4

1163 3938 1201 3993 5

1162 4010 1199 4064 6

1165 4079 1199 4132 7

1162 4149 1201 4208 8

1207 3840 1223 3856 .
1266 3803 1540 3870 Sapientia
1565 3802 1852 3856 immolarit
1883 3803 2117 3856 victimas
2141 3817 2286 3863 suas,
2316 3802 2527 3855 miscuit
2561 3801 2736 3855 vinum
2759 3810 2806 3853 et
2846 3800 3120 3868 proposuit
3145 3814 3398 3852 mensam.

1205 3979 1219 3992 .
1258 3940 1558 4009 Diligenter
1577 3958 1756 3995 exerce
1791 3959 1978 4010 agrum
2010 3954 2182 4006 tuum,
2214 3951 2268 3994 ut
2295 3951 2478 4009 postea
2507 3943 2736 4009 a'di/ices
2764 3942 2981 3994 domum
3010 3949 3180 3993 tuam.

1206 4118 1220 4133 .
1263 4077 1411 4151 Sicut
1431 4082 1520 4149 qui
1544 4077 1703 4133 mittit
1738 4082 1963 4145 lapidem
1991 4083 2044 4135 in
2065 4096 2308 4134 acervum
2340 4079 2620 4146 Mercurii,
2645 4093 2717 4135 ita
2747 4082 2836 4151 qui
2870 4081 3054 4136 tribuit
3080 4079 3350 4150 insipienti
3370 4081 3640 4136 honorem.

1205 4188 1220 4204 .
1260 4148 1610 4221 Sanguisugte
1638 4153 1758 4205 dua:
1779 4163 1898 4204 sunt
1928 4151 2076 4219 filim,
2111 4151 2340 4204 dicentes
2373 4168 2390 4204 :
2426 4153 2593 4220 Aﬂ'er,
2621 4148 2776 4221 a/fer.

2481 4263 2790 4336 Expliciunt
2820 4266 3073 4336 capitula.

1495 4415 2140 4504 INCIPIUNT
2216 4413 2974 4508 TESTIMONIA
3046 4412 4065 4515 PROVERBIORUM.

1632 4584 1862 4642 CAPUT
1903 4585 2067 4639 PBIM
2077 4584 2194 4642 ΟΜ.

1408 4681 1475 4736 1η
1501 4680 1720 4752 epistola
1743 4681 1811 4732 ad
1838 4677 2075 4732 Cincium
2097 4678 2424 4748 pra’fectum.

1203 4794 1225 4830 ι
1270 4773 1565 4830 Prudentia
1612 4771 1854 4826 servabit
1904 4779 1989 4835 te,
2041 4780 2102 4824 nt
2147 4770 2362 4826 eruaris
2407 4785 2442 4823 a
2489 4770 2718 4827 muliere

1125 4868 1321 4932 aliena,
1354 4875 1409 4921 et
1439 4866 1507 4919 ab
1537 4872 1796 4920 extranea
1826 4877 1945 4932 quae
1978 4862 2150 4916 mollit
2176 4876 2464 4917 sermones
2498 4877 2646 4917 suos.
2693 4881 2710 4911 ι

1123 4955 1192 5014 Ει
1222 4967 1344 5028 post
1376 4969 1545 5025 pauca
1577 4971 1592 5008 :
1639 4971 1659 5006 ‹
1707 4951 1912 5008 Omnes
1944 4951 2035 5020 qui
2084 4949 2464 5020 ingrediuntur
2494 4950 2712 5006 adieant

1125 5063 1233 5104 non
1285 5054 1649 5108 revertentur,
1702 5058 1803 5099 nec
1852 5041 2262 5113 appreliendent
2318 5044 2545 5098 semitas
2590 5045 2716 5099 vitae

1122 5137 1308 5211 (Prov.
1355 5139 1440 5207 ιι).
1479 5159 1500 5192 ›
1538 5138 1673 5204 Quae
1713 5147 1798 5193 est
1842 5146 2021 5192 autem
2066 5135 2350 5200 meretrix,
2386 5135 2471 5190 vel
2519 5135 2718 5189 mulier

1121 5232 1321 5297 aliena,
1366 5231 1518 5300 cujus
1564 5231 2082 5302 nobis-prohibetur
2125 5243 2404 5292 accessus.
2451 5228 2555 5284 nisi
2603 5227 2712 5282 vita

1118 5324 1416 5388 secularis,
1437 5325 1540 5378 vita
1567 5323 1800 5379 carnalis
1821 5331 1985 5394 atque
2010 5334 2247 5388 terrena,
2273 5323 2326 5377 in
2355 5323 2510 5394 cujus
2525 5321 2709 5377 miseri

1119 5414 1369 5470 homines
1424 5431 1482 5470 se
1528 5414 1924 5470 oblectamenta
1974 5414 2286 5483 projiciunt,
2337 5414 2390 5468 in
2445 5411 2599 5482 cujus
2651 5427 2709 5467 se

1117 5507 1357 5576 captiosa
1374 5505 1716 5576 jucunditate
1740 5506 2017 5562 resolvunt
2042 5523 2106 5562 ac
2135 5506 2459 5561 adulterinis
2487 5507 2538 5559 in
2563 5520 2706 5568 eam,

1119 5606 1176 5652 ut
1211 5599 1282 5651 ita
1314 5595 1504 5661 fatear,
1531 5597 1868 5668 amplexibus
1904 5597 2273 5667 immergunt?

1747 5688 1975 5744 CAPUT
2015 5689 2076 5744 ll.

1637 5778 1702 5833 1η
1728 5780 1908 5833 eadem
1945 5779 2181 5847 epistola.

1189 5874 1262 5930 b.-
1294 5872 1432 5926 hona
1478 5887 1604 5926 vero
1643 5870 1870 5926 muliere
1914 5871 2038 5926 audi
2080 5870 2208 5941 quid
2252 5870 2394 5926 idem
2444 5869 2702 5928 Salomon

2746 4591 2790 4653 (3
2824 4584 2969 4639 dicat
2997 4601 3012 4638 :
3051 4603 3070 4635 ι
3109 4581 3194 4638 Sit
3223 4598 3358 4639 vena
3386 4593 3478 4639 tua
3511 4583 3817 4654 benedicta,
3848 4598 3901 4646 et
3931 4590 4118 4652 laetare
4145 4612 4269 4657 cum
4301 4618 4426 4663 mu-

2822 4673 2954 4729 liere
2981 4673 3364 4731 adolescentia:
3395 4682 3501 4740 tuae
3527 4672 3711 4748 (Prov.
3740 4679 3815 4750 v).
3853 4699 3873 4734 ι
3907 4679 4098 4739 Mulier
4118 4689 4264 4746 enim
4290 4694 4428 4751 ado-

2820 4766 3099 4821 lescenlia:
3131 4774 3353 4828 nostrae.
3389 4776 3581 4823 sancta
3619 4770 3812 4838 procul
3843 4771 4007 4830 dubio
4039 4787 4124 4834 est
4164 4781 4297 4855 vita,
4330 4789 4422 4845 cui

2821 4858 3033 4914 scilicet
3065 4871 3131 4912 ex
3177 4867 3308 4914 tunc
3341 4857 3456 4927 jam
3493 4861 3649 4930 quasi
3695 4878 3790 4933 per
3818 4867 4038 4924 art-ham
4070 4880 4125 4926 et
4167 4881 4426 4946 sponsio-

2821 4965 2942 5006 nem
2964 4949 3242 5018 conjuncti
3267 4965 3476 5016 sumus,
3513 4967 3638 5008 cum
3670 4954 4154 5019 abrenuntiaturos
4183 4983 4282 5025 nos
4309 4971 4424 5029 dia-

2818 5038 2942 5131 bolo
2979 5049 3036 5131 et
3072 5040 3328 5096 omnibus
3361 5043 3578 5113 pompis
3609 5040 3726 5113 cjus
3771 5046 3822 5103 in
3855 5048 4127 5121 baptismo
4165 5063 4424 5128 promisi.

2818 5130 2960 5185 mus.
2996 5130 3100 5186 Ubi
3127 5146 3251 5187 mox
3277 5133 3528 5188 subditur
3557 5151 3571 5188 :
3604 5154 3623 5187 σ
3661 5134 3836 5193 Cerva
3864 5140 4188 5215 charissima
4221 5161 4424 5226 etgra-

2821 5224 3066 5279 tissimus
3113 5223 3398 5292 hinnulus,
3449 5227 3621 5282 ubera
3671 5229 3792 5298 ejus
3840 5233 4114 5292 inebrient
4161 5251 4211 5296 te
4269 5223 4424 5306 omni

2820 5326 3062 5409 tempore
3083 5326 3138 5369 et
3164 5316 3215 5370 in
3243 5330 3431 5372 amore
3463 5317 3606 5374 illius
3631 5319 3911 5380 delectare
3928 5324 4362 5409 juglter(lbid.).
4399 5360 4418 5392 ι

2815 5408 2953 5476 Quid
2994 5422 3096 5480 per
3133 5423 3375 5474 cervam,
3419 5426 3540 5480 quae
3578 5415 3847 5470 montium
3894 5419 4040 5475 celsa
4074 5408 4417 5500 conscendit.

2813 5503 2914 5576 nisi
2947 5511 3136 5558 sancta
3166 5501 3486 5573 designatur
3515 5503 3782 5569 Ecclesia,
3819 5525 3942 5580 quae
3975 5528 4102 5568 sese
4136 5517 4190 5570 in
4229 5535 4420 5581 amore.

2813 5594 3055 5650 cmlestis
3099 5595 3292 5665 patriae
3331 5595 3566 5650 attollit?
3613 5596 3752 5664 Quid
3803 5616 3981 5657 cervae
4026 5605 4190 5664 istius
4225 5612 4413 5680 ubera.

2812 5686 2912 5740 nisi
2953 5685 3062 5740 duo
3108 5685 3420 5757 significant
3463 5686 3852 5745 Testamenta?
3887 5692 3986 5750 llis
4031 5697 4293 5760 uberibus
4332 5708 4417 5762 in-

2810 5779 3105 5845 ebriamur,
3142 5795 3264 5835 cum
3296 5781 3361 5836 de
3398 5796 3568 5837 sacrm
3599 5781 3898 5855 Scripturae
3923 5786 4142 5848 fluentis
4170 5795 4417 5856 infundi-

2806 5885 2933 5927 mur
2965 5880 3026 5926 et
3049 5872 3355 5942 spiritualis
3395 5873 3679 5943 sapientiae
3710 5885 3898 5946 potum
3943 5880 4194 5940 sitientes
4234 5888 4417 5947 hauri-
