2952 3276
15 0 1088 116 -ι-νι

1235 267 1304 297 “35

1682 268 1931 297 COLLECTANEA
1961 269 1994 297 lN
2016 268 2129 298 VETUS
2150 267 2419 297 TESTAMENTUM.

2793 266 2854 294 1156

1233 333 1302 352 mus.
1323 325 1350 352 ln
1367 325 1417 352 hac
1435 324 1516 360 igitur
1531 325 1645 363 muliere
1657 325 1785 353 delectari
1799 326 1982 361 praecipimur,
1996 332 2024 353 ut
2040 332 2062 361 Α
2077 327 2162 362 plenae
2174 326 2242 353 lunae
2255 333 2415 353 reversurus
2425 329 2466 352 est
2478 324 2582 360 Ubii).
2600 334 2609 350 ι
2620 323 2782 359 Redemptor
2791 324 2854 359 enim

1232 372 1398 406 eloquiorum
1410 371 1561 398 caelestium
1572 372 1735 407 pinguedine
1746 372 1910 407 saginemur.
1926 372 2024 407 Sequi-

1232 422 1276 444 tur
1289 426 1314 443 Ζ(
1331 416 1420 449 Quare
1435 417 1584 449 seduceris,
1600 417 1635 444 fili
1649 417 1738 450 mi,ah
1749 417 1836 445 aliena
1844 422 1871 445 et
1882 418 1982 446 foveris
1998 418 2022 445 in

1232 462 1290 488 sinu
1303 461 1431 489 alterius?
1442 471 1450 487 ι
1463 462 1600 496 (Proverb.
1609 464 1648 498 v.)
1659 463 1699 490 Ab
1710 463 1796 490 aliena
1808 464 1905 499 quippe
1913 464 2023 491 muliere

1232 507 1379 538 seducitur.
1403 508 1446 541 qui
1469 508 1588 535 carnalis
1610 508 1672 536 vitae
1702 509 1837 536 illecebris
1861 510 2021 537 delectatur.

1230 552 1285 579 Nec
1299 553 1434 580 immerito
1454 553 1553 580 dicitur
1568 553 1667 586 aliena,
1688 554 1750 588 quia
1766 553 1844 581 nobis
1868 561 1901 581 ex
1924 554 2022 581 divinae

1230 599 1296 635 legis
1310 603 1352 627 cst
1367 599 1507 627 sanctione
1526 600 1670 634 prohibita.
1686 599 1790 627 Rursus
1809 606 1890 634 super
1908 603 2023 633 utraque

1231 645 1344 672 muliere
1359 645 1487 679 loquitur,
1508 644 1599 671 dicens
1620 653 1626 671 :
1652 653 1661 670 ι
1685 644 1734 671 Dic
1752 644 1890 678 sapientiae
1911 653 1917 671 :
1938 644 2022 671 Soror

1230 698 1288 718 mea
1301 698 1341 722 es,
1355 695 1382 716 et
1396 690 1565 724 prudentiam
1577 697 1643 717 voca
1653 691 1768 717 amicam
1782 695 1866 721 tuam,
1876 695 1904 717 et
1915 690 2020 717 custodi

1230 742 1256 764 te
1276 745 1290 764 a
1312 737 1427 764 muliere
1438 741 1567 764 extranea
1587 742 1614 764 et
1633 737 1667 765 ab
1684 737 1781 769 aliena,
1802 744 1862 771 qua:
1875 738 1956 763 verba
1971 744 2020 763 sua

1230 782 1317 809 dulcia
1342 781 1415 808 fecit.
1443 791 1452 807 ν
1479 782 1592 816 Moxque
1614 781 1774 819 subjungit:
1803 791 1812 807 ι
1840 782 1878 809 De
1901 782 2019 809 fenestra

1229 828 1324 856 domus
1339 835 1405 855 mem
1420 835 1467 860 per
1486 828 1620 856 cancellos
1632 829 1768 863 prospexi.
1784 834 1811 855 et
1824 829 1902 856 video
1917 836 2017 863 parvu-

1229 875 1284 907 los;
1307 875 1448 902 considero
1466 876 1608 902 vecordem
1630 875 1768 910 juvenem,
1789 875 1834 909 qui
1853 875 1950 901 transit
1972 882 2020 907 per

1228 919 1331 954 plateas
1348 920 1424 955 juxta
1443 920 1581 955 angulum,
1599 924 1626 947 et
1647 927 1729 954 prope
1744 919 1814 946 viam
1830 919 1927 946 domus
1949 919 2019 946 illius

1228 965 1353 1001 graditur
1365 964 1456 1000 (Prov.
1471 970 1529 1000 vlt).
1548 975 1556 991 ι
1581 965 1631 992 Ubi
1652 965 1800 992 notandum
1813 965 1876 999 quia
1891 966 1945 991 vita
1960 972 2019 991 car-

2075 377 2167 400 noster
2181 372 2302 407 pecunia:
2323 378 2414 399 secum
2436 370 2574 397 sacculum
2597 370 2668 402 tulit,
2689 377 2747 397 cum
2771 377 2856 396 ascert-

2075 417 2141 444 dens
2158 417 2184 443 in
2207 416 2316 447 cmlum,
2335 416 2395 443 lidei
2414 419 2514 442 nostrae
2532 422 2623 442 secum
2647 414 2720 441 lucra
2739 415 2855 449 portavit.

2074 462 2124 496 Qui
2141 470 2298 489 reversurus
2313 467 2353 488 cst
2370 461 2394 487 in
2409 460 2453 487 die
2467 460 2552 494 picum
2571 459 2653 491 lunm,
2671 459 2696 486 id
2710 459 2787 487 estin
2799 466 2857 486 cou-

2074 507 2255 534 summatioue
2271 506 2432 533 universalis
2454 505 2596 537 Ecclesim;
2619 505 2708 532 veniet
2722 505 2795 531 enim
2810 503 2857 531 Do.

2073 553 2163 581 minus
2186 553 2219 580 ad
2239 552 2382 587 judicium,
2407 559 2467 579 cum
2489 550 2613 586 expletus
2635 549 2718 577 fuerit
2738 557 2856 577 numerus

2072 597 2232 625 electorum.
2249 597 2302 624 Sed
2318 605 2379 624 cum
2399 597 2483 624 multa
2503 597 2574 624 dicat
2595 596 2628 623 de
2642 595 2856 631 pestilentissima

2072 643 2152 678 hujus
2166 644 2286 671 mulieris
2299 643 2409 674 astutia,
2422 643 2520 676 quibus
2533 646 2649 669 venatur
2659 642 2762 669 animas
2777 641 2857 668 homi-

2073 697 2136 716 num
2151 689 2329 724 perditorum,
2343 696 2402 723 qute
2416 696 2464 715 nos
2476 688 2509 715 ob
2523 688 2706 723 prolixitatem
2719 687 2857 714 inseranda

2071 742 2125 761 non
2138 734 2270 765 ducimus,
2288 734 2339 761 hoc
2355 734 2381 760 in
2393 734 2446 760 tiue
2463 732 2578 767 subjecit
2594 742 2600 759 :
2620 742 2629 758 ι
2647 732 2752 763 Multos,
2765 732 2856 766 inquit,

2070 781 2224 807 vulneratos
2236 779 2332 813 dcjccit
2346 783 2373 806 et
2387 779 2526 805 fortissimi
2539 777 2639 812 quique
2653 776 2784 804 interfecti
2799 780 2857 803 SJM

2069 826 2103 853 ab
2122 834 2153 853 ea
2177 825 2227 853 viae
2248 825 2326 852 inferi
2347 825 2444 852 domus
2463 824 2521 859 ejus
2541 827 2717 858 penetrantes
2734 821 2857 849 inferiora

2073 871 2170 898 mortis
2182 870 2290 907 (ibid).
2307 880 2316 896 ι

2378 917 2492 945 CAPUT
2511 917 2554 945 111.

2222 965 2254 991 In
2268 973 2386 992 sermone
2400 965 2433 991 de
2450 964 2481 992 S.
2498 963 2705 991 Bartholomwo.

1228 1011 1306 1044 nalis,
1325 1018 1385 1046 quae
1402 1011 1528 1038 meretrix
1542 1011 1651 1043 dicitur,
1672 1019 1725 1037 non
1741 1010 1808 1038 alios
1822 1010 1871 1037 nisi
1893 1010 2016 1045 parvulos
2034 1010 2055 1039 Β
2103 1011 2253 1038 Audiamus
2281 1012 2372 1045 itaque
2394 1019 2443 1046 per
2464 1018 2494 1038 os
2518 1010 2671 1037 Salomonis
2696 1008 2857 1044 Sapientiam

1227 1061 1254 1085 et
1265 1056 1392 1084 vecordes
1403 1056 1526 1091 decipere
1541 1064 1619 1091 posse
1632 1056 1800 1091 perhibetur.
1818 1055 1893 1083 Unde
1909 1060 1937 1083 et
1952 1055 2014 1082 alibi

1226 1100 1299 1129 idem
1312 1101 1440 1129 Salomon
1456 1102 1511 1128 ait:
1530 1110 1540 1126 ι
1559 1101 1653 1127 Mulier
1671 1100 1752 1128 stulta
1777 1105 1802 1128 e'.
1817 1100 1947 1131 clamosa,
1960 1097 2016 1134 ple-

1227 1153 1315 1181 naque
1327 1145 1462 1173 illecebris
1474 1149 1501 1172 et
1515 1145 1583 1172 nihil
1595 1145 1704 1172 omnino
1714 1146 1811 1176 sciens,
1825 1146 1893 1172 sedit
1908 1145 1933 1171 in
1950 1145 2017 1172 fori-

1226 1190 1278 1218 bus
1294 1191 1389 1218 domus
1404 1197 1458 1217 sua:
1476 1197 1558 1225 super
1572 1190 1664 1217 sellam
1682 1190 1707 1216 in
1729 1189 1835 1216 excelso
1850 1190 1926 1216 urbis
1947 1190 2016 1220 loco,

1226 1242 1253 1265 et
1274 1241 1354 1265 vocat
1379 1242 1549 1264 transeuntes
1567 1236 1637 1262 viam
1659 1240 1685 1262 et
1703 1240 1847 1270 pchcntcs
1871 1235 1896 1261 in
1920 1235 2016 1261 itinere

1227 1290 1276 1311 suo
1293 1292 1300 1310 :
1320 1282 1386 1316 Quis
1397 1287 1439 1310 est
1456 1283 1593 1318 parvulus,
1616 1281 1734 1309 declinet
1750 1282 1783 1307 ad
1796 1289 1849 1313 me,
1870 1286 1896 1308 et
1909 1281 2016 1308 vecordi

1226 1329 1315 1357 locuta
1329 1335 1370 1357 est
1387 1329 1478 1363 (Prov.
1491 1329 1541 1365 ix).
1561 1338 1570 1355 ι
1588 1328 1654 1355 Nam
1671 1328 1716 1362 qui
1732 1327 1870 1362 perfectus
1883 1332 1924 1354 est
1938 1328 1978 1354 vir
1991 1333 2018 1354 et

1225 1374 1325 1402 mentis
1347 1381 1420 1401 sana:
1442 1382 1611 1409 nequaquam
1632 1373 1732 1408 poterit
1752 1372 1869 1400 carnalis
1884 1372 2017 1401 illecebrze

1225 1419 1359 1447 lenocinio
1380 1419 1477 1454 decipi,
1498 1420 1539 1447 vel
1555 1420 1754 1455 quantumlibet
1776 1419 1911 1454 ingruenti
1927 1423 2017 1446 scatur

1225 1465 1351 1492 rientium
1374 1465 1531 1500 passionum
1551 1465 1702 1492 certamine
1716 1465 1851 1500 superari.
1868 1464 1930 1491 lllos
1944 1464 2015 1491 enim

1225 1510 1357 1537 duntaxat
1367 1510 1424 1536 ha'c
1438 1510 1534 1536 mulier
1548 1514 1667 1544 superat,
1680 1510 1713 1537 de
1729 1509 1781 1536 illis
1793 1510 1847 1536 vita
1861 1509 1979 1536 carnalis
1990 1513 2018 1536 et

1224 1561 1333 1584 terrena
1352 1556 1500 1590 triumphat
1515 1563 1581 1590 quos
1599 1563 1687 1590 prava:
1699 1555 1846 1582 voluntatis
1861 1555 1976 1582 intentio
1991 1560 2019 1582 et

1224 1604 1339 1629 terrenae
1355 1601 1581 1636 concupiscentize
1597 1606 1666 1628 teter
1684 1601 1775 1628 fumus
1795 1601 1923 1628 obcaecat.
1942 1600 2018 1627 Unde

1224 1646 1278 1673 illic
1306 1650 1367 1681 apte
1392 1645 1591 1681 subjuugitur:
1623 1656 1631 1672 ‹
1663 1646 1691 1673 1η
1716 1646 1844 1678 obscuro,
1871 1646 2017 1681 advesper-

2070 1064 2120 1084 nos
2138 1057 2170 1083 ad
2192 1064 2314 1084 mensam
2336 1056 2485 1092 spiritualis
2500 1056 2635 1083 alimonia:
2651 1055 2731 1083 claris
2750 1055 2858 1082 vocibus

2069 1102 2229 1133 invitantem
2244 1112 2250 1129 :
2270 1112 2279 1128 ‹
2298 1103 2449 1136 Sapientia,
2462 1102 2562 1137 inquit,
2574 1102 2723 1129 immolavit
2738 1102 2858 1128 victimas

2069 1155 2142 1179 suas.
2169 1147 2278 1174 miscuit
2300 1147 2390 1174 vinum
2410 1152 2437 1174 et
2460 1146 2600 1182 preposuit
2621 1154 2742 1174 mensam
2765 1153 2856 1178 suam;

2069 1194 2145 1220 misit
2168 1192 2195 1221 ai
2205 1193 2280 1220 cillas
2305 1201 2378 1225 suas,
2404 1198 2433 1220 ut
2457 1198 2588 1221 vocarent
2610 1193 2643 1220 ad
2667 1200 2757 1220 arcem
2777 1196 2804 1219 et
2826 1192 2858 1219 ad

2069 1239 2169 1266 mtenia
2186 1239 2303 1265 civitatis
2330 1248 2336 1265 :
2362 1238 2390 1265 Si
2416 1239 2475 1273 quis
2492 1244 2534 1266 est
2558 1237 2694 1273 parvulus.
2713 1237 2804 1265 veniat
2825 1236 2858 1263 ad

2069 1292 2121 1311 me.
2140 1284 2246 1315 Venite,
2261 1283 2394 1311 comeditc
2410 1291 2506 1318 panem
2523 1291 2613 1310 meum
2630 1287 2657 1310 et
2672 1282 2754 1310 bibite
2769 1282 2857 1309 vinum

2069 1331 2139 1365 quod
2159 1331 2256 1357 miscui
2271 1331 2347 1358 vobis
2366 1329 2455 1365 (Prov.
2472 1330 2520 1365 rx).
2542 1339 2551 1355 )
2573 1329 2698 1356 Christus
2716 1328 2797 1359 enim,
2813 1326 2858 1362 qui

2070 1375 2206 1410 Sapientia
2229 1376 2318 1402 Patris
2338 1380 2389 1406 est,
2416 1375 2540 1402 victimas
2564 1373 2723 1405 immolavit,
2747 1380 2807 1400 eum
2826 1371 2859 1398 ad

2069 1425 2168 1448 nostra;
2191 1419 2351 1446 imitationis
2371 1420 2523 1454 exemplum
2542 1419 2637 1446 beatos
2657 1422 2789 1453 martyres
2803 1424 2860 1451 per-

2068 1466 2142 1493 misit
2153 1465 2255 1498 occidi;
2271 1465 2379 1492 miswit
2392 1466 2493 1497 vinum,
2509 1464 2572 1500 quia
2586 1463 2740 1500 propinavit
2751 1463 2859 1490 creden-

2070 1512 2140 1538 tibus
2156 1512 2288 1546 Spiritum
2308 1517 2453 1543 sanctum;
2479 1510 2619 1545 proposuit
2643 1516 2775 1541 mensam,
2797 1508 2859 1543 quia

2070 1558 2209 1586 celestem
2225 1559 2331 1593 paravit
2348 1558 2504 1585 hominibus
2517 1557 2646 1591 gloriam;
2665 1557 2737 1584 misit
2749 1556 2859 1584 ancillas

2070 1611 2146 1636 suas,
2163 1604 2188 1630 id
2202 1608 2244 1631 est
2260 1608 2369 1631 sanctos
2385 1603 2459 1631 verbi
2475 1603 2625 1635 ministros,
2641 1602 2686 1637 qui
2699 1609 2729 1629 se
2741 1601 2860 1629 inﬁrmos

2069 1656 2095 1678 et
2111 1650 2220 1685 fragiles
2238 1653 2405 1677 asseverant.
2421 1649 2489 1682 Quid
2506 1655 2570 1683 ergo
2586 1649 2643 1683 jam
2658 1652 2750 1679 restat,
2764 1647 2814 1674 nisi
2831 1650 2861 1673 ut

1224 1698 1334 1720 ascente
1349 1693 1400 1724 die,
1424 1693 1449 1719 in
1465 1693 1551 1720 noctis
1569 1693 1688 1721 tenebris
1702 1698 1728 1720 et
1743 1693 1857 1728 caligine
1872 1700 1934 1720 ecce
1956 1700 2015 1719 mu-
2029 1688 2051 1719 C
2068 1696 2159 1723 relicta
2173 1695 2243 1722 fame
2255 1695 2344 1723 smculi
2361 1702 2537 1730 properemus
2551 1694 2584 1721 ad
2597 1701 2716 1721 mensam
2729 1693 2792 1721 Dei?
2806 1692 2861 1720 Sed

1224 1739 1275 1766 lier
1287 1738 1405 1766 occurrit
1424 1738 1459 1765 illi
1479 1739 1503 1765 in
1519 1743 1614 1766 ornatu
1631 1739 1794 1771 meretricio,
1815 1743 1966 1774 praeparata
1981 1739 2014 1765 ad

1223 1784 1368 1819 capiendas
1386 1783 1490 1811 animas
1503 1783 1593 1819 (Prov.
1609 1783 1668 1820 vn).
1689 1794 1698 1810 ι
1721 1785 1840 1812 lnebriat
1859 1785 1932 1812 enim
1953 1792 2014 1812 cars

1224 1831 1292 1858 nalis
1306 1830 1361 1857 vita
1376 1838 1423 1858 cor
1435 1830 1550 1858 1"xurite
1565 1831 1684 1858 deditum
1696 1836 1723 1869 et
1737 1837 1864 1866 tanquam
1881 1837 2014 1860 nocturna

1224 1875 1340 1911 caligine
1354 1876 1441 1902 reddit
1452 1875 1608 1910 obscurum,
1623 1877 1844 1905 dum‘intcriores
1856 1878 1948 1905 oculos
1960 1885 2023 1904 non-

1226 1922 1251 1948 in
1274 1921 1372 1949 cuelum
1394 1919 1483 1955 erigit,
1499 1921 1545 1948 sed
1559 1922 1584 1948 in
1602 1926 1676 1949 terra
1695 1922 1797 1956 deﬁgit.
1816 1922 1916 1950 Deinde
1932 1922 2016 1958 subji-

1225 1969 1262 1994 t'il
1277 1977 1283 1994 :
1300 1977 1308 1993 ε
1322 1966 1447 2000 Garrula,
1463 1974 1529 2003 vaga
1543 1972 1570 1994 et
1582 1967 1681 2002 quietis
1701 1967 1781 2002 227
1797 1968 1950 2002 impatiens,
1965 1975 2016 1995 nec

1225 2015 1319 2043 valens
1335 2016 1360 2042 in
1374 2015 1455 2042 domo
1471 2015 1620 2042 consistere
1635 2015 1749 2049 pedibus
1761 2015 1832 2046 suis;
1847 2022 1919 2041 nunc
1937 2014 2015 2047 foris.

1226 2068 1299 2089 nunc
1328 2062 1353 2088 in
1383 2060 1503 2096 plateis,
1538 2067 1609 2087 nunc
1633 2059 1712 2094 juxta
1738 2060 1851 2095 angulos
1885 2060 2016 2088 insidians

1227 2106 1336 2142 (Ibid)
1355 2116 1364 2132 ›
1389 2106 1437 2133 Hic
1457 2113 1538 2141 p0rro
1560 2105 1709 2133 carnalium
1727 2105 1867 2133 hominum
1889 2106 2018 2140 exprimit

1227 2151 1438 2179 inconstantiam
1465 2150 1584 2178 levitatis
1610 2150 1675 2178 vitio
1702 2150 1850 2183 subditam,
1877 2151 2017 2186 gravitatis

1228 2197 1344 2232 turpiter
1351 2197 1478 2224 alienam.
1490 2195 1566 2230 Quod
1579 2200 1667 2223 autem
1680 2195 1851 2231 subjungitur
1864 2205 1870 2223 :
1886 2206 1895 2222 ‹
1911 2196 2014 2223 lntexui

1228 2240 1349 2275 funibus,
1377 2241 1474 2268 lectum
1499 2248 1589 2268 meum
1613 2241 1696 2268 stravi
1722 2242 1855 2276 tapetibus
1880 2241 1959 2276 pictis
1982 2249 2016 2269 ex

1228 2286 1345 2323 [Egypto
1361 2285 1466 2322 (lbid.).
1492 2296 1500 2312 ι
1518 2286 1587 2320 Quid
1607 2294 1655 2321 per
1668 2287 1719 2315 hoc
1733 2287 1805 2315 aliud
1820 2288 1951 2320 innititur,
1965 2288 2016 2315 nisi

1230 2332 1291 2366 quia
1309 2331 1450 2359 delectatio
1468 2331 1568 2363 carnis,
1586 2332 1613 2359 in
1635 2340 1716 2367 quam
1736 2332 1889 2360 luxuriosus
1902 2333 2016 2367 quisque

2067 1743 2100 1769 ad
2114 1742 2184 1770 hanc
2200 1741 2369 1777 ingrediendi
2384 1741 2487 1768 aditum
2503 1740 2623 1775 reperire
2637 1747 2689 1767 non
2707 1747 2860 1774 possumus.

2067 1788 2118 1816 nisi
2135 1796 2181 1823 per
2199 1793 2307 1815 sanctos
2323 1787 2471 1822 apostolos,
2493 1787 2592 1821 quibus
2605 1785 2694 1814 claves
2708 1785 2859 1813 commissae

2067 1833 2212 1867 suntregni
2224 1835 2354 1860 caelorum
2370 1832 2477 1866 (.lfauh.
2492 1831 2558 1866 xvt).
2573 1831 2649 1859 Unde
2661 1831 2790 1866 scriptum
2802 1834 2858 1857 est:

2070 1887 2079 1903 ί
2107 1878 2245 1913 Sapientia
2271 1877 2337 1905 foris
2361 1877 2501 1912 praedicat,
2527 1878 2552 1904 in
2578 1876 2675 1912 plateis
2697 1876 2742 1903 dat
2766 1883 2859 1903 vocem

2067 1931 2154 1954 suam,
2173 1923 2198 1949 in
2215 1923 2304 1957 capite
2321 1922 2474 1954 turbarum,
2492 1921 2615 1948 clamitat
2634 1921 2659 1948 in
2681 1920 2783 1948 foribus
2797 1927 2861 1955 por-

2068 1972 2156 1996 tarum
2170 1967 2261 2003 (Prov.
2277 1970 2307 2003 l).
2327 1978 2335 1993 ι
2354 1967 2405 2003 Ipsi
2420 1975 2526 2003 quoque
2537 1967 2621 2003 228
2633 1971 2695 1995 sunt
2710 1971 2789 2001 caput
2804 1971 2861 1993 tur-

2067 2015 2164 2042 barum
2180 2014 2307 2049 foresque
2322 2020 2473 2049 portarum,
2485 2014 2548 2049 quia
2563 2014 2613 2049 ipsi
2624 2018 2686 2041 sunt
2701 2012 2860 2048 populorum

2070 2059 2207 2094 principes
2230 2066 2262 2086 ac
2284 2066 2417 2094 supremae
2436 2059 2607 2086 Hierusalem
2630 2065 2679 2094 per
2697 2056 2862 2086 sublimioris

2071 2103 2238 2132 excellentiae
2257 2104 2427 2140 privilegium
2440 2104 2583 2139 janitores.

2376 2159 2490 2187 CAPUT
2511 2159 2554 2187 iV.

2070 2203 2102 2230 In
2115 2203 2224 2239 cpistola
2237 2204 2271 2230 ad
2279 2203 2398 2265 Ciminii
2411 2205 2575 2245 pra’feclum,
2590 2214 2669 2241 super
2680 2205 2861 2233 cohortatione

2360 2249 2375 2265 tt
2423 2245 2579 2265 castitatem.

2360 2245 2393 2265 ea
2423 2245 2579 2266 castitatem.

2103 2284 2172 2311 Antii
2188 2292 2282 2312 rursus
2296 2284 2345 2312 sub
2354 2285 2501 2312 mulierum
2513 2286 2613 2321 specie,
2626 2286 2689 2322 quid
2702 2286 2771 2314 inter
2782 2287 2865 2322 spiri-

2069 2329 2168 2356 tualem
2189 2328 2271 2356 vitam
2285 2329 2367 2357 distet
2387 2335 2467 2365 atque
2484 2331 2619 2359 carnalem
2636 2339 2643 2358 :
2668 2341 2677 2358 ε
2703 2331 2805 2365 Mulier,
2822 2332 2864 2359 in-

1229 2378 1301 2405 ullro
1316 2382 1442 2412 tanquam
1456 2377 1481 2403 in
1495 2377 1583 2404 cubile
1598 2378 1791 2412 prosternitur,
1805 2378 1942 2413 perplexis
1955 2385 2016 2412 pec-
2033 2369 2058 2398 Ῑ)
2072 2375 2141 2410 quit,
2166 2374 2279 2410 diligens
2298 2383 2398 2404 corona
2422 2382 2463 2404 est
2484 2377 2544 2404 viro
2564 2385 2625 2410 suo,
2650 2381 2677 2405 et
2694 2378 2810 2412 putredo
2834 2377 2863 2405 in

1229 2427 1352 2451 calorum
1373 2423 1489 2450 vinculis
1503 2421 1653 2458 obligatur?
1667 2423 1743 2457 Quod
1759 2429 1849 2451 autem
1868 2423 1954 2451 lectus
1976 2424 2020 2452 ille

1228 2475 1262 2496 ex
1285 2468 1365 2503 pictis
1380 2476 1413 2495 ex
1435 2467 1552 2503 [Egyplo
1569 2469 1705 2503 tapetibus
1727 2469 1867 2501 sternitur,
1891 2470 1955 2504 quid
1977 2475 2019 2497 est

1230 2514 1312 2545 aliud,
1323 2513 1375 2540 nisi
1387 2513 1449 2547 quia
1462 2514 1514 2540 vita
1532 2514 1727 2541 iuxuriantium
1740 2523 1909 2550 nequaquam
1923 2515 2018 2543 funda-

1230 2563 1321 2586 mento
1338 2559 1428 2586 solida:
1446 2559 1569 2587 veritatis
1586 2560 1723 2593 innititur,
1745 2562 1791 2589 sed
1806 2562 1938 2589 mendacii
1952 2562 2019 2591 fuci

1230 2607 1259 2632 et
1280 2604 1446 2635 adumbratis
1467 2604 1632 2639 imaginibus
1655 2606 1808 2634 coloratur?
1830 2607 1907 2640 Quod
1929 2612 2019 2635 autem

1230 2648 1358 2676 meretrix
1372 2649 1422 2675 ista
1436 2648 1499 2676 dicit
1514 2658 1521 2675 :
1538 2658 1547 2674 ι
1568 2649 1645 2682 Veni,
1663 2651 1829 2679 inebriemur
1841 2653 1983 2686 uberibus,
1993 2657 2021 2680 ct

1232 2693 1333 2719 mutuis
1349 2692 1472 2719 fruamur
1494 2693 1675 2728 amplexibus,
1693 2695 1779 2723 donec
1794 2696 1933 2724 illuccscat
1947 2697 2019 2730 dies;

1233 2748 1285 2768 non
1299 2745 1339 2767 est
1349 2741 1421 2767 enim
1435 2742 1475 2768 vir
1491 2745 1567 2769 meus
1582 2742 1608 2769 in
1623 2743 1772 2777 domo'sua,
1786 2746 1853 2773 abiit
1863 2745 1906 2773 via
1920 2744 2021 2781 longis-

1234 2786 1300 2812 sima
1313 2785 1414 2821 (ibid);
1438 2795 1445 2811 ι
1465 2786 1517 2813 tale
1536 2792 1598 2815 est:
1618 2787 1666 2815 Vir
1678 2789 1774 2816 anima:
1788 2790 1919 2825 cujusque
1935 2791 2021 2818 fidelis

1234 2830 1357 2857 Christus
1371 2834 1421 2862 est,
1442 2831 1487 2865 qui
1503 2836 1555 2859 non
1571 2836 1612 2859 est
1627 2833 1653 2860 iu
1670 2834 1749 2861 domo
1764 2842 1820 2867 sua,
1836 2837 1883 2863 sed
1897 2835 1963 2863 abiit
1978 2836 2020 2863 via

1235 2874 1397 2910 longissima,
1411 2876 1520 2910 quando
1530 2877 1657 2911 pollutam
1669 2880 1814 2914 cujuslibet
1826 2881 2020 2909 conscientiam

1235 2921 1331 2952 cernit,
1345 2925 1424 2955 atquc
1440 2921 1498 2948 ideo
1512 2930 1574 2950 mox
1587 2924 1621 2951 ab
1633 2926 1908 2960 eoproculabscedit;
1923 2926 2021 2955 deinde

1235 2965 1323 2994 subdit
1347 2975 1353 2993 :
1381 2975 1389 2993 t
1418 2966 1559 2997 Saeculum
1583 2971 1703 3006 pecunia:
1725 2978 1815 3000 secum
1839 2973 1910 3007 tulit,
1937 2973 1963 3002 in
1978 2973 2021 3002 die

2070 2422 2177 2449 ossiinls
2190 2421 2248 2454 ejus
2261 2430 2320 2457 qua:
2333 2423 2492 2451 confusione
2509 2432 2552 2452 res
2574 2425 2669 2460 dignas
2682 2426 2750 2461 gerit
2768 2423 2863 2461 (Prov.

2073 2467 2133 2501 xu).
2152 2475 2161 2492 ι
2180 2465 2207 2492 bi
2222 2466 2302 2500 hujus
2315 2467 2406 2502 itaque
2421 2468 2544 2496 mulieris
2557 2469 2665 2497 ossibus
2682 2474 2723 2499 est
2735 2469 2863 2504 putredo.

2072 2512 2134 2546 quia
2151 2512 2213 2540 dum
2227 2513 2340 2547 quilibet
2354 2514 2457 2541 carnali
2472 2515 2534 2542 vitae
2554 2514 2716 2550 conjunctns
2731 2523 2864 2551 superare

2072 2559 2139 2585 alios
2159 2559 2263 2590 nititur.
2280 2559 2343 2587 dum
2361 2560 2431 2588 forte
2446 2561 2521 2595 quid,
2538 2562 2611 2597 quod
2624 2570 2684 2590 ossa
2698 2562 2864 2596 signiﬁcant,

2071 2612 2152 2639 agere
2168 2604 2309 2639 gloriatur,
2327 2605 2397 2633 fmda
2411 2614 2459 2641 per
2478 2607 2606 2642 populum
2620 2606 2691 2635 fama
2706 2607 2867 2635 diffunditur

2071 2657 2097 2679 et
2110 2653 2187 2687 quasi
2205 2652 2273 2681 fetor
2284 2653 2362 2681 olida:
2381 2655 2533 2689 putredinis
2545 2655 2697 2683 exhalatur.
2713 2655 2750 2682 De
2763 2649 2866 2689 quibus

2072 2700 2166 2734 utique
2178 2700 2336 2728 mulieribus
2349 2706 2377 2728 et
2388 2702 2456 2729 alius
2470 2702 2584 2737 Sapiens
2600 2702 2667 2730 dicit
2682 2711 2687 2728 :
2705 2711 2714 2727 ε
2732 2701 2828 2729 Mulier
2840 2700 2864 2727 si

2073 2749 2113 2771 est
2126 2744 2172 2772 tibi
2192 2746 2339 2772 secundum
2358 2745 2475 2773 animam
2491 2751 2574 2779 tuam,
2590 2755 2623 2774 ne
2639 2747 2764 2782 projicias
2778 2745 2864 2776 illam.

2074 2794 2101 2816 et
2116 2789 2208 2817 odibili
2227 2798 2278 2817 non
2293 2791 2389 2818 credas
2401 2796 2426 2819 te
2445 2792 2471 2818 in
2487 2796 2543 2820 toto
2563 2792 2645 2819 corde
2660 2791 2752 2827 (Eccli.
2770 2792 2831 2824 vn).
2853 2799 2862 2815 ι

2075 2835 2170 2863 Mulier
2184 2837 2281 2872 quippe
2294 2837 2442 2864 secundum
2457 2838 2586 2869 animam.
2601 2842 2642 2866 est
2655 2838 2710 2865 vita
2722 2837 2864 2865 virtutum.

2075 2883 2244 2910 conversatio
2262 2888 2376 2916 sancta;
2400 2883 2496 2911 mulier
2516 2892 2581 2912 vero
2602 2883 2722 2915 odibilis,
2745 2881 2865 2910 carnalis

2074 2934 2117 2957 est
2127 2930 2184 2956 vita
2197 2949 2204 2962 ,
2221 2937 2281 2964 qua:
2302 2934 2375 2957 certe
2395 2930 2457 2959 odio
2471 2936 2513 2958 est
2533 2930 2667 2963 habenda,
2686 2929 2728 2957 cui
2742 2927 2866 2963 profecto

2074 2974 2097 3003 si
2112 2975 2140 3003 in
2156 2979 2213 3004 toto
2233 2974 2314 3003 corde
2328 2983 2377 3004 nos
2395 2975 2541 3011 credimus,
2561 2983 2673 3005 necesse
2689 2974 2744 3011 jam
2761 2974 2814 3003 erit
2837 2976 2867 3000 ut
