3978 6382
150 391 309 451 H37

149 508 315 563 sicut
354 505 615 563 Samson
647 520 743 577 per
774 503 1001 561 Dalilam
1031 502 1183 573 (Iud.
1213 504 1353 572 xvi),
1387 506 1457 559 ita
1486 513 1543 560 et
1569 521 1664 560 nos
1698 520 1794 575 per
1825 510 1868 568 Α

150 598 339 652 istam
369 597 435 652 in
472 612 672 652 manus
699 596 936 651 hostium
971 593 1291 649 incidamus.
1319 595 1392 648 De
1413 610 1519 664 qua
1546 595 1802 650 videlicet

148 686 373 743 Ozlibili
412 686 653 741 muliere
683 686 737 741 in
770 685 1192 740 Deuteronomio
1228 684 1489 755 scriptum
1520 693 1641 740 est:
1677 703 1701 736 ‹
1742 682 1800 739 Si

148 778 480 846 acceperit
509 777 672 833 homo
704 790 955 839 uxorem,
984 782 1041 829 et
1074 773 1323 829 habuerit
1349 786 1470 827 eam
1500 782 1555 829 et
1590 789 1697 828 non
1723 774 1800 827 in-

148 871 407 926 venerit
462 872 702 944 gratiam
751 880 879 925 ante
923 868 1109 924 oculos
1154 869 1272 940 ejus
1312 879 1535 940 propter
1564 868 1803 939 aliquam

150 956 532 1027 ﬁeditatem,
586 961 792 1017 scribat
842 959 1083 1016 libellum
1133 958 1366 1030 repudii,
1429 969 1485 1017 et
1540 960 1690 1015 dabit
1749 960 1805 1015 in

154 1062 351 1103 manu
409 1049 541 1119 ejus
585 1059 641 1107 et
686 1049 927 1106 dimittat
968 1063 1089 1105 eam
1142 1050 1211 1105 de
1262 1049 1423 1106 domo
1473 1064 1572 1105 sua
1623 1049 1802 1119 (Deut.

156 1140 364 1214 xxiv).
442 1160 471 1195 δ

839 1251 1070 1310 CAPUT
1110 1252 1175 1308 V.

160 1337 199 1395 1
204 1357 253 1396 ην
270 1343 527 1416 cpistola
557 1343 627 1398 ad
647 1342 840 1411 fratres
861 1341 1163 1417 Gamggnii,
1192 1344 1279 1399 tibi
1301 1345 1366 1417 de
1386 1346 1807 1417 transgressione

623 1429 841 1468 sitorum
862 1416 1237 1468 mandatorum
1259 1416 1388 1486 agit.
1546 1416 1549 1417 ⁷
1598 1424 1601 1427 ’

239 1504 369 1575 Qui
420 1506 687 1561 virtutum
731 1505 1005 1577 lapidibus
1046 1506 1275 1562 festinat
1318 1508 1520 1563 atrium
1564 1506 1804 1565 sublime

161 1606 545 1660 construere,
598 1596 749 1666 prius
801 1611 925 1652 eum
971 1610 1197 1652 necesse
1248 1604 1332 1652 est
1369 1598 1801 1653 inhorrescentia

164 1686 508 1743 carnalium
572 1686 996 1743 delectationum
1051 1687 1272 1745 dumeta
1332 1704 1588 1760 purgare.
1649 1688 1801 1745 Unde

163 1786 341 1834 recte
377 1792 487 1849 per
516 1775 867 1833 Salomonem
900 1777 1099 1833 dicitur
1145 1797 1158 1831 :
1213 1799 1233 1832 ι
1277 1779 1579 1851 Diligenter
1606 1793 1803 1834 exerce

1513 391 1578 447 IN
1616 389 1744 449 LIB.
1785 390 2131 449 PliOVl-JRB.

3376 392 3520 447 1138

1900 505 2159 560 nimirum
2205 502 2388 559 verbis
2420 502 2549 575 quid
2583 500 2729 556 aliud
2765 499 2981 556 videtur
3029 514 3375 573 expressum,
3409 506 3517 562 nisi

1906 609 1966 651 ut
1996 595 2291 651 carnaliter
2322 593 2555 663 sapienti
2590 606 2655 647 ac
2682 607 2779 662 per
2807 592 2911 646 hoc
2939 591 3110 647 stulto
3139 593 3372 648 cuilibet
3402 610 3515 651 non

1906 686 2281 743 committatur
2301 683 2709 756 praedicationis
2736 680 3017 738 ofﬁcium?
3038 682 3113 739 De
3136 686 3341 741 sanctis
3368 686 3518 741 enim

1905 777 2356 849 praedicatoribus
2378 775 2582 831 dicitur
2607 792 2619 827 :
2656 792 2673 825 t
2698 772 2874 841 Quam
2900 774 3136 843 speciosi
3160 775 3325 844 pedes
3346 792 3519 831 evan-

1906 868 2254 941 gelizantium
2306 882 2523 938 pacem,
2558 864 3053 935 evangelizantium
3084 864 3255 920 bona!
3302 886 3321 920 ι
3371 866 3513 937 (Ira.

1908 978 2016 1027 Lll;
2044 961 2197 1016 Rom.
2230 959 2312 1033 x.)
2354 958 2544 1029 Itaque
2573 958 2804 1029 quilibet
2839 958 3123 1013 ordinator
3149 958 3430 1025 Ecclesiae,
3468 958 3517 1015 si

1905 1054 2101 1124 dignos
2146 1063 2203 1108 et
2225 1052 2454 1108 idoneos
2492 1052 2547 1107 in
2583 1052 2849 1122 dignitate
2876 1052 3189 1118 constituit,
3218 1053 3373 1122 quasi
3415 1066 3521 1123 pe-

1908 1144 2069 1199 dibus
2115 1144 2281 1199 rectis
2322 1142 2543 1199 incedit.
2592 1141 2700 1198 Per
2733 1157 2829 1198 eos
2877 1142 3023 1197 enim
3076 1144 3303 1199 verbum
3348 1158 3513 1215 spar-

1912 1235 2087 1305 gendo
2115 1234 2547 1304 circumquaque
2586 1234 2867 1301 discurrit,
2898 1245 2951 1289 et
3001 1235 3145 1304 quod
3178 1249 3276 1305 per
3304 1245 3512 1293 semet-

1908 1325 2087 1395 ipsum
2120 1340 2229 1380 non
2262 1324 2407 1380 valet
2454 1338 2637 1395 agere,
2666 1340 2767 1395 per
2805 1324 2930 1381 illos
2976 1326 3176 1396 satagit
3219 1325 3518 1384 efﬁcaciter

1908 1416 2230 1487 adimplere.
2288 1415 2385 1471 Sin
2427 1426 2612 1472 autem
2658 1416 2909 1472 carnales
2938 1432 3185 1488 quosque
3217 1433 3282 1474 ac
3324 1434 3520 1492 repro-

1906 1506 2008 1563 bos
2037 1506 2295 1563 ordinare
2327 1514 2654 1577 praesumat,
2687 1506 2777 1562 hic
2803 1506 3031 1563 claudus
3060 1505 3289 1578 pedibus
3321 1509 3518 1564 ambu-

1904 1594 2002 1650 lat.
2036 1595 2137 1663 Qui
2171 1596 2337 1651 etiam
2361 1596 2703 1665 iniquitatem
2730 1595 2920 1651 bibere
2943 1597 3166 1663 dicitur,
3199 1598 3351 1668 quia,
3377 1598 3512 1655 dum

1904 1691 2072 1741 verba
2114 1695 2319 1742 sanctae
2376 1686 2785 1758 praedicationis
2840 1700 2939 1755 per
2982 1687 3207 1742 stultum
3257 1688 3514 1744 nuntium

1906 1776 2078 1832 mittit
2124 1784 2203 1844 et,
2251 1785 2443 1833 contra
2477 1774 2837 1847 Apostolum,
2883 1776 2998 1833 cito
3026 1792 3224 1834 manus
3283 1778 3519 1849 imponit

165 1882 387 1939 agrum
422 1875 597 1934 tuum,
624 1877 687 1922 ut
714 1876 902 1938 postea
929 1868 1165 1923 aedifices
1186 1869 1407 1924 domum
1431 1882 1577 1925 tuam
1612 1868 1797 1941 (Prov.
1831 1867 1877 1928 Β
1906 1866 1958 1939 (1
1993 1865 2130 1923 Tim.
2173 1869 2227 1939 v)
2271 1868 2537 1939 peccatis
2570 1866 2939 1923 communicat
2974 1868 3189 1924 alienis.
3228 1868 3365 1925 Nam
3407 1870 3512 1926 etsi

165 1956 371 2029 xxiv).
416 1975 436 2009 ι
483 1956 577 2012 Ille
618 1956 817 2027 quippe
868 1958 1007 2012 bene
1043 1957 1263 2013 domum
1309 1960 1510 2014 meritis
1546 1959 1802 2024 aedificat,

100 2044 103 2045 ⁷
168 2050 275 2122 qui
323 2051 491 2123 prius
531 2065 725 2119 agrum
764 2052 1015 2120 corporis
1062 2051 1237 2121 spinis
1271 2051 1532 2106 vitiorum
1567 2061 1800 2126 purgat;

171 2140 447 2211 alioquin
490 2141 536 2198 si
582 2139 977 2196 desideriorum
1023 2141 1452 2210 passionumqne
1493 2140 1803 2198 carnalium

171 2241 383 2290 sentes
411 2232 466 2289 in
491 2233 671 2289 carnis
705 2247 838 2303 agro
868 2232 1134 2302 pullulare
1169 2233 1448 2300 sinuntur,
1482 2234 1627 2293 fame
1669 2235 1803 2290 boni

173 2334 485 2381 crescente
526 2333 636 2379 tota
678 2324 829 2379 intus
877 2324 1142 2379 virtutum
1182 2333 1456 2380 structura
1490 2325 1800 2382 collabitur.

174 2413 339 2470 llinc
369 2429 563 2471 rursus
596 2414 673 2468 ait
700 2432 713 2468 :
744 2432 762 2466 ι
791 2414 898 2470 Per
920 2430 1107 2486 agrum
1138 2416 1375 2473 hominis
1401 2417 1539 2488 pigri
1574 2416 1802 2472 transivi

176 2514 243 2558 et
276 2518 387 2574 per
410 2504 627 2558 vineam
654 2504 757 2558 viri
790 2504 965 2569 stulti,
1000 2515 1056 2559 et
1084 2518 1213 2560 ecce
1255 2513 1425 2561 totum
1459 2506 1803 2577 repleverant

178 2597 413 2662 urticae,
455 2605 793 2666 aperuerunt
819 2596 1164 2665 superficiem
1192 2595 1309 2665 ejus
1336 2599 1506 2668 spinie
1534 2596 1590 2655 et
1618 2615 1803 2656 mace.

181 2687 272 2743 ria
306 2688 554 2758 lapidum
581 2689 861 2745 destructa
886 2698 1007 2745 erat
1028 2689 1240 2762 ('lbid.).
1265 2711 1282 2743 ι
1310 2691 1449 2759 Quid
1474 2693 1619 2748 enim
1648 2708 1800 2764 ager,

179 2777 277 2834 vel
306 2779 472 2835 vinea
503 2780 641 2854 pigri
682 2781 944 2846 hominis,
980 2782 1081 2836 nisi
1128 2796 1258 2838 caro
1292 2783 1584 2853 cujuslibet
1637 2786 1803 2842 otiosi

184 2870 247 2925 in
281 2871 589 2942 spiritaalis
612 2872 957 2944 agriculture
998 2873 1277 2931 laboribus
1304 2877 1574 2933 desudare
1603 2878 1797 2934 nolen-

183 2945 304 3018 tis?
332 2960 474 3029 Quid
506 2970 687 3016 autem
718 2964 930 3028 urticae,
958 2964 1063 3019 nisi
1092 2964 1231 3035 gulae
1254 2968 1564 3039 prurigiues
1593 2979 1647 3024 et
1680 2984 1802 3024 car-

186 3052 355 3108 nales
390 3052 861 3121 illecebraeiQuid
883 3053 1121 3125 denique
1151 3058 1323 3126 spina:
1352 3067 1503 3122 sunt.
1544 3060 1645 3114 nisi
1678 3076 1801 3132 pas-

187 3146 417 3199 sionum
445 3143 743 3199 carnalium
784 3138 1143 3215 punctiones?
1172 3148 1312 3215 Quid
1354 3158 1635 3217 postremo
1677 3166 1798 3205 ma-

188 3233 348 3289 ceria
401 3233 664 3303 lapidum,
707 3234 810 3290 nisi
860 3236 1128 3291 cbaritate
1161 3238 1335 3291 media
1385 3254 1506 3293 cum
1538 3240 1795 3308 permista
1824 3231 1871 3293 C

189 3324 590 3379 cohaerentium
612 3334 887 3380 structura
918 3328 1215 3382 virtutum?
1240 3330 1389 3399 Ager
1413 3345 1543 3401 ergo
1571 3332 1710 3402 pigri
1742 3340 1798 3387 et

190 3412 355 3468 stulti
395 3413 635 3469 hominis
666 3415 859 3472 urticis
893 3416 1177 3486 spinisque
1214 3418 1474 3489 repletur,
1510 3436 1632 3475 cum
1669 3436 1799 3477 caro

191 3501 503 3572 cuiuspiam
530 3503 703 3559 Otiose
731 3504 968 3561 viventis
999 3521 1105 3561 non
1136 3522 1231 3577 per
1262 3508 1605 3578 disciplinam
1636 3510 1801 3582 229

191 3594 443 3648 continui
479 3593 685 3650 laboris
733 3596 1006 3652 excolitur
1052 3597 1152 3651 sed
1196 3599 1249 3652 in
1300 3598 1596 3669 voluptatis
1634 3610 1799 3671 atque

193 3681 435 3739 lascivia:
474 3684 715 3740 mollitur
759 3686 1033 3743 desiderio
1080 3695 1136 3741 et
1183 3689 1481 3745 enutritur.
1531 3690 1796 3761 Lapidnm

192 3788 417 3844 quoque
453 3776 681 3830 materia
706 3775 1035 3833 labefactata
1065 3779 1322 3846 diruitur,
1344 3782 1472 3850 quia
1499 3792 1609 3837 tota
1632 3786 1801 3839 virtu-

195 3871 311 3918 tum
354 3862 585 3929 fabrica,
622 3865 770 3920 velut
802 3867 1055 3937 impactis
1092 3870 1502 3927 incontinentis:
1533 3873 1798 3930 arietibus

194 3954 517 4023 dissipatur.
579 3973 599 4007 ι
654 3956 915 4028 Princeps
971 3959 1119 4015 enim
1163 3976 1473 4031 coquorum
1527 3964 1798 4020 destruxit

194 4058 385 4101 muros
432 4044 770 4102 Hierusalem
830 4048 935 4115 (ιγ
1004 4049 1131 4122 Reg.
1190 4053 1340 4124 xxv).
1405 4074 1424 4107 ι
1479 4054 1793 4126 Coquorum

195 4143 379 4191 autem
405 4138 660 4207 princeps
676 4137 801 4209 jure
820 4142 1084 4196 asseritur
1105 4153 1315 4211 venter,
1348 4148 1433 4206 cui
1465 4148 1727 4205 nimirum
1761 4166 1793 4209 a

195 4230 392 4300 coquis
415 4230 689 4287 laborioso
716 4247 881 4304 opere
907 4237 1165 4292 servitur.
1201 4239 1460 4311 Quisquis
1487 4259 1619 4315 ergo
1650 4246 1797 4301 desi-

197 4321 353 4375 derat
383 4322 751 4392 spiritualium
796 4335 1042 4397 segetum
1086 4329 1337 4387 ubertate
1377 4334 1666 4403 ditescere,
1696 4338 1795 4393 dc-

197 4413 355 4468 sudet
379 4428 526 4469 nunc
555 4430 744 4486 agrum
783 4419 863 4473 sui
897 4422 1144 4489 corporis
1179 4423 1481 4495 disciplinae
1521 4446 1585 4485 ac
1615 4431 1793 4485 couti-

196 4508 395 4563 nentia:
418 4523 637 4565 vomere
662 4513 920 4569 continuo
943 4514 1129 4571 labore
1157 4520 1389 4585 sulcare,
1416 4532 1491 4590 et,
1533 4534 1788 4598 tanquam

198 4599 470 4655 novalium
482 4617 703 4658 suorum
722 4605 933 4676 glebas,
957 4610 1171 4665 sarculo
1190 4615 1435 4683 sapiente
1457 4618 1789 4689 confringet,
1824 4590 1874 4651 Β

197 4689 325 4744 dum
353 4692 617 4761 quidquid
646 4694 861 4763 durum,
902 4698 1029 4753 dum
1054 4702 1319 4774 quidquid
1350 4706 1701 4767 infecundum
1737 4714 1790 4768 in

197 4796 256 4836 se
306 4779 737 4852 reprehenderi:,
782 4787 931 4860 jugis
989 4794 1323 4862 pmnitentiae
1374 4804 1792 4862 contusionibus

199 4881 366 4938 terat;
400 4888 501 4928 nec
536 4872 747 4930 desinat
774 4879 911 4947 gula:
940 4883 1236 4950 prurientis
1269 4889 1474 4944 urticas
1499 4902 1663 4961 atque
1706 4895 1790 4949 in-

198 4962 575 5021 horrescentes
603 4969 904 5025 carnalium
937 4971 1336 5031 desideriorum
1369 4994 1564 5051 vepres
1596 4984 1789 5039 radiciv

200 5060 283 5108 tus
324 5055 652 5125 exstirpare,
697 5074 804 5127 quo
848 5062 1043 5118 uberes
1075 5080 1370 5134 proventus
1416 5074 1785 5143 spiritualium

199 5152 437 5214 segetum
486 5146 701 5203 valeant
734 5151 816 5205 sui
859 5154 1040 5209 cordis
1070 5172 1195 5211 rura
1243 5161 1510 5227 proferre.
1548 5163 1706 5221 Unde
1734 5174 1791 5222 et

198 5234 337 5290 idem
370 5235 624 5293 Salomon
654 5241 726 5294 ait
758 5260 770 5296 :
804 5261 822 5295 ‹
864 5244 966 5311 Qui
994 5260 1251 5316 operatur
1281 5262 1483 5308 terram
1513 5272 1665 5311 suam
1697 5274 1787 5313 sa-

200 5323 469 5379 turabitur
515 5329 778 5395 panibus;
834 5335 927 5403 qui
976 5346 1216 5393 sectatur
1261 5344 1432 5397 otium
1490 5346 1790 5416 replebitur

198 5423 435 5492 egestate
468 5416 651 5485 (Prov.
682 5424 802 5491 xu).
841 5444 858 5475 ι

811 5514 1039 5572 CAPUT
1081 5522 1161 5571 Vl.

264 5598 330 5653 In
358 5602 577 5671 epislola
608 5607 675 5657 ad
717 5607 1079 5665 Alexandrum
1109 5631 1298 5685 papam
1330 5620 1391 5673 de
1424 5624 1712 5677 conontiis.

268 5704 292 5740 τ
316 5692 554 5748 Claudiis
579 5699 805 5766 pedibus
827 5711 880 5755 et
909 5705 1250 5775 iniquitatem
1276 5711 1464 5768 bibens
1496 5716 1585 5785 qui
1619 5718 1789 5770 mittit

212 5779 367 5837 verba
386 5795 485 5849 per
517 5784 767 5840 nuntium
815 5789 1041 5846 stultum
1096 5789 1277 5862 (Prov.
1312 5779 1535 5871 xxvx),i
1576 5790 1785 5871 Quibus

1908 1956 2210 2027 prudenter
2233 1959 2466 2028 quisque
2495 1958 2776 2028 loquatur,
2804 1959 2851 2015 si
2885 1967 3066 2014 tamen
3112 1976 3221 2015 non
3255 1961 3366 2032 agit
3396 1961 3514 2031 ipse

1907 2048 2051 2119 quod
2082 2048 2347 2118 loquitur,
2376 2049 2431 2105 in
2458 2048 2739 2120 spirituali
2770 2050 2999 2105 claudus
3027 2052 3226 2108 itinere
3264 2068 3371 2109 non
3407 2054 3512 2109 im-

1906 2139 2106 2195 merito
2144 2140 2445 2211 iudicatur.
2486 2141 2640 2198 Unde
2684 2148 2740 2197 et
2787 2141 2898 2198 illic
2946 2152 3074 2215 apte
3121 2146 3512 2217 subjungitur:

1911 2248 1932 2283 t
1962 2230 2247 2298 Quomodo
2266 2231 2529 2303 puichras
2555 2232 2759 2289 frustra
2788 2234 2949 2290 habet
2973 2236 3200 2292 claudus
3226 2239 3515 2309 tibias,sic

1907 2322 2169 2379 indecens
2196 2332 2282 2380 est
2308 2324 2364 2379 in
2388 2339 2485 2380 ore
2508 2325 2805 2381 stultorum
2834 2327 3092 2397 parabola
3125 2328 3309 2402 (Prov.
3344 2332 3509 2403 xx)»

1909 2410 2161 2469 Pulchris
2185 2414 2348 2484 plane
2374 2415 2631 2471 innititur
2654 2416 2801 2473 tibiis
2827 2417 2919 2488 qui
2945 2417 3203 2475 luculenti
3233 2421 3371 2477 nitet
3402 2422 3516 2479 cla-

1906 2504 2074 2558 ritate
2104 2506 2397 2561 sermonis.
2438 2505 2569 2571 Sed,
2616 2508 2745 2562 dum
2788 2508 2908 2565 sine
2936 2508 3095 2566 bonis
3125 2512 3385 2583 operibus
3424 2530 3511 2572 ac-

1905 2603 2157 2650 curatum
2184 2595 2458 2668 depromit
2488 2598 2787 2668 eloquium.
2834 2600 2985 2657 velut
3016 2602 3136 2659 sine
3162 2618 3352 2675 gressu
3385 2622 3517 2678 pro-

1904 2693 2089 2741 movet
2116 2695 2264 2742 recta
2306 2703 2469 2744 crura
2520 2690 2833 2747 verborum.
2870 2694 3039 2761 Quasi
3086 2696 3344 2766 pulchras
3382 2714 3516 2773 ergo

1904 2775 2072 2831 habet
2118 2778 2278 2833 tibias
2325 2779 2394 2834 ad
2437 2781 2755 2847 videndum,
2790 2786 2887 2841 sed
2937 2802 3044 2841 non
3090 2787 3252 2845 utiles
3285 2788 3357 2845 ad
3390 2806 3516 2861 gra-

1904 2872 2185 2938 diendum,
2233 2875 2349 2943 qui,
2398 2877 2711 2947 podagricis
2758 2879 3015 2936 vitiorum
3046 2882 3257 2953 laqueis
3286 2885 3517 2942 innoda-

1907 2970 2014 3025 tus,
2046 2962 2164 3032 ipse
2208 2966 2429 3035 quidem
2476 2969 2709 3039 turpiter
2754 2970 3047 3041 claudicat,
3098 2976 3225 3031 dum
3265 2977 3402 3033 alios
3456 2988 3515 3033 ut

1902 3056 2121 3125 agiliter
2177 3060 2502 3129 gradiantur
2546 3062 2759 3119 invitat.
2810 3065 2867 3121 In
2899 3068 3129 3125 istorum
3162 3086 3292 3143 ergo
3321 3072 3517 3127 Stulto-

1902 3160 2023 3199 rum
2056 3161 2153 3202 ore
2184 3149 2441 3205 indecens
2467 3161 2553 3207 est
2577 3154 2870 3224 parabola,
2902 3160 3052 3228 quia,
3083 3162 3213 3215 dum
3257 3162 3519 3233 spiritua-

1905 3234 2035 3289 liter
2064 3248 2262 3293 sonant
2293 3249 2347 3295 et
2377 3243 2679 3300 carnaliter
2710 3247 2980 3313 victitant,
3028 3266 3218 3306 eorum
3249 3254 3357 3308 vita
3389 3270 3517 3310 cum

1904 3325 2067 3381 labiis
2118 3343 2225 3384 non
2275 3336 2604 3401 concordat;
2658 3352 2796 3407 quos
2846 3341 3103 3397 nimirum
3156 3346 3387 3401 honesta
3420 3346 3505 3402 lo-

1903 3431 2159 3489 quentes,
2210 3426 2306 3481 sed
2342 3427 2627 3488 inhoneste
2673 3432 2939 3501 viventes,
2991 3438 3311 3506 praedicatio
3358 3449 3512 3496 recta

1903 3528 2010 3567 non
2059 3514 2253 3571 liberat
2311 3518 2406 3574 sed
2479 3521 2709 3578 mordax
2760 3526 3097 3582 conscientia
3153 3529 3514 3586 vehementer

1902 3619 2144 3665 accusat.
2197 3610 2353 3668 Unde
2384 3613 2495 3669 illic
2542 3631 2648 3671 non
2687 3617 2985 3690 incongrue
3030 3621 3256 3677 subdit:
3319 3644 3335 3675 ι
3367 3625 3516 3693 Quo-

1901 3699 2065 3755 modo
2096 3701 2141 3755 si
2175 3702 2333 3773 spina
2384 3716 2647 3762 nascatur
2693 3707 2745 3762 in
2800 3725 2963 3764 manu
2998 3712 3311 3780 temulenti,
3348 3714 3518 3788 230

1901 3792 1980 3846 sic
2008 3795 2267 3863 parabola
2299 3797 2354 3851 in
2389 3813 2485 3855 ore
2513 3800 2803 3857 stultorum
2830 3802 3019 3875 (Ibid).
3053 3824 3070 3856 ι
3108 3805 3277 3878 Spina
3308 3810 3515 3880 quippe

1902 3884 1957 3938 in
1990 3900 2153 3941 manu
2186 3888 2474 3946 temulenti
2505 3893 2769 3959 nascitur,
2799 3910 2924 3951 cum
2972 3897 3045 3951 illi
3072 3898 3162 3968 qui
3198 3900 3358 3970 hujus
3386 3903 3516 3960 vitm

1900 3990 2089 4031 amore
2120 3988 2205 4033 est
2233 3978 2423 4036 ebrius
2461 3986 2908 4055 reprehensionis
2956 3990 3008 4043 in
3058 4002 3243 4049 mente
3286 3995 3516 4054 aculeus

1901 4075 2220 4137 generatur.
2253 4069 2310 4125 ln
2350 4086 2443 4128 ore
2491 4074 2675 4145 itaque
2720 4077 3012 4136 stultorum
3046 4096 3167 4151 par:
3198 4084 3305 4140 vola
3354 4089 3516 4157 quasi

1899 4157 2053 4227 spina
2094 4168 2198 4225 est,
2229 4162 2356 4231 quia
2393 4167 2519 4221 dum
2565 4168 2713 4224 aliud
2762 4170 3082 4243 loquuntur,
3130 4178 3276 4234 aliud
3318 4194 3513 4252 agunt,

1900 4265 2056 4304 meus
2083 4266 2270 4307 eorum
2304 4255 2356 4309 in
2398 4260 2695 4332 semetipsa
2743 4264 3037 4333 aliquando
3085 4272 3431 4340 rcdarguitur
3458 4287 3518 4330 et

1900 4338 2131 4407 quodam
2185 4346 2340 4413 quasi
2380 4347 2551 4417 spina:
2594 4354 2887 4421 pungentis
2940 4356 3127 4413 aculeo
3158 4338 3510 4431 perforatur;

1901 4430 2048 4485 velut
2097 4434 2254 4504 spina
2306 4448 2456 4495 certe
2507 4443 2651 4497 male
2700 4446 2936 4502 viventis
2988 4460 3043 4504 et
3089 4450 3228 4507 bene
3276 4430 3515 4514 dicentis

1900 4526 2237 4585 conscientia
2272 4534 2482 4602 pungit,
2525 4536 2653 4592 dum
2691 4537 2743 4591 in
2776 4554 2842 4594 eo
2873 4542 3018 4611 quod
3047 4547 3396 4602 extrinsecus
3425 4548 3511 4603 lo-

1898 4616 2086 4685 quitur
2113 4622 2348 4691 quodam
2383 4630 2609 4695 pudoris
2638 4640 2803 4702 atque
2834 4632 3142 4692 formidinis
3174 4640 3397 4698 stimulo
3424 4643 3510 4700 in-

1899 4710 2169 4768 trinsecus
2190 4716 2490 4774 sauciatur.

2501 4834 2733 4893 CAPUT
2777 4839 2885 4895 ΥΠ.

2424 4947 2490 5002 In
2521 4950 2701 5005 eadem
2731 4955 2972 5022 epistola.

1977 5091 1993 5122 ι
2025 5072 2179 5129 Sicut
2208 5078 2298 5145 qui
2332 5079 2499 5135 mittit
2524 5081 2761 5152 lapidem
2808 5084 2861 5138 in
2915 5102 3169 5143 acervum
3212 5089 3505 5159 Mercurii.

1899 5164 1973 5218 ita
2022 5167 2115 5236 qui
2156 5169 2351 5225 tribuit
2392 5172 2670 5245 insipienti
2728 5178 2993 5234 honorem
3050 5180 3235 5250 (Prov.
3275 5184 3450 5253 xxvi).
3482 5205 3504 5240 ι

1899 5252 2033 5347 ξηαπ]
2062 5258 2151 5325 qui
2191 5262 2333 5330 apud
2365 5265 2595 5331 gentiles
2639 5266 2944 5325 Mercurius
2990 5272 3126 5328 deus
3156 5272 3356 5328 Sacelli
3408 5252 3508 5347 υἱ,

1899 5346 2122 5420 Lucelli]
2147 5391 2161 5414 ,
2188 5353 2302 5407 sive
2330 5359 2574 5425 pecunia:
2604 5359 2913 5428 dicebatur,
2955 5378 3190 5419 acervus
3218 5364 3505 5436 Mercurii,
3594 5412 3597 5415 ι

1899 5440 2149 5495 cumulus
2198 5454 2364 5513 atque
2415 5450 2703 5519 congeries
2755 5464 2837 5506 est
2878 5468 3249 5509 nummorum.
3279 5457 3345 5512 lit
3376 5457 3507 5525 quia

1898 5550 2121 5589 nummo
2150 5541 2340 5608 regula
2366 5543 2656 5598 monetalis
2690 5545 3039 5614 imprimitur,
3066 5549 3194 5617 quid
3224 5564 3322 5618 per
3349 5565 3506 5605 num-

1894 5640 2105 5679 morum
2129 5629 2447 5701 designatur
2477 5650 2753 5697 acervum,
2782 5637 2883 5690 nisi
2910 5638 3241 5707 regulariqu
3270 5658 3333 5697 ae
3358 5657 3506 5697 vene

1894 5718 2205 5774 sanctitatis
2254 5724 2548 5796 imaginem
2594 5728 3002 5796 prteferentium
3040 5734 3235 5787 concio
3268 5734 3505 5788 clerico-

1894 5812 2054 5867 rum?
2090 5811 2232 5880 Quid
2260 5832 2390 5876 vero
2420 5836 2517 5890 per
2551 5820 2806 5893 lapidem,
2841 5825 2946 5880 nisi
2980 5824 3206 5889 duram,
3244 5827 3505 5888 stolidam
