2952 3336
0 0 1160 95 v—

1219 181 1285 210 H39

1217 244 1244 266 et
1257 239 1442 267 insensibilcm
1465 239 1535 267 illius
1550 245 1667 267 utentem
1683 240 1848 274 accepimus,
1872 242 1916 274 qui
1943 242 2005 266 dum
2022 241 2047 269 Α

1215 284 1299 312 Deum
1314 291 1375 313 esse
1390 284 1540 311 indubitata
1563 285 1614 312 tide
1630 292 1683 311 non
1699 284 1784 311 credit
1797 304 1805 316 ,
1828 291 1902 319 spem
1928 291 2003 310 suam

1215 330 1242 358 in
1264 335 1371 357 terrena
1386 329 1506 363 qualibet
1530 330 1702 364 possessione
1723 330 1876 357 constituit.
1900 330 1936 357 De
1950 338 2005 364 quo

1214 381 1262 408 per
1282 373 1445 408 Prophetam
1465 375 1580 403 dicitur:
1604 385 1612 400 ι
1629 375 1701 402 Dixit
1722 376 1852 409 insipiens
1872 375 1897 402 in
1924 376 2004 402 corde

1214 428 1283 447 suo:
1303 420 1362 448 Non
1379 425 1422 448 est
1435 421 1505 448 Deus
1518 422 1603 456 (I’sal.
1619 423 1690 457 xm).
1706 432 1715 448 ι
1734 422 1802 449 Huic
1822 428 1912 449 autem
1936 423 2004 450 insi-

1213 465 1297 500 pienti
1312 471 1378 493 tunc
1403 467 1490 494 honor
1515 468 1655 499 tribuitur,
1680 476 1740 494 cum
1766 469 1800 495 ad
1824 469 2003 496 ecclesiastici

1213 512 1312 546 gradus
1327 513 1431 547 apicem
1454 514 1588 548 quispiam
1606 522 1658 541 nozi
1679 516 1744 546 Deo,
1761 515 1806 541 sed
1823 516 1943 549 pecuniae
1957 516 1998 541 de-

1214 556 1285 583 ditus
1296 562 1487 592 promovetur.
1504 558 1556 585 Sed
1578 559 1647 585 sicut
1670 567 1839 585 nununornm
1857 559 2003 593 dissipatur

1214 609 1343 634 acervus,
1370 604 1392 630 si
1420 604 1534 638 desuper
1559 604 1625 638 lapis
1654 605 1817 636 immittitur.
1836 605 1870 631 ita
1894 612 1942 639 per
1962 606 2003 632 in-

1213 647 1298 681 digni,
1312 647 1369 675 sive
1382 648 1480 683 lapidei
1495 650 1610 682 pastoris
1627 657 1765 676 accessum
1778 651 1855 683 quasi
1868 651 2002 684 constipa—

1213 696 1256 719 ωε
1280 693 1348 720 ordo
1371 693 1522 721 destruitur
1546 694 1709 729 regularizer
1732 696 1912 729 gradientium
1934 702 1961 721 et
1976 696 2000 720 in

1211 736 1345 765 eharitate
1366 738 1552 766 obedientium
1574 740 1753 772 clericorum;
1777 745 1905 774 gravatur
1929 741 2001 766 enim

1211 781 1273 808 mali
1296 783 1415 817 pastoris
1433 784 1590 811 umbraculo
1614 790 1651 815 et.
1676 789 1803 819 tanquam
1827 793 2000 812 nummorum

1211 826 1363 854 celestium
1379 829 1517 856 cumulus.
1533 830 1645 857 tartarei
1661 831 1756 865 lapidis
1778 830 1846 857 mole
1873 831 1999 857 diruitnr.

1211 869 1301 899 Stulto
1326 873 1408 907 igitur
1434 879 1461 901 et
1486 867 1621 909 insipienti
1652 876 1825 910 denegandus
1850 881 1892 902 est
1916 877 2002 903 honor

1211 916 1425 950 ecclesiasticus,
1452 927 1484 945 ne
1507 925 1664 947 sanctorum
1691 921 1851 948 clericorum
1872 926 2000 955 tanquam

1210 970 1382 992 nummorum
1397 967 1580 1001 spiritualium
1596 975 1735 1003 mergatur
1751 977 1874 995 acervus.
1891 968 1928 995 De
1947 977 2001 1003 quo

1209 1008 1335 1037 videlicet
1352 1012 1435 1039 stulto
1448 1013 1528 1046 paulo
1553 1015 1678 1048 superius
1699 1015 1769 1040 idem
1794 1014 1921 1041 Salomon
1941 1015 1977 1040 ait
1994 1024 1998 1039 :

1211 1060 1221 1077 σ
1236 1052 1354 1082 Claudus
1372 1057 1487 1090 pedibus
1501 1062 1528 1084 et
1550 1058 1718 1093 iniquitatem
1734 1059 1839 1090 bibens.
1855 1060 1900 1093 qui
1917 1060 2001 1086 mittit

1208 1099 1288 1126 verba
1307 1108 1355 1134 per
1370 1102 1491 1129 nuntium
1508 1104 1618 1130 stultum
1633 1104 1725 1139 (Prov.
1743 1105 1828 1139 uri).
1846 1114 1854 1129 ι

1658 180 1906 209 COLLECTANEA
1925 180 1959 208 IN
1985 181 2100 209 VETUS
2120 180 2392 210 TESTAMENTUM.

2779 183 2846 212 mo

2356 239 2469 267 CAPUT
2488 240 2553 267 Vlll.

2059 285 2092 312 In
2110 286 2218 320 epistola
2233 287 2268 313 ad
2290 287 2467 323 Alexandrum
2490 295 2596 320 papam,
2611 295 2690 323 super
2707 288 2844 319 tmte-tis

2306 322 2435 348 malorum
2454 322 2598 349 hominum.

2095 384 2104 399 ‹
2121 374 2295 410 Sanguisugre
2311 376 2369 402 duce
2382 381 2445 402 sunt
2459 376 2531 408 tiliae,
2544 377 2685 405 dicentes:
2698 370 2781 412 Mler,
2804 378 2845 406 al-

2058 421 2097 448 fer
2111 421 2200 455 (Prov.
2218 423 2292 457 xu).
2309 433 2317 448 ι
2344 422 2407 449 Nam
2426 430 2480 457 quo
2503 423 2618 457 quisque
2641 424 2843 453 immoderatius

2058 468 2186 498 vescitur,
2211 475 2243 494 eo
2267 476 2378 495 necesse
2400 472 2441 495 est
2467 474 2496 495 ut
2517 469 2549 494 ad
2572 460 2665 502 potum
2688 470 2843 498 mluantius

2056 514 2229 540 accendatur.
2244 514 2275 540 Et
2291 514 2353 539 dum
2371 519 2498 547 congesta
2513 514 2563 541 sibi
2579 515 2663 542 molss
2676 514 2843 544 fervescentc

2055 564 2150 585 stosnm
2162 560 2188 586 hi
2211 560 2297 586 lebete
2323 560 2496 593 dcettquitur.
2523 561 2629 587 crebris
2660 568 2772 589 necesse
2801 564 2844 590 est

2055 604 2198 630 hauscibns
2220 604 2356 638 irrigetur.
2372 604 2424 630 Sed
2446 612 2507 631 cum
2531 606 2599 631 cibis
2612 609 2706 633 venter
2719 613 2751 633 ac
2769 605 2842 641 poti-

2055 649 2104 675 bus
2121 649 2290 680 intumescat,
2307 656 2477 682 consequens
2499 654 2541 676 est
2562 656 2601 681 ιιι,
2631 650 2741 679 alterius
2757 650 2841 679 utriu-

2055 701 2106 728 que
2123 695 2266 725 meatibus,
2292 700 2318 721 et
2341 694 2421 721 ncces
2445 703 2493 729 per
2513 695 2636 730 podicem
2662 696 2690 724 in
2705 695 2843 725 cuniculos

2054 746 2146 773 egerat
2170 746 2196 767 et
2222 742 2363 767 humorem
2386 741 2419 768 de
2444 742 2553 775 genitali
2578 742 2772 777 conceptaculo
2792 749 2843 778 per

2054 786 2177 820 pudenda
2194 786 2351 821 profundat.
2373 786 2449 813 Sicut
2471 787 2543 813 enim
2560 788 2586 813 in
2604 787 2783 816 torcularibus
2799 786 2841 815 Vl-

2055 832 2159 857 uarium
2184 840 2197 857 a
2220 832 2296 863 vino,
2321 832 2361 858 sic
2387 832 2412 858 in
2431 832 2511 858 ilibus
2536 836 2640 859 stercus
2662 836 2806 867 separatur
2826 839 2842 860 a

2054 879 2122 903 virn.
2141 877 2316 911 Sanguisugae
2330 884 2404 911 ergo,
2421 884 2480 911 qua:
2493 877 2614 904 edacitas
2636 881 2689 910 est.
2708 878 2767 905 dum
2780 880 2843 905 sunt

2019 914 2038 942 Β
2054 923 2124 953 ﬁlim,
2138 923 2255 949 ebrietas
2269 928 2295 948 et
2309 922 2398 953 libido,
2410 923 2472 956 quia
2488 922 2550 948 dum
2565 930 2616 949 una
2633 922 2716 958 pestis
2726 921 2843 950 delecta-

2054 968 2142 994 biliter
2156 967 2233 1001 231
2256 967 2386 1001 concipit,
2400 974 2535 1001 gemmam
2558 967 2712 995 necessario
2723 965 2842 994 sobolem

2053 1012 2140 1046 parit;
2159 1020 2218 1046 qute
2237 1013 2365 1039 nimirum
2386 1012 2480 1038 dicunt
2498 1033 2502 1038 .
2524 1020 2533 1037 ‹
2548 1011 2632 1044 Aller,
2649 1011 2726 1045 aﬂer,
2740 1021 2750 1038 ι
2764 1010 2844 1047 quis,

2053 1058 2133 1092 232
2155 1066 2215 1084 cum
2234 1058 2287 1085 sint
2304 1057 2489 1090 insatiabiles,
2510 1057 2636 1085 violenta
2657 1064 2764 1093 quoque
2778 1059 2842 1085 ιω

2053 1104 2213 1131 esactrices.

1684 1150 1837 1184 Expliciunt
1857 1151 2004 1176 testimonia
2022 1150 2053 1175 de
2073 1149 2138 1175 libro
2152 1148 2364 1175 Proverbiorum.

1680 1215 1852 1243 lNClPlUN'I‘
1874 1214 2045 1242 CAPITULA
2069 1213 2112 1240 DE
2127 1212 2371 1240 ECCLESIASTE.

1207 1267 1232 1305 ξ.
1249 1268 1326 1305 Quod
1342 1272 1428 1297 omnia
1444 1272 1555 1305 ﬂumina
1572 1273 1670 1298 intrant
1690 1273 1717 1298 in
1729 1280 1801 1298 mare
1817 1275 1840 1297 et
1856 1279 1927 1296 mare
1940 1279 1991 1296 non
2008 1269 2148 1296 redundat.

1206 1302 1233 1340 Ξ.
1249 1303 1348 1340 yuscw
1365 1302 1504 1333 morientes
1516 1308 1628 1340 perdunt
1648 1308 1803 1333 suavitatem
1817 1306 1952 1340 unguenti.

1204 1337 1232 1374 ξ).
1249 1338 1287 1374 De
1300 1339 1400 1373 Spiritu
1411 1337 1565 1374 potestalem
1581 1342 1699 1368 habente.

1204 1372 1232 1415 ξ.
1249 1373 1288 1415 ρς
1299 1372 1329 1401 eo
1341 1372 1521 1415 quod-dicitur
1532 1384 1541 1402 :
1556 1376 1597 1402 Da
1608 1383 1709 1415 partem
1723 1382 1829 1415 septem,
1847 1384 1892 1402 nec
1907 1384 1959 1402 non
1977 1381 2000 1401 ει
2016 1380 2082 1403 otto.

1205 1407 1233 1436 Β.
1249 1407 1481 1444 Ε’ὺιεηιίοᾳιιεηάί
1492 1419 1579 1438 omnes
1595 1407 1694 1446 pariter
1705 1412 1854 1438 audiamus.

1867 1455 2019 1490 Expliciunt
2044 1455 2170 1489 capitula.

1380 1522 1700 1568 INCIPIUNT
1729 1520 2102 1567 TESTIMONIA
2147 1522 2218 1564 DE
2259 1521 2664 1567 ECCLESIASTE.

1458 1608 1572 1637 CAPUT
1596 1609 1742 1638 PRIMUM.

1433 1654 1476 1688 [In
1493 1655 1557 1682 libro
1575 1656 1750 1683 Crinissum.

1241 1710 1251 1726 α
1264 1699 1360 1729 Omnia
1378 1698 1488 1727 ﬂumina
1503 1705 1604 1727 intrant
1617 1701 1643 1727 in
1658 1709 1732 1728 mare
1750 1705 1776 1728 et
1789 1708 1864 1728 mare
1881 1709 1934 1728 non
1952 1708 1993 1728 re-

1203 1745 1318 1777 dundat;
1333 1745 1365 1772 ad
1381 1745 1467 1772 locum
1482 1746 1553 1773 unde
1567 1751 1668 1773 exeunt
1683 1745 1791 1773 ﬂumina
1807 1752 1991 1776 revertuntur,

1201 1796 1232 1819 ιιι
1255 1791 1354 1819 iterum
1369 1790 1453 1819 ﬂuant
1468 1791 1566 1826 (Et-clo.
1587 1792 1617 1825 1).
1631 1802 1640 1817 ›
1663 1791 1739 1819 Hunc
1755 1800 1899 1820 excursum
1914 1797 1994 1825 atque

1201 1843 1344 1865 recursum
1374 1836 1555 1871 spiritualium
1586 1836 1726 1864 ﬂuminum
1762 1838 1876 1871 mystice
1907 1837 1993 1863 Lucas

1199 1882 1370 1917 evangelista
1391 1882 1532 1913 describit,
1554 1890 1614 1909 cum
1635 1883 1691 1910 ait:
1719 1891 1728 1908 ‹
1744 1882 1812 1915 Quia
1829 1886 1993 1909 convocatus

1203 1926 1285 1955 Iesus
1297 1927 1437 1955 duodecim
1451 1928 1589 1962 apostolis,
1606 1928 1679 1955 dedit
1691 1928 1744 1955 illis
1759 1928 1888 1955 virtutem
1902 1931 1928 1954 et
1943 1934 1992 1962 po-

1202 1977 1330 2006 testatem
1347 1981 1429 2008 super
1454 1974 1545 2000 omnia
1574 1974 1717 2005 daemonia,
1743 1977 1770 2000 et
1796 1979 1825 2000 ut
1850 1974 1994 2007 languorcs

1203 2023 1348 2051 curarent;
1365 2024 1391 2047 et
1404 2020 1476 2046 misit
1491 2020 1549 2046 illos
1562 2019 1710 2054 praedicare
1724 2026 1837 2053 regnum
1855 2018 1901 2045 Dei
1915 2017 1992 2052 (Luc.

1203 2066 1256 2098 is).
1272 2074 1282 2091 ι
1300 2065 1368 2092 Ecec
1380 2072 1506 2099 egressus
1521 2064 1678 2097 ﬂuminum;
1695 2073 1727 2092 ac
1745 2064 1917 2099 postmodum
1932 2064 1994 2090 sub-

1202 2110 1260 2137 dit:
1279 2120 1288 2136 ‹
1300 2110 1331 2137 Et
1345 2110 1444 2137 reversi
1458 2110 1571 2144 apostoli
1586 2114 1767 2136 uarraverunt
1778 2109 1815 2136 illi
1826 2116 1996 2143 qtizccunque

1201 2155 1442 2190 fecerunt(lbid.).
1460 2165 1469 2181 ι
1505 2156 1573 2182 Ecce
1593 2156 1707 2182 reditum
1723 2154 1874 2181 (luminum.
1896 2153 1936 2179 Ad
1956 2153 1993 2180 lo-

1202 2208 1264 2227 cum
1292 2208 1355 2235 ergo
1376 2201 1447 2228 unde
1469 2206 1568 2228 exeunt
1590 2200 1698 2228 ﬂumina
1724 2205 1906 2232 revertuntur,
1930 2200 1991 2234 quia

1203 2248 1282 2275 electi
1298 2248 1397 2281 quique
1416 2247 1453 2274 illi
1473 2255 1503 2275 se
1516 2248 1653 2275 debitores
1665 2255 1725 2274 esse
1742 2255 1794 2274 non
1809 2247 1961 2281 ambiguus,
1976 2255 1991 2273 a

1202 2302 1256 2329 quo
1287 2295 1414 2322 videlicet
1436 2295 1584 2322 hauserant
1609 2302 1690 2321 omne
1716 2294 1787 2327 quod
1812 2294 1991 2328 spiritualiter
2008 2285 2031 2314 ι)

1201 2338 1269 2369 ﬂuit.
1297 2339 1372 2368 Unde
1394 2345 1422 2367 et
1444 2340 1543 2368 Paulus
1564 2341 1620 2366 ait:
1640 2349 1649 2365 ‹
1666 2339 1816 2366 Divisiones
1843 2340 1991 2373 gratiarum

1201 2377 1274 2416 sunt,
1291 2385 1359 2412 idem
1378 2390 1467 2412 autem
1488 2385 1633 2417 Dominus;
1653 2390 1679 2412 et
1692 2385 1838 2412 divisiones
1854 2386 1988 2411 ministra-

1202 2432 1305 2459 tionum
1331 2436 1403 2464 sunt,
1429 2433 1500 2460 idem
1522 2437 1611 2459 autem
1629 2432 1773 2463 Dominus;
1800 2437 1825 2457 et
1848 2432 1993 2458 divisiones

1201 2476 1387 2509 operatiouum
1397 2482 1470 2508 sunt,
1481 2477 1552 2503 idem
1564 2484 1627 2503 vero
1640 2478 1719 2507 Deus,
1734 2477 1779 2510 qui
1795 2481 1923 2510 operatur
1932 2483 1991 2502 om-

1202 2523 1247 2549 nia
1263 2522 1288 2548 in
1309 2522 1434 2549 omnibus
1449 2522 1473 2557 (1
1490 2523 1551 2549 Cor.
1570 2524 1628 2557 xu).
1646 2533 1655 2548 ι
1674 2522 1774 2556 Nempe
1797 2529 1857 2549 cum
1874 2522 1989 2556 primum

1199 2570 1282 2600 ponat
1307 2565 1448 2600 Spiritum,
1472 2567 1567 2593 deinde
1588 2567 1730 2602 subjungat
1751 2566 1905 2597 Dominum,
1929 2573 1990 2600 pos-

1202 2616 1288 2638 tremo
1311 2611 1407 2644 Deum,
1430 2612 1547 2639 ostendit
1572 2617 1691 2639 sanctam
1714 2612 1884 2643 Trinitatem,
1908 2619 1989 2638 unum

1202 2657 1304 2684 scilicet
1326 2652 1409 2684 Deum
1430 2658 1551 2684 omnium
1570 2658 1717 2693 gratiarum
1732 2664 1792 2684 esse
1807 2658 1990 2684 indubitanter

1203 2706 1351 2729 auctorem.
1376 2702 1433 2734 Ipse
1452 2703 1524 2730 enim
1543 2710 1591 2729 sua
1610 2704 1678 2730 dona
1695 2703 1841 2734 distribuit,
1864 2703 1909 2736 qui
1934 2703 1989 2729 sin-

1202 2746 1324 2781 gulorum
1344 2748 1437 2775 merita
1454 2754 1479 2775 et
1493 2756 1606 2783 operum
1622 2749 1790 2777 diversitates
1805 2748 1910 2776 occulta
1930 2756 1990 2784 pro-

1203 2793 1304 2822 visione
1324 2793 1461 2822 discernit.

2361 1605 2475 1634 CAPUT
2494 1607 2524 1634 ll.

2410 1651 2442 1678 G.
2464 1651 2496 1678 G.

2085 1706 2093 1721 ε
2110 1693 2206 1724 Musca:
2222 1698 2369 1724 morientes
2386 1698 2501 1731 perdunt
2525 1699 2687 1727 suavitatem
2705 1701 2836 1737 aug-uti

2045 1738 2143 1774 (Εσείε,
2157 1742 2200 1777 x);
2218 1750 2227 1767 ›
2243 1742 2306 1776 quia
2322 1742 2499 1777 cogitationes
2524 1743 2676 1778 superﬂua,
2695 1752 2756 1780 qua
2766 1745 2836 1774 ani-

2047 1787 2098 1813 due
2122 1787 2148 1813 in
2164 1787 2255 1813 animo
2277 1787 2397 1814 carnalia
2421 1788 2558 1823 cogitante
2584 1794 2731 1817 nascuntur
2751 1794 2832 1826 atqu

2047 1830 2186 1864 deﬁciunt,
2204 1840 2262 1859 eam
2281 1833 2453 1865 suavitatem,
2470 1841 2522 1868 qua
2542 1835 2726 1870 unusquisque
2740 1836 2836 1864 intrist-

2046 1884 2123 1904 secus
2138 1885 2186 1912 per
2201 1877 2331 1912 Spiritum
2358 1883 2455 1906 unctus
2471 1884 2523 1911 est,
2544 1881 2669 1914 perdunt.
2685 1880 2761 1910 Unde
2774 1889 2835 1910 ωιι

2045 1923 2115 1950 miro
2131 1924 2240 1957 pietatis
2254 1932 2336 1958 opere
2347 1925 2380 1951 ad
2395 1932 2443 1951 cor
2456 1924 2563 1952 Veritas
2575 1926 2659 1958 venit,
2669 1931 2743 1961 pnus
2755 1926 2790 1954 ab
2801 1933 2834 1954 co

2045 1968 2239 2002 cogitationum
2251 1969 2400 1996 carnalium
2421 1975 2503 1997 aestus
2524 1971 2609 2005 cjicit,
2630 1975 2657 1999 et
2676 1976 2737 2007 post
2759 1972 2787 1999 in
2801 1979 2835 1999 eo

2047 2014 2177 2040 virtutum
2192 2014 2263 2040 dona
2287 2014 2413 2049 disponit.
2434 2014 2510 2048 Quod
2525 2016 2593 2043 bene
2612 2016 2689 2044 nobis
2703 2016 2834 2050 iunuitur.

2046 2060 2090 2086 ubi
2111 2061 2143 2087 de
2165 2060 2280 2088 Domino
2302 2061 2334 2087 ad
2359 2061 2439 2087 ﬁliam
2464 2062 2594 2097 principis
2620 2063 2832 2092 resuscitandas-

2045 2106 2160 2133 deducto
2174 2107 2200 2133 in
2218 2107 2364 2141 Evangelio
2379 2107 2498 2134 dicitur:
2517 2117 2526 2132 ε
2542 2107 2574 2135 Et
2590 2116 2650 2135 cum
2662 2108 2748 2144 ejecta
2761 2112 2833 2137 esset

2046 2153 2136 2183 turba,
2153 2152 2279 2184 intravit,
2305 2156 2332 2179 et
2355 2151 2442 2178 tenuit
2456 2159 2564 2179 manqu
2585 2152 2643 2186 ejus
2665 2157 2692 2180 et
2717 2157 2834 2182 summ

2047 2201 2133 2235 puclla
2156 2200 2264 2235 (Matth.
2290 2200 2339 2235 ix).
2356 2210 2365 2226 ›
2391 2200 2476 2227 Foras
2490 2208 2554 2235 ergo
2573 2201 2650 2228 turba
2673 2200 2789 2235 eiicitur,
2804 2205 2833 2229 ut

2045 2247 2133 2281 pulla
2156 2248 2313 2278 suscitetur.
2336 2247 2399 2281 quia
2424 2247 2475 2274 nisi
2499 2247 2574 2282 prius
2598 2255 2613 2273 a
2642 2247 2834 2275 secretioribus

2046 2293 2134 2319 cordis
2157 2292 2306 2326 expellatur
2329 2292 2483 2326 importuna
2501 2291 2671 2319 saecularium
2691 2291 2833 2319 multitudo

2045 2344 2184 2369 curarum,
2202 2338 2303 2370 anima,
2317 2345 2377 2372 qua:
2392 2337 2555 2364 intrinsecus
2563 2336 2636 2371 jacet
2650 2340 2766 2370 mortua,
2779 2344 2831 2365 non

2047 2383 2170 2416 resurgit.
2184 2382 2250 2408 Nam
2264 2388 2326 2409 dum
2338 2390 2367 2409 se
2380 2390 2428 2417 per
2441 2380 2599 2410 innumeras
2610 2387 2780 2411 terrenarum
2789 2382 2832 2410 de-

2045 2428 2205 2455 sideriorum
2221 2428 2399 2463 cogitationes
2418 2429 2531 2463 spargit,
2545 2429 2578 2455 ad
2590 2428 2831 2457 considerationem

2044 2475 2085 2501 sui
2102 2482 2162 2502 sese
2182 2474 2334 2502 nullatenus
2359 2474 2470 2509 colligit.
2492 2474 2587 2502 Nullus
2602 2475 2700 2510 quippe
2722 2474 2830 2510 sapien-

2043 2519 2120 2551 tiam.
2146 2527 2206 2555 quae
2230 2519 2300 2546 Deus
2327 2524 2379 2553 est,
2402 2519 2479 2554 plene
2499 2520 2624 2554 percipit,
2651 2520 2702 2547 nisi
2724 2520 2771 2556 qui
2795 2520 2830 2548 ab

2042 2565 2113 2591 omni
2128 2571 2157 2591 se
2171 2565 2329 2592 abstrahere
2342 2565 2478 2592 actionum
2497 2565 2645 2593 carnalium
2657 2565 2831 2594 ﬂuctuatione

2042 2611 2190 2638 contendit.
2214 2611 2289 2638 Unde
2308 2611 2375 2638 alias
2395 2610 2514 2639 dicitur:
2535 2620 2544 2637 ι
2560 2612 2726 2647 Sapientiam
2741 2613 2830 2641 scriba

2042 2656 2068 2683 in
2084 2662 2203 2690 tempore
2221 2656 2279 2688 otii,
2292 2662 2319 2684 et
2332 2657 2377 2692 qui
2393 2657 2545 2684 tninoratur
2558 2663 2631 2690 actu,
2649 2657 2707 2693 ipse
2718 2658 2830 2694 percipit

2042 2709 2100 2728 eam
2115 2701 2215 2737 (Eccle.
2232 2710 2333 2729 uxvut
2346 2703 2365 2735 i.
2384 2712 2393 2728 ι

2347 2748 2462 2777 CAPUT
2482 2749 2523 2777 Ill.

2254 2796 2294 2823 Ad
2310 2796 2481 2824 .lainarduut
2495 2798 2625 2825 abbatem.

2080 2849 2088 2866 ι
2104 2839 2133 2868 Si
2149 2840 2260 2875 spiritus
2283 2846 2446 2877 potestatem
2469 2842 2595 2871 habentis
2612 2843 2733 2871 ascendit
2750 2848 2829 2878 super

2042 2889 2078 2918 to,
2107 2885 2194 2914 locum
2220 2890 2296 2915 tuum
2320 2894 2353 2915 ne
2377 2886 2515 2917 dimiseris
2538 2888 2637 2926 (εει-(ρ.
2651 2888 2693 2926 ιι).
2710 2898 2720 2916 ι
2746 2889 2785 2917 Ae
2805 2887 2830 2916 si
