4260 6366
781 352 886 408 N7

1359 345 1417 400 S.
1459 337 1660 398 PETRI
1700 334 1981 393 DAMIANI
2020 335 2170 392 OPP.
2212 332 2392 390 PARS
2435 326 2566 386 SEU
2610 324 2848 382 TOMUS
2885 323 2925 378 I.
2969 349 3038 365 -ο
3075 321 3292 378 EPIST.
3336 319 3464 375 LIB.
3500 317 3634 374 VIII.

779 469 925 531 vehi,
967 467 1010 522 si
1062 470 1248 519 vestra
1301 458 1603 514 sanctitatis
1644 455 1694 510 id
1744 454 2002 508 decernat
2037 450 2355 506 auctoritas.
2392 455 2439 512 Α
2465 441 2703 498 tenebris
2728 437 3111 495 remanemus?
3138 435 3275 502 Quid
3303 432 3477 501 juvat,
3504 431 3547 485 si
3571 431 3672 486 sub
3693 443 3819 485 sera
3840 425 4075 500 quilibet

781 562 1041 628 Excepto.
1079 555 1218 625 quod
1246 552 1475 607 avaritia
1500 548 1719 604 honoris
1744 554 1965 608 aestuat;
1999 541 2365 598 conscendere

782 654 850 705 ad
877 648 1157 720 pastoralis
1171 644 1327 699 officii
1343 642 1559 698 culmen
1591 638 1822 693 anhelat.
1847 637 1958 690 Hoc
1976 644 2155 688 autem
2182 641 2365 686 vestro

778 742 1121 809 relinquatur
1149 735 1375 807 judicio.
1401 733 1506 789 Sed
1538 732 1580 786 si
1612 732 1714 785 hoc
1734 744 1838 783 non
1861 726 2023 790 obsit,
2050 739 2174 780 cum
2212 721 2366 777 Sem-

779 833 1086 904 pronie'sis
1122 829 1378 885 Ecclesiae
1408 823 1675 880 clericalis
1703 821 1757 893 4
1781 820 1913 875 ordo
1944 819 1995 872 in
2023 831 2141 872 mea
2186 824 2367 869 mente

781 922 1101 984 revolvitur,
1137 921 1223 975 hic
1268 918 1544 988 aliquanto
1575 914 1787 969 ueteris
1814 910 1968 980 quasi
2016 906 2366 963 meliusculus

781 1015 1075 1071 invenitur.
1107 1011 1442 1080 Quapropter
1480 1007 1524 1061 si
1563 1002 1994 1076 prudentissimae
2021 1008 2214 1055 vestra:
2244 1014 2370 1053 san-

783 1105 962 1161 ctitati
1018 1102 1230 1173 placere
1257 1107 1453 1170 potest,
1492 1106 1774 1168 postquam
1823 1109 1852 1147 a
1897 1092 2043 1149 clero
2085 1098 2139 1146 et
2169 1089 2370 1160 pepulo

788 1208 877 1254 est
933 1197 1160 1260 electus,
1211 1202 1490 1263 postquam
1535 1189 1603 1244 ad
1650 1189 1749 1243 hoc
1796 1184 2026 1242 officium
2061 1198 2090 1237 a
2128 1181 2370 1253 pluribus

739 1302 1057 1358 autcunque
1107 1287 1380 1355 judicatur
1433 1284 1660 1339 idoneus
1699 1323 1713 1347 ,
1789 1281 1855 1334 de
1915 1276 2212 1332 ambitione
2275 1287 2370 1329 sua

782 1381 1160 1454 paenitentiam
1241 1388 1402 1447 agat,
1463 1384 1518 1429 et
1582 1371 2014 1428 benedictionem
2080 1380 2370 1422 consecra-

785 1477 950 1532 tionis
972 1474 1220 1544 accipiat.
1255 1456 1646 1526 Verumtamen
1669 1465 2010 1535 omnipotens
2049 1460 2212 1524 Deus,
2242 1455 2370 1528 quid

782 1568 938 1623 vobis
975 1581 1136 1638 super
1161 1566 1263 1620 hac
1291 1578 1351 1618 re
1389 1560 1694 1616 faciendum
1741 1557 1842 1621 sit,
1879 1571 1976 1626 per
2003 1554 2087 1609 sui
2139 1551 2372 1623 Spiritus

791 1659 1025 1730 gratiam
1067 1657 1275 1719 doceat,
1309 1653 1442 1707 etin
1486 1648 1684 1719 templo
1714 1646 1950 1718 pectoris
1989 1643 2155 1700 vestri
2205 1639 2372 1696 mani-

786 1751 924 1808 festa
957 1749 1244 1805 voluntatis
1271 1763 1378 1801 sure
1398 1745 1518 1815 jura
1544 1742 1821 1798 decernat.
1849 1738 2025 1796 Unum
2056 1745 2234 1791 autem
2263 1741 2370 1796 est,

2469 535 2651 590 vitalis
2700 532 2942 587 alimenti
2995 530 3208 599 copiam
3261 526 3493 590 claudat,
3538 525 3652 593 ipse
3694 531 3877 577 tamen
3922 522 4075 574 fame

2471 629 2769 699 depereat?
2802 627 2942 694 Quid
2991 627 3166 695 juvat,
3218 637 3341 676 cum
3387 621 3507 690 quis
3567 618 3738 674 limati
3791 615 4076 672 mucronis

2471 719 2615 773 ferro
2642 718 2995 787 succingitur,
3026 715 3069 768 si
3093 710 3440 769 circumfusis
3472 709 3711 764 hostium
3743 706 3936 763 cuneis
3955 719 4071 760 non

2470 808 2756 863 vibratur?
2796 807 2869 860 Te
2910 806 3078 868 enim,
3123 803 3470 871 omnipotens
3498 799 3664 863 Deus,
3713 799 3833 852 vice
3875 795 3962 852 sui
4020 795 4075 850 in

2472 898 2670 970 p0pnlo
2706 897 3110 968 quodammodo
3157 895 3336 948 cibum
3381 891 3597 960 posuit;
3648 906 3714 945 ex
3768 899 3819 944 te
3874 896 4075 944 contra

2473 1005 2664 1048 omnes
2709 989 3143 1045 adversariorum
3187 987 3419 1055 impetus
3463 981 3720 1038 Ecclesiae
3766 995 3881 1037 sua
3933 980 4079 1033 latus

2475 1084 2708 1139 armavit
2735 1101 2748 1148 ;
2781 1091 3050 1152 quatenus
3082 1088 3138 1134 et
3163 1078 3274 1132 Deo
3307 1075 3678 1131 resistentium
3717 1083 3914 1144 pectus
3960 1079 4079 1125 stu-

2475 1176 2606 1230 deas
2634 1173 2842 1230 ccelesti
2873 1172 3071 1226 virtute
3093 1168 3406 1232 confodere,
3448 1176 3502 1221 et
3545 1165 3848 1221 famelicum
3879 1170 4082 1219 nostrae

2475 1265 2803 1322 humilitatis
2831 1262 3171 1320 stomachum
3214 1259 3355 1315 sacri
3387 1258 3537 1314 verbi
3577 1258 3804 1327 dapibus
3847 1256 4077 1311 satiare.

2478 1357 2585 1413 Sed
2606 1373 2729 1412 cum
2758 1356 3044 1410 videamus
3069 1353 3373 1408 Fanensem
3396 1351 3662 1406 latronem
3690 1352 3756 1404 ab
3784 1349 3870 1404 bis
3890 1347 4080 1413 etiam,

2477 1449 2570 1519 qui
2602 1462 2708 1502 non
2752 1455 2931 1510 erant,
2988 1443 3084 1499 sed
3134 1442 3454 1497 dicebantur
3501 1439 3808 1510 apostolici.
3850 1436 4082 1493 maledi-

2477 1548 2629 1596 ctum
2659 1547 2714 1594 et
2757 1534 3324 1598 excommunicatum;
3357 1531 3722 1586 Auximanum
3751 1542 3974 1600 quoque
4003 1533 4083 1580 tot

2480 1641 2537 1686 et
2577 1630 2741 1685 tantis
2792 1627 3055 1683 inauditis
3103 1623 3428 1681 criminibus
3482 1620 3809 1685 involutum,
3840 1617 4085 1687 aliosque

2481 1725 2646 1780 simili
2677 1721 2946 1779 sententia
2970 1717 3435 1779 condemnandos,
3481 1729 3510 1768 a
3554 1714 3708 1769 vobis
3759 1726 3883 1768 cum
3933 1718 4083 1764 tanta

787 1843 931 1898 unde
959 1841 1176 1913 pietatis
1203 1801 1658 1905 vestrze'deposco
1682 1831 2042 1891 clementiam,
2075 1837 2135 1883 ut
2155 1827 2199 1882 si
2226 1827 2373 1880 hunc
2400 1813 2452 1874 Β
2477 1814 2789 1886 arrogantia
2812 1823 2866 1868 et
2893 1809 3256 1867 exsultatione
3309 1806 3529 1871 reverti,
3552 1807 3768 1876 cogitur
3797 1802 3854 1858 in
3876 1801 4082 1856 luctum

784 1951 896 1992 non
923 1931 1390 1993 consecraveritis,
1409 1929 1580 1984 donec
1600 1940 1684 1980 me
1708 1938 1925 1980 servum
1954 1929 2192 1974 vestrum
2221 1915 2373 1970 vide-

786 2027 928 2089 ritis,
954 2025 1086 2082 nulli
1111 2021 1350 2093 praedicti
1381 2019 1721 2088 episcOpatus
1753 2011 2068 2070 cathedram
2098 2008 2368 2064 tribuatis.

1355 2130 1689 2188 EPISTOLA
1717 2128 1802 2184 III.

1001 2247 1067 2285 AD
1098 2241 1411 2285 CLEIENTEII
1451 2240 1486 2279 II
1527 2236 1778 2278 ROIIANUII
1809 2233 2148 2277 PONTIHCEI.

790 2350 1188 2405 Ancuueavun.
1239 2371 1309 2382 -—
1341 2339 1530 2394 Jnssus
1576 2339 1642 2390 ab
1689 2335 2015 2405 imperatore
2049 2329 2374 2405 pontificem

864 2402 1038 2481 adire,
1069 2423 1128 2468 ut
1180 2412 1326 2466 illum
1358 2411 1422 2464 de
1450 2402 1803 2481 quarumdam
1858 2402 2219 2481 Ecclesiarum
2255 2415 2382 2481 pes-

865 2471 1186 2544 simo'statu
1238 2471 1523 2535 certiorem
1561 2476 1782 2539 faceret,
1811 2489 1932 2529 cum
1966 2473 2078 2539 jam
2128 2480 2282 2544 esset
2301 2471 2381 2544 _in

865 2541 1079 2617 itinere,
1108 2554 1316 2606 litteras
1344 2548 1585 2617 ejusdem
1605 2547 1967 2617 imperatoris,
1985 2557 2120 2617 quas
2137 2541 2379 2617 pontiﬁci

857 2613 1117 2683 traderet.
1165 2613 1389 2692 accepit.
1446 2619 1551 2692 llas
1579 2617 1632 2670 in
1683 2613 1970 2692 praesentia
2023 2613 2100 2692 ad
2129 2613 2379 2692 eumdem

871 2680 1062 2760 mittit,
1081 2680 1359 2762 rogatqu'e,
1388 2698 1446 2742 ut
1469 2690 1533 2742 ad
1559 2703 1617 2742 se
1637 2680 1856 2762 scribat,
1880 2695 2058 2739 utrum
2080 2684 2190 2762 iter
2213 2680 2382 2735 semel

875 2757 1182 2833 susceptum
1226 2757 1327 2815 sibi
1387 2757 1816 2833 prosequendum
1853 2761 2114 2833 _censeat,
2172 2766 2378 2833 imane;

873 2823 1049 2893 simul'
1071 2835 1232 2889 etiam
1264 2823 1478 2893 mun'us,
1521 2823 1799 2898 tlthfIiSIIlI
1835 2823 2378 2898 demandatunt_l'ue-

866 2892 971 2971 rat,
1000 2906 1286 2974 diligenter
1305 2892 1642 2974 essequiiur,
1667 2895 2138 2974 Ecclesiaruniqne
2162 2892 2384 2947 calami-

866 2965 1032 3041 tates,
1063 2965 1125 3030 et
1162 2965 1615 3042 perturbationes,
1666 2976 1882 3042 propter
1921 2965 2228 3042 antistitum
2262 2977 2383 3042 sce-

868 3033 1099 3109 lera,'et
1123 3033 1343 3112 flagitia,
1376 3040 1458 3093 vir
1484 3039 1623 3108 pius,
1656 3033 1775 3091 non
1803 3037 1920 3112 sine
1962 3050 2158 3112 magno
2198 3033 2384 3112 dolore

868 3104 1135 3186 deplorat.
1166 3104 1646 3177 (Ibtestatnr'ergo
1668 3106 1998 3186 pontificem,
2030 3117 2089 3158 ut
2118 3106 2248 3174 ipse,
2295 3104 2382 3184 cui

872 3174 1126 3244 universa
1179 3197 1458 3238 sacrorum
1509 3174 1639 3233 cura
1671 3174 1986 3231 Icommissa
2036 3186 2159 3239 est,
2214 3174 2386 3228 sacris

872 3257 1131 3332 Ecclesiis
1154 3255 1220 3308 ab
1243 3251 1504 3332 improbis
1519 3247 1834 3332 hominibus
1861 3244 2203 3332 labefactatis
2227 3258 2386 3326 opem

873 3328 1035 3392 ferat,
1067 3326 1292 3393 illasque
1322 3316 1374 3376 in
1407 3319 1686 3392 pristinam
1732 3317 2180 3386 tranquillitatem
2229 3316 2390 3369 resti-

876 3408 1029 3453 tuere
1055 3403 1300 3451 conetur.

874 3506 1084 3560 Domno
1125 3503 1402 3558 Omnem
1438 3511 1662 3552 summa:
1695 3496 1838 3550 sedis
1887 3493 2139 3556 antistiti,
2176 3493 2391 3547 Psrnus

806 3603 1064 3667 peccator
1086 3591 1381 3646 monachus
1396 3587 1707 3642 humillima:
1727 3585 2027 3640 devotionis
2050 3583 2390 3653 obsequium.

884 3682 1106 3739 Noverit
1170 3680 1470 3757 beatitudo.
1502 3686 1722 3741 vestra,
1782 3675 2235 3729 excellentissime
2297 3675 2394 3727 do-

811 3777 982 3841 mine,
1029 3775 1154 3844 quia
1196 3773 1444 3827 dominus
1496 3769 1884 3823 invictissimus
1939 3769 2233 3836 imperator
2285 3781 2394 3820 non

812 3866 1006 3932 semel,
1033 3867 1124 3922 sed
1152 3855 1292 3934 saepe
1314 3863 1442 3916 milii
1472 3861 1724 3932 praecepit
1752 3879 1763 3913 :
1799 3870 1873 3925 et,
1907 3860 1949 3913 si
1979 3860 2159 3913 dicere
2203 3857 2393 3921 audeo,

810 3973 1008 4028 rogare
1039 3957 1290 4027 dignatus
1320 3961 1425 4014 est,
1457 3961 1515 4006 ut
1547 3952 1611 4004 ad
1655 3967 1746 4005 vos
1782 3949 2042 4013 venirem,
2079 3958 2133 4002 et
2174 3962 2292 4016 quae
2340 3945 2396 3999 in

820 4049 1079 4105 Ecclesiis
1139 4055 1449 4100 nostrarum
1513 4045 1745 4112 partium
1801 4051 2122 4112 agerentur,
2173 4051 2400 4108 quaque

819 4138 953 4195 mihi
980 4136 1288 4194 necessaria
1324 4151 1352 4189 a
1379 4135 1530 4189 vobis
1573 4134 1686 4189 fieri
1717 4133 2048 4195 viderentur,
2077 4133 2272 4186 vestris
2305 4147 2401 4184 au-

813 4230 968 4286 ribus
994 4227 1320 4282 intimarem.
1337 4224 1582 4292 Cumque
1598 4237 1698 4292 ego
1719 4230 1774 4276 et
1793 4220 2158 4276 difﬁcultatem
2191 4220 2402 4274 itineris

815 4322 1307 4394 perhorrescerem,
1363 4325 1419 4370 et
1467 4316 1536 4368 ad
1575 4329 1670 4369 vos
1698 4315 1883 4369 venire
1922 4314 2138 4383 penitus
2185 4329 2402 4370 recusa-

817 4427 956 4474 rem,
990 4411 1078 4464 ille
1109 4425 1136 4462 a
1183 4425 1279 4464 sua
1307 4409 1606 4462 intentione
1635 4422 1742 4461 non
1774 4406 2012 4470 destitit;
2046 4406 2161 4467 sed,
2196 4416 2256 4460 ut
2297 4407 2404 4461 iter

821 4505 1149 4574 arriperem,
1192 4500 1436 4555 absoluta
1461 4499 1773 4554 definitione
1803 4499 2079 4568 praecepit.
2113 4498 2402 4568 Postquam

827 4607 1009 4651 autem
1044 4595 1240 4649 itinere
1277 4593 1485 4647 dierum
1533 4591 1694 4643 trium
1738 4589 1803 4642 ad
1833 4604 2074 4644 eremum
2128 4603 2406 4660 regressus

826 4705 970 4753 sum,
1002 4702 1126 4743 ecce
1169 4687 1283 4740 istae
1328 4685 1446 4755 ejus
1492 4683 1689 4737 littera:
1740 4682 1910 4736 sacris
1934 4682 2128 4736 vestris
2159 4669 2406 4738 manibus

822 4779 1132 4842 offerendas,
1178 4776 1332 4831 nobis
1375 4775 1554 4829 allata:
1597 4782 1743 4838 sunt,
1786 4788 1922 4843 quas
1980 4788 2079 4828 nos
2124 4787 2294 4843 usque
2339 4774 2405 4826 ad

823 4879 1102 4940 aspectum
1129 4877 1366 4921 vestrum
1394 4881 1500 4920 non
1530 4865 1908 4934 praesumimus
1935 4874 2223 4930 temerare,
2247 4881 2404 4934 quas,

825 4966 868 5019 si
896 4964 1096 5035 placet,
1118 4975 1215 5014 vos
1245 4960 1392 5029 prius
1431 4958 1694 5027 inspicite.
1722 4967 1777 5013 et
1820 4974 1943 5013 cum
1974 4959 2058 5014 bis
2107 4959 2264 5013 simul
2311 4975 2410 5029 per

825 5066 1036 5112 vestras
1069 5066 1282 5123 quoque
1328 5052 1560 5114 litteras,
1617 5059 1795 5104 utrum
1835 5051 1900 5104 ad
1935 5065 2030 5105 vos
2078 5052 2262 5104 venire
2313 5053 2410 5104 de-

828 5149 1008 5210 beam,
1042 5158 1232 5208 necne,
1262 5142 1392 5197 mihi
1416 5142 1606 5212 jubere
1622 5141 1936 5211 dignemini.
1966 5141 2077 5212 Ego
2101 5144 2245 5197 enim
2274 5144 2414 5197 inter

830 5247 1126 5305 utrumque
1153 5233 1379 5304 positus,
1415 5241 1471 5288 et
1492 5233 1606 5288 dies
1631 5247 1778 5288 meos
1805 5233 1911 5288 huc
1934 5233 2171 5302 illucque
2205 5235 2413 5290 discur-

835 5327 1026 5391 rendo,
1079 5324 1304 5394 perdere
1362 5325 1546 5387 timeo,
1602 5333 1656 5377 et
1689 5331 1868 5380 tamen
1910 5323 2168 5379 Ecclesiae
2207 5323 2257 5394 5
2295 5325 2412 5390 Dei,

833 5434 955 5488 quae
978 5419 1029 5472 in
1055 5415 1257 5470 nostris
1291 5415 1536 5483 partibus
1579 5430 1675 5483 per
1706 5415 1873 5470 malos
1921 5416 2201 5485 episcopos
2235 5425 2288 5469 et
2326 5417 2417 5471 ab-

837 5513 990 5567 bates
1025 5508 1247 5564 omnino
1296 5523 1533 5563 comosa:
1581 5517 1728 5574 sunt,
1767 5511 2145 5579 compatiendo
2183 5525 2416 5567 mterore

838 5602 1007 5657 nimio
1044 5611 1100 5682 et
1132 5599 1348 5654 tristitia
1384 5600 1726 5656 contabesco.
1787 5602 1850 5656 Et
1878 5603 2005 5672 quid
2041 5604 2282 5672 prodest.
2317 5603 2416 5659 do-

841 5693 984 5748 mine
1013 5692 1106 5753 mi,
1158 5691 1298 5760 quod
1329 5690 1676 5760 apostolicam
1729 5695 1912 5749 sedem
1947 5694 2013 5750 de
2067 5695 2304 5751 tenebris
2355 5698 2416 5753 ad

842 5785 1015 5840 lucem
1058 5797 1326 5838 remeasse
1366 5783 1620 5850 dicimus,
1668 5783 1711 5838 si
1761 5799 1857 5840 nos
1908 5785 2083 5842 adhuc
2113 5787 2167 5842 in
2210 5787 2414 5845 eisdem

2482 1909 2597 1978 spei
2630 1916 2830 1961 nostra:
2859 1904 3114 1976 gaudium
3145 1900 3496 1957 commutari.
3541 1896 3650 1952 Nos
3691 1895 3835 1952 enim
3889 1908 4081 1965 spera~

2480 2000 2702 2063 bamus,
2721 1996 2865 2066 quod
2894 2005 2949 2050 tu
2974 2008 3125 2050 esses
3149 1991 3528 2060 redempturus
3558 1987 3723 2042 Israel
3755 1985 3908 2057 (Luc.
3941 1984 4078 2054 ιη).

2483 2089 2853 2160 Quapropter,
2896 2085 3207 2142 beatissime
3238 2082 3489 2146 Domine,
3521 2080 3602 2136 sic
3629 2076 4003 2133 conculcatam
4033 2083 4088 2130 ct

2487 2183 2751 2252 abjectam
2783 2179 2940 2235 stude
2982 2178 3223 2233 relevare
3255 2175 3530 2244 justitiam
3570 2191 3582 2225 :
3616 2173 3694 2227 sic
3731 2166 4086 2224 ecclesiastici

2489 2275 2692 2346 vigoris
2721 2273 2920 2328 exhibe
2943 2269 3308 2341 disciplinam,
3343 2277 3403 2322 ut
3426 2275 3480 2321 et
3511 2280 3638 2337 pars
3666 2263 3852 2333 iniqua
3882 2268 4085 2317 a.stat.u

2487 2367 2756 2436 superbia:
2783 2373 3026 2429 corruat,
3066 2373 3121 2418 et
3169 2377 3321 2417 mens
3368 2357 3651 2414 humilium
3702 2357 3771 2411 ad
3818 2353 4086 2427 speranda

2488 2459 2632 2513 bena
2662 2457 2966 2512 fiducialius
2997 2454 3364 2511 convalescat.

3058 2546 3396 2604 EPISTOLA
3435 2545 3526 2600 IV.

2741 2660 2809 2698 AD
2849 2657 3060 2700 LEONEI
3097 2657 3153 2696 IX
3195 2653 3451 2697 ROIANUI
3493 2649 3839 2693 PONTIFICSI.

2489 2737 2888 2793 Ancuussruu.
2916 2764 2986 2774 -
3015 2732 3127 2788 Hae
3148 2731 3382 2802 epistola
3405 2737 3553 2802 totus
3564 2729 3626 2802 _in
3649 2742 3716 2802 eo
3738 2735 4011 2802 versatur,
4033 2735 4090 2802 ut

2561 2808 2816 2863 ostendat
2855 2805 2992 2860 falso
3039 2819 3096 2858 se
3145 2797 3311 2857 fuisse
3353 2800 3422 2856 de
3467 2797 4086 2870 quibusdamucrimiui-

2564 2881 2666 2932 bus
2691 2889 3024 2931 accusatum.
3050 2873 3286 2930 Leonem
3310 2887 3439 2926 vero
3461 2867 3769 2941 pontificem
3797 2867 4088 2921 Maxinmm

2567 2951 2634 3001 ad
2671 2964 2732 3002 ea
2763 2946 3031 3001 credenda
3080 2944 3242 2999 nimis
3289 2940 3584 3002 proclivem
3621 2940 3814 2994 leviter
3840 2947 4086 2994 excuSat.

2563 3018 2746 3073 Facile
2773 3020 2918 3072 enim
2949 3017 3136 3078 fuisse,
3163 3015 3259 3080 ait,
3284 3008 3490 3068 homini
3521 3011 3684 3066 tantis
3715 3008 4091 3080 occupationi-

2569 3089 2670 3142 bus
2699 3088 2958 3158 impedito
2989 3102 3018 3140 a
3051 3077 3537 3158 calumniatoribus
3566 3081 3842 3158 paulisper
3873 3077 4093 3158 imponi,

2567 3160 2712 3228 quod
2742 3151 2906 3212 etiam
2953 3157 3203 3228 exemplo
3237 3155 3456 3228 Davidis
3504 3153 3844 3228 comprobat.
3897 3151 4099 3205 Deinde

2569 3223 2872 3285 rationibus
2918 3243 2984 3283 ex
3033 3223 3208 3281 sacris
3258 3224 3454 3280 litteris
3498 3223 3683 3294 petitis
3733 3223 4093 3294 demonstrat.

2569 3315 2732 3368 quam
2764 3309 2920 3353 caute
2953 3299 3024 3352 sit
3052 3298 3242 3352 alienis
3264 3290 3734 3368 criminationibus
3768 3291 3904 3368 fides
3939 3290 4092 3346 adhi-

2566 3361 2765 3425 beiida.
2815 3369 3099 3424 Postremo
3167 3369 3333 3423 Deum
3389 3380 3500 3422 sum
3548 3361 3872 3421 innocentiae
3913 3371 4098 3416 testem

2570 3442 2820 3503 advocat,
2850 3438 3109 3508 additque
3147 3453 3206 3494 se
3233 3437 3517 3508 (sireidem
3550 3450 3771 3508 summo
3797 3433 4000 3508 rectori
4033 3433 4096 3484 ita

2569 3502 2856 3578 placuerit)
2902 3502 3134 3578 quodvis
3176 3502 3523 3578 supplicium.
3556 3504 3806 3576 quamvis
3849 3502 4099 3558 innocen—

2571 3592 2700 3644 tem,
2737 3582 2943 3651 perpeti
2976 3588 3224 3650 paratum
3249 3591 3393 3633 esse.

2572 3672 2784 3728 Domno
2805 3672 2972 3727 Lsoa't
3019 3671 3337 3727 beatissimo
3386 3685 3560 3742 papae,
3602 3668 3820 3726 Penus
3851 3675 4102 3740 peccator

2504 3767 2804 3823 monachus
2835 3765 3202 3820 devotissimaa
3235 3762 3517 3820 servitutis
3545 3764 3889 3834 obsequium.

2576 3859 2689 3915 Hoc
2713 3857 2905 3915 saltem
2934 3858 3113 3913 dicam
3142 3856 3552 3912 accusatoribus
3579 3857 3714 3912 meis
3737 3896 3754 3922 ,
3785 3856 3931 3926 quod
3957 3853 4106 3926 plebs

2503 3949 2802 4006 Israelitica
2856 3947 2993 4002 dixit
3024 3946 3474 4018 pradicatoribus
3515 3946 3674 4002 suis:
3713 3965 3731 3998 ι
3765 3945 3962 4001 Videat
4004 3946 4106 4002 Do-

2505 4043 2707 4106 minus,
2745 4049 2802 4095 et
2825 4039 3047 4110 iudicet,
3099 4037 3354 4107 quoniam
3404 4035 3598 4092 fetere
3641 4034 3852 4092 fecistis
3881 4038 4106 4092 odorem

2507 4145 2752 4192 nostrum
2813 4149 2994 4188 coram
3051 4125 3377 4196 Pharaone,
3423 4139 3479 4185 et
3522 4128 3696 4186 servis
3743 4127 3862 4197 ejus
3908 4127 4106 4199 (Exod.

2506 4230 2621 4294 xv).
2673 4246 2690 4278 ι
2736 4226 3009 4306 Antiquos
3068 4238 3302 4292 namque
3362 4222 3537 4278 hostis
3595 4222 3791 4278 timens
3822 4263 3838 4288 ,
3889 4236 3962 4277 ne
4013 4235 4110 4292 ego

2509 4331 2722 4387 possem
2756 4317 2911 4372 vobis
2965 4315 3303 4386 suggerendo
3351 4313 3633 4369 destruere
3662 4353 3677 4378 ,
3724 4312 3868 4383 quod
3915 4311 4008 4368 ille
4059 4313 4109 4367 in

2511 4411 2630 4465 istis
2676 4411 2924 4481 partibus
2950 4425 3054 4466 non
3091 4406 3287 4464 desinit
3313 4407 3555 4478 quotidie
3590 4406 3744 4462 novis
3775 4404 4108 4461 adinventio-

2513 4502 2671 4557 nibus
2705 4500 2994 4566 fabricare,
3029 4499 3439 4571 malignantium
3468 4499 3754 4554 adversum
3785 4511 3874 4553 me
3902 4497 4109 4569 linguas

2510 4593 2748 4678 exacuit,
2783 4593 3077 4663 complices
3117 4593 3330 4663 Bonos
3357 4591 3427 4647 ad
3470 4592 3844 4660 componenda
3882 4591 4107 4646 menda-

2514 4689 2624 4752 cia,
2652 4688 2925 4758 quoddam
2966 4686 3069 4742 sibi
3100 4685 3248 4742 velut
3271 4699 3536 4761 organum
3563 4683 3694 4740 fecit
3717 4724 3733 4749 ,
3761 4698 3862 4754 per
3890 4683 4109 4739 vascula

2517 4797 2609 4836 sua
2644 4782 2878 4849 crepuit,
2909 4789 2963 4835 et
2999 4779 3222 4834 malitiae
3257 4794 3370 4835 sua:
3401 4778 3553 4832 virus
3576 4778 3750 4834 sacris
3779 4776 4006 4832 auribus
4035 4779 4113 4832 in-

2514 4871 2756 4928 stillavit.
2787 4871 2854 4926 Et
2888 4871 3018 4941 quid
3049 4871 3268 4934 mirum,
3303 4870 3347 4924 si
3380 4869 3610 4925 Domino
3641 4884 3763 4924 meo
3812 4868 3976 4923 tantis
4022 4883 4113 4938 op-

2514 4977 2702 5032 presso
2725 4963 2957 5033 negotiis
2985 4971 3207 5016 versuta
3230 4960 3497 5016 calliditas
3518 4961 3795 5015 hominum
3820 4959 4114 5030 subrepere

2515 5057 2711 5124 potuit,
2765 5071 2888 5108 cum
2937 5065 2991 5109 et
3042 5053 3231 5119 David,
3283 5055 3375 5124 qui
3428 5055 3743 5125 prophetico
3772 5053 3963 5126 plenus
3999 5065 4117 5110 erat

2517 5145 2730 5215 spiritu,
2757 5147 2884 5199 dum
2919 5145 3061 5199 Sibte
3093 5144 3456 5200 inconsultius
3483 5143 3731 5206 credidit.
3764 5146 4114 5201 innocentem

2516 5238 2764 5308 prounus
2830 5237 3191 5308 Mipbiboseth
3241 5235 3522 5292 sententiae
3563 5236 3982 5308 proscriptionis
4024 5238 4111 5293 θά-

2519 5328 2690 5382 dixit?
2731 5327 2816 5396 (ll
2853 5327 2982 5396 Reg.
3034 5327 3172 5397 xvi.)
3210 5325 3555 5396 Tantumque
3609 5329 3748 5398 apud
3795 5343 3922 5383 eum
3972 5328 4117 5384 falsa

2522 5419 2885 5473 accusationis
2917 5432 3095 5472 sermo
3125 5414 3426 5488 prazvaluit,
3459 5428 3519 5473 ut
3546 5417 3872 5490 plectibilem
3899 5434 4116 5476 servum

2522 5513 2573 5566 in
2613 5511 2800 5566 herilis
2843 5505 3176 5566 consortium
3207 5509 3546 5566 liaereditatis
3580 5511 3891 5574 aseisceret,
3945 5520 4001 5566 et
4031 5511 4114 5566 in-

2523 5601 2797 5657 fidelitatis
2833 5619 2980 5658 reum
3015 5602 3286 5658 libertatis
3321 5601 3542 5672 dignum
3571 5604 3794 5673 praemio
3824 5603 4112 5674 jndicaret.

2523 5693 2904 5747 Verumtamen
2951 5695 2994 5748 si
3043 5693 3304 5749 creatoris
3342 5693 3522 5750 nostri
3553 5693 3691 5750 facta
3721 5694 4013 5766 vigilanter
4039 5704 4118 5749 al-

2527 5789 2821 5854 tendimus,
2850 5791 2916 5845 ad
2957 5789 3222 5845 credenda
3269 5786 3556 5858 cujuslibet
3587 5789 3724 5845 mala
3763 5790 3926 5846 fidem
3970 5788 4116 5843 adhi-
