5904 6598
1126 375 1256 429 ΗΜ

2391 361 2459 420 IN
2517 360 2820 420 CANTICA
2862 355 3142 416 CANTIC.

4287 335 4437 396 ιιη

1124 499 1311 562 aperte
1340 488 1483 544 dicat
1509 504 1524 542 :
1568 489 1628 544 Si
1657 485 1942 544 tentatoris
1985 484 2231 554 spiritum
2269 481 2321 535 in
2353 479 2536 549 aliquo
2563 493 2704 548 prae-
2735 480 2782 537 Α
2814 476 3014 530 minem
3039 472 3130 543 qui
3161 467 3461 562 hominum
3848 461 4179 562 Auvctorelmi
4202 453 4429 562 Ialioqui,

1124 581 1306 638 valere
1334 580 1668 642 consideras,
1700 576 2062 631 humilitatem
2109 571 2443 643 pm‘nitentias
2479 584 2585 624 non
2624 581 2713 622 re-

1124 670 1364 742 linquas.
1395 669 1462 723 Et
1490 667 1617 723 alibi
1654 667 1916 735 scriptum
1944 673 2065 718 est:
2100 680 2118 712 ‹
2155 660 2268 715 Noli
2300 658 2468 717 altum
2503 670 2713 728 sapere,

1124 759 1220 815 sed
1254 757 1385 810 time
1415 765 1469 810 et
1515 753 1763 807 ultimum
1814 752 1864 806 in
1897 748 2267 822 spiritualibus
2309 747 2513 817 nuptiis
2551 760 2714 804 accu-

1125 848 1300 907 bitum
1334 855 1459 919 pete
1488 840 1660 916 (Rom.
1690 843 1790 913 ιι).
1819 861 1835 895 ι

1731 953 1960 1012 CAPUT
2015 953 2105 1008 iV.

1129 1070 1196 1128 In
1221 1068 1442 1143 epistola
1463 1069 1545 1143 ad
1580 1066 1913 1143 Bonifacqu
1959 1061 2438 1143 Causidicum,‘m
2464 1059 2723 1143 exteriori

1297 1141 1592 1213 prudentia
1621 1132 1914 1208 spiritu-alis
1941 1135 2198 1205 sapientia
2226 1132 2561 1202 praferatur.

1207 1254 1226 1288 ι
1259 1235 1335 1292 Da
1380 1242 1591 1305 partem
1649 1240 1876 1301 septem,
1938 1244 2038 1282 nec
2090 1241 2196 1281 non
2248 1234 2304 1281 et
2350 1233 2474 1280 octo
2521 1221 2721 1294 (Eccle.

1133 1326 1233 1399 xI).
1267 1347 1287 1380 ι
1321 1325 1412 1382 Sic
1459 1333 1782 1396 prasentem
1812 1323 1998 1385 vitam,
2045 1335 2164 1390 (piae
2212 1333 2308 1389 per
2355 1316 2723 1388 septenarium

1134 1432 1426 1474 numerum
1454 1416 1790 1486 designatur,
1821 1427 2070 1476 excurre,
2102 1421 2159 1464 ut
2189 1411 2294 1480 iam
2334 1409 2386 1464 in
2425 1423 2610 1464 amore
2641 1407 2726 1463 fu-

2822 590 2839 621 ‹
2873 567 2965 637 qui
2991 568 3225 637 ignorat,
3255 558 3600 634 ignorabitur
3628 554 3681 629 (ὅ
3698 554 3824 610 Cor.
3855 551 3994 637 ιιν)ζ
4031 570 4055 603 ι
4079 546 4218 615 Quid
4244 555 4430 602 autem

2817 633 2935 716 sine
2957 633 3042 713 his
3070 658 3140 713 sit
3173 656 3358 716 homo,
3405 650 3697 723 perspicue
3727 644 3920 706 definit
3963 633 4270 710 Scriptura,
4299 652 4431 693 eum

2818 749 2950 806 dicit
2986 761 2999 802 :
3037 767 3056 800 ε
3096 745 3278 803 Stellae
3307 759 3416 799 non
3452 749 3578 798 sunt
3621 737 3839 794 mundat
3868 743 3924 789 in
3954 739 4252 802 conspectu
4283 729 4429 800 ejus,

2820 849 3030 912 quanto
3079 838 3254 910 magis
3285 836 3450 891 homo
3476 830 3711 906 putredo
3740 836 3795 885 et
3844 825 3991 883 ﬁlius
4037 837 4279 882 nominis
4311 836 4439 877 vero

2821 933 2959 990 mis?
2997 951 3018 985 ι
3063 929 3187 1001 (Job
3219 926 3373 999 xxv.)

2895 1021 3050 1078 Unde
3077 1029 3133 1076 et
3159 1019 3436 1075 Abraham
3473 1031 3596 1074 cum
3647 1015 3715 1071 ad
3771 1027 4004 1070 summa;
4051 1007 4436 1068 collocationis

2825 1113 3048 1170 culmen
3071 1110 3358 1176 attollitur,
3407 1124 3534 1165 cum
3588 1107 3786 1163 divinae
3837 1102 4004 1176 234
4046 1098 4438 1157 familiaritatis

2825 1207 3062 1279 gratiam
3089 1203 3440 1276 peculiariter
3484 1207 3852 1273 promeretur,
3896 1195 4060 1267 hujus
4110 1192 4440 1250 humilitatis

2829 1297 3206 1356 recordatione
3236 1293 3577 1366 deprimitur,
3629 1305 3757 1348 cum
3792 1288 3927 1344 dicit
3962 1304 3976 1342 :
4036 1305 4054 1339 ε
4106 1284 4326 1358 Loquar
4369 1285 4443 1340 ad

2828 1389 3120 1446 Dominum
3176 1399 3356 1442 meum
3411 1399 3540 1442 eum
3587 1382 3691 1438 sim
3749 1379 3926 1451 pulvis
3986 1385 4043 1434 et
4089 1376 4231 1433 cinis
4279 1372 4439 1449 (Gen.

1134 1519 1303 1571 tum,
1345 1522 1465 1578 qua:
1495 1521 1592 1576 per
1629 1505 1970 1561 octonarium
2009 1501 2426 1558 resurrectionis
2471 1500 2729 1570 exprimit
2827 1479 3009 1578 nil")-
3044 1499 3064 1532 ’
3087 1477 3257 1578 ’θέω
3289 1485 3346 1534 οι
3371 1491 3466 1548 εφη

2112 1468 2426 1555 ,ιιι-’ρειίοηίε
2471 1500 2729 1570 "primi;
2827 1479 3009 1551 xum).
3044 1499 3064 1532 ι
3121 1477 3257 1534 Nam
3289 1485 3346 1534 et
3371 1476 3514 1548 apud
3550 1473 3774 1530 Graecos
3815 1472 3931 1526 haec
3980 1468 4160 1572 teneri
4183 1479 4444 1578 imusne-

1133 1593 1387 1665 gloriam,
1423 1593 1550 1646 totis
1581 1593 1804 1646 studeas
1839 1589 2139 1645 visceribus
2168 1587 2440 1642 habitare.
2487 1585 2567 1640 illi
2605 1601 2732 1656 per-

1134 1683 1461 1740 functoriam
1498 1692 1662 1752 atque
1706 1680 1991 1736 volaticam
2035 1678 2228 1733 exhibe
2265 1693 2486 1742 curam;
2539 1676 2593 1731 in
2624 1678 2729 1733 hac

1132 1781 1575 1845 perseverantem
1605 1780 1768 1840 atque
1817 1779 2136 1841 perpetuam
2158 1810 2172 1834 ,
2207 1768 2348 1824 sicut
2388 1777 2594 1824 aeterna
2621 1776 2726 1834 est,

1135 1862 1419 1921 indelicuze
1449 1863 1738 1920 iliectionis
1769 1863 1871 1932 fige
1899 1861 2249 1917 sententiam.

1659 1972 1819 2044 233
1858 1971 2086 2028 CAPUT
2131 1971 2193 2026 v.

1210 2065 1279 2123 lit
1309 2065 1528 2139 epistola
1570 2066 1638 2120 ad
1678 2066 2038 2139 Alexandrum
2076 2079 2286 2134 papam,
2320 2072 2504 2119 contra
2537 2080 2732 2136 papam

1751 2154 1813 2189 ne
1837 2137 2114 2206 dijudicet.

1218 2246 1239 2281 ι
1265 2227 1457 2284 Finem
1481 2227 1731 2297 loquendi
1757 2228 1965 2296 pariter
1987 2242 2177 2283 omnes
2198 2227 2483 2285 audiamus
2514 2244 2527 2280 :
2562 2225 2730 2281 Deum

1137 2316 1270 2376 time
1298 2327 1354 2374 et
1390 2317 1645 2373 mandata
1672 2315 1787 2386 ejus
1814 2317 2062 2379 observa,
2105 2318 2207 2371 hoc
2250 2323 2333 2371 est
2365 2317 2510 2370 enim
2555 2315 2734 2372 omnis

1137 2409 1304 2467 homo
1355 2409 1562 2480 (Eccle.
1597 2408 1726 2477 xu).
1767 2427 1784 2459 ι
1823 2407 1955 2474 Quis
1986 2416 2068 2462 est
2096 2416 2272 2462 autem
2304 2406 2426 2460 linis
2455 2405 2732 2475 loquendi,

1139 2497 1245 2554 nisi
1277 2497 1385 2562 ille,
1419 2497 1484 2551 de
1508 2512 1617 2567 quo
1644 2496 1775 2552 dicit
1804 2495 2094 2565 Apostolus
2133 2513 2144 2548 :
2197 2514 2212 2546 ι
2248 2493 2397 2550 Finis
2419 2495 2566 2550 enim
2597 2493 2736 2564 legis

1138 2589 1206 2644 ad
1228 2586 1515 2657 justitiam,
1534 2587 1961 2650 Christus,omni
1989 2586 2298 2641 credenti?»
2325 2583 2501 2656 (Rom.
2526 2584 2609 2655 κ.)
2640 2585 2732 2640 Fi-

1140 2681 1227 2737 nis
1266 2680 1466 2750 quippe
1496 2679 1630 2750 legis
1679 2679 1745 2734 ad
1793 2679 2082 2749 justitiam,
2142 2677 2392 2732 Christus
2445 2684 2549 2740 est,
2606 2676 2736 2746 quia

1139 2768 1402 2840 quidquid
1456 2769 1570 2824 sive
1611 2777 1804 2831 vetus,
1859 2767 1974 2823 sive
2032 2781 2168 2822 nova
2220 2766 2305 2821 lcx
2348 2765 2610 2836 loquitur,
2669 2766 2738 2821 ad

1142 2858 1291 2915 illum
1350 2859 1468 2915 sine
1517 2860 1853 2914 dubitatione
1883 2858 2138 2914 refertur.
2190 2857 2270 2912 Ad
2303 2855 2572 2926 justitiam
2605 2870 2739 2911 vero

1143 2965 1249 3006 non
1271 2949 1448 3004 otiose
1496 2949 1695 3004 dicitur
1723 2949 1847 3017 quia
1891 2949 2087 3002 divinae
2125 2948 2261 3016 legis
2314 2961 2494 3002 semto
2532 2944 2738 3016 justifi-

1144 3050 1232 3098 cat
1261 3051 1316 3098 et
1350 3043 1590 3096 animam
1633 3057 1663 3095 a
1707 3041 1959 3096 sordibus
1995 3040 2241 3094 mundat.
2277 3037 2430 3094 Sicut
2456 3036 2740 3106 discipulis

1144 3130 1359 3187 Veritas
1401 3133 1478 3185 ait
1516 3148 1529 3184 :
1580 3149 1598 3183 ι
1653 3130 1770 3185 Jam
1817 3145 1911 3184 vos
1953 3130 2134 3186 mundi
2175 3129 2311 3184 estis
2356 3135 2580 3199 propter
2624 3141 2738 3199 ser:

2831 1573 2962 1628 tudo
2987 1570 3327 1643 perhibetur,
3352 1575 3413 1622 ut
3440 1582 3564 1622 cum
3594 1567 3894 1634 imperator
3933 1561 4056 1632 quis
4087 1560 4146 1614 in
4173 1558 4449 1631 dignitate

2833 1672 3074 1730 creatur,
3106 1677 3232 1717 mox
3264 1669 3326 1716 ut
3371 1655 3748 1730 imperialibus
3779 1654 3947 1710 fuerit
3991 1651 4179 1708 infulis
4215 1650 4444 1707 redimi—

2834 1763 2944 1820 tus,
2969 1767 3187 1809 coronre
3217 1747 3380 1807 simul
3407 1763 3473 1804 ac
3499 1745 3700 1818 sceptri
3743 1745 3916 1816 gloria
3947 1743 4260 1806 decoratur,
4318 1756 4444 1798 eum

2761 1837 2809 1898 Β
2837 1843 3071 1912 denique
3094 1854 3382 1912 procerum
3406 1837 3641 1892 vallatur
3667 1834 3973 1904 obsequiis,
3998 1846 4125 1888 cum
4171 1829 4446 1901 excipitur

2833 1934 3244 1991 modulantibus
3271 1929 3622 2002 psallentium
3650 1926 3865 1999 choris;
3917 1924 4143 1996 quidam
4173 1923 4277 1980 sibi
4306 1937 4448 1993 pra:-

2832 2037 2920 2084 sto
2968 2019 3034 2081 fit
3072 2024 3288 2090 obvius,
3327 2023 3421 2095 qui
3469 2021 3724 2078 videlicet
3779 2035 3888 2076 una
3943 2033 4109 2073 manu
4159 2015 4447 2073 vasctdum

2835 2120 3058 2189 plenum
3088 2125 3429 2172 mortuorum
3452 2114 3671 2169 ossibus
3697 2127 3760 2167 ac
3784 2109 4100 2182 pulveribus
4121 2105 4350 2172 offerat,
4395 2107 4450 2160 in

2838 2209 2943 2265 alia
2971 2222 3102 2264 vero
3129 2215 3350 2277 stupam
3372 2203 3468 2259 lini
3495 2201 3772 2260 subtiliter
3804 2215 3999 2272 pexam
4028 2213 4096 2255 ac
4134 2196 4262 2270 pilis
4307 2211 4447 2266 pcn-

2836 2301 3028 2357 silibus
3056 2298 3295 2354 molliter
3319 2295 3658 2361 demolitam,
3689 2295 3777 2350 cui
3828 2294 4080 2365 protinus
4106 2290 4248 2363 ignis
4293 2287 4451 2344 adhio

2836 2393 2997 2447 betur
3023 2400 3078 2447 et
3104 2398 3329 2462 repente
3358 2389 3414 2444 in
3445 2389 3555 2444 ictu
3587 2387 3734 2444 oculi
3761 2386 3980 2442 flamma
4008 2385 4192 2442 subito
4223 2391 4452 2439 rorante

2838 2483 3222 2539 consumitur:
3268 2490 3330 2536 ut
3371 2480 3426 2535 in
3461 2480 3636 2536 altero
3681 2479 3882 2535 debeat
3924 2475 4282 2534 considerare
4305 2474 4455 2545 quod

2837 2583 2943 2636 est,
2984 2574 3037 2628 in
3064 2573 3237 2628 altero
3259 2570 3440 2626 valeat
3463 2571 3652 2628 videre
3676 2569 3822 2642 quod
3853 2569 4039 2624 habet.
4079 2567 4138 2621 in
4169 2565 4455 2622 cineribus

2838 2663 3110 2733 siquidem
3160 2676 3221 2719 se
3271 2662 3513 2719 cinerem
3575 2661 3951 2733 recognoscit,
4019 2659 4077 2715 in
4127 2667 4287 2730 stupa
4336 2655 4455 2726 jam

2839 2754 3047 2826 colligit
3074 2755 3130 2809 in
3158 2754 3246 2809 die
3287 2753 3481 2824 judicii
3512 2769 3678 2824 quam
3708 2752 3890 2809 subito
3937 2749 4177 2806 mundus
4210 2747 4452 2814 ardebit,

2841 2857 3110 2916 quatenus
3137 2846 3264 2900 dum
3304 2860 3364 2900 se
3399 2844 3559 2900 simul
3589 2859 3656 2900 ac
3690 2859 3787 2898 sua
3824 2851 3936 2897 tam
3963 2856 4126 2905 vana,
4183 2849 4294 2894 tam
4326 2840 4457 2896 Ποῦ»

2840 2935 3175 3004 cipendenda
3192 2933 3524 2999 considerat,
3545 2933 3612 2989 de
3629 2932 3927 3004 imperialis
3941 2929 4200 2987 culminis
4216 2943 4450 2987 ascenso

2839 3024 3063 3096 fastigio
3085 3024 3734 3090 nullatenusinsolescat;
3757 3032 3814 3078 et
3840 3023 3968 3079 dum
3986 3034 4272 3092 possessor
4288 3027 4456 3091 atque

2839 3117 3118 3187 possessio
3165 3116 3474 3187 subjacere,
3506 3115 3786 3171 communi
3837 3115 4088 3169 omnium
4138 3110 4293 3168 casui
4347 3125 4457 3169 non

1145 3236 1358 3276 munem
1389 3235 1548 3290 quem
1577 3221 1790 3275 locutus
1837 3235 1953 3274 sum
1981 3219 2136 3274 vobis
2163 3189 2486 3290 (lonia-xv):
2511 3237 2529 3268 ι
2567 3190 2733 3272 Donni
2765 3189 3160 3279 c'amliigitur,
3199 3207 3314 3278 jam
3343 3207 3499 3277 quasi
3544 3207 3612 3262 de
3653 3206 3918 3278 singulari
3951 3204 4236 3277 dignitatis
4279 3204 4454 3275 apice.

1146 3327 1275 3370 vero
1307 3313 1518 3378 timere,
1575 3322 1658 3368 est
1696 3322 1889 3367 cuncta
1933 3327 2050 3382 qua
2095 3311 2238 3366 Deus
2278 3310 2532 3381 prohibet
2579 3325 2738 3366 exso-
2839 3302 2935 3372 qui
2960 3302 3027 3357 ad
3056 3316 3269 3357 summa
3297 3315 3478 3371 Prove‘

2123 3314 2238 3366 icus
2278 3310 2532 3381 prohibe:
2579 3325 2738 3366 exse.
2839 3302 2935 3372 qui
2960 3302 3027 3357 ad
3056 3316 3269 3357 summa
3297 3307 3590 3371 provectus
3610 3308 3716 3364 est,
3749 3315 3858 3354 non
3885 3296 4124 3353 infletur.
4155 3295 4455 3353 Pulchrum

1145 3405 1348 3460 crando
1381 3412 1438 3458 et
1476 3403 1840 3460 abominando
1881 3411 2247 3458 contemnere.
2292 3400 2541 3455 Mandata
2594 3400 2738 3455 illius
2841 3407 2971 3461 ergo
3021 3391 3310 3446 mundanae
3362 3389 3697 3446 conditionis
3752 3389 4004 3446 ordinem
4057 3387 4224 3444 homo
4276 3388 4462 3444 consi-

1145 3496 1457 3563 observare,
1493 3505 1573 3552 est
1603 3497 1782 3551 omnia
1823 3512 1944 3565 quae
1991 3494 2236 3564 praecipit
2271 3493 2527 3564 operibus
2578 3506 2738 3547 exer-

1147 3602 1290 3642 cere.
1321 3586 1414 3642 ille
1436 3603 1567 3657 ergo
1598 3587 1764 3644 Deum
1797 3588 1949 3641 timet
1996 3587 2088 3656 qui
2133 3585 2333 3656 satagit
2365 3598 2561 3639 cavere
2593 3583 2742 3654 quod

1147 3677 1424 3747 prohibet;
1465 3677 1554 3732 ille
1584 3679 1834 3731 mandata
1866 3675 1983 3743 ejus
2012 3675 2267 3730 observat
2290 3674 2380 3743 qui
2413 3674 2594 3730 studet
2639 3672 2744 3727 im-o

1147 3765 1296 3837 plere
1330 3769 1474 3836 quod
1512 3767 1761 3838 imperat.
1804 3787 1821 3818 ι
1855 3768 2022 3820 Deum
2051 3779 2180 3833 ergo
2208 3763 2340 3818 time
2378 3771 2434 3816 et
2481 3761 2741 3817 mandata

1149 3842 1294 3913 illius
1320 3857 1579 3922 observa;
1635 3858 1737 3912 hoc
1784 3864 1866 3912 est
1908 3855 2052 3908 enim
2082 3853 2260 3907 omnis
2284 3853 2471 3907 homo.
2507 3871 2527 3905 ι
2562 3851 2643 3906 Ac
2692 3849 2746 3906 si.

1147 3942 1434 4015 perspicue
1460 3941 1606 3998 dicat
1633 3962 1646 3996 :
1675 3944 1776 4010 Qui
1806 3959 1910 3997 non
1937 3942 2204 3996 studuerit
2223 3954 2419 3995 cavere
2445 3939 2740 4009 prohibita,

1146 4035 1241 4109 qui
1273 4035 1571 4108 neglexerit
1608 4037 1830 4108 implere
1858 4045 2147 4106 praecepta,
2169 4035 2296 4105 quia
2320 4036 2530 4088 ratione
2568 4041 2742 4098 caret,

1149 4125 1474 4182 vocabulum
1497 4127 1717 4198 quidem
1741 4129 1976 4183 hominis
2004 4127 2187 4190 habet,
2224 4125 2320 4180 sed
2351 4124 2588 4180 hominis
2622 4137 2745 4180 esse

1150 4229 1260 4273 non
1286 4215 1469 4282 habet,
1505 4219 1631 4287 quia
1663 4234 1769 4273 non
1801 4219 2071 4274 veraciter
2097 4217 2266 4270 utitur
2283 4216 2486 4270 virtute
2509 4214 2746 4270 nominis

1149 4319 1260 4376 quo
1283 4317 1552 4366 censetur.
1580 4309 1672 4365 ille
1711 4311 1969 4365 nimirum
2010 4324 2068 4364 se
2105 4310 2290 4363 credat
2331 4307 2600 4362 veraciter
2648 4306 2744 4362 ho-

2844 3482 3017 3549 deret,
3037 3492 3090 3538 et
3119 3483 3245 3538 dum
3278 3483 3395 3538 suis
3426 3481 3615 3538 usibus
3640 3483 3824 3536 omnia
3857 3480 4040 3536 cernit
4071 3479 4322 3548 attribui,
4348 3494 4458 3538 nan

2846 3575 2972 3638 sibi,
3005 3574 3100 3628 sed
3125 3587 3227 3627 suo
3243 3571 3448 3628 referat
3469 3572 3673 3642 gratias
3699 3570 4011 3636 Conditori;
4047 3569 4459 3627 lenocinantem

2846 3663 3035 3718 mundi
3075 3662 3306 3734 gloriam
3338 3663 3440 3718 sub
3481 3660 3675 3734 iudicii
3711 3662 3796 3716 sui
3848 3659 4097 3716 calcibus
4141 3659 4458 3730 deprimat;

2847 3757 3085 3811 virorem
3113 3756 3297 3810 carnis
3336 3755 3551 3811 aridum
3575 3753 3690 3824 jam
3736 3753 4020 3827 pulverem
4067 3752 4278 3820 credat,
4311 3752 4458 3808 diem

2847 3861 2962 3903 suae
2985 3848 3295 3903 vocationis
3317 3856 3576 3917 tanquam
3601 3846 3880 3919 speculum
3905 3845 4021 3902 suis
4049 3861 4268 3918 semper
4289 3847 4457 3902 obtu-

2849 3937 2992 3992 tibus
3020 3946 3340 4008 anteponat,
3369 3938 3676 3994 districtum
3697 3938 3903 3993 ultimre
3925 3936 4286 3993 discussionis
4307 3937 4456 4008 judi-

2847 4029 2990 4084 cium
3044 4030 3454 4094 contremiscat,
3511 4039 3781 4100 quatenus
3824 4029 3953 4084 dum
3995 4044 4142 4084 nunc
4177 4026 4457 4084 Creatoris

2847 4123 2930 4178 sui
2953 4123 3164 4194 legibus
3199 4123 3453 4178 subditur
3505 4124 3599 4193 qui
3644 4123 3790 4178 inter
3832 4131 4138 4190 creaturas,
4187 4135 4308 4192 quae
4339 4131 4454 4177 ter-

2848 4229 2993 4270 renae
3013 4224 3162 4279 sunt,
3191 4213 3409 4268 videtur
3436 4213 3688 4288 insignis,
3713 4213 3769 4270 in
3789 4212 4000 4271 ctelesti
4031 4225 4250 4287 quoque
4288 4209 4465 4284 gloria

2851 4304 3126 4360 veraciter
3150 4305 3222 4359 sit
3251 4304 3519 4360 sublimis.

2245 4396 2552 4467 Expliciunt
2585 4397 2881 4452 testimonia
2919 4396 2985 4450 de
3017 4393 3356 4450 Ecclesiaste.

1928 4557 2272 4615 lNCiPiUNT
2312 4553 2659 4612 CAPITULA
2694 4552 2785 4608 DE
2824 4552 3146 4611 CANTiClS
3181 4551 3669 4611 CANTICORUM.

1262 4631 1317 4702 ﬂ.
1355 4630 1433 4702 De
1459 4631 1572 4686 oleo
1606 4633 1794 4702 effuso.

1258 4699 1315 4771 2.
1356 4700 1428 4771 ρο
1461 4699 1727 4771 nigredine
1757 4718 1981 4769 sponsae.

1259 4769 1314 4828 3.
1357 4769 1432 4823 De
1455 4769 1712 4891 fasciculo
1738 4774 1986 4853 myrrham

1259 4840 1315 4891 Δ.
1359 4839 1432 4891 De
1475 4843 1569 4891 tlto
1590 4843 1920 4891 convallium.

1258 4840 1315 4896 4.
1359 4839 1432 4894 De
1455 4839 1569 4895 lilio
1590 4839 1920 4896 convallium.

1263 4909 1316 4964 5.
1356 4910 1432 4964 De
1468 4913 1710 4966 ordinata
1736 4913 2009 4966 cltarilate.

1266 4981 1319 5052 β.
1360 4980 1436 5052 pe
1463 4991 1685 5052 utraque
1716 4985 1836 5036 vita.

1265 5051 1317 5104 7.
1357 5051 1434 5104 De
1454 5051 1808 5172 [oraminibus
1831 5063 2011 5120 petra.

1265 5121 1318 5172 8.
1359 5121 1434 5172 De
1474 5120 1642 5172 ecmlo
1683 5121 2002 5172 Salomonis.

1265 5121 1318 5176 8.
1359 5121 1434 5174 De
1454 5120 1642 5176 lectulo
1683 5121 2002 5176 Salomonis.

1267 5189 1317 5244 9.
1367 5189 1441 5243 De
1467 5192 1633 5247 oculis
1669 5191 2047 5244 columbarum.

1231 5258 1316 5315 10.
1362 5259 1435 5313 De
1461 5261 1699 5315 dentibus
1727 5261 1992 5314 ECClﬂla’.

1232 5328 1318 5384 ii.
1363 5329 1436 5384 De
1469 5331 1671 5385 duobus
1697 5331 1962 5384 uberibus.

1359 5398 1437 5471 De
1461 5400 1850 5471 pulchritudine
1881 5403 2085 5454 amictu.

1234 5469 1321 5524 i3.
1362 5469 1438 5523 De
1462 5469 1662 5526 corona
1692 5471 1906 5532 animm,
1937 5472 2013 5522 rel
2051 5485 2247 5526 sane“:
2274 5470 2548 5532 Ecclesia.

1232 5537 1321 5595 14.
1363 5537 1438 5591 De
1462 5540 1704 5607 aquilone
1732 5549 1778 5593 et
1805 5551 2005 5593 austro.

1365 5607 1442 5686 12¢
1471 5626 1529 5686 eo
1548 5611 1687 5686 quod
1711 5611 1836 5686 dicit
1871 5609 2141 5686 Ecclesia;
2173 5611 2280 5686 Ego
2310 5613 2536 5686 dormio,
2564 5624 2615 5686 et
2639 5629 2730 5666 cor
2753 5627 2924 5670 meum
2955 5613 3159 5686 vigilat.

1231 5676 1321 5735 16.
1366 5676 1517 5742 Quod
1540 5676 1754 5734 dilectus
1783 5681 1978 5732 dicitur
1999 5676 2259 5740 candida}
2285 5693 2332 5740 ei
2359 5676 2703 5742 rubicundus.

1235 5747 1321 5805 l7.
1366 5746 1440 5802 De
1461 5751 1654 5802 sanm's
1683 5750 1998 5805 doctoribus.

1240 5817 1328 5876 18.
1369 5816 1445 5873 Ds
1468 5829 1638 5877 ventre
1659 5819 1849 5875 Christi
1875 5819 2120 5874 eburneo.
