3978 6356
176 402 327 462 {H5

1460 391 1530 448 IN
1567 388 1867 449 CANTICA
1901 383 2175 442 CANTIC.

3339 373 3493 432 ιιιο

178 523 283 593 git.
322 518 420 574 ilic
446 518 628 588 itaque
663 515 891 571 dilectus
920 512 1157 585 myrrhae
1190 506 1481 567 fasciculus
1510 508 1593 573 tit,
1641 506 1769 576 quia
1804 506 1849 565 Α
1877 517 1998 570 quae
2014 499 2265 593 profecto
2296 510 2563 593 uongeasu
2593 496 2839 593 quinque
2870 504 3016 560 sunt,
3045 493 3251 593 lancea:
3280 490 3499 553 scilicet

180 613 241 667 in
270 611 485 666 cunctis
509 610 624 664 suis
653 607 965 663 actionibus
984 620 1043 661 se
1074 604 1220 659 velut
1264 604 1599 658 exstinctqu
1653 614 1791 668 prae.

178 703 327 758 hens
363 741 378 766 ,
442 698 793 769 multiplicem
862 694 1299 767 quoddammodo
1354 688 1791 749 mortificationis

185 790 400 847 Christi
429 788 761 859 manipulum
784 784 1006 857 colligit.
1037 784 1146 840 Ubi
1171 794 1225 840 et
1254 789 1379 853 apte
1401 781 1748 851 subjungitur
1775 798 1787 831 :

189 898 212 933 ι
242 879 394 934 Inter
422 879 588 933 ubera
616 893 735 932 mea
756 876 1201 933 commorabitur.
1237 895 1256 928 ι
1279 874 1450 931 Nemo
1475 871 1686 930 dubitat
1704 871 1785 923 in-

186 982 285 1026 ter
305 971 469 1025 ubera
496 971 729 1040 pectoris
754 985 875 1025 esse
901 970 1077 1028 locum
1116 969 1320 1024 cordis.
1374 969 1616 1023 Dilectus
1659 978 1791 1035 ergo

187 1061 341 1116 inter
366 1075 578 1129 sponsae
605 1055 771 1115 ubera
803 1058 1231 1115 commorabitur
1253 1099 1269 1125 ,
1301 1060 1428 1129 quia
1476 1056 1794 1113 indeficiens

188 1148 319 1219 ejus
348 1164 505 1205 amor
534 1165 597 1204 ac
621 1150 950 1207 desiderium
978 1164 1045 1205 ex
1072 1149 1189 1218 ejus
1224 1149 1484 1204 memoria
1513 1163 1625 1203 non
1654 1148 1796 1202 dele-

188 1246 305 1295 tur.
348 1240 493 1295 Inter
521 1239 692 1296 ubera
730 1254 847 1294 mea
874 1238 1321 1304 commorabitur,
1355 1248 1613 1310 tanquam
1644 1240 1793 1296 dice-

190 1340 311 1386 ret:
340 1331 440 1397 Qui
474 1331 605 1386 mihi
636 1328 923 1387 fasciculus
953 1330 1187 1404 myrrhae
1217 1330 1394 1387 factus
1413 1340 1496 1387 est
1523 1346 1620 1401 per
1640 1346 1793 1388 ama-

190 1424 491 1481 ritudinem
528 1422 817 1493 passionis,
867 1423 1010 1477 inter
1052 1422 1219 1478 ubera
1269 1438 1391 1478 mea
1414 1423 1617 1494 jugiter
1645 1439 1795 1480 eom—

192 1515 501 1570 morabitur
521 1528 619 1583 per
637 1512 977 1568 dulcedinem
1000 1512 1181 1568 cordis
1208 1531 1220 1565 :
1256 1521 1309 1567 et
1332 1513 1423 1585 qui
1454 1513 1795 1569 extrinsecus

196 1620 301 1675 per
328 1604 635 1675 exemplum
662 1612 925 1673 susceptae
965 1604 1158 1659 mortis
1181 1613 1491 1673 exasperat,
1520 1619 1619 1675 per
1647 1604 1793 1661 infu-

199 1710 319 1751 sam
349 1696 581 1763 gratiam
604 1710 693 1751 me
722 1694 926 1750 intimae
956 1694 1239 1751 suavitatis
1264 1693 1539 1753 obdulcat.

830 1782 1058 1841 CAPUT
1094 1783 1185 1839 Π.

521 1880 609 1937 Ea;
644 1897 882 1937 sermone
910 1883 967 1936 in
996 1882 1165 1937 natali
1192 1883 1471 1953 virginum.

274 1991 295 2027 ι
330 1972 444 2044 Ego
470 1989 589 2029 sum
621 1974 790 2028 lilium
837 1973 1167 2029 convallium
1199 1973 1378 2046 (Cant.
1412 1973 1497 2047 ιι).
1545 1994 1565 2027 ι
1596 1973 1793 2030 Lilium

200 2064 366 2135 plane
391 2079 452 2120 se
486 2081 717 2135 sponsus
738 2065 983 2119 nominat
1002 2074 1225 2136 propter
1253 2067 1470 2121 niveum
1495 2068 1793 2122 candorem

199 2156 575 2213 mundissima:
613 2155 903 2213 castitatis.
949 2156 1151 2213 Lilium
1201 2173 1308 2213 non
1361 2160 1646 2225 montium,
1700 2160 1797 2215 sed

202 2247 554 2313 convallium,
584 2248 710 2317 quia
747 2248 866 2318 pias
906 2247 1059 2318 eligit
1102 2255 1313 2304 mentes
1345 2249 1650 2317 humilium,
1687 2266 1795 2309 non
1832 2312 1833 2315 η

201 2338 458 2412 scopulos
496 2332 767 2395 inhabitat
800 2341 1181 2409 superborum.

837 2431 1067 2488 CAPUT
1096 2431 1155 2486 V.

280 2543 300 2577 ι
334 2523 641 2580 introduxit
671 2538 756 2578 me
786 2540 881 2578 rex
904 2524 957 2577 in
977 2522 1171 2579 cellam
1200 2521 1492 2589 vinariam,
1523 2524 1799 2580 ordinavit

202 2616 257 2673 In
288 2632 380 2682 me
404 2618 729 2672 charitatem
759 2614 939 2687 (Cant.
973 2617 1059 2686 ιι).
1106 2633 1125 2666 ι
1160 2613 1275 2669 Νοιι
1309 2616 1423 2669 ait:
1453 2614 1611 2671 Dedit
1636 2632 1798 2686 quam

200 2726 311 2771 non
362 2708 599 2781 reperit,
646 2708 739 2762 sed
775 2725 793 2759 ι
826 2707 1136 2773 ordinavit,
1172 2726 1191 2760 ι
1226 2722 1388 2777 quam
1435 2706 1800 2762 inordinatam

206 2800 433 2855 invenit.
473 2798 727 2854 Nonnulli
764 2812 996 2867 namque
1046 2799 1099 2852 in
1145 2796 1431 2868 principali
1481 2798 1661 2851 cordis
1712 2797 1799 2851 sui

203 2888 326 2948 loco
358 2889 559 2944 habent
587 2903 809 2953 uxores,
842 2887 1001 2951 ﬁlios,
1050 2888 1275 2957 praedia,
1304 2886 1389 2942 vel
1438 2887 1673 2942 honores
1704 2902 1719 2942 :
1746 2887 1801 2941 in

205 2984 448 3039 secundo
482 2989 664 3039 autem
710 2980 1112 3052 quodammodo
1160 2981 1328 3035 Deum
1376 2987 1622 3049 ponunt,
1675 2978 1802 3034 dum

203 3085 328 3125 eum
362 3069 541 3125 minus
577 3069 828 3141 diligunt.
875 3068 938 3122 Hi
986 3068 1244 3123 nimirum
1289 3069 1542 3123 videntur
1586 3068 1804 3137 quidem

209 3159 414 3216 habere
438 3161 785 3225 charitatem,
811 3160 906 3214 sed
931 3160 1295 3214 inordinatam
1320 3176 1336 3225 ;
1368 3174 1469 3215 nec
1504 3160 1658 3214 illum
1689 3174 1804 3213 ser-

1894 602 1949 648 et
1977 592 2294 657 clavorum;
2333 590 2427 646 sed
2462 589 2589 659 quia
2622 604 2721 645 nos
2759 587 3040 642 fueramus
3084 587 3326 658 quinque
3370 598 3499 641 sen-

1896 700 2054 741 suum
2085 683 2407 738 vulneribus
2442 680 2699 747 sauciati,
2740 696 2843 751 per
2891 681 2989 753 has
3034 680 3271 750 quinque
3312 677 3502 749 plagas

1896 774 2059 831 saluti
2082 790 2271 831 sumus
2296 782 2569 845 perpetuae
2598 772 2860 827 restituti.
2890 771 3019 827 Ista:
3036 770 3302 840 siquidem
3330 777 3504 841 porta:

1892 877 2077 933 erant,
2110 881 2208 938 per
2246 879 2382 935 quas
2410 864 2496 919 die
2512 862 2737 919 Sabbati
2771 862 3038 932 propheta
3068 876 3139 916 ne
3168 859 3506 915 inferrentur

1893 973 2059 1013 onera
2106 956 2293 1027 gravia
2338 953 2685 1025 prohibebat.
2724 952 2784 1007 In
2834 952 2920 1009 bis
2968 968 3100 1024 ergo
3146 951 3509 1007 foraminibus

1896 1048 1993 1102 Dei
2026 1045 2274 1102 columba
2306 1044 2590 1108 consistit,
2633 1043 2759 1114 quia
2798 1051 2989 1097 sancta
3026 1040 3279 1111 quaelibet
3322 1041 3510 1097 anima

1898 1147 2066 1193 totam
2093 1135 2331 1208 propriae
2357 1134 2548 1190 salutis
2577 1148 2731 1204 spem
2761 1134 2816 1187 in
2851 1133 2934 1188 sui
2965 1131 3350 1201 Redemptoris
3376 1147 3510 1202 pas-

1893 1229 2047 1284 sione
2074 1227 2377 1283 constituit.
2405 1225 2481 1281 lbi
2510 1224 2660 1279 velut
2679 1223 2746 1278 ab
2769 1224 3049 1295 accipitris
3072 1224 3289 1279 incursu
3311 1223 3509 1279 defen-

1894 1319 2061 1384 ditur,
2093 1316 2221 1387 quia
2258 1331 2289 1370 a
2316 1315 2528 1371 cunctis
2556 1314 2920 1385 malignorum
2956 1314 3247 1385 spirituum
3288 1314 3504 1370 insidiis

1894 1408 2221 1463 custoditur.
2254 1406 2333 1471 lbi
2360 1404 2518 1477 plane
2543 1404 2811 1471 nidificat,
2860 1404 2985 1475 quia
3016 1404 3126 1461 illic
3153 1404 3297 1460 fetus
3330 1405 3507 1461 bono-

1893 1517 2013 1557 rum
2037 1515 2260 1571 operum
2285 1506 2590 1556 coacervat.
2620 1497 2828 1553 De‘hac
2851 1506 3006 1568 petra
3029 1511 3127 1568 per
3149 1495 3499 1553 Psalmistam

1895 1592 2132 1647 dicitur:
2167 1610 2186 1643 ι
2240 1590 2450 1651 Montes
2496 1588 2700 1644 excelsi
2750 1590 2973 1656 cervis,
3022 1599 3177 1660 petra
3228 1588 3505 1661 refugium

1893 1681 2190 1736 herinaciis
2234 1679 2412 1751 (Psal.
2437 1678 2579 1750 cm).
2616 1698 2637 1732 ι
2668 1678 2828 1746 Quod
2862 1686 3045 1734 autem
3077 1676 3295 1734 additur
3332 1696 3346 1733 :
3380 1696 3401 1730 ι
3443 1678 3505 1735 ιιι

1896 1784 2133 1828 caverna
2160 1768 2435 1836 maceriae,
2462 1788 2483 1824 ι
2510 1768 2692 1825 solent
2714 1784 2781 1824 ex
2806 1768 3081 1840 lapidibus
3102 1769 3360 1825 maceria:
3385 1770 3511 1825 fieri

1821 1874 1870 1935 Β
1898 1865 1964 1919 ad
1992 1864 2301 1919 custodiam
2330 1862 2655 1927 vinearum;
2693 1860 2835 1917 sicut
2878 1876 2979 1932 per
3021 1859 3219 1916 Isaiam
3269 1861 3508 1917 dicitur:

1902 1974 1923 2007 ι
1960 1952 2129 2008 Vinea
2168 1951 2313 2009 facta
2342 1960 2429 2011 εει
2459 1951 2658 2008 dilecto
2690 1950 2746 2006 in
2773 1965 2947 2006 cornu
2988 1949 3042 2004 in
3073 1950 3193 2006 loco
3235 1951 3413 2015 uberi.
3455 1958 3515 2008 et

1898 2044 2135 2101 maceria
2164 2043 2525 2100 circumdedit
2571 2056 2628 2097 et
2658 2042 3005 2098 circumfodit
3051 2057 3172 2097 eam
3202 2040 3338 2111 (1³η.
3372 2027 3449 2113 v).
3484 2060 3504 2097 ι

1899 2138 2039 2205 Quid
2069 2153 2201 2209 ergo
2226 2152 2325 2208 per
2343 2136 2637 2193 maceriam
2664 2135 2926 2207 lapidum,
2972 2135 3076 2191 nisi
3109 2134 3420 2206 praesidium
3448 2142 3510 2191 et

1898 2232 2160 2287 excubias
2211 2228 2562 2302 intelligimus
2603 2228 2953 2301 angelorum,
3012 2226 3210 2298 quibus
3257 2225 3515 2282 videlicet

1900 2320 2084 2377 anima
2113 2323 2167 2377 in
2196 2323 2497 2379 certamine
2532 2321 2727 2391 posita,
2760 2320 2890 2375 dum
2920 2318 3153 2374 vadatur
3194 2326 3357 2389 atque
3396 2320 3511 2373 eir-

1900 2414 2190 2469 cumdatur
2216 2455 2233 2478 ,
2273 2429 2303 2467 a
2333 2412 2547 2469 cunctis
2572 2411 2982 2468 adversantium
3013 2409 3302 2482 spirituum
3335 2417 3515 2465 tenta-

1901 2506 2144 2561 tionibus
2167 2503 2516 2560 custoditur?
2540 2502 2715 2559 Porro
2741 2501 2885 2573 quod
2909 2502 3193 2572 sequitur:
3228 2518 3247 2552 ι
3271 2499 3513 2556 Ostende

1903 2594 2038 2650 mihi
2066 2594 2262 2650 faciem
2308 2603 2481 2659 tuam,
2516 2611 2536 2645 ι
2569 2601 2699 2648 tunc
2735 2592 2917 2647 anima
2950 2590 3161 2647 caelesti
3201 2604 3404 2661 sponso
3430 2589 3515 2645 fa-

1905 2687 2044 2741 ciem
2106 2701 2261 2741 suam
2302 2684 2594 2740 ostendere
2640 2683 2875 2748 dicitur,
2925 2697 3049 2738 cum
3102 2681 3222 2753 ejus
3274 2681 3514 2752 speciem

1904 2774 2136 2829 internis
2159 2775 2437 2829 obtutibus
2460 2775 2615 2843 quasi
2643 2773 2882 2829 revelata
2902 2772 3042 2828 facie
3062 2772 3467 2843 contemplatur
3494 2786 3512 2825 :

1912 2886 1931 2918 ε
1966 2866 2154 2932 Sonet,
2186 2866 2382 2934 inquit,
2412 2879 2520 2919 vox
2550 2876 2642 2919 tua
2672 2864 2728 2918 in
2758 2863 2986 2919 auribus
3010 2864 3185 2918 meis:
3218 2876 3319 2917 vox
3366 2860 3513 2918 enim

1907 2965 2001 3010 tua
2040 2956 2215 3011 dulcis
2262 2963 2318 3010 et
2362 2953 2531 3009 facies
2577 2962 2672 3008 tua
2723 2954 2941 3010 decora.
2992 2972 3013 3007 ι
3048 2951 3093 3009 Ο
3135 2967 3299 3023 quam
3348 2964 3519 3008 suave

1908 3045 2320 3101 commercium!
2350 3044 2460 3099 imo
2481 3058 2643 3114 quam
2670 3042 3053 3097 inenarrabilis
3079 3041 3305 3107 dulcedo
3334 3040 3388 3095 in
3412 3039 3518 3096 hu-

1908 3138 2087 3192 manis
2109 3137 2411 3191 visceribus
2439 3137 2639 3201 oritur,
2676 3150 2798 3191 cum
2825 3134 3054 3189 Creator
3074 3142 3130 3189 et
3158 3142 3411 3188 creatura
3436 3134 3518 3189 al-

206 3258 338 3305 vant
366 3251 611 3305 ordinem
633 3249 918 3305 charitatis
943 3264 1105 3318 quem
1132 3249 1345 3303 Veritas
1370 3249 1487 3319 ipsa
1515 3249 1799 3319 disposuit,

1913 3231 2081 3285 ternis
2104 3230 2158 3284 in
2187 3244 2246 3284 se
2275 3228 2507 3284 invicem
2534 3226 2821 3283 affectibus
2848 3227 3213 3292 delectantur,
3243 3226 3385 3281 sicut
3412 3239 3513 3295 per

206 3354 328 3395 eum
360 3340 534 3395 dicit:
568 3357 588 3391 ι
624 3339 824 3409 Diliges
851 3338 1023 3393 Deum
1064 3353 1130 3393 ex
1167 3345 1281 3392 toto
1320 3339 1503 3403 corde,
1561 3340 1666 3394 hoc
1716 3347 1803 3393 est

207 3429 503 3487 maximum
528 3430 871 3500 primumque
904 3429 1243 3494 mandatum,
1289 3429 1590 3483 secundum
1620 3438 1803 3481 autem

205 3518 384 3577 simile
409 3527 493 3574 est
521 3519 669 3585 huic,
699 3528 760 3573 ut
786 3518 979 3589 diligas
1006 3517 1311 3586 proximum
1341 3515 1557 3589 (Matth.
1581 3519 1742 3589 xxu).
1778 3536 1797 3569 ι

208 3608 327 3666 Non
354 3623 485 3681 ergo
513 3622 571 3665 se
605 3610 782 3679 jactet
805 3610 928 3679 quis
954 3610 1158 3665 habere
1195 3609 1539 3675 charitatem,
1574 3610 1619 3664 si
1652 3611 1771 3666 ordi

208 3711 335 3755 nata
356 3715 464 3757 non
481 3710 565 3756 est
588 3718 603 3766 ;
628 3700 769 3756 sicut
792 3715 891 3756 nec
916 3704 1079 3756 etiam
1103 3700 1284 3767 fidem,
1314 3702 1359 3756 si
1384 3701 1501 3757 sine
1523 3703 1802 3771 operibus,

211 3806 275 3847 ac
302 3806 401 3864 per
427 3792 531 3847 hoc
558 3792 734 3847 otiosa
764 3802 869 3846 est.

814 3879 1046 3937 CAPUT
1098 3881 1188 3937 Vl.

285 3989 304 4023 ι
332 3969 488 4026 Laeva
513 3969 628 4040 ejus
654 3972 756 4028 sub
778 3973 956 4043 capite
1004 3988 1131 4029 meo
1174 3980 1229 4027 et
1254 3973 1477 4030 dextera
1500 3974 1643 4030 illius
1687 3991 1805 4032 am-

208 4059 513 4131 plexabitur
540 4077 627 4115 me
667 4061 822 4133 (ωιτη.
851 4061 939 4131 ιι).
976 4079 997 4113 ι
1050 4061 1193 4116 Leva
1228 4064 1426 4134 quippe
1460 4064 1683 4120 subesse
1715 4080 1806 4120 ca-

212 4152 309 4222 piti
339 4152 559 4218 dicitur,
587 4168 710 4208 cum
740 4166 978 4222 praesens
1012 4153 1118 4206 vita
1150 4169 1180 4205 a
1221 4136 1422 4219 mente,
1457 4169 1578 4223 qua:
1600 4156 1807 4226 cogita-

210 4242 416 4297 tionum
468 4251 761 4312 caputest,
805 4244 1059 4312 despecta
1108 4243 1374 4297 calcatur.
1429 4245 1646 4301 Dextra:
1675 4259 1805 4301 vero

212 4332 545 4401 amplexibus
575 4334 878 4403 stringitur,
907 4334 1031 4402 quia
1064 4334 1230 4390 solius
1256 4344 1473 4391 aeterna:
1500 4337 1625 4390 vitae
1654 4336 1802 4391 desi-

211 4427 373 4484 deriis
402 4425 640 4498 undique
669 4427 982 4483 delectatur.

804 4515 1033 4573 CAPUT
1083 4518 1189 4574 VII.

1907 3321 2239 3392 Prophetam
2267 3322 2465 3377 dicitur
2491 3338 2504 3374 :
2536 3340 2554 3373 ι
2590 3320 2785 3381 Suavis
2810 3320 2883 3374 sit
2904 3320 2951 3375 ei
2972 3318 3211 3373 laudatio
3233 3333 3379 3384 mea,
3401 3315 3519 3391 Ego

1905 3428 2037 3469 vero
2072 3413 2385 3469 delectabar
2417 3415 2472 3469 in
2503 3412 2765 3469 Domino!
2803 3432 2823 3465 ι
2858 3410 3032 3483 (Ρεαι.
3064 3410 3205 3481 ciu.)

2518 3504 2749 3562 CAPUT
2778 3504 2905 3560 Vlll.

1984 3618 2003 3651 ι
2040 3599 2119 3654 En
2152 3598 2413 3655 lectulum
2457 3597 2788 3663 Salomdnis,
2832 3596 3117 3669 sexaginta
3166 3593 3337 3651 fortes
3384 3606 3512 3651 am-

1906 3690 2063 3745 biunt
2090 3706 2157 3745 ex
2186 3686 2499 3745 fortissimis
2526 3688 2693 3744 Israel
2718 3687 2897 3760 (Cant.
2928 3690 3035 3759 ιιι).
3075 3706 3094 3739 ι
3130 3686 3323 3742 Fortes
3366 3685 3516 3741 enim

1911 3780 2170 3836 lectulum
2200 3780 2509 3835 Salomonis
2550 3780 2815 3845 ambiunt,
2846 3779 2975 3833 dum
3007 3778 3255 3832 intimam
3289 3776 3518 3848 pacifica

1907 3870 2293 3941 Redemptoris
2323 3870 2501 3925 nostri
2531 3870 2778 3939 requiem
2812 3868 2989 3924 sancti
3017 3869 3221 3940 quique
3242 3867 3518 3924 indefessa

1906 3962 2162 4018 desiderii
2192 3962 2483 4017 sedulitate
2512 3961 2852 4017 custodiunt.

2523 4059 2755 4117 CAPUT
2813 4059 2907 4116 1X.

1986 4170 2006 4203 ι
2043 4151 2197 4207 Oculi
2227 4153 2301 4207 tui
2330 4152 2732 4218 columbarum,
2764 4152 2971 4221 absque
2995 4165 3061 4207 eo
3082 4151 3229 4220 quod
3255 4150 3518 4207 intrinse-

1906 4260 2006 4302 cus
2034 4246 2167 4299 latet
2197 4243 2375 4317 (Cant.
2406 4243 2504 4310 ιν).
2541 4262 2561 4296 ι
2608 4243 2699 4299 lsti
2731 4252 2860 4298 sunt
2892 4242 3036 4297 oculi
3064 4242 3133 4297 de
3173 4242 3371 4312 quibus
3407 4242 3523 4298 Do-

1907 4338 2088 4393 minus
2121 4338 2173 4391 in
2214 4336 2512 4407 Evangelia
2542 4354 2555 4389 :
2581 4356 2599 4389 ι
2636 4335 2811 4402 Beati,
2850 4336 3046 4405 inquit,
3075 4337 3276 4393 mundo
3325 4335 3515 4401 corde,

1906 4429 2164 4499 quoniam
2216 4430 2315 4499 ipsi
2348 4430 2518 4482 Deum
2578 4428 2829 4484 videbunt
2870 4424 3087 4497 (Matth.
3118 4426 3192 4496 ν).
3233 4444 3253 4477 ι
3286 4428 3512 4498 Absque

1907 4534 1974 4575 eo
2002 4519 2146 4589 quod
2177 4519 2507 4573 intrinsecus
2538 4518 2689 4572 latet.
2724 4516 2859 4583 Quia
2889 4516 3017 4570 licet
3039 4515 3214 4570 sancti
3261 4516 3518 4572 doctores

281 4627 302 4663 ι
321 4608 517 4681 Surge,
543 4609 716 4665 amica
734 4624 873 4675 mea,
904 4624 1100 4678 sponsa
1128 4625 1244 4665 mea
1264 4650 1279 4676 ,
1305 4617 1361 4665 et
1387 4611 1534 4677 veni,
1553 4608 1802 4666 columba
1831 4587 1887 4648 D
1914 4628 2059 4669 nunc
2087 4612 2405 4667 Creatorem
2455 4627 2614 4667 suum
2646 4626 2744 4682 per
2772 4608 3245 4679 contemplationis
3288 4609 3524 4680 gratiam

215 4716 353 4767 mea,
386 4702 441 4757 in
473 4702 834 4757 foraminibus
859 4712 1044 4771 petrre,
1082 4710 1137 4756 et
1166 4702 1218 4756 in
1244 4717 1475 4757 caverna
1506 4704 1755 4758 maceria:
1785 4720 1801 4769 ;

209 4792 433 4847 ostende
464 4792 595 4853 mihi
616 4791 809 4847 faciem
853 4802 1024 4857 tuam,
1067 4801 1222 4847 sonet
1254 4809 1352 4847 vox
1377 4802 1467 4847 tua
1490 4796 1544 4849 in
1586 4796 1809 4854 auribus

209 4883 360 4943 meis.
380 4882 492 4937 Vox
517 4884 661 4939 enim
690 4892 780 4937 tua
813 4884 1005 4947 dulcis,
1025 4893 1079 4938 et
1104 4884 1271 4940 facies
1300 4897 1388 4939 tua
1412 4886 1605 4940 decora
1630 4883 1809 4957 (Cant-

211 4974 291 5044 ιι).
307 4986 334 5026 ’ν
352 4974 545 5028 Anima
568 4976 763 5045 quippe
778 4984 961 5030 sancta
983 4975 1107 5044 jure
1128 4976 1329 5031 Christi
1346 4979 1522 5032 amica
1534 4986 1587 5032 et
1610 4992 1809 5047 sponsa

209 5075 472 5133 vocatur;
502 5068 628 5137 quia
662 5068 735 5122 illi
768 5082 865 5138 per
902 5059 1549 5143 fidetn'dilectionemque
1580 5069 1808 5138 conjun-

210 5161 369 5231 gitur.
400 5158 506 5214 Sed
549 5162 663 5215 haec
707 5176 904 5230 sponsa
948 5162 1102 5230 quasi
1143 5148 1319 5217 adhuc
1356 5162 1523 5230 jacet,
1575 5163 1702 5217 dum
1750 5162 1802 5215 in

210 5248 493 5304 mundanis
521 5252 828 5307 actionibus
874 5251 1219 5320 implicatur;
1273 5261 1400 5307 tunc
1430 5254 1625 5322 surgit,
1676 5268 1803 5307 cum

207 5339 370 5409 2.38
389 5341 455 5394 ad
481 5342 822 5407 procinctum
850 5341 1043 5395 divina:
1070 5342 1348 5396 servitutis
1372 5343 1619 5412 erigitur.
1650 5344 1728 5397 Ac
1754 5341 1801 5396 si

211 5432 393 5485 dicat:
451 5432 582 5496 Quae
614 5432 666 5484 in
716 5432 994 5488 saecularis
1039 5434 1161 5485 vita:
1208 5433 1431 5489 mollitie
1471 5434 1641 5503 jaces,
1686 5435 1801 5504 jam

211 5536 387 5592 surge,
418 5530 578 5589 atque
614 5524 680 5575 ad
714 5522 981 5576 fatuiliare
1027 5524 1444 5579 contubernium
1494 5542 1629 5579 mea:
1668 5541 1802 5580 con-

212 5613 573 5683 templationis
625 5616 791 5685 erige.
823 5633 839 5665 ‹
864 5614 1124 5671 Columba
1158 5631 1299 5683 mea,
1329 5618 1381 5671 in
1433 5618 1795 5674 foraminibus

213 5716 392 5775 pctrm.
424 5725 441 5758 ι
486 5705 565 5769 Si,
609 5705 761 5775 juxta
793 5708 1131 5777 Apostolum,
1153 5727 1169 5758 ι
1190 5717 1342 5779 petra
1357 5709 1608 5767 Christus
1635 5722 1716 5767 est
1745 5712 1801 5781 (Ι

213 5796 329 5855 Cor.
358 5799 433 5871 xv),
468 5819 485 5852 ι
520 5798 781 5857 foramina
803 5812 969 5871 petra:
986 5801 1206 5861 vulnera
1239 5812 1363 5863 sunt
1389 5802 1799 5879 Redemptoris;

1916 4706 2222 4775 aspiciunt,
2255 4704 2387 4759 latet
2417 4714 2599 4758 tamen
2650 4704 2828 4758 adhuc
2870 4718 3129 4772 magnum
3178 4701 3402 4771 aliquid,
3453 4701 3527 4758 ad

1917 4800 2060 4868 quod
2094 4799 2143 4853 in
2175 4798 2277 4853 hac
2306 4795 2647 4865 corruptibili
2677 4810 2842 4851 carne
2862 4795 3114 4849 humana:
3138 4794 3337 4848 mentis
3365 4793 3520 4850 acies

1920 4906 2026 4943 non
2067 4888 2289 4957 aspirat.
2342 4886 2442 4942 Ubi
2496 4901 2621 4941 mox
2666 4886 2953 4956 sequitur:
2985 4903 3004 4935 ι
3040 4884 3230 4955 Capilli
3264 4886 3340 4939 tui
3383 4884 3530 4941 sicut

1919 4995 2110 5052 greges
2140 4994 2448 5049 caprarum,
2469 4994 2591 5049 quae
2613 4980 2980 5033 ascenderunt
3004 4978 3071 5033 de
3092 4977 3302 5033 Galaad
3336 4975 3523 5049 (Cant.

1918 5074 2015 5142 tv).
2059 5090 2075 5121 ι
2113 5070 2269 5125 Sicut
2295 5071 2441 5124 enim
2471 5086 2567 5139 per
2615 5068 2823 5134 oculos,
2869 5067 3131 5125 Ecclesia:
3162 5070 3413 5125 doctores
3439 5070 3528 5126 in-

1926 5164 2261 5233 telliguntur,
2302 5162 2392 5233 qui
2435 5164 2503 5215 ad
2546 5161 2777 5216 videnda
2806 5160 2859 5215 in
2890 5160 3239 5216 inferioribus
3260 5162 3527 5221 membri!

1911 5268 2146 5316 summa,
2182 5268 2244 5306 ac
2273 5252 2530 5321 specialia
2561 5258 2689 5305 sunt
2715 5250 2942 5320 praelati,
2975 5250 3055 5305 sic
3098 5250 3262 5309 etiam
3290 5266 3393 5321 per
3424 5266 3522 5306 ca-

1915 5342 2070 5413 pillos
2096 5356 2395 5413 gregesque
2424 5354 2714 5409 caprarum
2764 5339 3120 5410 designantur
3162 5340 3438 5409 simplices
3470 5349 3528 5397 et

1913 5432 2184 5502 subjecti;
2214 5430 2379 5501 239
2420 5432 2511 5499 qui
2544 5430 2821 5494 nimirum,
2871 5430 2974 5483 etsi
3020 5444 3131 5499 prae
3178 5428 3531 5497 simplicitate

1914 5525 2144 5596 mystica
2173 5538 2404 5593 qumque
2434 5537 2501 5577 ac
2537 5537 2748 5577 summa
2781 5536 2889 5575 non
2927 5528 3238 5589 penetrant,
3277 5520 3528 5575 multi-tu-

1916 5620 2041 5674 dine
2074 5626 2257 5672 tamen
2285 5626 2339 5673 et
2366 5617 2776 5684 comparatione
2807 5628 2904 5669 sua
2952 5623 3195 5667 sanctam
3228 5612 3530 5670 Ecclesium

1912 5711 2061 5766 velut
2104 5709 2281 5779 capilli
2328 5716 2491 5777 caput
2527 5716 2837 5771 exornant,
2888 5704 3016 5779 (ιώ
3066 5704 3389 5775 plerumque
3426 5719 3528 5775 pro

1916 5811 2140 5875 peccato
2173 5800 2419 5859 aufertur
2450 5801 2623 5889 (igtufa
2652 5796 2881 5873 peccati.
2928 5796 3169 5869 ‘Giiiaad,
3199 5812 3413 5851 acerra:
3446 5800 3531 5855 est

2122 5948 2215 6009 ε’ί.
