5904 6640
1231 393 1369 449 illi)

1226 617 1348 655 rum
1377 598 1592 670 (Matth.
1618 599 1788 667 χειν).
1818 616 1837 649 ι
1890 597 2202 665 Hujusmodi
2250 596 2408 666 plane
2436 612 2562 652 cum
2593 605 2811 651 sanctos

2505 389 2572 446 IN
2601 387 2905 447 CAITICA
2944 389 3218 448 CANTlC.

1231 530 1249 560 ι
1282 508 1593 564 Abundabit
1624 507 1898 574 iniquitas,
1928 513 1982 560 et
2003 507 2322 576 refrigescet
2347 501 2589 561 cbaritas
2615 507 2813 560 multo-
2841 515 2894 566 Α

4379 401 4522 462 1250

3505 510 3734 567 CAPUT
3774 512 3935 568 XVII.

2995 615 3016 649 ι
3049 597 3202 654 Oculi
3234 601 3351 670 ejus
3380 601 3524 656 sicut
3551 603 3817 659 columba:
3849 621 4014 674 super
4045 606 4191 660 rivos
4219 623 4520 678 aquarum,

1225 692 1325 747 Dei
1381 698 1780 761 persequuntur
1828 698 1882 746 et
1931 689 2120 743 odiunt
2175 687 2229 742 in
2282 686 2498 740 illorum
2555 687 2815 740 cordibus
2915 699 3038 754 qua
3079 686 3222 742 lacte
3260 699 3388 743 sunt
3427 689 3573 752 lotae.
3614 701 3670 746 et
3707 693 3953 746 resident
3989 693 4147 763 juxta
4176 692 4377 748 ﬂuenta
4409 695 4524 763 ple.

1223 783 1382 854 quasi
1436 781 1678 837 cincinni
1718 780 1902 849 sponsi
1951 779 2116 848 guttis
2161 779 2400 832 noctium
2450 777 2596 846 pleni
2650 785 2808 842 sunt;

1221 889 1458 944 cumque
1501 872 1636 926 tales
1676 872 2100 940 multiplicantur
2137 880 2191 924 et
2226 869 2522 925 Ecclesiam
2559 884 2812 939 persecu-

1223 963 1468 1019 tionibus
1497 972 1812 1032 aggravant,
1842 974 1971 1016 tunc
1999 961 2244 1029 Sponsus
2271 975 2523 1028 sponsam
2551 961 2812 1015 exhorta-

1221 1066 1314 1110 tur
1344 1063 1404 1110 ut
1430 1063 1618 1125 surgat
1659 1063 1713 1108 et
1743 1056 1921 1107 studio
1949 1053 2411 1122 prmvaricationis
2439 1052 2687 1107 valenter
2726 1052 2810 1106 in-

1219 1149 1402 1204 sistat.
1445 1148 1513 1202 Et
1549 1163 1742 1218 sponsa
1783 1146 1847 1200 ad
1886 1162 2048 1200 eum:
2081 1165 2097 1194 ι
2129 1145 2436 1214 Exspoliavi
2483 1159 2593 1208 me,
2633 1145 2810 1212 inquit

1219 1239 1406 1294 tunica
1434 1253 1577 1302 mea,
1607 1237 1878 1307 quomodo
1907 1237 2124 1290 induam
2169 1235 2312 1288 illam
2331 1235 2382 1286 τι
2411 1232 2599 1304 (Cant.
2619 1232 2696 1302 v.)
2727 1229 2806 1287 A‘c

1217 1331 1268 1389 si
1300 1331 1445 1385 ditat
1469 1349 1481 1382 :
1509 1331 1642 1384 Esui
1674 1345 1761 1384 me
1793 1331 1938 1384 curis
1979 1339 2034 1382 et
2057 1327 2504 1396 occupationibus
2544 1325 2724 1380 stecuii
2751 1332 2806 1380 et

1208 1423 1274 1478 in
1323 1421 1441 1478 solo
1479 1436 1564 1475 me
1602 1430 1706 1475 tua:
1747 1419 2217 1488 contemplationis
2266 1433 2450 1472 arnore
2500 1417 2805 1472 constrinxi

1212 1515 1489 1584 quomodo
1519 1528 1661 1570 nunc
1689 1513 2044 1567 discursionis
2080 1512 2184 1565 iter
2213 1511 2506 1580 arripiam?
2532 1510 2804 1579 quomodo

1211 1604 1474 1673 strepitus
1521 1611 1576 1656 et
1620 1603 1895 1657 luctamen
1942 1601 2350 1670 obloquentium
2399 1600 2606 1655 feram?
2649 1593 2802 1667 Quod

1208 1706 1394 1751 autem
1463 1697 1644 1750 tunica
1710 1711 1872 1750 curas
1943 1695 2442 1763 sollicitudinesque
2506 1693 2798 1762 signiticet,

1204 1790 1444 1847 ostendit
1474 1790 1732 1845 Dominus
1762 1805 1884 1843 cum
1918 1789 2079 1844 dicit:
2109 1807 2128 1841 ι
2165 1788 2264 1855 Qui
2303 1789 2356 1842 iu
2388 1796 2533 1842 tecto
2561 1795 2664 1849 est,
2691 1799 2796 1839 non

2914 778 3139 834 nissima
3161 778 3341 849 (Cant.
3374 779 3448 852 v).
3481 801 3497 832 ι
3533 781 3722 837 Sancti
3751 785 3950 853 quippe
3981 786 4236 840 doctores
4262 787 4523 844 Ecclesia:

2908 866 3065 937 juxta
3093 867 3296 923 ﬂuenta
3336 871 3656 939 plenissima
3698 875 3940 929 resident
3977 874 4410 946 Scripturarum,
4446 893 4517 936 ex

2913 959 3111 1028 quibus
3160 961 3419 1019 nimirum
3469 965 3860 1020 exuberantem
3911 967 4013 1035 ipsi
4045 983 4186 1023 verte
4233 969 4518 1039 sapientia

2913 1051 3182 1119 gurgitem
3207 1053 3496 1117 hauriunt,
3527 1066 3580 1108 et
3605 1057 3952 1112 auditoribus
3983 1057 4099 1112 suis
4130 1058 4377 1128 mysterii
4407 1071 4522 1117 cce

2912 1140 3064 1198 lestis
3092 1157 3292 1198 arcana
3321 1145 3731 1201 transfundunt.

3498 1235 3727 1294 CAPUT
3764 1239 3955 1296 XVlll.

2981 1328 3051 1384 In
3078 1343 3318 1382 sermone
3341 1329 3408 1382 de
3431 1328 3492 1384 S.
3521 1330 3730 1386 Joanne
3760 1333 3999 1409 apostolo
4021 1343 4068 1388 et
4092 1335 4436 1404 evangelista.

2985 1437 3004 1473 t
3041 1420 3242 1475 Venter
3271 1419 3390 1488 ejus
3414 1421 3709 1488 eburneus,
3734 1424 4026 1483 distinctus
4039 1423 4512 1497 sapphiris(Catst.

2907 1512 2984 1584 v).
3021 1532 3040 1566 ι
3095 1512 3153 1568 in
3187 1513 3451 1568 membris
3499 1529 3699 1582 nempe
3725 1515 3952 1569 humani
3997 1518 4263 1586 corporis,
4293 1517 4382 1572 vix
4409 1516 4506 1573 ali-

2905 1603 3036 1672 quid
3068 1612 3258 1658 ventre
3307 1601 3563 1674 fragilius
3584 1604 3700 1658 sive
3730 1606 3976 1660 tenerius
4016 1606 4328 1673 invenitur;
4363 1606 4516 1663 ideo-

2905 1709 3014 1763 que
3040 1709 3139 1761 per
3167 1705 3436 1758 ventrem,
3467 1704 3616 1750 recte
3635 1693 3916 1766 fragilitas
3946 1697 3998 1752 in
4024 1698 4248 1759 Christo
4293 1713 4514 1754 assum-

2905 1774 3016 1856 pta.
3048 1786 3411 1840 humanitatis
3448 1787 3737 1855 accipitur.
3783 1786 3931 1841 Ebur
3970 1796 4152 1842 autem
4175 1803 4237 1842 os
4278 1798 4363 1843 est
4402 1788 4514 1846 elo.

1204 1882 1501 1937 descendat
1550 1880 1738 1934 toliere
1781 1881 2017 1934 tunicam
2070 1851 2226 1932 suam
2276 1878 2295 1947 (
2318 1877 2508 1931 Matth.
2545 1878 2717 1945 xxv),
2771 1895 2790 1928 ι
2828 1851 2874 1912 Β
2903 1851 3150 1950 phantis,
3175 1877 3318 1945 quod
3357 1851 3612 1932 videlicet
3641 1878 3845 1931 animal
3894 1877 4071 1932 fertur
4112 1893 4234 1933 esse
4263 1879 4514 1935 castissi-

1199 1977 1347 2048 quod
1378 1986 1670 2046 estaperte
1697 1976 1916 2030 dicere:
1942 1974 2044 2046 Qui
2071 1973 2286 2028 sublimi
2318 1969 2794 2040 contemplationis

1198 2082 1329 2124 arce
1374 2067 1670 2122 subnititur
1725 2079 2069 2135 nequaquam
2125 2062 2450 2125 descendat,
2490 2069 2550 2114 ut
2595 2060 2793 2114 iterum
2830 2060 2836 2063 '

1196 2159 1478 2218 saecularis
1505 2159 1705 2230 negotii
1731 2157 2178 2226 occupationibus
2225 2155 2552 2225 implicetur.
2610 2171 2629 2202 ι
2660 2152 2790 2206 Lavi

1194 2258 1366 2324 pedes
1395 2266 1564 2316 meos,
1601 2251 1872 2321 quomodo
1921 2246 2402 2321 inquinabo'illosi
2434 2266 2453 2298 ι
2499 2243 2679 2316 (Cant.
2711 2244 2790 2312 v.)

1195 2345 1250 2399 id
1271 2349 1377 2406 est,
1404 2357 1624 2413 gressus
1650 2342 1754 2395 mei
1790 2341 1972 2411 operis
1993 2341 2061 2394 ab
2089 2339 2406 2408 aspersione
2433 2336 2638 2392 terreni
2667 2335 2790 2405 pul-

1191 2437 1345 2491 veris
1367 2435 1542 2505 dignis
1571 2434 1905 2503 penitentite
1927 2430 2144 2486 ﬂetibus
2170 2430 2338 2494 ablui,
2361 2443 2470 2498 quo
2493 2436 2653 2498 pacto
2673 2427 2788 2495 jam

1193 2535 1407 2596 potero,
1442 2526 1546 2580 nisi
1580 2525 1776 2594 quibus
1811 2533 2026 2579 assueta
2053 2538 2194 2585 sum,
2220 2520 2462 2576 caelestia
2501 2518 2790 2574 meditari?

1195 2617 1583 2672 Verumtamen
1629 2615 1905 2685 postponit
1944 2611 2416 2682 contemplationis
2453 2611 2698 2680 requiem
2734 2618 2790 2664 et

1194 2709 1262 2763 ad
1306 2707 1574 2763 fervorem
1626 2707 1948 2762 obedientia:
2000 2705 2330 2760 intrinsecus
2375 2716 2607 2758 accensa
2659 2716 2784 2757 mox

1192 2801 1467 2872 perhibet,
1519 2799 1706 2854 dicens
1748 2816 1761 2851 :
1810 2818 1831 2849 ι
1880 2797 2120 2853 Dilectus
2166 2811 2320 2853 meus
2369 2795 2520 2852 misit
2565 2809 2785 2850 manum

1192 2908 1350 2950 suam
1388 2907 1485 2962 per
1523 2891 1767 2947 foramen
1804 2901 1861 2944 et
1889 2899 2079 2945 venter
2107 2905 2261 2944 meus
2290 2888 2574 2945 intremuit.
2599 2888 2668 2942 ad
2705 2895 2787 2942 ta.

1190 2993 1341 3040 ctum
1369 2984 1486 3052 ejus
1520 2982 1731 3055 (Ibid.).
1765 3003 1784 3036 ι
1840 2982 2086 3038 Dilectus
2114 2982 2273 3052 plana
2318 2995 2539 3041 manum
2569 2995 2666 3051 per
2703 2978 2786 3036 fo-

1193 3089 1383 3130 ramen
1427 3073 1596 3128 mittit
1631 3081 1690 3127 et
1709 3081 1956 3128 ventrem
1994 3073 2204 3142 tangit,
2242 3085 2367 3126 cum
2402 3069 2614 3126 occulta
2640 3069 2788 3128 Con-

1190 3166 1339 3220 ditor
1400 3163 1756 3233 inspiratione
1813 3178 1910 3219 cor
1963 3162 2149 3219 visitat
2201 3172 2368 3232 atque
2418 3161 2487 3216 ad
2550 3175 2781 3231 agonem

2900 1984 3052 2023 mum
3101 1967 3580 2037 frigidissimteque
3628 1977 3860 2022 naturze.
3911 1969 4116 2026 Venter
4165 1984 4296 2039 ergo
4321 1969 4510 2038 sponsi

2898 2057 3174 2111 eburneus
3201 2064 3306 2118 est,
3335 2055 3461 2125 quia
3495 2066 3746 2126 suscepta
3778 2056 4159 2128 Redemptoris
4193 2058 4510 2118 humanitas

2896 2148 2968 2203 ab
3001 2148 3544 2218 omnigpecca‘torum
3586 2151 3842 2220 contagio
3889 2159 4037 2204 casta
4068 2166 4294 2220 prorsus
4328 2161 4384 2207 et
4421 2154 4507 2209 in-

2884 2239 3098 2294 violata
3137 2240 3454 2313 permansit.
3503 2239 3790 2308 Siquidem
3837 2261 3855 2293 ι
3885 2252 4170 2310 peccatum
4213 2260 4319 2297 non
4351 2243 4502 2313 fecit,

2895 2347 2999 2387 nec
3044 2330 3205 2386 dolus
3252 2332 3508 2387 inventus
3549 2340 3634 2386 est
3679 2332 3732 2386 in
3783 2348 3880 2388 ore
3920 2333 4038 2403 ejus
4080 2334 4132 2406 (Ι
4176 2335 4321 2388 Patr.
4357 2338 4443 2407 ιι).
4476 2358 4496 2392 ι

2895 2421 3200 2492 Sappbirus
3243 2419 3430 2475 autem
3470 2420 3609 2490 lapis
3633 2429 3718 2476 est
3749 2425 3930 2477 sereni
3964 2424 4089 2478 εωΙί
4135 2424 4374 2480 colorem
4403 2427 4500 2482 ba-

2891 2513 3050 2570 bens.
3103 2511 3257 2567 Unde
3307 2520 3363 2566 et
3413 2511 3469 2566 in
3519 2513 3731 2568 visione
3778 2514 3992 2569 Domini
4044 2515 4282 2570 dicitur:
4319 2534 4338 2568 ι
4367 2516 4505 2576 Erat

2891 2605 2995 2659 sub
3045 2604 3279 2674 pedibus
3330 2601 3450 2670 ejus
3498 2603 3653 2674 quasi
3707 2619 3861 2673 Opus
3894 2605 4096 2674 lapidis
4145 2605 4410 2676 sapphiri,
4442 2613 4504 2667 et

2890 2698 3049 2766 quasi
3074 2697 3272 2751 caelum
3305 2712 3426 2752 cum
3460 2712 3714 2753 serenum
3760 2707 3844 2754 est
3888 2698 4094 2770 (Exod.
4128 2705 4302 2768 μιν).
4340 2720 4358 2753 ι
4390 2701 4501 2758 Per

2889 2787 3182 2858 sapphiros
3225 2795 3358 2857 ergo
3384 2801 3552 2857 opera
3598 2789 3902 2844 divinitatis
3946 2789 4344 2861 intelliguntur,
4374 2806 4498 2862 quae

2889 2879 2944 2934 in
2997 2893 3164 2934 carne
3193 2878 3458 2934 Dominus
3503 2880 3844 2934 ostendebat.
3899 2880 4102 2936 Venter
4146 2898 4277 2951 ergo
4309 2883 4494 2951 sponsi

2887 2968 3184 3026 distinctus
3223 2979 3346 3024 erat
3397 2970 3707 3040 sapphiris,
3759 2971 3886 3040 quia
3925 2971 4139 3048 Christi
4183 2973 4496 3029 humanitas

2888 3059 3087 3114 divinis
3129 3059 3424 3113 virtutibus
3473 3059 3798 3130 refulgebat.
3853 3058 4184 3138 Necupienus
4214 3077 4334 3117 esse
4371 3078 4498 3135 sap-

2886 3147 3060 3218 pidris
3089 3147 3309 3213 dicitur,
3343 3147 3443 3202 sed
3474 3147 3801 3214 distinctus;
3853 3149 3929 3202 ita
3977 3149 4232 3204 videlicet
4262 3159 4320 3203 ut
4349 3151 4496 3208 inter

1189 3226 1507 3312 certaminis
1541 3262 1596 3309 et
1637 3255 1810 3309 sancti
1854 3253 2057 3334 laboris
2095 3226 2413 3308 inﬂammat.
2462 3226 2612 3307 Nam.
2631 3250 2781 3321 quod
2809 3226 2858 3291 ο
2889 3241 3181 3310 waphiros
3211 3242 3419 3295 candor
3437 3240 3620 3296 eboris
3649 3251 3957 3311 appareret,
3977 3243 4099 3309 (ιιιία
4127 3241 4206 3296 Sic
4229 3243 4490 3301 Ποιιιῖηυί

1187 3361 1382 3407 venter
1420 3366 1516 3407 cor
1559 3350 1850 3422 signiﬁcet,
1899 3350 2136 3406 ostendit
2168 3349 2432 3419 propheta
2461 3363 2588 3402 eum
2618 3344 2779 3404 dicit:

1195 3445 1482 3519 «Ventrem
1510 3458 1685 3498 meum
1711 3443 1867 3498 doleo
1894 3443 2026 3512 (Jer.
2044 3442 2149 3513 Iv);
2170 3460 2194 3494 ι
2217 3441 2627 3512 quod-profecw
2649 3437 2780 3511 quid

1187 3545 1346 3593 esset
1374 3537 1568 3606 aperit,
1613 3550 1735 3591 cum
1770 3535 2044 3606 subiungit
2079 3551 2093 3588 :
2142 3555 2160 3587 ι
2193 3533 2624 3609 SensuscOrdis
2670 3534 2782 3611 mei

1187 3625 1439 3696 dissipati
1483 3633 1628 3682 sunt.
1679 3625 1937 3693 Surrexi,
1986 3636 2047 3680 ut
2096 3627 2609 3698 aperirem-dilecto
2657 3641 2780 3684 meo

1177 3717 1370 3788 (Cant.
1401 3716 1477 3785 v).
1514 3736 1532 3768 ι
1563 3717 1780 3788 Surgit,
1836 3727 1896 3773 ut
1941 3718 2180 3790 aperiat,
2205 3719 2329 3789 quis
2370 3719 2780 3789 promptissimo

1189 3806 1372 3862 animo
1419 3808 1696 3863 humiliter
1725 3810 1984 3864 obediens
2019 3809 2193 3863 caleat
2225 3810 2529 3879 propriam,
2562 3819 2620 3864 ut
2652 3811 2780 3866 totis

1187 3897 1392 3953 viribus
1429 3897 1760 3954 Voluntatem
1802 3898 2020 3968 impleat
2061 3914 2213 3954 mens
2265 3909 2451 3962 sancta
2509 3900 2774 3959 divinam.

1775 3989 2002 4047 CAPUT
2049 3990 2188 4047 XVI.

1185 4083 1252 4137 In
1291 4081 1512 4154 epistola
1552 4084 1622 4136 ad
1641 4081 1982 4208 Blancaanet
2007 4084 2075 4207 ὗιῖ
2103 4100 2340 4138 sermone
2378 4084 2444 4144 de
2474 4082 2580 4141 SS.
2605 4081 2777 4143 Floro

1821 4171 1849 4208 ε
1943 4171 2006 4208 ac
2071 4173 2126 4208 a.

1821 4171 1868 4208 ει
1897 4171 2126 4208 bucula.

1262 4263 1280 4294 ι
1314 4243 1556 4300 Dilectus
1589 4247 1741 4300 mens
1779 4245 2040 4300 candidus
2078 4254 2135 4300 et
2169 4245 2523 4305 rubicundus.
2567 4246 2778 4306 eiectus

1182 4351 1248 4390 ex
1277 4334 1541 4400 millibus;
1584 4347 1743 4404 caput
1771 4335 1888 4404 ejus
1925 4352 2115 4391 aurum
2147 4339 2408 4406 optimum
2437 4337 2623 4409 (Cant.
2642 4339 2716 4407 v).
2751 4357 2769 4389 ι

1183 4427 1422 4482 Dilectus
1460 4427 1727 4497 siquidem
1765 4428 2027 4482 candidus
2051 4429 2397 4499 virginitate,
2439 4431 2774 4486 rubicundus

1181 4531 1266 4578 est
1289 4522 1564 4591 passione.
1588 4521 1886 4584 Candidus,
1913 4523 2036 4590 quia
2071 4516 2200 4577 dicit
2226 4541 2238 4575 :
2269 4541 2289 4574 ι
2311 4522 2422 4595 Ego
2444 4523 2614 4578 lilium
2641 4539 2773 4579 con-

2885 3348 2953 3389 ex
2983 3343 3138 3402 parte
3176 3333 3440 3402 assumpti
3471 3334 3713 3389 hominis
3753 3335 4092 3402 operabatur
4126 3335 4363 3388 humana
4386 3374 4402 3401 ,
4430 3341 4498 3393 ut

2886 3425 3179 3494 aliquando
3216 3425 3576 3482 nihilominus
3621 3439 3692 3479 ex
3732 3433 3890 3493 parte
3926 3425 4147 3480 deitatis
4180 3427 4497 3483 ostenderet

2884 3526 2941 3571 et
2965 3517 3171 3571 divina.
3203 3513 3341 3570 Nam
3371 3527 3607 3580 esurire,
3634 3515 3787 3581 ﬂere,
3833 3525 4115 3586 postremo
4162 3517 4408 3589 erueiﬂgi
4436 3526 4494 3576 et

2885 3611 3048 3676 mori,
3077 3609 3434 3664 humanitatis
3468 3616 3630 3663 erant
3657 3624 3859 3680 opera;
3912 3609 4179 3667 miracula
4221 3623 4354 3665 vero
4407 3608 4496 3670 fa-

2883 3719 3031 3768 cere,
3083 3711 3140 3756 et
3184 3715 3298 3757 non
3345 3701 3522 3756 solum
3572 3701 3729 3764 alios.
3782 3703 3878 3756 sed
3923 3701 4281 3771 semetipsum
4321 3701 4492 3760 etim

2885 3810 2919 3850 a
2945 3793 3198 3850 mortuis
3233 3794 3506 3850 suscitare
3544 3792 3960 3849 evidentissima
3992 3800 4152 3849 erant
4185 3791 4495 3854 divinitatis

2883 3885 3110 3943 indicia.

3477 3978 3708 4034 CAPUT
3749 3977 3892 4034 XIX.

2959 4088 2982 4121 ι
3033 4068 3236 4124 Gottnr
3285 4068 3432 4124 illius
3479 4070 3880 4142 suavissimum.
3910 4067 4094 4141 (Cant.
4145 4070 4224 4142 v),
4276 4088 4296 4121 ι
4358 4069 4488 4140 quia

2875 4177 3108 4219 suorum
3158 4160 3415 4216 melliﬂua
3463 4164 3736 4234 suavitate
3784 4165 4081 4219 verborum
4119 4172 4332 4220 mentes
4388 4177 4489 4218 au-

2880 4254 3149 4312 dientium
3187 4252 3573 4308 obdulcaniur.
3627 4271 3645 4303 ι
3680 4253 3858 4320 Quam
3888 4254 4091 4316 dulcia,
4138 4254 4334 4323 inquit,
4367 4252 4492 4308 fau-

2881 4345 3036 4399 cibus
3083 4343 3219 4398 meis
3265 4342 3480 4413 eloquia
3535 4351 3624 4396 tua
3654 4361 3668 4408 ;
3698 4359 3867 4412 super
3921 4345 4025 4399 mei
4070 4352 4128 4397 et
4173 4342 4354 4395 favum
4398 4341 4492 4399 ori

2882 4435 3032 4491 meo!
3061 4453 3079 4486 ι
3102 4430 3276 4504 (Psal.
3296 4434 3517 4503 cxvttt.)
3536 4433 3705 4487 Totus
3733 4435 3900 4488 etiam
3919 4433 4300 4490 desiderabilis
4321 4448 4334 4499 ;
4353 4432 4486 4502 quia

2879 4525 3049 4589 ineo,
3091 4532 3325 4580 testante
3360 4523 3546 4588 Petro,
3582 4524 3898 4578 desiderant
3938 4524 4118 4595 angeli
4166 4525 4480 4594 prospicere

1179 4584 1398 4666 vallium
1449 4609 1626 4683 (Cant.
1659 4613 1721 4684 ιι)
1749 4621 1812 4678 ;“›
1859 4584 2213 4678 rubicundus,
2265 4615 2332 4671 de
2355 4584 2496 4686 “quo.
2535 4617 2771 4672 Joannes
2801 4584 2852 4645 θ
2880 4617 2930 4689 (1
2958 4584 3106 4688 Patr.
3137 4617 3179 4688 ι)
3208 4636 3220 4669 :
3254 4636 3273 4669 ι
3303 4615 3388 4670 vel
3415 4584 3544 4685 quia
3576 4612 3948 4681 humanitatis
3980 4584 4099 4686 eius
4143 4584 4313 4670 omne
4356 4629 4482 4689 my-

1179 4707 1309 4762 dicit
1335 4723 1348 4759 :
1383 4722 1402 4757 ι
1425 4706 1562 4773 Quia
1592 4706 1722 4760 lavit
1751 4722 1848 4762 nos
1877 4725 1902 4761 a
1930 4710 2163 4777 peccatis
2197 4711 2397 4764 nostris
2422 4712 2476 4764 in
2505 4713 2770 4782 sanguine

1179 4813 1278 4852 suo
1306 4797 1488 4867 (Apoc.
1515 4797 1576 4867 ι).
1608 4818 1628 4852 ι
1653 4799 1879 4855 Electus
1904 4815 1966 4855 ex
1992 4799 2250 4866 millibus,
2279 4804 2403 4873 quia
2430 4818 2495 4858 ex
2523 4805 2766 4860 omnium

1179 4897 1488 4944 sant-torum
1543 4889 1882 4944 multitudine
1926 4890 2074 4946 solus
2123 4900 2226 4956 est,
2274 4895 2366 4962 qui
2418 4894 2615 4965 dignus
2665 4893 2769 4950 fuit

1179 4981 1406 5036 audire:
1439 5000 1458 5032 ι
1492 4982 1590 5036 ilic
1617 4989 1702 5036 est
1729 4983 1900 5038 Filius
1935 4995 2090 5039 meus
2117 4985 2369 5052 dilectus,
2405 4988 2459 5042 in
2497 5004 2605 5058 quo
2632 4989 2766 5045 mihi

1178 5071 1318 5126 bene
1365 5071 1667 5139 complacui
1703 5071 1926 5142 (Matth.
1962 5089 2042 5137 ιιι,
2065 5089 2164 5138 xu,
2191 5075 2348 5146 xvn).
2379 5096 2398 5127 ι
2445 5077 2520 5131 De
2568 5094 2676 5147 quo
2717 5087 2772 5134 et

1181 5162 1436 5217 Salomon
1484 5163 1645 5236 242
1672 5182 1684 5216 :
1715 5164 1952 5219 t‘Virum
1991 5166 2182 5235 inquit,
2215 5166 2282 5220 de
2311 5167 2459 5222 mille
2484 5184 2650 5223 unum
2685 5185 2771 5225 re-

1177 5256 1292 5325 peri
1325 5251 1493 5326 (Eccl.
1524 5259 1644 5322 vn).
1677 5277 1694 5309 ι
1725 5256 2055 5312 Millenarius
2083 5257 2287 5328 quippe
2310 5277 2570 5317 numerus
2602 5264 2769 5320 totius

1177 5346 1398 5400 immani
1448 5339 1662 5416 generis
1710 5357 1794 5402 est
1839 5347 2188 5417 intelligenda
2240 5351 2526 5419 perfectio,
2567 5353 2622 5406 in
2660 5368 2768 5423 quo

1181 5437 1425 5493 Salvator
1481 5447 1734 5507 tanquam
1785 5454 1970 5508 passer
2015 5449 2098 5494 est
2145 5441 2336 5496 unicus
2395 5443 2447 5497 in
2498 5444 2761 5498 aedilicio:

1183 5547 1201 5579 ι
1238 5525 1410 5597 Caput
1439 5527 1554 5596 ejus
1587 5543 1775 5582 aurum
1804 5531 2100 5600 optimum;
2145 5545 2162 5581 ι
2199 5532 2323 5600 quia
2363 5551 2381 5584 ι
2410 5542 2572 5602 caput
2598 5531 2760 5589 Chri-

1178 5621 1243 5674 sti
1276 5620 1416 5674 Deus
1448 5618 1497 5689 (1
1523 5618 1642 5674 Cor.
1663 5621 1769 5691 si);
1805 5641 1821 5672 ι
1846 5625 1937 5691 qui
1963 5623 2219 5677 nimirum
2250 5626 2388 5680 sicut
2425 5643 2617 5681 aurum
2645 5643 2762 5684 me-

1179 5710 1339 5774 tallis,
1373 5710 1468 5775 ita,
1497 5711 1620 5768 licet
1649 5713 2143 5784 incomparabiliter
2173 5717 2424 5774 omnibus
2461 5721 2759 5790 superemi-

1179 5811 1261 5857 net
1284 5804 1570 5860 creaturis.

2878 4710 3131 4782 stcrium,
3184 4707 3517 4765 desiderium
3565 4706 3820 4770 accendit
3863 4709 3917 4762 in
3962 4708 4234 4763 mentibus
4279 4707 4484 4764 electo.

2879 4816 3038 4865 rum;
3075 4809 3133 4852 ut
3164 4813 3259 4853 eos
3289 4797 3541 4852 videlicet
3573 4812 3677 4851 non
3711 4797 3872 4852 modo
3918 4796 4336 4852 resurrectionis
4362 4795 4477 4866 glo-

2878 4882 2958 4946 ria
3005 4901 3302 4960 provocet,
3350 4887 3444 4944 sed
3497 4889 3566 4942 ad
3615 4888 3940 4943 imitationis
3985 4887 4296 4955 exemplum
4354 4889 4474 4958 ipsa

2877 4994 3096 5050 quoque
3144 4978 3441 5050 ignominia
3488 4977 3760 5046 passionis
3823 4978 4037 5032 invitet.
4089 4975 4475 5034 Desiderabilis

2877 5082 2980 5134 est,
3015 5071 3142 5141 quia
3185 5069 3486 5140 praeclarus
3531 5079 3693 5138 atque
3728 5069 4057 5138 conspicuus
4084 5077 4168 5123 est
4203 5069 4258 5124 in
4291 5070 4478 5142 singu-

2875 5163 2976 5217 lari
3018 5162 3323 5222 nativitate,‘
3372 5153 3430 5214 in'
3474 5159 3690 5214 viviii'ca
3717 5169 3925 5238 morte,
3956 5160 4010 5213 in
4038 5159 4268 5230 gloriosa
4311 5158 4475 5234 2&3

2873 5258 3300 5320 resurrectione,
3351 5255 3404 5308 in
3457 5253 3771 5324 triumphali
3834 5254 4193 5319 ascensione;
4255 5253 4471 5310 deside-

2874 5345 3064 5402 rabilis
3089 5356 3172 5403 est
3195 5346 3324 5400 dum
3353 5345 3616 5415 loquitur,
3650 5345 3777 5398 dum
3821 5343 4094 5398 mirabilia
4121 5353 4396 5409 operetur.

3481 5420 3709 5490 CAPUT
3757 5432 3878 5489 xx.

3026 5532 3094 5590 lu
3125 5531 3343 5587 Immitis
3374 5532 3438 5584 de
3469 5529 3741 5583 nativitate
3779 5527 3844 5582 Β.
3873 5530 4086 5599 virginis
4113 5529 4318 5584 Maria.

2949 5643 2965 5674 ι
3000 5622 3268 5678 Descendi
3315 5621 3368 5675 in
3410 5622 3629 5676 hortum
3667 5635 3888 5681 nucum,
3935 5632 3995 5674 ιιι
4024 5622 4263 5676 viderem
4306 5636 4467 5690 poma

2871 5719 3197 5774 convallium
3222 5760 3237 5786 ,
3268 5727 3321 5778 et
3353 5718 3678 5790 inspicerem
3714 5719 3756 5775 si
3785 5717 4055 5773 ﬂoruisset
4083 5718 4234 5772 vinea
4262 5727 4315 5773 et
4345 5732 4466 5789 ger-

2873 5811 3149 5869 minassc:
3224 5809 3362 5867 maia
3390 5810 3586 5882 punica
3613 5808 3790 5883 (Cant.
3820 5810 3914 5882 vt).
3949 5829 3969 5863 ι
4022 5806 4218 5866 hiatum
4263 5807 4463 5880 quippe
