2952 3341
0 0 973 104 vr

482 2896 498 2930 ἒ

260 2887 1194 3341 Δ

1219 188 1283 217 “5|

1668 186 1916 215 COLLECTANEA
1936 186 1969 213 IN
1991 185 2106 213 VETUS
2126 182 2400 211 TESTAIIENTUM.

2782 179 2849 210 rm

1218 246 1346 281 punicum
1366 252 1460 272 amaro
1481 244 1589 279 quidem
1607 244 1710 271 cortice
1727 243 1835 278 tegitur,
1852 243 1898 270 sed
1922 242 2008 270 dulcis
2023 245 2046 273 Α
2061 242 2111 268 stis
2126 240 2249 270 edicitur.
2265 241 2309 275 qui
2330 248 2382 267 non
2399 239 2499 274 indiget
2514 238 2631 275 poculis,
2651 238 2714 274 quia
2730 238 2850 267 calcatis

1220 291 1246 318 in
1266 290 1324 324 ejus
1344 289 1464 325 granulis
1490 289 1611 315 suavitas
1634 287 1795 314 occultatur.
1828 287 1896 314 Sunt
1916 292 2007 314 autem

1220 336 1362 367 nonnulli,
1391 335 1436 368 qui
1463 334 1524 361 dum
1550 342 1598 369 per
1622 333 1774 360 atﬂictionis
1798 333 2006 359 amaritudinem

1219 391 1327 411 crucem
1344 381 1443 409 Christi
1460 381 1568 408 assidue
1582 381 1720 415 patiuntur
1739 381 1765 406 in
1779 387 1904 413 corpore,
1920 379 2011 406 dulce-

1219 427 1281 453 dine
1302 426 1541 460 contemplationis
1567 426 1668 452 intimm
1690 425 1848 451 reﬁciuntur
1868 425 1894 450 in
1910 429 2010 450 mente.

1219 472 1287 500 Mala
1308 479 1372 506 ergo
1388 472 1477 505 sponsi
1499 472 1574 497 vinea
1591 471 1738 505 germinat,
1755 470 1816 504 quia
1836 470 1902 496 tales
1917 476 2011 503 parere

1219 520 1310 543 sancta
1325 515 1445 542 Ecclesia
1467 522 1601 549 nunquam
1622 519 1719 541 cessat.
1736 514 1771 540 De
1792 514 1841 540 hac
1860 515 1952 540 eadem
1973 514 2012 540 vi—

1219 568 1269 587 nea
1291 561 1317 587 in
1331 560 1431 586 eisdem
1444 560 1561 586 Canticis
1576 566 1673 593 sponsa
1691 559 1722 584 ad
1738 566 1866 593 sponsum
1881 558 2011 592 loquitur,

1220 605 1330 632 dicens:
1349 615 1357 630 ‹
1374 605 1449 631 Mane
1471 612 1613 639 surgamus
1637 605 1670 631 ad
1693 605 1808 635 vincam,
1831 605 1970 631 videamus
1989 605 2010 630 si

1220 650 1310 678 ﬂoruit
1327 651 1418 681 vinea,
1437 651 1457 676 si
1472 650 1552 677 ﬂores
1567 651 1671 677 fructus
1689 652 1852 684 parturiunt,
1876 651 1896 676 si
1916 650 2012 677 ﬂorue-

1221 700 1286 722 runt
1309 695 1379 722 mala
1402 696 1500 729 punica
1525 696 1613 730 (Cant.
1629 697 1687 729 vn).
1707 706 1715 721 ι
1746 696 1831 729 liuius
1855 696 1940 722 vinea:
1968 696 2012 723 ille

1221 741 1400 768 vindemiator
1420 742 1533 772 exstitit,
1552 742 1594 774 qui
1618 742 1643 768 in
1661 742 1789 768 torculari
1813 743 1945 776 passionis
1959 750 2012 768 sua:

1220 794 1342 822 pressus,
1364 788 1493 821 mysticus
1512 788 1590 814 nohis
1612 788 1694 814 divini
1715 789 1813 822 eloquii
1836 795 1930 814 sensus
1950 796 2013 821 ape-

1222 832 1292 863 ruit,
1322 836 1349 857 et
1373 832 1436 858 vino
1466 840 1514 858 nos
1540 833 1701 867 evangeliea)
1724 834 1818 867 gratia:
1848 834 2009 867 propinavit.

1222 877 1260 904 De
1284 884 1337 911 quo
1368 878 1492 905 videlicet
1515 879 1576 905 vino
1605 886 1709 913 sponsae
1738 886 1800 905 voce
1822 880 1853 906 ad
1884 887 2010 913 sponsum

2060 287 2158 321 eloquii
2174 295 2225 313 non
2239 286 2337 313 desinit
2353 286 2470 320 irriguns
2484 292 2543 312 esse
2558 283 2675 312 ﬂuentis.
2692 282 2768 312 Unde
2780 289 2850 312 bello

2060 337 2150 360 crater
2170 332 2213 358 hic
2233 331 2369 357 tornatilis
2391 331 2506 362 dicitur;
2531 334 2611 357 torno
2634 322 2767 364 siquidem
2787 328 2850 365 quis

2061 379 2167 406 facilius
2191 382 2328 413 operatur.
2353 376 2510 411 Expeditius
2533 376 2606 403 enim
2624 382 2695 410 sepe
2712 378 2791 409 atque
2806 374 2833 402 in

2061 425 2161 452 oﬂ'ense
2181 424 2206 451 in
2222 429 2313 450 sancta
2334 423 2526 458 praedicatione
2540 423 2706 455 discurrunt,
2721 421 2766 456 qui
2781 428 2851 457 pra-

2061 471 2202 497 dicationis
2221 470 2333 504 gratiam
2350 477 2401 495 non
2424 475 2471 495 suo
2487 469 2587 501 studio,
2601 467 2649 495 sed
2660 467 2787 495 divinitus
2801 474 2850 495 sc-

2062 521 2201 551 ceperunt.
2228 516 2300 542 lianc
2319 515 2519 549 praedicationis
2537 514 2651 549 gratiam
2665 513 2731 542 viris
2745 512 2851 548 simpli-

2062 562 2148 592 cibus,
2165 562 2219 587 sive
2236 561 2338 587 sanctis
2361 561 2519 587 mulieribus
2533 559 2702 587 tribuendam
2716 558 2759 586 illa
2774 557 2852 586 Sall-

2062 614 2110 633 son
2139 606 2251 632 Vit'lOl‘Ia
2282 605 2409 639 ﬁguravit
2424 626 2430 636 ,
2450 612 2501 639 qua
2527 604 2653 632 videlicet
2669 602 2851 631 usudibulan

2063 652 2130 678 asini
2152 651 2315 681 fervefactus
2334 651 2477 685 arripiens,
2500 650 2573 679 mille
2586 649 2788 677 Philistinorusu
2813 647 2853 676 τίε-

2063 704 2107 724 ros
2124 697 2231 723 occidit.

2341 740 2455 768 CAPL’T
2481 741 2573 768 XXIII.

2102 798 2111 813 i
2127 789 2216 814 Coma:
2240 788 2336 822 capitis
2359 788 2408 819 tui,
2424 792 2452 813 ut
2468 794 2585 822 purpura
2608 785 2680 821 regis
2694 784 2786 819 juncta
2807 790 2855 812 ea-

2065 835 2170 861 nalibus
2192 833 2278 869 (Cant.
2296 834 2353 860 vn).
2375 843 2383 858 ι
2414 833 2489 859 Sicut
2509 840 2556 866 per
2575 835 2657 867 caput
2681 829 2855 865 intelligimus

2066 886 2193 910 mentem,
2214 880 2249 905 ita
2272 887 2317 913 per
2334 886 2425 905 comas
2445 878 2543 912 capitis
2556 884 2610 904 non
2633 874 2855 904 inconvenith

1223 923 1320 948 lterum
1330 922 1428 949 dicitur
1442 932 1447 948 :
1465 932 1473 947 t
1489 923 1587 949 Guttur
1599 928 1672 950 tuum
1685 924 1754 950 sicut
1767 925 1856 950 vinum
1869 926 2010 959 optimum,
2030 916 2049 945 Β
2065 926 2211 960 accipimus
2226 926 2415 960 Cogitationes.
2429 923 2505 950 Sicut
2517 923 2589 950 enim
2601 921 2691 957 capilli
2704 920 2737 948 de
2751 920 2855 948 vertice

1225 965 1336 1001 dignum
1352 966 1447 994 dilecto
1461 975 1520 994 meo
1534 968 1566 994 ad
1580 969 1725 1002 potandum
1739 969 1842 1003 (Ibid).
1864 980 1871 995 )

1512 1013 1625 1040 CAPUT
1646 1013 1715 1040 XXI.

1337 1057 1368 1083 In
1387 1066 1504 1085 sermone
1524 1060 1555 1085 de
1575 1059 1605 1086 S.
1620 1060 1709 1086 Marco
1729 1062 1895 1095 evangelista.

1260 1112 1269 1128 ‹
1291 1102 1419 1134 Nescivi;
1443 1104 1531 1130 anima
1559 1112 1616 1131 mea
1644 1105 1813 1132 conturbavit
1841 1114 1882 1133 me
1904 1112 2013 1141 propter

1220 1149 1365 1183 quadrigas
1377 1150 1526 1177 Aminadab
1539 1150 1627 1185 (Cant.
1642 1152 1688 1183 vi).
1707 1161 1715 1176 i
1733 1151 1787 1178 Vox
1803 1157 1843 1178 est
1861 1153 2011 1187 Synagogre

1223 1201 1294 1228 qttre,
1315 1195 1409 1221 videns
1434 1200 1536 1222 tantam
1562 1202 1661 1223 sanctte
1676 1197 1801 1224 Ecclesia:
1817 1200 1932 1232 gratiam
1954 1207 2013 1226 esse

1224 1239 1367 1271 collatam,
1384 1240 1454 1266 dolet
1470 1248 1498 1267 se
1514 1242 1616 1268 tardius
1640 1243 1775 1276 recepisse
1790 1243 1880 1273 (idem,
1898 1252 1929 1270 eo
1943 1245 2012 1277 quod

1223 1284 1361 1319 Evangelii
1377 1293 1428 1312 non
1443 1288 1582 1321 agnoverit
1593 1287 1744 1314 veritatem.
1758 1290 1908 1315 Aminadab
1924 1296 2013 1316 autem

1223 1329 1342 1364 abnepos
1356 1328 1430 1356 .iudm
1446 1330 1526 1357 fuisse
1542 1333 1729 1365 cognoscitur;
1756 1334 1800 1367 qui
1819 1334 1843 1359 in
1860 1335 2013 1369 genealogia

1223 1372 1331 1400 Domini
1350 1382 1409 1401 cum
1427 1376 1548 1409 patribus
1569 1382 1735 1403 numeratur.
1756 1378 1950 1412 interpretatur
1968 1388 2014 1405 au-

1223 1421 1278 1445 tem
1291 1419 1439 1446 Aminadab
1455 1421 1541 1453 populi
1560 1422 1610 1446 mei
1630 1427 1805 1454 spontam’lu,‘
1834 1423 1945 1457 ideoque
1962 1432 2014 1450 non

1225 1463 1373 1498 incongrue
1388 1465 1521 1498 signiﬁcat
1535 1466 1681 1497 Christum,
1698 1468 1742 1500 qui
1764 1468 1853 1502 populi
1871 1468 1911 1495 sui
1932 1477 2014 1503 δρου-

1226 1514 1322 1536 laneus
1340 1509 1399 1542 fuit,
1415 1511 1489 1544 quia.
1507 1519 1567 1537 cum
1580 1511 1650 1537 Deus
1665 1517 1745 1543 esset,
1763 1517 1856 1546 sponte
1871 1512 1958 1539 factus
1975 1518 2016 1541 est

1226 1555 1324 1587 homo;
1347 1556 1390 1589 qui
1410 1556 1481 1582 enim
1501 1564 1552 1583 non
1575 1558 1746 1590 necessitate,
1763 1559 1808 1585 sed
1825 1559 1880 1585 sola
1896 1559 2014 1586 bonitate

1226 1608 1276 1627 nos
1290 1601 1409 1627 condidit
1424 1603 1531 1636 propria
1547 1603 1721 1630 nihilominus
1736 1604 1873 1631 voluntate
1889 1606 2012 1631 redemit.
2029 1602 2051 1633 C

1228 1646 1304 1673 Unde
1319 1650 1347 1673 et
1357 1646 1474 1674 Jacohus
1493 1649 1548 1674 ait:
1566 1657 1573 1673 ι
1592 1648 1746 1676 Volunlarie
1762 1651 1855 1685 genuit
1871 1659 1918 1678 nos
1934 1652 2015 1679 verbo

1227 1692 1350 1718 veritatis
1363 1692 1432 1727 (Jac.
1450 1694 1479 1726 ι).
1497 1703 1504 1718 ι
1533 1693 1704 1728 Spontaneus
1718 1702 1782 1730 ergo
1807 1695 1894 1723 factus
1914 1702 1955 1723 est
1971 1706 2017 1731 po-

1227 1737 1282 1772 puli
1301 1738 1356 1769 sui,
1375 1739 1437 1771 quia
1459 1746 1538 1772 quem
1555 1748 1568 1765 a
1585 1748 1613 1767 se
1627 1741 1742 1767 humana
1765 1743 1884 1775 pravitas
1909 1744 2016 1777 repulit,

1228 1782 1286 1809 sola
1308 1782 1432 1809 voluntas
1457 1784 1554 1811 divinm
1583 1786 1676 1819 gratiae
1705 1786 1854 1813 redonavit.
1883 1788 2017 1823 Quadriga

1226 1834 1291 1854 vero
1307 1827 1469 1860 Atninadab,
1484 1830 1584 1856 Citriin
1607 1836 1647 1858 est
1665 1832 1851 1867 Evangelium,
1864 1835 2019 1862 concordis-

1227 1874 1294 1901 sima
1322 1879 1438 1907 quatuor
1469 1877 1693 1910 cvangelistarum
1726 1879 1881 1907 diversitate
1910 1889 2018 1915 compa-

1226 1923 1308 1945 ctum.
1324 1920 1409 1953 Quam
1425 1928 1489 1947 sane
1504 1922 1663 1957 quadrigam
1679 1923 1802 1951 Christus
1818 1927 1910 1958 auriga
1931 1927 2018 1960 dispo-

1227 1964 1267 1991 nit
1282 1970 1308 1991 et
1323 1966 1500 1999 quadriﬁdam
1522 1969 1614 1995 mundi
1633 1970 1785 1996 tnachinam
1809 1972 1927 2005 agillima
1950 1981 2019 2007 prtu-

1229 2009 1374 2037 dicationis
1389 2012 1528 2039 celeritate
1542 2015 1686 2046 percurrit,
1708 2015 1777 2041 sicut
1791 2023 1838 2049 per
1850 2016 2019 2044 Psalmistam

1229 2054 1329 2081 dicitur
1343 2064 1349 2082 :
1364 2065 1373 2081 ‹
1389 2056 1439 2089 Qui
1454 2058 1553 2084 emittit
1569 2059 1703 2092 eloquium
1719 2068 1796 2087 suum
1813 2066 1903 2094 terrm,
1919 2063 2019 2090 veloci-

1229 2103 1270 2126 ter
1288 2101 1372 2127 currit
1392 2108 1481 2128 sermo
1504 2102 1561 2135 eius
1579 2103 1665 2138 (Psal.
1678 2106 1791 2140 CXLVII).
1808 2115 1816 2131 ι
1839 2105 1937 2133 Videns
1955 2115 2019 2142 ergo

1230 2144 1370 2181 Synagoga
1387 2152 1496 2182 repente
1509 2150 1623 2182 gratiam
1638 2151 1806 2186 Evangelicai
1817 2154 2020 2187 praedicationis

1229 2196 1372 2225 erumpere
1387 2198 1550 2228 cunctasque
1565 2196 1656 2222 mundi
1673 2198 1825 2231 provincias
1841 2199 1946 2233 agiliter
1959 2207 2021 2233 per-

1229 2235 1330 2268 volare,
1347 2237 1435 2264 subito
1452 2240 1556 2266 turbata
1572 2243 1748 2275 conqueritur
1762 2244 1832 2275 quod
1849 2244 1905 2271 sola
1925 2245 1951 2271 in
1972 2252 2018 2271 sua

1229 2280 1351 2315 perfidia,
1377 2285 1516 2311 conversis
1539 2285 1571 2311 ad
1598 2286 1677 2313 [idem
1701 2288 1837 2321 gentibus,
1861 2289 2017 2315 deseratur:
2036 2276 2058 2304 D

1233 2332 1244 2350 ί
1259 2324 1373 2358 Nescivi,
1388 2328 1520 2361 inquiens,
1539 2330 1656 2358 turbavit
1677 2339 1719 2358 me
1734 2333 1823 2358 anima
1837 2340 1895 2359 mea
1910 2340 2020 2368 propter

1231 2370 1376 2406 quadrigas
1391 2372 1550 2401 Aminadad.
1567 2385 1575 2400 ι

1468 2419 1549 2455 244
1567 2421 1680 2449 CAPUT
1701 2422 1783 2449 XXII.

1270 2471 1279 2487 ‹
1297 2462 1444 2490 Umbiiicns
1460 2469 1521 2492 tuus
1537 2472 1627 2493 crater
1642 2468 1777 2495 tornatilis
1795 2476 1931 2502 nunquam
1949 2470 2019 2497 indi-

1233 2515 1297 2543 gens
1312 2509 1413 2542 poeulis
1427 2510 1514 2543 (Cant.
1531 2512 1589 2546 vn).
1610 2522 1618 2538 ι
1637 2513 1783 2540 Utnbilicns
1801 2520 1889 2541 autem
1906 2514 2020 2549 fragilis-

1233 2554 1299 2580 sima
1311 2561 1373 2586 pars
1384 2555 1503 2589 corporis
1514 2561 1563 2583 est.
1576 2557 1645 2590 Quid
1663 2566 1726 2593 ergo
1740 2567 1788 2594 per
1802 2560 1927 2586 Ecclesiae
1952 2560 2021 2587 desi-

1234 2604 1331 2633 gnatur
1341 2599 1509 2632 umbilicum,
1519 2602 1569 2628 nisi
1581 2608 1665 2631 ctetus
1679 2605 1846 2632 inlirmorum
1856 2610 1936 2639 atque
1948 2606 2020 2633 debi-

1235 2644 1323 2672 lium?
1344 2645 1412 2678 Quid
1432 2654 1495 2673 vero
1516 2654 1564 2681 per
1582 2653 1724 2681 craterem,
1745 2651 1794 2677 nisi
1814 2651 2021 2685 praidicatorum

1237 2689 1409 2724 intelligimus
1425 2692 1567 2719 ordinem?
1589 2694 1639 2725 Qui
1655 2694 1780 2721 nimirum
1796 2696 1933 2722 mentibus
1948 2698 2022 2723 audi-

1237 2738 1322 2762 torum
1337 2736 1454 2763 cmleslis
1465 2737 1591 2764 doctrinm
1605 2739 1663 2765 vina
1678 2741 1928 2776 propinanteasque
1940 2750 2021 2777 pocu-

1236 2778 1269 2807 lis
1282 2786 1382 2808 sancta:
1404 2783 1599 2816 pncdieationis
1628 2785 1772 2812 inebriant.
1796 2786 1941 2814 Umbiliws
1957 2795 2021 2822 ergo

1239 2823 1362 2852 Ecclesia:
1385 2829 1480 2855 Crateri
1505 2830 1602 2856 merito
1618 2836 1801 2864 comparattti,
1818 2832 1879 2866 quia
1904 2833 2022 2867 plerum-

1234 2875 1288 2903 que
1304 2871 1398 2899 debilis
1414 2878 1439 2901 et
1462 2874 1582 2903 inﬁrmus
1598 2875 1709 2910 quilibet
1726 2885 1771 2904 vas
1788 2878 1917 2905 doctrina:
1940 2878 2021 2905 cmic-

2065 973 2215 1006 prodennt,
2244 971 2279 997 ita
2312 970 2490 1004 cogitationes
2518 976 2550 995 ex
2576 971 2665 995 mente
2695 965 2854 1001 procedunt.

2063 1017 2218 1050 Purpureus
2242 1023 2305 1042 vero
2329 1015 2419 1046 color,
2444 1015 2504 1048 quia
2529 1012 2668 1048 sanguinis
2691 1011 2773 1039 habet
2795 1017 2855 1046 spo-

2064 1063 2143 1093 eiem,
2167 1062 2229 1096 quid
2248 1069 2294 1095 per
2316 1061 2485 1096 mysterium,
2508 1060 2558 1086 nisi
2574 1058 2743 1086 Dominicam
2765 1056 2854 1084 innuit

2065 1108 2225 1141 passionem.
2253 1107 2320 1139 Quid
2337 1114 2400 1133 vero
2423 1105 2539 1136 canales,
2562 1104 2615 1132 nisi
2638 1106 2796 1131 sanctorum
2819 1100 2853 1129 si—

2065 1153 2193 1188 gnificant
2210 1154 2335 1179 mentes?
2356 1152 2431 1179 Sicut
2448 1152 2518 1179 enim
2543 1152 2569 1178 in
2590 1150 2730 1178 canalibus
2744 1148 2856 1177 concisi.

2064 1200 2160 1225 liorum
2185 1200 2294 1233 sanguis
2312 1198 2468 1229 etfunditur,
2488 1203 2516 1223 nt
2542 1198 2567 1223 in
2592 1201 2757 1231 purpureum
2780 1193 2857 1221 colo-

2067 1252 2122 1270 rem
2145 1245 2203 1269 lana
2219 1249 2349 1276 vertatur,
2367 1244 2406 1270 sic
2429 1244 2453 1268 in
2474 1247 2629 1268 sanctorum
2650 1239 2785 1268 mentibus
2807 1238 2857 1266 Do-

2067 1289 2172 1315 iuinicze
2196 1290 2328 1323 passionis
2343 1296 2423 1315 cruor
2438 1288 2545 1315 assidua
2568 1285 2744 1313 meditatione
2761 1282 2857 1311 recoli-

2067 1339 2119 1363 tur,
2142 1339 2168 1360 et
2188 1334 2222 1359 ita
2243 1333 2440 1366 quodammodo
2465 1332 2506 1365 pia
2531 1331 2658 1365 quaelibet
2681 1329 2771 1357 anima
2795 1335 2858 1356 san-

2067 1379 2145 1413 guine
2170 1379 2292 1412 tingitur,
2310 1384 2338 1404 ut
2356 1378 2450 1404 tetcrni
2466 1377 2546 1411 Regis
2560 1382 2708 1410 purpuram
2724 1373 2855 1401 imitetur.

2068 1425 2123 1451 IIoe
2140 1425 2265 1450 nimirum
2290 1424 2369 1450 modo
2388 1422 2520 1450 eiiicimur
2535 1420 2779 1452 Salvaernostt-n
2793 1424 2858 1446 con-

2068 1471 2184 1501 iormes,
2203 1474 2231 1496 ιιι
2251 1470 2334 1497 simus
2352 1470 2433 1495 etiam
2455 1469 2552 1495 merito
2575 1465 2747 1502 postmodum
2772 1463 2859 1492 cols:-

2068 1518 2156 1545 redes.

2350 1560 2463 1588 CAPUT
2484 1558 2579 1586 XXIV.

2104 1614 2114 1630 ‹
2131 1605 2216 1637 Quam
2231 1603 2341 1638 pulchra
2355 1610 2385 1629 es
2400 1608 2426 1628 et
2439 1603 2548 1633 decora,
2564 1599 2734 1632 charissima,
2752 1599 2779 1627 in
2793 1597 2860 1627 deli-

2069 1651 2131 1681 ciis;
2152 1655 2257 1676 statura
2273 1655 2316 1675 tua
2334 1649 2481 1676 assimilala
2495 1653 2537 1675 est
2553 1647 2650 1683 palma:
2665 1646 2753 1682 (Cant.
2769 1645 2830 1681 vn).
2846 1653 2856 1670 ι

2070 1696 2144 1722 Mens
2163 1696 2261 1729 quippe
2280 1699 2373 1721 sancta
2397 1694 2556 1721 charissima
2579 1693 2606 1720 in
2626 1691 2731 1720 deliciis
2750 1690 2859 1723 dicitur.

2070 1743 2147 1776 quia,
2174 1742 2236 1767 dum
2260 1740 2493 1774 persecutionihus
2518 1738 2611 1766 attrita
2635 1737 2700 1765 foris
2722 1735 2859 1771 silligitur,

2070 1788 2121 1821 piis
2139 1791 2257 1813 atstuans
2279 1786 2421 1813 desideriis
2442 1786 2585 1813 suavitatis
2605 1784 2707 1811 intimae
2720 1781 2861 1810 dulcedine

2071 1839 2217 1861 recreatur.
2233 1833 2315 1866 Cujus
2333 1837 2435 1859 statura
2451 1832 2547 1867 palmae
2565 1830 2661 1858 similis
2675 1828 2783 1860 dicitur,
2797 1827 2859 1862 quia

2071 1880 2141 1907 sicut
2168 1886 2219 1905 non
2243 1879 2370 1905 vitiorum
2401 1877 2566 1904 titillantium
2587 1875 2728 1909 ﬂatibus,
2752 1873 2789 1900 ila
2812 1878 2861 1899 nec

2071 1926 2287 1960 persecutionum
2314 1923 2496 1958 quarumlibet
2525 1921 2675 1949 terroribus
2701 1918 2859 1949 inclinatur;

2072 1972 2189 2004 dumque
2208 1977 2267 1995 eam
2289 1969 2507 2003 persequentium
2528 1966 2629 1998 rabies,
2647 1965 2720 1992 velut
2739 1961 2861 1998 impacti!

2073 2016 2205 2042 minarum
2229 2015 2359 2041 arietibus
2378 2013 2482 2048 pulsat,
2501 2012 2544 2039 illa
2568 2010 2741 2038 fundamento
2757 2007 2861 2035 invicta

2073 2059 2132 2086 ﬁ‘iei
2156 2064 2312 2087 constanter
2333 2059 2441 2091 innixa,
2462 2065 2555 2084 revera
2575 2061 2650 2084 stans
2668 2052 2860 2088 et‘snperemi—

2072 2113 2147 2135 nens,
2173 2104 2362 2139 insuperabilis
2387 2107 2553 2137 perseverat.
2579 2100 2754 2135 Nequaquam
2774 2097 2811 2125 illi
2826 2096 2861 2123 si-

2073 2151 2152 2181 milis,
2168 2150 2210 2176 cui
2226 2157 2274 2184 per
2289 2149 2449 2183 prophetam
2467 2148 2500 2174 de
2521 2146 2647 2181 malignis
2665 2143 2803 2180 spiritibus
2820 2141 2860 2171 di-

2072 2197 2161 2223 citur:
2175 2195 2253 2228 Quia,
2273 2205 2280 2220 ι
2298 2194 2506 2221 humiliaverunt
2526 2199 2551 2220 te
2570 2197 2598 2219 et
2618 2192 2745 2220 dixerunt
2767 2188 2861 2217 anima:

2075 2248 2125 2269 tua:
2141 2250 2146 2268 :
2171 2242 2316 2268 Incurvarc
2334 2244 2362 2267 ut
2378 2244 2516 2267 transeam
2542 2238 2609 2272 (Isa.
2626 2236 2680 2272 LI);
2706 2245 2716 2263 ι
2735 2234 2782 2263 sed
2798 2233 2861 2262 illud

2073 2288 2160 2321 potius
2173 2293 2297 2317 servans,
2312 2285 2384 2319 quod
2397 2284 2458 2310 ﬁliis
2474 2283 2554 2310 lsrael
2568 2282 2697 2309 Dominus
2710 2280 2767 2308 ait:
2782 2288 2791 2304 ε
2807 2278 2861 2315 Ego

2073 2340 2130 2359 sum
2148 2332 2276 2357 Dominus
2297 2332 2376 2361 Deus,
2402 2329 2482 2365 255
2498 2328 2543 2363 qni
2558 2327 2646 2362 eripui
2662 2333 2709 2353 vos
2729 2325 2761 2352 de
2783 2331 2861 2359 erga-

2073 2377 2143 2404 stulo
2153 2376 2354 2411 Egyptiorum,
2378 2379 2407 2401 nt
2430 2373 2593 2401 incederetis
2614 2371 2690 2399 recti.
2706 2380 2716 2397 ι
2742 2369 2776 2397 Ει
2796 2376 2861 2404 quo-

2073 2423 2143 2449 niam
2165 2422 2253 2456 palma
2279 2421 2348 2448 solet
2364 2428 2475 2447 manum
2498 2425 2598 2447 ornare
2614 2416 2764 2447 victricem,
2788 2418 2860 2442 recte

2073 2472 2167 2494 sancta
2183 2472 2211 2494 et
2234 2466 2424 2500 insuperabilis
2450 2466 2539 2492 anima
2564 2464 2660 2498 palmae
2684 2469 2744 2490 esse
2767 2459 2861 2488 similis

2073 2513 2239 2547 perhibetur,
2255 2512 2317 2546 quia
2336 2520 2383 2545 per
2401 2518 2508 2538 omnem
2529 2510 2570 2537 sui
2584 2507 2741 2537 certaminis
2753 2513 2860 2535 cursum

2068 2562 2188 2591 peracta:
2202 2557 2322 2583 victorix
2340 2557 2478 2591 praemium
2496 2555 2653 2586 meditatur,
2668 2557 2748 2588 atque
2763 2551 2861 2579 idcirco

2073 2602 2245 2637 ﬂocéipendit
2267 2610 2347 2629 omne
2362 2601 2433 2636 quod
2445 2602 2472 2628 in
2488 2600 2602 2628 inﬁrmis
2617 2598 2793 2633 tolerat,quia
2804 2604 2861 2624 ere-

2073 2653 2114 2675 eta
2135 2648 2209 2675 velut
2230 2648 2319 2681 palma
2329 2668 2336 2680 ,
2351 2648 2378 2675 id
2392 2648 2463 2682 quod
2477 2646 2506 2674 in
2520 2645 2676 2674 coelestibus
2696 2643 2801 2679 aspicit,
2816 2642 2861 2670 iit:-

2074 2694 2153 2720 miter
2167 2698 2267 2728 sperat.

2361 2737 2475 2766 CAPUT
2493 2737 2576 2764 XXV.

2200 2785 2232 2812 In
2244 2794 2362 2813 sermone
2388 2786 2419 2812 de
2443 2785 2589 2811 inventione
2606 2782 2742 2810 ἅρπη-ὗε.

2112 2842 2120 2857 ι
2140 2833 2208 2864 Dixi,
2231 2833 2317 2867 inquit
2332 2832 2366 2859 ad
2379 2840 2504 2867 sponsam
2523 2838 2652 2866 sponsus:
2668 2829 2815 2857 Ascentiam
2835 2828 2859 2855 in

2074 2878 2189 2913 palmam
2204 2885 2230 2905 ct
2247 2878 2447 2913 apprehendam
2463 2876 2566 2904 fructus
2579 2876 2648 2911 ejus,
2660 2879 2772 2903 etcrunt
2783 2874 2859 2903 ubera
