5904 6602
1238 478 1375 539 1181

2676 451 2744 506 IN
2785 449 2963 507 lSAlA
2973 449 3044 503 Μ.

2040 572 2383 633 ικυιριυιιτ
2411 567 2757 628 CAPITULA
2798 564 2979 621 LIBRI
3008 561 3213 619 [SALE
3245 558 3676 617 PROPHETJE.

1339 722 1415 777 De
1452 738 1512 776 eo
1534 722 1671 790 quod
1699 722 1895 771 dicitur
1928 734 1944 773 :
1985 722 2051 768 Et
2088 722 2391 778 conﬂabant
2430 722 2667 774 gtaatost

1342 792 1495 859 Quod
1521 792 1632 843 dies
1673 787 1886 842 Domini
1912 788 1980 840 sit
2006 799 2162 859 super
2183 794 2334 859 alutae
2364 774 2667 859 superbum.

1243 723 1298 778 Ι.

1244 861 1299 917 5.

1240 931 1297 986 ι.

1607 718 1671 775 od
1699 716 1895 771 dicitur
1928 734 1944 773 :
1985 712 2051 768 Et
2088 709 2391 778 con/labant
2430 702 2636 778 gladios
2660 716 2785 755 suos
2811 699 2867 753 in
2894 711 3125 752 conteres
3146 704 3194 748 et
3228 693 3444 748 lanceas
3471 708 3602 747 suas
3624 692 3678 745 in
3706 690 3895 759 falces.

1396 833 1498 915 333
1522 833 2472 927 'séia;iitlh',"}£h}uita.languet:
2502 842 2760 927 rotabant.
2780 846 2902 927 unite
2929 836 3123 906 {aciem
3156 833 3275 887 Dei.

1396 863 1498 915 uad
1538 862 1836 927 Serapltim,
1873 872 2027 910 senas
2058 862 2175 905 atas
2203 862 2472 925 nubentes,
2502 862 2745 918 remeant
2780 862 2902 917 ante
2929 862 3023 906 μω

1341 862 1550 985 gelare:
1582 929 1902 989 ceciderunt,
1935 926 2025 985 sed
2057 916 2595 991 quadrislaptdtmus
2618 909 3023 991 (ediﬁcabguus.

1572 971 2214 1067 'iiiiu'liigu
2254 988 2318 1039 de
2346 971 2503 1038 Moab
2525 1023 2539 1046 ,
2565 971 2813 1034 Leonem.
2851 976 3050 1030 Emitte
3082 973 3316 1045 Aguum,
3348 971 3595 1037 Domine,
3621 971 4029 1030 Dominatorem
4062 986 4242 1042 terra,
4282 979 4353 1032 de
4376 986 4530 1047 petra

1421 1072 1611 1123 deserti
1636 1060 1705 1120 ad
1733 1060 1955 1119 moment
1980 1066 2108 1131 ῥέξω
2134 1060 2283 1113 Sion.

1234 1141 1287 1197 6.
1332 1120 1641 1205 Quodveisio
1670 1138 1904 1191 omnium
1928 1120 2023 1187 erit
2042 1175 2056 1196 ,
2093 1133 2225 1205 sicut
2254 1126 2403 1181 verba
2432 1123 2555 1205 libri
2587 1120 2806 1205 signati.

1332 1183 1973 1277 513175585}:
1990 1183 2127 1277 ,
2152 1202 2404 1275 dracones
2428 1206 2473 1246 et
2502 1183 2859 1277 ειτηιλίοιξςξ..
2875 1187 3001 1277 quia
3025 1183 3682 1277 dedi_in_dese:to_aquai.
3712 1256 3725 1267 .

1798 1255 1975 1345 populi
2012 1255 2375 1345 ineipcrcussi
2411 1280 2551 1345 eum,
2584 1273 2635 1345 et
2671 1260 2813 1345 dubi!
2833 1258 3063 1345 impium
3103 1271 3199 1324 pro
3224 1255 3501 1324 sepultura
3520 1265 3581 1344 tet
3616 1256 3830 1310 divitem
3867 1273 3966 1327 pro
3992 1268 4159 1313 morte
4187 1277 4305 1314 sua.

1842 1326 1978 1415 uenit
2002 1343 2064 1395 de
2092 1326 2459 1415 Eduin‘rinctis
2490 1332 2713 1385 vestibus
2734 1326 2998 1415 deiBoern'
3015 1327 3073 1415 7..
3108 1396 3145 1415 ἢ
3246 1396 3257 1407 0

1338 1396 2007 1489 ἦῖιιιᾳιίὶδ-ἓξοίᾳιιίίὰιίυς
2031 1425 2218 1482 parere
2241 1408 2403 1476 facio,
2425 1404 2533 1473 ipse
2564 1418 2667 1454 non
2690 1401 2924 1468 parium,
2944 1396 3073 1449 dicit
3096 1396 3360 1450 Dominus
3378 1398 3404 1451 Ξ

2556 1507 2867 1577 Expliciuut
2891 1504 3147 1574 capitula.

2081 1645 2726 1738 INCIPIUNT
2791 1638 3598 1733 TESTIMONIA.

1719 1844 1948 1904 CAPUT
1970 1840 2268 1898 PRIMUM.

1275 1986 1297 2023 ι
1334 1968 1401 2025 Et
1438 1966 1754 2021 conﬂabant
1796 1958 2005 2028 gladios
2050 1971 2177 2010 suos
2213 1956 2265 2007 in
2298 1966 2546 2005 vomeres
2583 1958 2639 2004 et
2670 1963 2790 2002 tan-

1198 2072 1325 2115 ceas
1357 2072 1487 2111 snas
1523 2053 1577 2107 in
1625 2050 1792 2104 falces
1831 2047 1977 2116 Usu.
2018 2048 2109 2115 tt).
2146 2064 2162 2095 ι
2211 2041 2619 2113 lmpatieutihus
2657 2053 2790 2092 sane

1195 2150 1567 2215 correptiones
1592 2142 1746 2212 quasi
1770 2140 1929 2210 gladii
1960 2138 2216 2200 sunt,sed
2244 2137 2287 2188 si
2318 2134 2501 2186 volunt
2522 2144 2576 2185 ut
2598 2134 2649 2185 hi
2671 2131 2788 2198 gla-

1197 2246 1274 2298 dtt
1311 2247 1591 2294 vertantur
1620 2237 1670 2289 in
1702 2235 1897 2295 falces,
1925 2232 2130 2284 hirsuta
2163 2229 2411 2282 vitiorum
2446 2241 2665 2279 suorum
2692 2227 2787 2277 dn-

1195 2344 1363 2400 meta,
1396 2331 1589 2402 quibus
1613 2330 1854 2387 horrent,
1884 2334 2263 2395 permutantur
2286 2322 2336 2373 in
2379 2333 2599 2372 messes.
2638 2315 2788 2370 Unde

1193 2426 1465 2500 propheta
1485 2437 1607 2476 cum
1626 2418 1978 2491 prmmisissct
2003 2416 2068 2469 de
2086 2414 2368 2468 Salv-aiore
2400 2420 2584 2463 noSlro
2619 2430 2634 2458 ι
2658 2408 2782 2475 quia

1192 2518 1456 2587 ludit-abit
1483 2524 1672 2585 gentes
1701 2520 1753 2566 et
1794 2523 1983 2580 arguet
2023 2504 2514 2578 populosnutllos:
2552 2522 2570 2552 ι
2609 2500 2784 2570 proti-

1197 2626 1302 2667 nus
1328 2608 1536 2663 addidit
1568 2624 1581 2662 :
1619 2625 1636 2654 ι
1672 2606 1736 2658 Et
1760 2601 2072 2657 conllahunt
2103 2599 2311 2669 gladios
2340 2612 2470 2649 suos
2498 2595 2547 2646 in
2597 2605 2777 2643 vome-

1196 2714 1286 2756 res
1339 2706 1391 2752 et
1449 2696 1665 2749 lanceas
1716 2708 1843 2747 suas
1888 2692 1941 2745 in
1990 2689 2157 2743 falces
2207 2686 2421 2755 (Ibid).
2458 2703 2475 2734 ι
2517 2682 2785 2736 Nimirum

1192 2800 1469 2858 ttongruus
1499 2784 1669 2846 ordo,
1699 2782 1825 2837 dum
1859 2781 2036 2849 primo
2067 2776 2286 2845 quidem
2321 2784 2576 2843 peccator
2605 2771 2785 2841 arguia

1194 2886 1305 2942 tur,
1332 2876 1524 2931 deinde
1545 2882 1598 2928 ct
1623 2874 1785 2945 gladii
1816 2873 1868 2925 in
1902 2884 2150 2923 vomeres
2174 2877 2227 2919 et
2256 2867 2457 2919 lancea:
2482 2864 2789 2917 emittuntur

1195 2971 1250 3025 in
1288 2970 1473 3024 falces.
1504 2966 1635 3020 Nam
1662 2966 1789 3019 dum
1824 2964 2115 3031 impatiens
2154 2958 2427 3027 quispiam
2473 2971 2569 3023 per
2616 2954 2784 3008 disci-

1196 3060 1401 3132 plinam
1432 3057 1616 3110 mitior
1641 3054 1814 3107 factus
1856 3062 2114 3119 tanquam
2151 3049 2343 3117 planus
2375 3062 2505 3115 ager
2537 3045 2787 3111 increpa-

1196 3151 1362 3207 tionis
1422 3147 1597 3203 cultro
1650 3144 2043 3215 proscinditur,
2105 3142 2301 3196 deinde
2360 3138 2513 3193 suavi
2574 3137 2786 3192 semine

1195 3248 1399 3294 sancte
1439 3234 1839 3306 prmdieatiouis
1878 3232 2206 3301 aspergitur,
2243 3241 2297 3283 et
2335 3231 2415 3283 sic
2446 3230 2662 3283 denuun
2708 3225 2784 3279 fe-

1196 3331 1371 3385 cunda
1400 3328 1661 3381 honorum
1693 3339 1918 3393 operum
1960 3321 2115 3391 fruge
2141 3321 2394 3384 vestitur,
2422 3320 2547 3372 huic
2574 3318 2785 3372 scilicet

1193 3430 1250 3478 et
1277 3419 1442 3493 gladii
1476 3418 1602 3473 facti
1634 3424 1761 3471 sunt
1789 3430 2034 3469 vulneres
2061 3424 2116 3468 ct
2157 3414 2360 3467 lancea:
2390 3419 2787 3466 convertuntur

1196 3514 1250 3570 ln
1280 3514 1473 3577 falces;
1500 3512 1624 3581 quia
1659 3510 1750 3579 qui
1781 3509 2099 3579 reprehendi
2126 3508 2277 3578 prius
2310 3516 2569 3575 tanquam
2604 3504 2784 3574 gladio

1192 3604 1403 3677 percuti
1432 3603 1745 3673 deputabat,
1777 3615 1921 3654 nunc
1942 3608 1995 3653 et
2023 3614 2297 3653 vomerem
2324 3613 2494 3653 sacrae
2522 3597 2787 3651 doctrinas

1193 3696 1431 3755 libenter
1464 3694 1718 3757 sustinet,
1750 3701 1809 3746 ut
1837 3691 2023 3762 fruges
2046 3690 2186 3744 ferat
2216 3695 2273 3744 et
2309 3688 2501 3743 falcem
2534 3702 2785 3755 superna:

1193 3786 1486 3844 messionis
1498 3792 1795 3856 exspectat,
1819 3791 1879 3836 ut
1900 3779 2330 3837 horrcicmlestis
2351 3777 2785 3849 promptuarium

1196 3880 1421 3951 ropleat.

1821 3982 2051 4039 CAPUT
2100 3981 2161 4037 ll.

1621 4095 1689 4150 In
1718 4092 1938 4149 euistolu
1977 4092 2046 4145 ad
2076 4091 2355 4146 Blancam.

1270 4230 1293 4264 ι
1320 4212 1452 4267 Dies
1488 4208 1700 4263 Domini
1748 4220 1912 4275 super
1950 4218 2165 4259 omnem
2196 4201 2489 4271 superbum
2518 4208 2574 4256 et
2598 4199 2784 4255 excel-

1195 4317 1339 4367 sum,
1385 4312 1549 4370 super
1587 4312 1802 4352 omnem
1844 4304 2189 4364 arrogantem
2220 4302 2275 4346 et
2303 4291 2702 4355 humiliabitur,
2731 4300 2787 4345 et

1193 4408 1359 4464 super
1386 4406 1574 4447 omnes
1609 4387 1801 4444 cedros
1836 4386 2036 4440 Libani
2080 4383 2344 4439 sublimes
2368 4394 2424 4438 et
2453 4393 2690 4447 erectas,
2730 4391 2787 4436 et

1194 4497 1360 4554 super
1388 4495 1579 4536 omnes
1602 4493 1839 4549 quercus
1872 4476 2071 4541 Busan,
2118 4486 2175 4531 et
2207 4490 2373 4545 super
2409 4489 2600 4529 omnes
2630 4489 2785 4529 mon-

2816 1839 2866 1895 Α
2894 1841 2949 1887 et
2998 1832 3168 1887 colles
3215 1832 3447 1898 elcvati,
3499 1833 3726 1904 superbi
3769 1837 3973 1909 quique
4010 1852 4169 1905 sunt,
4223 1843 4381 1914 quasi
4423 1860 4521 1915 per

2894 1935 3177 1995 aggestum
3206 1925 3434 1979 tumidae
3456 1928 3814 1995 cogitationis
3839 1930 3891 1985 in
3921 1932 4031 1986 alta
4060 1933 4220 2004 251
4257 1939 4517 2005 porreeti,

2894 2020 2988 2073 sed
3030 2016 3345 2081 frumento,
3397 2033 3508 2086 quo
3564 2020 3736 2075 valles
3791 2023 4070 2078 abundant
4113 2026 4291 2096 (Psal.
4344 2030 4516 2098 uti),

2894 2112 3215 2179 cunctisque
3264 2112 3632 2179 spiritualium
3666 2115 3975 2170 studiorum
4031 2117 4282 2189 frugibus
4322 2121 4514 2177 alieni.

2892 2198 3009 2254 Jaui
3040 2215 3172 2253 vero
3206 2200 3374 2254 turris
3419 2202 3639 2257 excelsa
3674 2211 3730 2257 et
3762 2220 3957 2260 murus
4003 2209 4246 2263 munitus
4276 2209 4398 2265 illos
4429 2211 4511 2265 iu-

2893 2289 3077 2343 sinmit
3102 2292 3227 2357 qui.
3258 2306 3383 2345 eum
3420 2299 3748 2361 peccatores
3773 2296 3907 2358 sint,
3934 2297 3987 2350 in
4019 2298 4255 2367 quodam
4288 2314 4350 2354 se
4368 2300 4517 2355 velut

2893 2378 3221 2433 innocentia:
3249 2397 3376 2435 arce
3399 2384 3743 2437 constituunt
3782 2400 4014 2457 seseque
4044 2388 4378 2446 defensionis
4403 2391 4518 2464 cly—

2892 2482 2992 2536 peo
3040 2481 3397 2545 contegentcs
3436 2474 3895 2543 reprehensorum
3947 2493 4172 2532 suorum
4212 2480 4396 2547 jacula
4445 2483 4515 2539 ad

2892 2574 2951 2613 se
2980 2561 3291 2629 pertingere
3321 2579 3427 2615 non
3469 2566 3820 2634 permittunt.
3855 2566 4081 2625 Tharsis
4119 2579 4302 2627 autetn
4336 2574 4515 2645 explo-

2892 2654 3029 2705 rmio
3061 2655 3245 2722 gaudii
3292 2658 3524 2723 dicitur;
3559 2660 3812 2729 quisuuis
3859 2662 4005 2716 enim
4045 2664 4097 2717 it:
4146 2665 4247 2721 hoc
4276 2666 4512 2733 szeculo.

2894 2743 3036 2796 mule
3081 2744 3323 2813 gaudere
3372 2748 3583 2816 possit,
3631 2749 3912 2819 explorat,
3947 2748 4073 2807 huic
4122 2756 4515 2824 superveniens

2892 2829 3011 2886 dies
3041 2834 3291 2899 Domini,
3320 2839 3523 2906 quibus
3550 2839 3945 2909 perpetualiter
3990 2854 4337 2911 autarescat,
4371 2862 4511 2903 ma:-

2894 2928 3036 2979 roris
3066 2938 3229 2995 atque
3264 2929 3503 2985 tristtize
3552 2933 3838 2989 molestias
3888 2936 4115 3006 irrogat.
4155 2936 4314 2991 Venit
4344 2938 4511 2993 etiam

2894 3015 3010 3070 dies
3037 3016 3290 3080 Domini,
3321 3035 3430 3073 non
3482 3037 3648 3091 super
3696 3039 3863 3081 omne
3894 3027 4038 3094 quod
4071 3027 4354 3095 pulchrum
4386 3037 4469 3083 est
4495 3070 4509 3092 ,

2872 3109 2988 3165 sed
3015 3124 3181 3177 super
3208 3126 3373 3165 ouine
3403 3115 3550 3181 quod
3581 3114 3702 3169 visu
3735 3116 4023 3185 pulchrum
4053 3129 4164 3181 est,
4192 3120 4321 3187 quia
4349 3120 4401 3173 in
4425 3121 4513 3176 die

2818 3207 2860 3266 ι]
2891 3199 3059 3253 divini
3086 3198 3277 3267 judicii
3308 3204 3554 3270 pondere
3601 3206 3873 3273 premitur
3902 3207 3993 3278 qui
4028 3206 4361 3264 intrinsecus
4389 3224 4511 3277 qut-

2892 3290 3015 3344 dem
3045 3293 3302 3347 vitiorum
3333 3294 3567 3350 latenter
3598 3298 3968 3368 ingruentium
3998 3298 4349 3355 deformitate
4376 3316 4510 3356 con-

2891 3382 3173 3448 funditur;
3210 3384 3344 3438 foris
3371 3397 3557 3440 autem
3604 3388 3841 3457 quadam
3882 3388 4224 3445 adumbrata:
4255 3370 4507 3459 virtutis.

2891 3470 2976 3526 vel
3003 3474 3189 3542 potius
3212 3476 3521 3539 honestatis
3548 3479 3954 3547 pulchritudine
3980 3479 4253 3550 palliatur.

3509 3566 3743 3622 CAPUT
3799 3567 3887 3622 Ill.

3107 3654 3190 3708 Ad
3230 3654 3570 3725 Olderimm,
3619 3661 3921 3732 episcopum
3959 3662 4288 3721 Firmimtm.

2963 3744 3317 3819 Quaecunque
3366 3750 3610 3805 humana
3656 3769 3813 3809 mens
3860 3768 3997 3809 sano
4026 3757 4172 3827 viget
4207 3754 4342 3812 fulta
4376 3770 4505 3814 con-

2890 3836 3049 3901 silio,
3083 3838 3127 3891 si
3170 3855 3233 3893 se
3279 3839 3557 3897 subtiliter
3606 3844 3952 3900 etsolerter
4000 3848 4259 3917 inquirit,
4310 3848 4403 3903 vix
4449 3850 4504 3906 in

2891 3941 2952 3982 se
2988 3929 3102 3982 suis
3146 3928 3499 3986 facultatibus
3547 3933 3789 4000 invenit,
3840 3936 3984 3990 unde
4038 3937 4236 3991 merito
4279 3951 4505 4008 sperare

2891 4019 3229 4087 praeconium
3256 4022 3450 4090 possit.
3482 4022 3728 4079 Mortalis
3755 4025 3958 4096 quippe
3987 4027 4231 4082 conditio
4260 4028 4504 4099 undique

2891 4120 3170 4166 coarctata
3206 4123 3371 4183 atque
3399 4117 3731 4181 constricta,
3778 4118 3911 4186 qttid
3955 4119 4107 4172 novit
4150 4118 4293 4173 unde
4332 4119 4505 4189 possit

2891 4205 3118 4259 extolli?
3158 4206 3296 4273 Quis
3328 4207 3474 4262 enim
3526 4210 3663 4264 sciat
3693 4211 3824 4280 quid
3861 4211 3913 4264 in
3944 4211 4255 4266 aeternitate
4301 4210 4500 4277 fuerit,

2892 4305 3184 4365 antequam
3235 4298 3378 4352 Deus
3416 4299 3564 4355 hunc
3605 4301 3870 4355 conderet
3901 4302 4201 4357 mundum?
4233 4302 4342 4357 Sed
4376 4316 4501 4357 cum

2893 4388 3108 4458 ignoret
3148 4390 3279 4459 quid
3331 4390 3498 4445 fuerit
3530 4402 3659 4445 ante
3689 4392 3878 4446 mundi
3927 4393 4295 4463 principium,
4346 4393 4502 4449 novit

2894 4480 3122 4536 forsitan
3151 4484 3279 4553 quid
3303 4492 3423 4553 post
3445 4484 3564 4551 ejus
3594 4487 3885 4540 terminum
3916 4488 3987 4540 sit
4011 4486 4288 4553 futurum;
4313 4494 4498 4543 utrum

1195 4586 1278 4631 tes
1324 4570 1598 4635 excelsos,
1649 4581 1706 4625 et
1750 4582 1913 4638 super
1964 4582 2157 4623 omnes
2205 4565 2370 4621 colles
2414 4566 2686 4633 elevatus,
2729 4576 2785 4621 et
2815 4574 2857 4635 (ζ
2891 4574 3101 4631 scilicet
3133 4575 3186 4629 in
3216 4576 3525 4632 ministerio

2205 4565 2370 4621 οουεε
2414 4566 2686 4633 ειενιιιοεν
2729 4576 2785 4621 ει
2815 4574 2857 4635 C
2891 4574 3101 4631 srilicet
3133 4575 3186 4629 in
3216 4576 3525 4632 ministerio
3551 4578 3634 4632 sui
3661 4592 3860 4633 cursus
3885 4564 4115 4633 ulterius
4139 4588 4286 4633 astra
4315 4583 4496 4634 descr-

1196 4679 1363 4736 super
1395 4676 1611 4716 omnem
1658 4668 1861 4715 turrem
1913 4658 2221 4722 excelsam,
2257 4666 2314 4713 et
2358 4672 2521 4727 super
2561 4672 2784 4712 omnem

1196 4769 1415 4811 murum
1460 4752 1751 4815 numitum,
1796 4760 1854 4804 et
1897 4764 2062 4820 super
2107 4764 2299 4804 omnes
2345 4764 2515 4804 naves
2560 4749 2788 4804 Tharsis

1195 4857 1255 4904 et
1300 4861 1463 4916 super
1516 4858 1677 4898 omne
1743 4842 1887 4912 quod
1946 4840 2229 4912 pulchrum
2293 4841 2413 4896 visu
2482 4850 2566 4897 est
2638 4839 2785 4913 (Iw.

1198 4942 1282 5010 ιι).
1322 4958 1342 4989 ι
1406 4937 1483 4991 Es
1534 4936 1695 4992 rebus
1748 4934 2154 4989 insensibilibus
2212 4932 2332 4989 dies
2389 4933 2556 4989 divini
2598 4932 2787 5002 judicii

1197 5032 1399 5089 dicitur
1444 5030 1759 5093 imminere,
1810 5028 1906 5083 sed
1954 5044 2051 5098 per
2094 5026 2299 5097 ﬁguras
2345 5043 2527 5083 rerum
2576 5029 2790 5085 ratione

1195 5121 1535 5185 carentium,
1573 5118 1840 5173 stoliditas
1889 5117 2209 5188 intelligitur
2266 5118 2543 5172 hominum
2602 5132 2790 5191 repro-

1196 5214 1416 5271 borum.
1468 5209 1626 5266 Cedri
1653 5210 1853 5280 quippe
1906 5206 2098 5263 Libani
2151 5208 2409 5264 sublimes
2458 5220 2511 5265 et
2560 5221 2787 5276 erecta,

1194 5311 1447 5377 potentes
1520 5310 1648 5355 sunt
1714 5300 1876 5371 hujus
1953 5299 2167 5365 stnculi,
2243 5314 2343 5370 per
2411 5301 2788 5356 excellentiam

1196 5393 1416 5466 quidem
1464 5402 1696 5447 terrenae
1755 5390 2104 5447 sublimitatis
2159 5390 2321 5457 elati,
2369 5391 2466 5447 sed
2520 5392 2789 5447 bonorum

1196 5497 1424 5558 cperam
1468 5483 1736 5539 fructibus
1780 5481 2077 5539 infecundi.
2130 5481 2375 5550 Quercus
2426 5493 2612 5539 autem
2674 5483 2791 5539 fru-

1198 5581 1321 5632 ctus
1386 5575 1608 5645 quidem
1678 5573 1991 5644 proferunt,
2048 5575 2142 5629 sed
2206 5588 2311 5629 non
2363 5575 2560 5644 quibus
2627 5575 2790 5631 homo

1199 5667 1464 5731 reﬁcitur,
1546 5667 1641 5722 sed
1714 5668 1856 5722 unde
1925 5682 2051 5722 sues
2106 5666 2345 5721 aluntur.
2402 5664 2541 5721 Sues
2606 5676 2789 5724 autem

1199 5745 1466 5819 immundi
1498 5759 1829 5830 intelligendi
1867 5766 1992 5813 sunt
2022 5758 2276 5828 spiritus,
2305 5758 2396 5828 qui
2426 5759 2641 5828 spurcis
2666 5773 2788 5815 sor-

1202 5854 1443 5911 dentium
1472 5853 1749 5910 hominum
1779 5851 2119 5923 saginantur.
2150 5849 2320 5910 Porro
2343 5860 2559 5910 montes
2584 5851 2789 5911 excelsi

2891 4665 3040 4721 viant
3063 4705 3078 4731 ,
3107 4675 3163 4720 et
3189 4678 3477 4730 utrumne,
3513 4676 3635 4736 post
3658 4683 3721 4721 ea
3752 4683 3874 4737 qua:
3918 4682 4065 4723 nunc
4090 4677 4216 4723 sunt
4246 4667 4351 4721 alia
4375 4682 4499 4722 rur-

2890 4772 2985 4812 sus
3009 4756 3278 4812 elementa
3309 4758 3628 4813 succedant.
3657 4757 3814 4813 Unde
3836 4768 3891 4813 et
3920 4758 4211 4828 Seraphim
4236 4758 4353 4823 illa,
4375 4771 4497 4829 qua:

2890 4848 3060 4907 lsaiss
3083 4852 3348 4921 propheta
3376 4851 3429 4904 in
3452 4860 3749 4922 conspectu
3776 4850 3991 4906 Domini
4016 4859 4164 4906 stare
4186 4850 4494 4921 conspexit,

2891 4958 3054 4998 senas
3094 4943 3211 4998 alas
3256 4942 3515 4999 habuisse
3564 4944 3870 4999 describit:
3928 4962 3947 4995 ι
3988 4944 4239 5007 Duabus,
4277 4942 4493 5012 inquit,

2892 5034 3149 5089 velahaut
3176 5034 3401 5097 faciem.
3436 5049 3491 5089 et
3536 5033 3746 5090 duabus
3776 5035 4028 5090 velabant
4054 5036 4239 5105 pedes,
4267 5040 4322 5086 et
4352 5033 4489 5088 dua-

2892 5125 2997 5180 bus
3040 5125 3297 5180 volabaat
3331 5125 3481 5197 (Ιεη.
3534 5126 3638 5197 τι).
3680 5146 3699 5179 ι
3742 5126 4009 5183 Velabant
4051 5140 4217 5194 porro
4258 5123 4494 5186 faciem,

2893 5216 3008 5271 sive
3034 5216 3231 5284 pedes,
3282 5218 3390 5271 non
3422 5230 3587 5281 suos,
3630 5217 3729 5272 sed
3768 5216 3957 5284 utique
4000 5214 4119 5269 Dei.
4147 5213 4215 5268 Et
4238 5211 4367 5284 quid
4396 5225 4495 5282 per

2892 5305 3090 5361 faciem
3116 5306 3246 5371 Dei,
3277 5306 3381 5362 nisi
3409 5307 3597 5361 mutuli
3627 5306 3997 5378 principium?
4024 5304 4152 5375 quid
4184 5318 4283 5372 per
4307 5302 4493 5372 pedes,

2894 5396 3002 5451 nisi
3049 5395 3295 5464 ejusdem
3332 5396 3519 5452 mundi
3569 5396 3695 5451 linis
3744 5398 3909 5452 debet
3958 5392 4221 5465 intelligi?
4266 5392 4491 5447 Alarum

2893 5501 3027 5559 ergo
3062 5488 3339 5558 seraphim
3375 5496 3431 5543 et
3470 5488 3655 5557 plures
3703 5494 3830 5542 sunt
3859 5501 3982 5556 qua:
4010 5485 4199 5543 velant
4220 5484 4275 5539 et
4304 5498 4493 5555 pauca

2893 5593 3017 5650 qua:
3066 5578 3291 5646 volant,
3342 5578 3468 5649 quia
3541 5593 3609 5633 ex
3667 5578 3976 5637 divinorum
4031 5590 4258 5648 apemm
4330 5572 4492 5631 celsi-

2897 5670 3086 5724 tudine
3152 5684 3277 5725 cum
3332 5684 3604 5743 perpauca
3661 5669 3729 5725 ad
3791 5679 4037 5724 nostram
4097 5662 4491 5738 permittantur

2895 5758 3155 5815 advolare
3216 5759 3507 5825 notitiam,
3574 5759 3810 5831 plurima
3868 5760 3923 5814 in
3978 5757 4249 5813 thesauris
4306 5770 4488 5813 secre-

2898 5858 3083 5912 torum
3138 5849 3447 5909 antestium
3499 5860 3785 5908 servantur
3854 5848 4087 5908 occulta.
4154 5846 4291 5905 Nam
4345 5845 4490 5921 quod
