4260 6378
349 329 442 391 20.
1502 323 1711 380 LIBER
1745 317 2031 391 PRIMUS,
2066 324 2288 385 EPIST.
2320 324 2429 385 VII.

3567 331 3684 392 κιο

345 447 459 502 bere
479 437 640 498 facile
683 453 792 498 non
825 438 1102 498 debemus.
1151 439 1272 512 Ipse
1315 439 1460 498 enim
1488 481 1504 508 ,
1550 440 1708 509 cujus
1754 438 1928 496 oculis
1954 443 2004 504 Α
2035 441 2122 512 gia
2174 439 2490 513 properavit
2525 437 2747 513 (Matth.
2782 441 2919 510 xix),
2949 440 3203 508 protinus
3253 455 3380 496 eum
3436 441 3682 498 crudelis

348 535 468 592 nuda
487 542 544 588 et
565 540 754 604 aperta
777 540 906 589 sunt
943 533 1126 588 omnia
1154 531 1344 605 (Hebr.
1378 532 1479 602 tv),
1533 546 1642 588 non
1673 531 1937 603 dedigna-

347 632 520 682 tusest
564 623 799 680 dicere:
847 642 866 678 ι
912 623 1134 680 Clamor
1180 623 1546 680 Sodomorum
1595 632 1652 679 et
1695 623 1935 680 Gomor-

343 718 588 774 rhaomm
626 715 1020 786 multiplicatus
1047 723 1156 783 est,
1197 725 1253 772 et
1301 726 1589 788 peccatum
1623 731 1814 773 eorum
1841 733 1938 790 ag-

343 815 603 882 gnvatum
647 817 736 863 est
780 808 973 873 nimis;
1007 805 1365 875 descendam,
1396 819 1450 864 et
1476 809 1700 873 videbo,
1750 817 1937 864 utrum

341 901 642 965 clamorem,
667 899 763 970 qui
788 898 941 956 venit
966 901 1035 956 ad
1067 915 1156 957 me
1179 942 1196 968 ,
1222 917 1392 973 opere
1419 901 1836 972 compleverint,
1865 915 1937 955 an

342 1011 434 1051 non
460 1001 539 1048 est
569 993 643 1048 ita
667 1033 683 1060 ,
728 1003 789 1049 ut
816 995 983 1050 sciam
1016 993 1174 1065 (Gen.
1201 995 1386 1068 xvtn).
1435 1014 1455 1048 ι
1502 996 1661 1062 Quod
1691 994 1936 1064 profecto

341 1085 400 1142 ad
423 1084 491 1139 nil
520 1084 670 1140 aliud
698 1083 908 1140 dictum
939 1085 1175 1152 videtur,
1224 1086 1333 1142 nisi
1382 1095 1441 1141 ut
1466 1087 1706 1141 humana
1737 1086 1934 1141 docea-
1969 1084 1977 1092 ’

339 1189 418 1234 tur
440 1175 743 1249 ignorantia
771 1177 889 1233 sine
915 1177 1313 1249 experimentis
1335 1179 1520 1234 audita
1547 1195 1656 1235 non
1681 1179 1934 1246 credere,

337 1270 593 1341 incognita
625 1283 733 1326 non
784 1269 979 1327 leviter
1028 1271 1365 1342 adjudicare,
1407 1287 1511 1328 nec
1554 1283 1681 1329 ante
1712 1283 1936 1330 senten-

339 1364 453 1418 tiam
479 1377 771 1433 promere,
819 1379 985 1435 quam
1032 1380 1150 1421 rem
1195 1367 1414 1422 dubiam
1462 1364 1793 1426 testimoniis
1834 1384 1934 1440 ap-

336 1451 584 1522 probarit.
623 1451 797 1520 Quam
823 1453 1072 1523 profecto
1106 1457 1377 1513 cautelam
1401 1458 1528 1513 dum
1565 1474 1666 1515 vos
1695 1461 1936 1531 pruden-

338 1552 434 1600 tem
454 1543 655 1600 habere
678 1544 735 1600 in
756 1543 878 1602 aliis
901 1545 1108 1617 liquido
1129 1549 1399 1615 novimus,
1415 1551 1542 1620 quia
1566 1552 1724 1608 nobis
1750 1551 1937 1608 obser-

337 1643 448 1690 vata
480 1648 585 1688 non
619 1643 725 1703 est,
751 1651 858 1692 non
883 1637 1037 1693 vobis
1078 1639 1424 1708 ascribimus,
1448 1642 1545 1697 sed
1577 1643 1780 1699 nostris
1808 1657 1937 1712 pro-

335 1725 413 1780 cul
434 1726 596 1782 dubio
625 1727 839 1783 meritis
868 1729 1220 1799 imputamus.
1256 1729 1644 1790 Verumtamen
1674 1734 1730 1791 in
1758 1735 1846 1792 his
1866 1735 1940 1792 ad

2041 533 2226 604 praedo
2254 533 2371 590 suis
2421 531 2866 605 possessionibus
2893 529 3127 602 expulit,
3169 540 3226 586 et
3271 532 3432 602 quasi
3459 532 3563 589 sub
3595 532 3682 588 in-

2039 622 2206 680 validi
2249 622 2560 680 defensoris
2603 621 2977 693 patrocinium
3026 621 3329 693 iugientem
3363 622 3524 678 bonis
3555 637 3680 679 om-

2040 715 2203 772 nibus
2225 716 2502 786 spoliavit.
2534 715 2650 772 Hoc
2676 716 2867 786 itaque
2909 714 3076 770 modo
3103 730 3212 771 non
3255 715 3373 786 jam
3401 715 3680 774 Henricus

2039 806 2304 878 injuriam
2341 807 2564 864 videtur
2602 806 2901 872 sustinere,
2950 806 3047 861 sed
3076 804 3368 873 Christus;
3399 807 3676 876 Christus,

2040 899 2286 970 inquam,
2316 899 2486 956 vestri
2525 897 2856 970 praasulatus
2888 906 3134 968 tempore
3162 898 3540 970 praejudicium
3574 917 3679 972 pa-

2039 993 2177 1048 titur
2205 1011 2219 1046 :
2252 993 2347 1064 qui
2381 993 2516 1050 facit
2535 993 2810 1064 judicium
2834 991 3094 1049 omnibus
3122 991 3384 1063 injuriam
3415 995 3681 1064 patienti-

2038 1085 2141 1142 bus
2169 1087 2348 1160 (Psal.
2377 1086 2565 1160 chv),
2593 1086 2711 1159 ipse
2741 1085 2966 1142 sibimet
2998 1085 3051 1141 in
3080 1095 3282 1142 vestra:
3305 1085 3682 1143 districtionis

2038 1178 2297 1235 examine
2318 1176 2594 1247 justitiam
2622 1193 2732 1234 non
2764 1186 3030 1234 meretur.
3055 1176 3198 1246 Quid
3225 1178 3372 1234 enim
3396 1178 3443 1234 si
3477 1178 3593 1250 ipse
3624 1188 3681 1235 te

2039 1267 2295 1326 Salvator
2321 1269 2438 1326 suis
2463 1268 2762 1326 conveniat
2785 1267 2972 1324 verbis
2999 1307 3014 1336 ,
3057 1277 3113 1322 et
3146 1268 3246 1323 has
3276 1266 3523 1324 effundat
3573 1271 3685 1324 im-

2038 1360 2390 1432 properando
2437 1359 2734 1432 querelas?
2769 1379 2786 1413 ‹
2834 1359 2952 1432 Ego
2987 1368 3069 1427 te,
3118 1359 3338 1431 inquit,
3388 1369 3448 1415 ut
3492 1376 3598 1416 non
3651 1378 3684 1415 τι

2037 1451 2310 1522 principio
2336 1460 2607 1524 repetam,
2639 1453 2707 1509 de
2738 1452 3020 1509 communi
3062 1451 3392 1508 clericorum
3420 1469 3589 1525 grege
3614 1453 3685 1510 ad

2038 1543 2382 1600 sacerdotale
2409 1543 2696 1616 fastigium
2726 1544 2921 1608 extuli,
2944 1555 3001 1600 et
3027 1545 3095 1601 de
3119 1545 3373 1602 clientela
3407 1544 3684 1617 episcopii

2039 1637 2109 1690 ad
2146 1636 2448 1693 obtinenda
2491 1637 2821 1709 episcopalis
2856 1635 3022 1694 oﬂlcii
3062 1635 3192 1709 jura
3238 1639 3492 1710 promovi
3531 1658 3544 1694 :
3577 1653 3685 1710 ego

2043 1742 2094 1784 te
2123 1730 2282 1800 quasi
2331 1739 2548 1802 patrem
2594 1731 2950 1802 imperatoris
2995 1747 3118 1789 esse
3160 1733 3446 1799 constitui,
3496 1743 3553 1790 et
3580 1749 3686 1791 cor

334 1819 708 1877 conscientiam
737 1822 922 1889 redeo,
951 1824 1018 1879 ad
1046 1827 1247 1880 mentis
1280 1842 1415 1883 mea
1439 1837 1652 1883 secreta
1685 1843 1934 1898 recurro.
1968 1815 2014 1875 Β
2045 1821 2190 1878 ἰιΙὶυε
2217 1824 2287 1879 ad
2332 1825 2567 1895 gratiam
2613 1824 2692 1880 ιυί
2737 1839 2853 1895 prae
2897 1824 3116 1882 CUDCIIS
3161 1840 3302 1896 pene
3349 1826 3686 1884 mortalibus

334 1921 499 1967 certus
525 1911 655 1982 quia
682 1911 789 1968 nisi
821 1927 920 1983 pro
946 1930 1134 1970 amore
1165 1914 1395 1982 Christi,
1428 1919 1583 1989 cujus
1625 1933 1726 1989 ego
1754 1920 1934 1977 malus

330 2017 504 2060 servus
522 2019 668 2070 sum,
693 2005 896 2063 nullius
922 2007 1170 2066 mortalis
1201 2010 1440 2068 hominis
1467 2014 1702 2082 gratiam
1724 2030 1929 2086 quaero,

332 2096 518 2152 nullius
560 2098 901 2155 iracundiam
944 2105 1292 2172 pertimesco.
1343 2106 1688 2178 Quapropter
1753 2108 1934 2178 ipsum

331 2187 665 2242 conscientiae
708 2204 842 2244 mere
871 2200 1062 2247 testem
1100 2193 1315 2260 invoco,
1366 2205 1417 2250 et
1452 2197 1734 2253 humiliter
1759 2206 1886 2269 peto
1913 2240 1929 2266 ,

333 2294 480 2350 quem
509 2281 560 2334 in
590 2283 838 2339 sacrario
859 2286 1026 2341 vestri
1049 2288 1292 2356 pectoris
1315 2288 1569 2346 habitare
1592 2329 1608 2359 ,
1653 2291 1802 2362 pium
1849 2301 1934 2349 est

330 2372 554 2435 credere,
586 2382 644 2427 nt
663 2374 709 2428 si
741 2374 896 2430 saluti
925 2392 1058 2432 mea:
1077 2392 1385 2447 congruere
1404 2379 1637 2448 judicat,
1659 2397 1755 2438 vos
1797 2383 1932 2441 mihi

327 2468 594 2522 mitescere
616 2484 713 2523 sua
732 2471 979 2539 protinus
993 2473 1319 2528 auc‘oritate
1336 2474 1642 2546 praecipiat,
1659 2485 1713 2533 et
1728 2477 1933 2533 sereni.

329 2561 442 2614 tatis
456 2569 647 2616 vestrae
670 2561 880 2616 vultum
905 2564 1035 2619 mihi
1057 2564 1377 2635 placabilem
1403 2568 1613 2634 reddat,
1653 2578 1928 2641 quatenus

330 2653 432 2720 ipse
455 2668 540 2708 me
563 2654 616 2707 in
648 2664 830 2709 vestra
858 2657 1306 2714 reconciliatione
1328 2659 1688 2730 eonfoederet,
1720 2663 1814 2732 qui
1841 2677 1932 2719 me

327 2745 386 2798 ad
416 2747 759 2814 querendam
809 2748 1112 2805 clementia:
1145 2761 1340 2808 vestra:
1375 2755 1637 2824 gratiam,
1691 2773 1762 2813 ne
1790 2767 1931 2814 stem

326 2837 538 2906 rigidus,
565 2847 756 2894 terret.
791 2839 1043 2911 Alioquin
1068 2843 1112 2897 si
1142 2844 1321 2900 adhuc
1350 2845 1645 2906 durissimo
1677 2850 1930 2908 aversio-

329 2930 402 2983 nis
428 2939 620 2985 vestrae
651 2931 864 3002 ﬂagello
897 2949 982 2988 me
1014 2935 1416 2992 verberandum
1469 2954 1593 2995 esse
1633 2941 1928 3011 decernit,

324 3021 533 3078 liventes
563 3022 816 3092 scapulas
861 3025 1138 3082 humiliter
1168 3028 1342 3084 subdo
1368 3071 1382 3095 ,
1428 3031 1512 3085 ori
1543 3047 1667 3088 meo
1698 3034 1929 3104 digitum

327 3118 641 3184 supebporo,
676 3115 749 3170 nil
778 3131 1107 3187 conqueror,
1153 3121 1245 3175 sed
1295 3121 1362 3176 ad
1410 3122 1590 3194 ipsum
1640 3126 1757 3196 spei
1789 3142 1929 3184 mea:

2037 1916 2298 1973 inclinavi
2328 1937 2341 1972 :
2368 1935 2470 1990 ego
2491 1919 2675 1976 claves
2698 1920 2868 1976 totius
2891 1919 3220 1977 universalis
3246 1919 3510 1978 Ecclesiae
3537 1935 3682 1977 mea:

2038 2011 2148 2066 tuis
2171 2013 2429 2068 manibus
2455 2014 2680 2082 tradidi,
2712 2024 2768 2070 et
2797 2029 2965 2085 super
2995 2029 3118 2070 eam
3153 2023 3205 2070 te
3233 2015 3369 2070 mihi
3401 2015 3683 2071 vicarium

2036 2105 2214 2173 posui,
2247 2120 2413 2175 quam
2452 2107 2662 2178 proprii
2711 2107 2998 2180 sanguinis
3029 2106 3297 2164 effusione
3343 2109 3573 2165 redemi.
3608 2108 3682 2165 Et

2039 2194 2087 2250 si
2117 2211 2294 2265 pauca
2327 2207 2457 2252 sunt
2490 2197 2594 2254 ista
2621 2239 2636 2264 ,
2688 2199 2857 2256 etiam
2912 2200 3268 2256 monarchias
3300 2201 3485 2257 addidi
3517 2217 3532 2257 :
3567 2202 3681 2259 imo

2036 2285 2254 2342 sublato
2307 2299 2437 2358 rege
2482 2289 2550 2344 de
2597 2289 2779 2346 medio
2806 2331 2820 2356 ,
2861 2290 3028 2346 totius
3059 2289 3292 2347 Romani
3329 2292 3545 2363 imperii
3577 2308 3679 2349 va-

2037 2378 2214 2435 cantis
2247 2377 2341 2434 tibi
2373 2378 2498 2448 jura
2527 2381 2774 2451 permisi.
2812 2401 2830 2434 »
2864 2381 2979 2454 Ego
3005 2383 3212 2455 itaque,
3245 2384 3338 2454 qui
3371 2383 3469 2440 tibi
3500 2393 3680 2453 tanta,

2035 2477 2090 2523 et
2123 2468 2250 2523 talia
2286 2471 2537 2540 prmstiti,
2576 2471 2775 2542 legem,
2811 2473 2927 2532 sive
2968 2474 3240 2545 justitiam
3291 2475 3347 2530 in
3397 2484 3490 2532 tuo
3540 2491 3677 2532 exa-

2036 2559 2187 2615 mine
2215 2576 2323 2617 non
2353 2562 2572 2618 invenio
2604 2578 2619 2618 :
2648 2572 2815 2634 atque
2848 2581 2879 2620 a
2911 2566 3022 2622 tuis
3071 2566 3443 2624 tribunalibus
3470 2569 3677 2641 despe-

2035 2661 2250 2716 ctus,et
2280 2651 2518 2709 incultus
2547 2655 2803 2711 abscedo.
2825 2654 2883 2711 Si
2899 2670 3033 2730 ergo
3049 2665 3126 2725 te,
3151 2657 3401 2730 piissime
3425 2660 3676 2727 domine,

2036 2743 2104 2811 is,
2129 2745 2219 2815 qui
2235 2743 2586 2813 judicaturus
2605 2757 2692 2806 est
2709 2748 2864 2806 vivos
2887 2757 2944 2810 et
2962 2753 3346 2822 mortuos,,ltis
3367 2753 3554 2809 verbis
3579 2754 3680 2808 imo

2035 2846 2272 2908 peteret,
2306 2840 2438 2910 quid
2487 2841 2555 2898 ad
2585 2841 2703 2898 haec
2749 2851 2841 2899 tua
2872 2845 3146 2902 sanctitas
3174 2847 3554 2904 excusationis
3579 2861 3680 2920 ope

2035 2932 2305 3001 poneret?
2361 2931 2505 3000 Quid
2564 2933 2950 3006 allegationis,
3016 2937 3149 3008 quid
3208 2936 3548 2996 defensionis
3604 2941 3680 2998 ad

2035 3026 2380 3095 purgandum
2413 3040 2474 3085 se
2511 3041 2700 3084 coram
2736 3043 2824 3095 eo,
2879 3030 2974 3101 qui
3019 3033 3506 3103 argumentatione
3557 3049 3675 3090 nox:

2037 3115 2266 3184 fallitur,
2302 3118 2610 3176 inveniret?
2636 3120 2756 3177 Jam
2794 3122 2981 3194 itaque
3029 3123 3184 3180 zelus
3209 3122 3478 3181 faciendae
3502 3124 3676 3196 justi-

321 3210 491 3264 ορυιος
527 3209 668 3272 levo,
723 3211 878 3281 cujus
905 3186 1039 3272 ίιιωο
1071 3230 1200 3287 erga
1248 3233 1334 3273 me
1378 3186 1494 3275 ne};
1535 3186 1687 3290 ius“;
1730 3225 1930 3286 οοουιιί
1960 3186 2006 3251 C
2043 3208 2130 3263 tiae
2174 3211 2614 3268 sacratissimum
2646 3225 2846 3270 vestrae
2891 3217 3199 3274 clementiae
3228 3228 3421 3289 pectus
3468 3233 3679 3276 accen-

322 3303 569 3360 examinis
599 3306 959 3378 dispositione
1007 3311 1302 3382 perpendo.
1357 3313 1473 3370 Non
1509 3331 1640 3387 ergo
1668 3333 1787 3382 vos,
1837 3319 1934 3376 sed

322 3391 484 3460 ipsum
509 3411 665 3468 rogo,
693 3396 814 3452 sine
837 3399 990 3470 cujus
1017 3411 1153 3455 nutu
1183 3417 1283 3458 nec
1313 3402 1502 3459 folium
1522 3407 1738 3463 arboris
1761 3410 1932 3468 credo

320 3485 572 3555 defluere,
623 3499 682 3544 ut
718 3505 814 3546 cor
848 3501 1116 3558 vestrum,
1164 3496 1310 3566 quod
1342 3497 1394 3551 in
1443 3514 1608 3554 manu
1642 3510 1834 3570 tenet,
1884 3503 1930 3560 si

319 3579 437 3634 mihi
480 3585 629 3640 salus
657 3594 764 3654 est,
791 3587 846 3642 in
880 3602 1058 3644 meam
1082 3589 1340 3660 dignetur
1366 3594 1808 3654 benevolentiam
1840 3599 1929 3656 in.

322 3669 532 3730 chnare.

889 3791 1223 3852 EPISTOLA
1269 3798 1334 3854 V.

519 3917 588 3956 AD
628 3919 907 3962 VICTOIII
952 3923 991 3962 II
1047 3925 1306 3971 ιιωιηυιι
1349 3929 1697 3972 ΡΟΝΤΙΗΩΕΜ.

317 3990 814 4078 Αιξυμςκχωιη-
851 3998 1174 4078 Expostulat
1204 4020 1326 4078 cum
1360 4009 1622 4078 pontiﬁce
1657 4013 1921 4078 maximo,

378 4065 534 4148 quo
558 4066 858 4148 Ilen_ricnm
920 4065 1240 4148 quemdam‘
1260 4065 1530 4134 illustrem
1561 4065 1923 4148 virunthuI

377 4139 565 4200 spretis
612 4139 780 4211 rebus
823 4141 1075 4197 humanis
1109 4145 1173 4200 ad
1207 4145 1411 4203 Christi
1445 4151 1692 4207 militiam
1731 4139 1923 4211 conqu

378 4215 543 4292 gerat,
584 4223 612 4259 a
648 4209 975 4292 quihusdam
1007 4215 1207 4292 injuste
1233 4221 1444 4284 vexari,
1472 4230 1525 4275 et
1555 4209 1811 4292 opprimi
1837 4209 1916 4282 si-

379 4286 541 4361 neret.
576 4294 680 4347 pro
711 4296 818 4350 quo
847 4283 1009 4361 etiam
1037 4283 1316 4361 Christum
1344 4283 1686 4361 gravissimis
1712 4297 1762 4361 7
1800 4313 1922 4354 ver-

379 4344 454 4436 bis
494 4344 832 4436 loquentem
893 4355 1134 4436 inducit;
1201 4344 1916 4436 mone’tqueﬂpontiﬁcetu-,

377 4425 430 4468 ut
459 4419 638 4510 videat
667 4422 837 4510 etiam
873 4435 1035 4507 atque
1062 4430 1228 4510 etiam
1283 4447 1349 4486 ne
1381 4419 1454 4488 illi
1489 4419 1655 4510 de'se
1677 4419 1919 4510 conque-'-

380 4490 532 4552 renti,
585 4493 722 4560 quid
771 4490 1348 4570 possit'ireSpondere,
1406 4521 1512 4560 non
1565 4490 1916 4568 habeat—.Wl‘d

375 4569 679 4647 extremum
711 4569 1040 4647 arrogantiae
1169 4566 1644 4647 sesu'spicionem
1695 4566 1915 4647 avertit,
1951 4566 1998 4627 ί)

374 4633 723 4719 ostenditque
767 4633 1012 4719 ejusdem
1050 4640 1254 4719 Christi
1285 4633 1536 4719 exemplo
1583 4633 1923 4711 nonﬂdebe'r‘e

376 4709 526 4787 irasci
549 4718 672 4787 eos,
687 4709 1064 4787 q.ui_in_ali_qua
1091 4715 1308 4787 sublimi
1335 4709 1604 4787 potestate
1629 4709 1918 4780 constituti

373 4775 580 4856 sunt,Asi
612 4777 685 4830 ab
719 4775 1072 4839 inferioribus
1098 4775 1383 4856 dignitate,
1411 4793 1492 4845 sui
1525 4775 1918 4853 cilicii—adma;

376 4852 618 4900 neantur.

380 4956 578 5018 Domno
616 4962 846 5022 VIo-rom
895 4985 1121 5028 summa:
1169 4977 1315 5032 sedis
1375 4980 1648 5046 antistiti,
1695 4981 1917 5042 Patruus

318 5057 549 5111 peccator
575 5058 883 5114 monachus
916 5059 1154 5118 debitam
1199 5067 1519 5124 servitutem
1575 5071 1626 5126 in
1674 5071 1915 5132 Christo.

379 5141 594 5202 Miratur
616 5151 876 5216 mundus,
905 5155 1148 5224 piissime
1171 5157 1413 5227 domine,
1439 5178 1538 5218 cur
1559 5165 1687 5220 huic
1718 5167 1920 5224 misero

320 5227 582 5294 clementia
632 5252 822 5296 vestra
857 5253 1007 5302 tanto
1049 5256 1294 5320 tempore
1340 5269 1447 5309 non
1481 5258 1835 5326 compatitur,
1867 5268 1922 5314 et

322 5324 378 5418 a-l
420 5329 791 5389 ulciscendum
847 5345 954 5392 tam
1005 5352 1250 5398 cruenta:
1295 5347 1504 5418 rapina:
1552 5347 1762 5406 facinus
1803 5353 1920 5409 zelo

319 5412 515 5484 iustitia:
545 5441 653 5482 non
688 5440 956 5487 movetur.
991 5433 1242 5502 Quandiu
1272 5440 1423 5497 enim
1459 5451 1681 5502 terreno
1718 5448 1919 5506 srcculo

325 5509 593 5583 militavit,
657 5536 761 5575 sua
811 5525 994 5580 omnia
1045 5527 1186 5584 bona
1235 5533 1451 5589 naviter
1501 5535 1812 5609 [suaviter]
1865 5549 1921 5595 et

324 5605 480 5670 φ’ίθιθ
535 5615 819 5682 possedit;
876 5629 1165 5692 postquam
1213 5639 1344 5682 vero
1393 5605 1657 5686 sub—alas
1709 5605 1917 5689 Christi

326 5698 610 5795 Cll-lnIllgIllnl
639 5707 820 5777 petiit,
848 5722 1134 5785 postquam
1157 5715 1305 5774 Petri
1331 5731 1552 5777 secutus
1583 5724 1915 5795 exemplum,

328 5787 537 5854 dimissis
563 5799 824 5857 omnibus
847 5846 862 5870 ,
913 5807 979 5862 ad
1025 5811 1283 5867 sectanda
1337 5810 1721 5885 Redemptoris
1753 5817 1918 5873 vcsti-

2039 3302 2153 3367 dat,
2182 3302 2296 3374 jam
2327 3305 2485 3376 vigor
2528 3306 2932 3365 Ecclesiastica:
2962 3309 3266 3381 disciplinae
3310 3311 3366 3366 in
3405 3311 3680 3368 ultionem

2036 3409 2097 3450 se
2131 3395 2400 3465 plcctendi
2443 3399 2690 3456 criminis
2733 3410 2962 3468 exerat;
3015 3411 3070 3457 et
3123 3403 3176 3459 in
3221 3403 3531 3474 exspoliato
3578 3406 3677 3462 ho-

2037 3476 2183 3542 mitie
2209 3487 2492 3544 Christum
2539 3506 2639 3546 suo
2680 3491 2815 3561 juri,
2861 3503 3176 3566 contempta
3231 3497 3524 3567 impiorum
3577 3499 3677 3553 ho-

2032 3579 2239 3636 minum
2283 3582 2780 3654 tergiversatione,
2825 3588 3101 3643 restituat.
3160 3587 3506 3646 Exhibeatur
3560 3591 3668 3645 mi-

2031 3685 2158 3727 sero
2188 3687 2314 3727 cum
2343 3675 2671 3731 sacerdotali
2701 3677 2910 3747 pietate
2936 3679 3176 3749 justitia,
3201 3681 3430 3750 prodeat
3458 3682 3510 3736 in
3539 3697 3679 3752 per-

2031 3778 2250 3822 versum
2326 3782 2453 3823 cum
2523 3769 2687 3840 regia:
2781 3770 3279 3829 animadversionis
3363 3775 3672 3830 severitate

2033 3873 2306 3925 censura;
2361 3872 2635 3932 quatenus
2683 3862 2776 3933 qui
2818 3864 2913 3919 tibi
2967 3866 3195 3922 tradidit
3243 3867 3297 3922 in
3348 3868 3674 3925 hominibus

2030 3959 2380 4019 potestatem,
2421 3952 2476 4008 in
2505 3955 2805 4026 semetipso
2848 3957 3168 4026 experiatur
3214 3956 3404 4028 legalis
3431 3958 3670 4029 justitia:

2029 4041 2398 4099 defensorem.

2099 4157 2268 4214 Parce
2294 4159 2376 4214 ori
2407 4175 2553 4226 meo.
2573 4163 2902 4219 venerabilis
2930 4163 3114 4228 Pater,
3150 4180 3250 4222 nec
3280 4167 3445 4223 homo
3479 4168 3656 4223 homi-

2028 4252 2114 4307 nis
2166 4253 2448 4310 humiliter
2480 4259 2828 4327 suggerentis
2879 4260 3048 4314 verba
3101 4259 3316 4327 fastidi;
3367 4277 3490 4315 cum
3523 4262 3671 4332 εει

2023 4347 2376 4418 υιιιηίροιεηδ
2408 4348 2552 4404 Deus
2599 4350 2916 4406 hominibus
2946 4353 3090 4408 dicat
3135 4370 3147 4406 :
3183 4373 3201 4405 ι
3239 4354 3432 4410 Venite
3477 4366 3532 4411 et
3565 4372 3657 4412 ar-

1993 4438 2175 4508 ‘guitc
2203 4455 2292 4495 me
2327 4439 2467 4511 (lsa.
2503 4443 2564 4513 t).
2609 4462 2628 4494 ι

2603 4578 2946 4637 EPISTOLA
2989 4580 3076 4636 VI.

2263 4709 2330 4747 AD
2370 4708 2640 4750 NICOLAIIM
2687 4711 2724 4749 II
2765 4712 3025 4752 ROIANUM
3069 4713 3418 4755 X'ONTIFICEI.

2206 4802 2478 4873 (Habetur
2504 4815 2635 4861 tom.
2669 4805 2768 4863 III
2799 4820 2978 4880 estque
3003 4813 3320 4881 apusrulum
3360 4814 3474 4883 I7).

2586 4945 2930 5006 EPISTOLA
2975 4951 3088 5007 VII.

2131 5073 2198 5112 AD
2238 5074 2460 5114 Ευιίυεμ
2502 5077 2772 5120 NICOLAUM
2817 5081 2856 5119 ιι
2901 5082 3163 5122 ROMANI}!
3204 5086 3556 5132 I'ONTIFICEI.

2025 5174 2432 5257 Ancunuuruu.
2469 5208 2540 5261 —:
2571 5178 2892 5261 gratulatur
2932 5184 3112 5261 primo
3153 5185 3380 5261 Nicolao
3411 5196 3660 5261 pontiﬁci

2101 5248 2362 5322 tnax_imo,
2397 5249 2541 5322 quod
2585 5250 2675 5306 illo
2708 5253 2875 5308 totius
2905 5248 3054 5310 orbis
3083 5257 3331 5315 habenas
3364 5248 3657 5322 tn'oderan:

2103 5328 2176 5394 te,
2210 5318 2452 5394 Ecclesia
2503 5321 2595 5376 Dei
2635 5339 2828 5394 magna
2861 5327 3256 5394 tranquillitate
3286 5343 3341 5387 et
3385 5318 3657 5393 felicitate

2103 5389 2397 5444 frueretur.
2433 5393 2638 5478 peinde
2682 5389 3059 5478 misericordia
3092 5415 3426 5478 commotus,
3456 5389 3655 5478 depre:

2101 5471 2257 5537 catur
2284 5477 2382 5537 pro
2425 5464 2816 5537 Anconitanis,
2867 5469 2962 5537 qui
3005 5486 3034 5523 a
3085 5473 3353 5529 catholica
3397 5464 3653 5535 cominu-

2098 5532 2527 5615 nioncsubmoti
2566 5535 2800 5593 fuerant.
2846 5532 2981 5595 Orat
3014 5541 3180 5612 igitur
3209 5532 3648 5615 pontiﬁcerr.,ut

2097 5620 2219 5682 eum
2254 5604 2358 5658 illis
2387 5605 2577 5682 mitius
2603 5619 2728 5678 agat
2762 5629 2774 5663 :
2811 5622 2866 5664 et
2896 5604 3239 5682 gravissimis
3267 5619 3396 5671 viris
3432 5620 3479 5674 in
3513 5604 3647 5676 con;

2096 5675 2276 5759 silium
2333 5675 2932 5759 adhibitisftandemi
2958 5687 3276 5751 constituat,
3323 5706 3427 5759 quo
3477 5675 3645 5759 pacto

2095 5745 2342 5832 iufelicus
2390 5748 2638 5832 houtines
2685 5767 2713 5804 a
2761 5755 3109 5832 sempiternm
3158 5745 3355 5814 mortis
3394 5745 3643 5832 periculo

2096 5816 2404 5875 subtrahat.
2457 5821 2685 5876 Demunt
2737 5838 2850 5881 sua:
2883 5816 3139 5884 'audacite
3189 5816 3408 5887 veniani
3453 5816 3638 5906 petit;
