5904 6602
1164 452 1294 509 libi

2574 440 2637 495 IN
2665 433 3037 494 JEREMIAM.

4318 428 4455 484 “62

1158 562 1422 626 serviens,
1456 560 1709 631 pietatem
1744 557 1912 613 divini
1941 556 2117 612 cultus
2146 554 2448 621 ignorabat.
2485 552 2612 606 ΙΙωο
2646 567 2741 604 auo
2772 562 2819 618 Α
2851 560 2973 599 nem
3001 542 3219 613 generis
3243 541 3471 595 humant
3505 557 3559 631 in
3590 540 3851 595 mundum
3890 555 4033 594 nunc
4063 548 4210 627 venit
4234 551 4297 591 ex
4332 538 4455 593 Vir-

1161 667 1268 709 tem
1304 655 1475 723 pietas
1508 652 1695 708 Graece
1738 651 1939 704 dicitur
1983 649 2289 704 θεοσέϐιιαν.
2324 644 2583 698 ,Ιειιιίιίειιε
2614 658 2745 697 vero

1158 743 1384 813 populus
1431 743 1583 797 dives
1630 742 1933 803 exstiterat,
1965 740 2089 809 quia
2138 737 2264 790 dum
2314 736 2589 799 Sabbata,
2640 736 2747 788 cir.

1156 836 1565 896 cumcisionem,
1598 833 1910 887 neomenias
1940 844 2236 897 omnesque
2265 828 2623 887 caeremonias
2661 827 2745 883 di-

1156 927 1298 980 vintn
1328 927 1463 995 legis
1511 925 1743 993 accepit,
1781 934 2037 992 tanquam
2083 920 2315 990 copiosis
2346 917 2588 973 thesauri
2637 932 2747 972 cu:-

1158 1015 1312 1071 Iestis
1358 1015 1562 1069 divitiis
1603 1014 1915 1069 abundavit.
1947 1012 2153 1077 Quibus
2196 1010 2498 1065 exuberare
2545 1008 2747 1063 divitiis

1156 1105 1470 1162 Corinthios
1510 1103 1623 1171 jam
1670 1118 1965 1159 conversus
2012 1101 2212 1156 Paulus
2254 1100 2590 1165 exsultabat,
2620 1114 2745 1155 cum

1154 1196 1364 1251 diceret
1395 1214 1407 1248 :
1443 1212 1463 1247 ι
1500 1194 1718 1266 Grati.
1744 1209 1846 1264 ago
1870 1193 1980 1249 Deo
2004 1208 2125 1248 meo
2150 1207 2364 1264 semper
2390 1207 2487 1263 pro
2509 1191 2663 1247 vobis
2690 1192 2744 1246 in

1153 1287 1330 1357 gratia
1358 1287 1475 1352 Dei,
1515 1303 1636 1357 qum
1656 1287 1781 1341 data
1808 1295 1892 1341 est
1916 1286 2069 1341 vobis
2099 1287 2152 1340 in
2188 1285 2405 1341 Christo
2436 1282 2586 1351 Iesu,
2619 1284 2744 1355 quia

1155 1376 1208 1430 in
1234 1375 1488 1431 omnibus
1516 1376 1711 1431 divites
1742 1374 1869 1431 lacti
1896 1375 2028 1430 estis
2054 1376 2108 1430 in
2139 1375 2252 1440 illo,
2296 1373 2462 1446 254
2496 1374 2551 1428 in
2596 1374 2744 1429 omni

1152 1466 1322 1522 verbo
1348 1475 1405 1521 et
1442 1466 1493 1520 in
1524 1466 1671 1520 omni
1702 1466 1953 1531 scientia,
1980 1466 2053 1521 ita
2084 1475 2145 1520 ut
2172 1465 2308 1520 nihil
2334 1465 2489 1521 vobis
2519 1465 2660 1520 desit
2689 1465 2742 1519 in

1153 1553 1260 1607 ulla
1300 1556 1476 1627 gratia
1506 1554 1565 1625 (l
1606 1552 1728 1610 Cor.
1766 1558 1841 1619 ι).
1886 1575 1905 1608 ι
1936 1556 2189 1611 Salvator
2236 1570 2367 1626 ergo
2415 1564 2601 1613 noster
2647 1570 2744 1625 pro

1155 1653 1349 1709 morte,
1380 1660 1541 1715 quam
1593 1648 1645 1701 in
1696 1662 1755 1702 se
1788 1648 2047 1716 suscepit,
2088 1646 2225 1701 duos
2271 1648 2338 1701 de
2369 1656 2544 1703 morte
2592 1661 2743 1702 resu-

1151 1734 1378 1789 scitatos
1425 1736 1572 1790 Patri
1626 1736 1854 1806 populos
1885 1735 2119 1791 reddidit
2161 1753 2175 1791 :
2213 1736 2484 1792 Gentilem
2511 1737 2738 1800 scilicet,

1150 1826 1240 1893 qui
1273 1826 1606 1880 daemonibus
1637 1826 1765 1881 olim
1801 1827 1962 1896 impie
1992 1827 2297 1890 serviebat,
2336 1838 2390 1882 et
2430 1827 2736 1889 Iudaicum,

2849 638 2990 705 gine,
3031 646 3083 690 et
3121 649 3217 703 per
3262 611 3654 689 incarnationis
3683 649 3793 687 sure
3825 634 4144 703 mysterium
4168 620 4185 697 ,’
4211 634 4305 701 qui
4334 631 4452 685 Rex

2848 741 2994 782 esset
3028 740 3083 781 et
3113 727 3373 782 Dominus
3400 727 3616 781 cunctis
3646 726 3897 796 gentibus
3942 726 4198 779 indicavit
4220 766 4233 785 .
4277 725 4332 778 in
4364 739 4455 779 ve-

2848 824 3107 876 stimento
3149 830 3204 875 et
3233 820 3440 874 femore
3486 820 3748 889 scriptum
3788 820 3979 873 habuit
4013 836 4027 873 :
4065 838 4081 869 ι
4116 818 4231 871 Rex
4263 832 4452 889 regum

2850 924 2906 969 et
2933 914 3201 967 Dominus
3228 913 3647 970 dominantium.
3681 932 3698 963 ι
3730 911 3884 967 Unde
3930 912 4074 965 enim
4123 910 4324 965 mundo
4371 911 4455 965 itt-

2848 1005 3048 1067 notuit,
3079 1004 3151 1058 ibi
3192 1004 3481 1057 scientiam
3528 1018 3641 1059 sua:
3670 1004 3973 1070 majestatis
4016 1002 4312 1072 inscripsit.
4342 1000 4455 1057 Hoc

2847 1106 3026 1150 autem
3060 1095 3433 1150 indumentum
3465 1092 3688 1150 rubrum
3715 1096 3991 1167 prophetae
4016 1096 4283 1165 apparuit,
4322 1096 4450 1163 quia

2848 1188 3180 1257 ltcdemptor
3216 1198 3401 1243 noster
3432 1189 3711 1258 proprium
3745 1204 3845 1258 pro
3875 1189 4244 1257 redemptione
4266 1197 4451 1242 nostra

2850 1277 3172 1348 sanguinem
3213 1277 3371 1331 fudit.
3424 1277 3523 1331 Ctti
3578 1278 3692 1347 ipse
3738 1278 4019 1347 respondit
4070 1294 4085 1331 :
4136 1296 4153 1328 ι
4190 1276 4456 1332 Torculat'

2846 1365 3051 1420 calcavi
3108 1364 3259 1420 solus
3312 1374 3366 1420 et
3415 1366 3483 1420 de
3528 1367 3780 1436 gentibus
3830 1382 3937 1420 non
3967 1376 4053 1420 est
4103 1366 4186 1419 vir
4236 1380 4450 1421 mecum

2850 1455 3008 1526 (Isai.
3036 1457 3216 1527 unt).
3248 1474 3267 1509 ι
3298 1456 3459 1511 Solus
3502 1459 3647 1512 enim
3688 1455 3948 1524 torcular,
3979 1460 4034 1513 in
4064 1472 4171 1529 quo
4210 1459 4457 1515 calcatus

2847 1556 2958 1611 est,
2987 1548 3239 1612 calcavit,
3271 1548 3397 1618 quia
3434 1563 3530 1602 sua
3561 1549 3804 1617 potentia
3832 1564 3953 1603 eam
4000 1565 4163 1618 quam
4195 1549 4458 1604 sustinuit

2846 1640 3155 1707 passionem
3188 1640 3336 1693 vicit.
3376 1639 3512 1693 Nam
3555 1639 3648 1709 qui
3678 1655 3851 1709 usque
3879 1641 3946 1694 ad
3995 1650 4225 1694 mortem
4273 1641 4456 1696 crucis

2846 1729 3144 1797 patibulum
3177 1728 3421 1799 pertulit,
3459 1729 3527 1784 de
3555 1740 3731 1785 morte
3770 1730 3883 1801 ipsa
3916 1746 4038 1785 cum
4065 1732 4233 1800 gloria
4263 1746 4450 1787 resur-

2847 1821 3008 1874 rexit.
3035 1818 3183 1874 Bene
3211 1829 3393 1876 autem
3428 1820 3629 1876 dicitur
3660 1838 3674 1875 :
3705 1840 3723 1873 ι
3757 1823 3821 1875 Ει
3852 1824 3917 1877 de
3948 1824 4202 1893 gentibus
4229 1838 4336 1878 non
4366 1833 4455 1879 est

1148 1916 1271 1985 qui,
1303 1919 1548 1986 quamvis
1587 1921 1922 1974 occidentem
1951 1918 2186 1973 litteram
2234 1928 2420 1973 tenens
2463 1929 2518 1975 et
2566 1919 2742 1975 viviﬁ-
2778 1914 2820 1969 Β
2850 1914 2932 1968 vir
2993 1927 3209 1969 mecum
3269 1913 3505 1985 (Ibid.);
3547 1933 3566 1966 ι
3621 1916 3750 1985 quia
3809 1915 3884 1980 ii,
3937 1932 4035 1987 pro
4089 1917 4286 1985 quibus
4338 1919 4453 1986 pati

1150 2013 1360 2059 cantem
1404 2007 1653 2075 spiritum
1686 2008 1956 2073 nesciens,
1986 2008 2181 2064 divina:
2219 2018 2396 2063 tamen
2439 2008 2571 2077 legis
2611 2009 2748 2064 divi—

1149 2092 1248 2147 tias
1276 2094 1608 2165 possidebat.

1764 2205 1992 2262 CAPUT
2035 2206 2122 2261 IX.

1284 2310 1353 2369 In
1383 2315 1599 2370 homilia
1634 2318 1698 2371 de
1722 2320 1992 2373 nativitate
2025 2320 2087 2375 S.
2129 2320 2319 2374 Mat-ite
2358 2322 2598 2391 virginis.

1222 2423 1240 2455 ι
1273 2404 1407 2474 Quis
1434 2417 1518 2463 est
1543 2410 1660 2470 iste,
1688 2410 1779 2478 qui
1812 2410 1960 2464 venit
1989 2412 2056 2463 de
2080 2412 2269 2477 Edom,
2297 2414 2480 2469 tinetis
2499 2415 2743 2471 vestibus

1146 2493 1211 2547 de
1260 2493 1468 2550 Bosra?
1504 2516 1521 2548 ι
1558 2498 1624 2551 Et
1665 2499 1824 2567 paulo
1872 2508 1989 2570 post
2024 2519 2036 2553 :
2072 2519 2089 2551 ι
2128 2501 2307 2567 Quare
2352 2518 2481 2574 ergo
2516 2504 2741 2560 rubrum

1146 2594 1227 2639 est
1275 2586 1648 2643 indumentum
1684 2599 1854 2654 tuum,
1892 2599 1945 2645 et
1984 2593 2364 2647 vestimentum
2416 2602 2566 2649 tuum
2599 2596 2740 2653 sicut

1145 2676 1471 2733 calcantium
1503 2680 1555 2733 in
1590 2681 1884 2735 torculari?
1916 2699 1934 2735 ι
1971 2681 2125 2753 (lsai.
2155 2685 2333 2754 thn.)
2363 2686 2738 2744 lndumentum

1146 2768 1343 2837 quippe
1391 2768 1591 2824 Christi
1638 2771 1771 2825 nihil
1825 2780 1911 2826 est
1956 2771 2134 2837 aliud,
2184 2774 2286 2829 nisi
2333 2790 2534 2846 corpus
2594 2778 2737 2847 quod

1143 2858 1369 2926 sumpsit
1415 2872 1484 2914 ex
1531 2861 1743 2914 domina
1787 2870 1843 2916 et
1890 2862 2099 2931 virgine
2152 2862 2341 2921 Maria.
2396 2864 2506 2920 Nec
2552 2875 2735 2922 tamen

1144 2945 1287 3001 aliud
1319 2956 1403 3002 est
1442 2950 1822 3005 vestimentum
1872 2952 1990 3021 ejus
2034 2960 2196 3021 atque
2244 2953 2390 3007 aliud
2424 2955 2555 3024 ipse.
2598 2955 2735 3014 Nam

1145 3045 1392 3093 nostrum
1432 3053 1647 3109 quoque
1693 3040 2077 3097 vestimentum
2108 3058 2233 3097 caro
2262 3043 2483 3110 dicitur,
2515 3046 2610 3101 sed
2647 3055 2732 3101 ta-

1142 3140 1265 3181 men
1304 3128 1404 3197 ipsi
1457 3144 1556 3184 nos
1601 3137 1791 3185 sumu‘s
1839 3146 1989 3196 caro,
2037 3148 2142 3201 qua
2190 3134 2467 3188 vestimur.
2514 3135 2590 3190 De
2625 3151 2733 3205 quo

2854 2015 3099 2069 venerat,
3140 2006 3415 2075 passionis
3464 2007 3582 2077 ejus
3628 2022 3753 2063 esse
3805 2008 4104 2077 participes
4151 2010 4451 2073 debebant;

2851 2094 2945 2163 qui
2992 2109 3091 2164 pro
3122 2110 3211 2158 eo,
3252 2096 3395 2164 quod
3433 2097 3665 2151 necdum
3704 2096 4077 2163 crediderant,
4127 2099 4193 2153 de
4230 2098 4362 2168 ipsis
4400 2099 4455 2153 in

2850 2186 3254 2238 resurrecnone
3281 2185 3636 2254 conqueritur
3660 2201 3891 2255 quorum
3914 2195 4023 2239 vita
4054 2187 4108 2239 in
4134 2186 4253 2256 ejus
4279 2196 4456 2244 morte

2847 2276 3214 2342 quaerebatur.
3474 2346 3705 2403 CAPUT
3748 2348 3793 2401 ἶ

2846 2433 2910 2488 1η
2941 2436 3162 2505 epistola
3198 2438 3270 2509 ad
3308 2435 3650 2509 Cunibertum
3695 2440 3994 2509 episwpum
4045 2439 4451 2509 Taurinctuem,

3222 2508 3287 2561 de
3318 2508 3698 2563 incontinentia
3736 2508 3944 2564 clerico
3984 2528 4072 2564 tm.

2912 2595 2967 2648 lu
3018 2597 3329 2665 pastoribus
3372 2596 3592 2667 quidem
3652 2599 3860 2655 inutilis
3896 2615 4018 2655 esse
4070 2602 4301 2658 castitas
4328 2603 4453 2674 jure

2841 2683 3178 2751 derernitnr,
3212 2702 3331 2756 quae
3378 2703 3437 2742 se
3484 2688 3563 2742 sic
3594 2689 3817 2744 exhibet
3864 2692 4131 2757 sterilem,
4182 2703 4241 2748 ut
4288 2695 4450 2751 alia-1t

2840 2791 2946 2829 non
2990 2777 3170 2846 patiat
3220 2779 3561 2845 castitatem,
3612 2784 3913 2850 praesertim
3965 2799 4088 2839 eum
4142 2787 4256 2855 ipse
4310 2788 4451 2844 Deus

2839 2868 3189 2937 omnipotens
3238 2884 3336 2939 per
3386 2870 3579 2926 Isaiam
3618 2893 3629 2926 :
3662 2892 3680 2923 ι
3715 2873 3971 2945 Nunquid
4013 2892 4135 2948 ego,
4174 2880 4266 2948 qui
4314 2880 4450 2937 alios

2838 2970 3032 3024 parere
3062 2957 3220 3018 facio.
3247 2960 3361 3028 ipse
3384 2976 3492 3014 non
3523 2962 3754 3030 pariam,
3772 2963 3905 3019 dicit
3929 2964 4223 3021 Dominus?
4244 2986 4260 3019 ι
4284 2967 4444 3039 (Isai.

2836 3048 3005 3117 ιινι.)
3066 3047 3164 3103 Ubi
3210 3054 3506 3106 notandum
3558 3054 3685 3123 quia
3736 3055 3896 3121 dum,
3964 3073 4072 3112 non
4134 3058 4300 3123 alias,
4348 3066 4444 3116 sed

2835 3128 2971 3194 alios
3004 3155 3199 3209 parere
3246 3140 3419 3210 facio,
3450 3144 3623 3209 dicat,
3661 3145 3898 3201 virorum
3938 3149 4119 3219 potius
4150 3166 4212 3206 ac
4260 3162 4444 3222 pasto-

1141 3214 1465 3270 vestimento
1514 3232 1610 3286 per
1644 3216 1907 3273 Joannem
1942 3219 2179 3275 dicitur:
2218 3240 2235 3271 ι
2274 3222 2520 3278 Habebat
2555 3225 2609 3279 in
2640 3241 2730 3278 ve-
2761 3263 2805 3320 Ο
2842 3244 2960 3282 rum
2992 3230 3253 3289 Ecclesiae.
3302 3230 3444 3288 fetus
3474 3244 3768 3291 exspectat.
3821 3214 3994 3293 Malus
4033 3248 4215 3294 autem
4260 3214 4450 3311 pastor

1138 3304 1397 3361 alimento
1434 3317 1490 3363 et
1536 3308 1589 3363 in
1636 3308 1841 3365 femore
1886 3326 1984 3365 suo
2030 3313 2291 3382 scriptum
2325 3330 2337 3366 :
2382 3314 2495 3368 Rex
2544 3330 2729 3387 regum
2762 3302 2805 3321 ”
2843 3336 2965 3374 cum
2997 3322 3186 3377 eodem
3220 3325 3486 3393 propheta
3517 3336 3693 3395 potest
3721 3326 3958 3396 lugendo
3978 3302 4297 3387 cantarent
4326 3334 4446 3392 Non

1140 3402 1193 3447 et
1240 3393 1503 3451 Dominus
1535 3398 1929 3453 dominantium
1962 3400 2139 3469 (Apoc.
2177 3402 2319 3471 xtx).
2353 3421 2371 3455 ι
2412 3402 2514 3459 Per
2556 3404 2732 3461 femur

1139 3486 1337 3560 quippe
1360 3491 1680 3560 propagatio
1706 3492 1890 3546 carnis
1939 3492 2017 3547 lit.
2044 3492 2145 3559 Qui
2181 3509 2311 3565 ergo
2352 3510 2449 3565 per
2486 3498 2733 3569 propagi-

2841 3413 3129 3481 partnrivi,
3159 3423 3213 3469 et
3237 3430 3346 3469 non
3373 3418 3578 3487 peperi,
3598 3428 3654 3473 et
3681 3435 3787 3474 non
3816 3423 4052 3479 enutrivi
4072 3422 4323 3491 juvenes.
4346 3443 4445 3484 nec

2842 3504 2909 3556 ad
2942 3505 3335 3560 incrementum
3363 3507 3590 3577 perduxi
3623 3508 3861 3580 virgines
3890 3511 4046 3583 (lsai.
4087 3515 4269 3587 xxnt).
4304 3536 4321 3567 ι

2367 3586 2675 3657 Expliciunt
2706 3592 3007 3648 testimonia
3038 3595 3217 3651 Isaia'.

2600 3712 2804 3723 «αι’-..-

2027 3763 2391 3843 255ο256
2430 3770 2772 3829 INCIPIUNT
2813 3776 3153 3833 CAPITULA
3192 3768 3533 3838 JEREML'E.

2749 4496 2943 4564 fuerat,
2970 4499 3185 4562 levatur,
3218 4499 3369 4566 funes
3392 4515 3437 4557 et
3465 4515 3649 4559 reteres
3677 4524 3879 4574 pannos
3903 4511 3970 4563 ml
3998 4528 4113 4564 eum
4144 4514 4433 4584 deponunt.

1208 3853 1260 3942 ᾗ..
1301 3857 1379 3942 ρο
1406 3860 1685 3942 occisione,
1720 3879 1876 3942 quam
1910 3861 2165 3942 Pontinas
2197 3865 2429 3942 minatur
2464 3864 2832 3942 Hierusalem,
2872 3871 2996 3937 quia
3026 3872 3412 3942 derelithrunt
3446 3892 3587 3930 eum.

1208 3930 1265 3983 Ξ.
1304 3927 1560 4025 Prtecepit
1598 3927 1853 4025 Dominus
1895 3931 2162 3996 Jeremiw,
2192 3941 2245 3983 ut
2277 3934 2434 3986 vadat
2470 3935 2539 3988 ad
2572 3927 2927 4004 Euphratem,
2972 3950 3017 3991 et
3050 3927 3338 3996 absea'ndat
3376 3927 3837 4014 ibi'inil‘oramine
3864 3962 4026 4019 petra:
4076 3950 4313 4006 lumbare
4339 3973 4440 4025 quo

1384 4009 1497 4053 erat
1525 4009 1857 4069 pra'ctnclns.

1208 4070 1264 4125 ὅ.
1304 4069 1463 4158 Πιλςο
1506 4070 1644 4138 quod
1689 4070 1881 4122 dicitur
1912 4069 2115 4158 iIQuozl
2146 4072 2332 4139 perdia:
2374 4072 2522 4141 facit,
2569 4089 2685 4145 qua:
2715 4091 2816 4129 non
2853 4082 3091 4147 peperit:
3121 4080 3242 4149 fecit
3288 4083 3523 4149 divitias,
3556 4096 3605 4140 et
3636 4103 3739 4141 non
3786 4089 3840 4141 in
3861 4089 4095 4158 judicio,
4134 4093 4187 4145 in
4218 4094 4440 4151 dimidio

1378 4139 1584 4210 dierum
1611 4156 1827 4193 suorum
1856 4140 2110 4210 relinquet
2142 4157 2250 4195 eas.
2376 4139 2383 4141 ’
2580 4139 2590 4145 ’
2853 4139 2864 4147 ”
2918 4139 2927 4147 ⁷
3121 4139 3131 4149 ’
3511 4139 3523 4149 ’
3564 4139 3570 4140 ί

1207 4208 1262 4264 4.
1306 4208 1458 4274 Quod
1476 4209 1763 4306 “Dominus
1806 4211 1878 4306 ait
1910 4208 2331 4306 perQ-Jirgmiam
2360 4226 2377 4263 .'
2406 4210 2663 4285 Nunquid
2707 4232 2809 4270 non
2841 4218 2994 4273 verba
3029 4236 3144 4274 mea
3188 4232 3311 4275 sunt
3337 4226 3491 4292 quasi
3518 4225 3685 4295 ignis,
3734 4228 3859 4280 dicit
3896 4228 4176 4298 Dominus,
4208 4244 4255 4288 et
4286 4239 4441 4306 quasi

1382 4277 1602 4330 malleus
1633 4288 1903 4332 conterens
1928 4282 2172 4346 petram?

1204 4348 1258 4404 ὅ.
1300 4347 1700 4438 ραοέξιὶιςρξιξιι
1736 4346 2401 4438 Deutinus—npbitatoribns
2433 4351 2766 4411 Hierusalem
2793 4357 3051 4425 gladium,
3090 4369 3136 4412 et
3165 4360 3381 4428 fantem,
3414 4374 3460 4417 et
3502 4374 3691 4435 pestem
3721 4383 3738 4420 :
3767 4384 3824 4420 eo
3866 4371 4008 4438 quod
4036 4388 4138 4426 non
4168 4375 4436 4432 audierint

1383 4417 1669 4487 prophetas
1696 4434 1823 4486 quos
1856 4419 2066 4471 miserat
2091 4420 2159 4472 ad
2188 4436 2297 4474 eos.

1209 4487 1263 4563 β.
1306 4485 1614 4563 ραᾳάηάιιηι
1638 4485 1984 4563 Ιεζρηιὶςιγςνςίε
2008 4498 2161 4563 pater,
2193 4492 2245 4544 in
2276 4507 2426 4559 quem
2455 4494 2719 4563 pmice,“

1203 4559 1255 4634 ξι.
1300 4555 1614 4634 yaledictus
1643 4558 1731 4625 qui
1761 4558 1992 4634 ῃνςώξᾷει
2018 4558 2253 4627 gladium
2288 4555 2503 4615 suum'a
2532 4555 2809 4634 sanguine.

1201 4627 1256 4684 8.
1299 4622 1583 4681 Inebriavit
1609 4622 1686 4677 me
1718 4628 1997 4681 absint/tio.

1200 4695 1257 4766 9.
1411 4712 1499 4766 ore
1528 4694 1779 4748 Altissimi
1808 4714 1910 4759 non
1935 4698 2170 4751 exierunt
2205 4716 2293 4753 nec
2320 4702 2473 4766 bona,
2513 4722 2603 4757 nec
2630 4706 2792 4760 mala.

1169 4764 1253 4821 £0.
1299 4764 1425 4817 Filii
1457 4764 1618 4832 Agar,
1647 4766 1735 4833 qui
1767 4767 2120 4832 exquisiertmt
2145 4764 2499 4838 prudentiam,
2528 4791 2645 4843 qua:
2673 4777 2738 4830 de
2761 4788 2902 4832 terra
2936 4790 3033 4846 est,
3061 4783 3193 4835 riam
3228 4784 3517 4852 sapientirr.

2335 4862 2637 4931 Explicinnt
2683 4869 2914 4937 capitula
2954 4871 3215 4928 Jeremitr.

2026 5053 2669 5147 INCIPIUNT
2743 5033 3541 5157 TESTIMONIA.

1648 5194 1875 5251 CAPUT
1914 5194 2202 5254 PRIMUM.

1135 5308 1199 5361 In
1237 5303 1456 5376 epistola
1498 5306 1567 5359 ad
1580 5304 1669 5387 .P.
1700 5307 2225 5387 archipresbyterum,
2272 5311 2362 5363 ubi
2400 5311 2631 5381 loquitur
2657 5316 2719 5369 de

1503 5392 1694 5429 ammte
1720 5392 2011 5445 egressione
2042 5395 2073 5429 α
2102 5395 2336 5447 εονμογε.

1205 5483 1227 5521 s
1261 5466 1401 5522 Ecce
1425 5480 1523 5535 ego
1563 5468 1872 5523 convocabo
1911 5481 2103 5524 omnes
2146 5472 2494 5541 cognationes
2523 5491 2714 5547 regno-

1136 5573 1247 5613 rum
1280 5557 1571 5626 aquilonis,
1604 5558 1681 5610 ait
1730 5558 2023 5623 Dominus;
2053 5568 2109 5613 et
2140 5561 2377 5627 venient,
2420 5576 2473 5617 et
2515 5578 2713 5633 ponent

1132 5648 1501 5718 unusquisque
1526 5648 1721 5703 solium
1755 5663 1910 5702 suum
1945 5650 1996 5703 in
2030 5650 2251 5705 introitu
2284 5662 2560 5723 portarum
2591 5658 2713 5713 Hie-

1132 5736 1386 5801 rusalem,
1419 5744 1470 5791 et
1502 5752 1664 5807 super
1684 5753 1873 5793 omnes
1905 5754 2089 5795 muros
2120 5739 2237 5808 ejus
2269 5743 2325 5798 itt
2364 5746 2614 5812 circuitu,
2662 5759 2714 5804 et

1130 5842 1288 5900 super
1327 5829 1609 5883 universas
1641 5830 1801 5883 urbes
1828 5829 1996 5893 Jttda;
2040 5840 2093 5885 et
2138 5832 2328 5903 loquar
2358 5838 2559 5906 judicia
2594 5858 2711 5895 tnea

1574 5922 1847 5981 Parnm.
1884 5917 2127 5979 CXLV.

2749 5209 2801 5267 Ι)
2828 5222 2949 5263 cum
2976 5226 3054 5266 ets
3083 5227 3245 5282 super
3270 5217 3418 5270 omni
3443 5217 3642 5271 malitia
3676 5234 3866 5275 eorum
3893 5224 3986 5292 qui
4018 5226 4432 5297 det‘cliqnornnt

2831 5314 2918 5355 me
2946 5301 3079 5371 (Jer.
3113 5304 3173 5371 t).
3205 5324 3225 5361 ι
3258 5304 3389 5371 Quae
3425 5307 3670 5377 profecto
3714 5314 3913 5379 verba,
3968 5316 4011 5369 si
4067 5326 4267 5385 pratler
4311 5322 4432 5379 illos

2832 5403 3057 5449 terrenae
3097 5394 3436 5453 Hierusalem
3475 5402 3621 5455 cives
3659 5403 3721 5456 ad
3756 5404 3892 5460 alios
3924 5421 4027 5461 non
4068 5411 4425 5479 resp‘cerent,

2824 5496 3170 5553 nequaquam
3223 5487 3386 5543 ltodie
3439 5491 3493 5543 in
3544 5502 3734 5546 sancta
3797 5494 4036 5550 Ecclesia
4083 5512 4425 5559 rescuarent.

2824 5570 2953 5637 Quae
2998 5583 3122 5627 sunt
3157 5575 3323 5645 igitur
3353 5577 3460 5632 illae
3488 5582 3841 5649 cognationes
3885 5601 4173 5653 regnorum
4219 5594 4426 5661 aquilo-

2821 5664 2927 5730 nis,
2978 5667 3080 5720 nisi
3131 5668 3489 5737 malignorum
3548 5675 3839 5743 spirituum
3902 5680 4309 5747 multitudines,
4374 5688 4427 5742 in

2821 5753 3030 5824 frigidis
3055 5757 3191 5811 adeo
3224 5761 3499 5816 mentibus
3523 5770 3757 5834 superbe
3789 5772 4113 5839 regnantes?
4139 5772 4203 5825 Hi
4229 5773 4424 5831 silium

2820 5859 2977 5901 suum
3010 5850 3381 5917 unusquisque
3412 5853 3462 5905 itt
3498 5854 3725 5910 introitu
3761 5869 4038 5915 portarunt
4085 5862 4423 5926 Hierusalem

4100 5952 4173 6010 37
