5904 6594
1129 480 1268 539 HCS

1124 688 1175 741 in
1202 684 1417 755 psalmo
1447 701 1459 735 :
1497 700 1515 733 ι
1550 680 1807 751 Correpti
1830 687 1974 739 sunt.
2016 676 2211 745 inquit,
2235 685 2289 730 et
2313 674 2702 729 abominabiles

1122 775 1248 832 {acti
1280 783 1406 830 sunt
1432 774 1483 828 in
1516 772 1882 844 voluptatibus
1912 772 2024 825 suis
2052 766 2224 838 (Paul.
2252 768 2392 839 aut).
2433 788 2451 819 ι

1742 859 1971 916 CAPUT
2009 857 2091 912 lli.

1528 954 1593 1007 In
1619 953 1837 1023 epistola
1860 953 1928 1005 ad
1964 947 2027 1005 Ρ.
2062 952 2319 1004 abbatem.

1195 1064 1215 1098 ι
1254 1044 1450 1101 Perdix
1503 1045 1635 1099 fovit
1665 1059 1785 1113 qua:
1821 1059 1927 1097 non
1953 1041 2186 1112 peperit;
2222 1042 2351 1095 fecit
2383 1042 2617 1105 divitias,
2654 1048 2708 1094 ct

1119 1152 1227 1193 non
1250 1137 1303 1190 in
1326 1134 1556 1203 judicio,
1607 1136 1661 1188 in
1690 1134 1911 1189 dimidio
1942 1133 2151 1187 dierum
2178 1148 2401 1187 suorum
2441 1133 2709 1200 relinquet

1118 1245 1235 1294 eas,
1263 1229 1400 1284 etin
1449 1229 1746 1283 novissimo
1774 1242 1871 1281 suo
1907 1226 2016 1280 erit
2049 1226 2307 1294 insipiens
2335 1225 2464 1294 (λετ.
2496 1227 2651 1294 xvn).
2683 1241 2702 1275 ι

1121 1318 1328 1390 Nempe
1369 1319 1519 1374 salvo
1567 1332 1653 1381 eo,
1683 1327 1739 1371 ut
1800 1317 1867 1370 de
1924 1316 2009 1369 his
2062 1317 2151 1384 qui
2201 1315 2406 1369 alienos
2460 1313 2710 1369 furantur

1119 1411 1373 1466 alumnos
1393 1411 1496 1465 hoc
1522 1410 1690 1480 possit
1718 1407 1964 1477 intelligi,
1998 1408 2206 1461 videtur
2244 1416 2420 1459 tamen
2450 1405 2516 1460 de
2546 1406 2710 1461 totius

1119 1510 1348 1556 auctore
1387 1500 1645 1569 nequitia:
1687 1498 2058 1569 principaliter
2088 1498 2216 1551 dici.
2268 1496 2524 1551 Diabolus
2563 1497 2708 1552 enim

1120 1600 1384 1660 tanquam
1419 1590 1610 1645 doctor
1631 1591 1683 1644 in
1712 1589 1968 1644 cathedra
2008 1587 2326 1655 pestilentia:
2352 1603 2516 1657 super
2536 1586 2709 1642 humi-

1119 1694 1221 1736 nes
1253 1682 1356 1735 sibi
1401 1681 1772 1750 magisterium
1806 1677 2084 1746 usurpavit
2132 1693 2267 1745 quos
2299 1677 2413 1747 ipse
2445 1693 2552 1733 non
2578 1694 2708 1733 con-

1119 1770 1280 1835 didit,
1333 1779 1389 1824 et
1440 1784 1684 1823 errorem
1740 1784 1834 1823 eos
1889 1768 2132 1823 docendo
2177 1770 2333 1837 quasi
2395 1767 2523 1823 fovit
2574 1783 2709 1838 quos

1117 1862 1356 1916 creando
1388 1876 1492 1914 non
1521 1861 1745 1930 peperit.
1779 1860 1927 1915 Fecit
1959 1860 2141 1928 itaque
2164 1859 2402 1924 divitias,
2442 1868 2498 1914 et
2524 1874 2630 1914 non
2655 1860 2707 1913 in

2520 468 2586 523 IN
2630 466 2996 523 JEREMIAM.

1120 564 1473 648 obsolescunt
1498 587 1550 642 in
1571 584 1870 657 squalentis
1890 583 2083 637 anima:
2119 579 2384 633 tarditate.
2412 576 2487 632 De
2510 578 2705 647 quibus
2738 592 2785 646 Α

4262 462 4406 522 ιίθε

3445 575 3671 632 CAPUT
3716 575 3777 630 ν.

2807 690 2874 743 In
2897 688 3115 759 epistola
3163 689 3229 741 ad
3258 687 3323 741 Ρ.
3360 688 3889 757 archipresbyterum,
3922 702 4079 756 super
4115 687 4412 757 egressiom

3325 759 3518 811 anima:
3542 759 3606 810 de
3645 773 3880 825 corpore.

2884 871 2903 903 ι
2934 850 3108 913 Ecce,
3141 849 3216 902 ait
3248 848 3540 911 Dominus,
3574 849 3784 901 mittam
3824 847 3876 901 in
3914 862 4007 902 eos
4034 846 4113 917 (in
4145 849 4291 903 cives
4318 850 4405 901 vi-

2810 941 3003 997 delicet
3031 937 3394 1007 Hierusalem)
3415 938 3674 1006 gladium,
3696 946 3750 991 et
3772 936 3992 1001 famem,
4020 947 4076 992 et
4101 948 4334 1007 pestem,
4356 947 4415 992 et

2811 1045 2969 1090 erunt
3006 1035 3060 1088 in
3093 1033 3557 1095 maledictionem,
3593 1040 3648 1085 et
3677 1041 3976 1101 stuporem,
4009 1040 4064 1085 et
4090 1032 4143 1085 in
4169 1029 4410 1092 sibiimn,

2810 1137 2863 1181 et
2901 1126 2953 1180 in
2981 1124 3355 1195 opprobrium.
3389 1142 3407 1175 ι
3434 1122 3546 1177 Cur
3580 1123 3653 1176 sit
3681 1123 3783 1177 hoc
3818 1122 4043 1186 factum,
4073 1121 4415 1190 aperit,oum

2812 1215 3128 1285 subiungit:
3168 1231 3187 1263 ι
3215 1213 3290 1267 Eo
3323 1212 3467 1280 quod
3512 1226 3619 1266 non
3666 1211 3962 1274 audierint,
3993 1210 4191 1279 inquit,
4245 1209 4414 1264 verba

2815 1319 2955 1367 mea,
2979 1318 3100 1373 qua:
3126 1303 3251 1357 misi
3282 1303 3348 1355 ad
3370 1317 3466 1355 eos
3496 1316 3591 1370 per
3619 1315 3805 1355 servos
3828 1314 3980 1355 meos
4004 1299 4324 1368 prophetas,
4342 1300 4414 1354 de

2813 1402 2972 1450 nocte
2999 1408 3335 1461 consurgens
3360 1402 3417 1448 et
3455 1393 3680 1446 mittens
3710 1390 3846 1463 (Jer.
3872 1390 4051 1455 nu).
4083 1410 4101 1441 ›
4134 1391 4291 1458 Quod
4319 1406 4419 1447 au-

2814 1496 2923 1541 tem
2953 1485 3108 1550 dicit,
3139 1484 3206 1539 de
3248 1493 3408 1538 nocte
3452 1497 3811 1554 consurgens,
3846 1482 4095 1537 mittendi
4146 1482 4418 1537 sollicitu-

2814 1575 2994 1630 dinem
3023 1573 3228 1628 indicat
3255 1580 3310 1627 et
3333 1572 3677 1627 velocitatem
3706 1580 3766 1624 ut
3805 1585 3911 1623 non
3946 1571 3999 1623 in
4028 1568 4175 1624 verbi
4212 1570 4416 1639 praedi-

2813 1667 3111 1731 catoribus,
3142 1665 3236 1720 sed
3268 1664 3321 1718 in
3380 1662 3724 1718 auditoribus
3758 1662 3938 1732 potius
3978 1671 4166 1730 torpor
4196 1661 4418 1716 desidia:

2814 1760 2994 1814 valeat
3023 1755 3276 1811 inveniri.
3306 1754 3444 1809 Cum
3495 1754 3684 1822 itaque
3736 1753 3880 1809 Deus
3926 1753 4273 1823 omnipotens
4318 1753 4423 1807 hu-

2818 1865 2979 1904 manu
3009 1863 3161 1902 more
3191 1845 3507 1901 hominibus
3566 1844 3826 1914 loquens,
3859 1844 3927 1898 de
3976 1853 4137 1899 nocte
4184 1859 4422 1899 consur-

1120 1953 1502 2023 jadiciu;quia
1523 1954 1649 2006 dum
1683 1953 1843 2006 rebus
1868 1952 2027 2005 alieni
2053 1952 2195 2018 juris
2223 1952 2488 2007 ditescere
2518 1952 2704 2013 voluit,
2745 1936 2786 1994 Β
2816 1944 3022 1998 rexisse
3050 1956 3108 1995 se
3140 1955 3202 1995 ac
3230 1954 3326 2009 Ρετ
3355 1938 3452 1993 hoc

2087 1953 2195 2006 uris
2223 1952 2488 2007 ditescere
2518 1952 2704 2013 νοιυίι,
2745 1936 2786 1994 Β
2816 1944 3022 1998 rexisse
3050 1956 3108 1995 se
3140 1955 3202 1995 ac
3230 1954 3326 2009 per
3355 1938 3459 1993 hoc
3484 1939 3643 2007 quasi
3686 1952 3935 1992 somnum
3966 1952 4028 1991 se
4058 1936 4419 2006 interrupisse

1118 2042 1675 2112 atquitatisjudicium
1710 2042 2019 2105 temeravit;
2053 2042 2145 2096 sed
2168 2042 2220 2095 in
2250 2040 2475 2095 dimidio
2497 2041 2704 2095 dierum

1117 2149 1344 2189 suorum
1394 2132 1663 2201 relinquet
1706 2147 1821 2187 eos.
1858 2131 2114 2186 Diabolus
2162 2132 2307 2193 enim
2350 2131 2505 2201 quasi
2531 2133 2706 2185 adhuc

1115 2226 1270 2290 vivit,
1301 2224 1427 2277 dum
1454 2240 1576 2279 eum
1601 2223 1772 2277 ultimi
1799 2222 1983 2290 iudicii
2012 2224 2093 2292 gla
2119 2224 2218 2277 lius
2251 2222 2479 2277 necdum
2517 2232 2700 2277 trans-

1118 2316 1271 2370 hdit.
1301 2314 1543 2369 Nondum
1589 2314 1768 2383 itaque
1812 2324 2059 2368 mortuus
2094 2327 2221 2367 snas
2246 2312 2593 2382 divitiasjam
2626 2329 2706 2367 re—

1118 2408 1341 2477 linquit;
1371 2407 1627 2476 quoniam
1658 2412 1722 2459 ad
1765 2406 2079 2460 Creatorem
2110 2421 2265 2460 suum
2308 2420 2478 2475 genus
2510 2405 2702 2459 huma-

1120 2516 1245 2553 num
1277 2513 1345 2553 ex
1393 2500 1628 2553 maxima
1656 2506 1809 2568 parte
1850 2499 1960 2568 jam
1992 2497 2171 2553 rediit.
2202 2497 2259 2551 in
2290 2498 2584 2553 novissimo
2613 2513 2707 2551 au-

1120 2601 1225 2645 tem
1262 2605 1360 2645 suo
1385 2590 1489 2644 erit
1518 2589 1799 2659 insipiens,
1824 2604 2005 2657 quem,
2054 2589 2196 2643 sicut
2242 2588 2532 2659 Apostolus
2589 2589 2703 2643 ait:

1121 2704 1140 2735 ι
1181 2684 1445 2739 Dominus
1472 2683 1629 2739 Jesus
1680 2684 1970 2739 interﬁciet
1998 2684 2189 2753 spiritu
2240 2684 2351 2737 oris
2389 2684 2495 2749 sui,
2531 2691 2584 2737 et
2611 2683 2707 2737 de-

1115 2783 1295 2831 struet
1325 2776 1688 2831 illustratione
1715 2776 1978 2831 adventus
2007 2776 2090 2830 sui
2144 2774 2227 2845 (ll
2273 2774 2451 2828 Thess.
2482 2773 2541 2843 ι).
2582 2795 2601 2827 ι
2642 2774 2708 2829 Ει

1114 2866 1378 2937 propheta
1411 2883 1423 2918 :
1465 2885 1481 2917 ι
1511 2865 1739 2936 Spiritu,
1765 2866 1961 2935 inquit,
1989 2864 2255 2919 labiorum
2280 2880 2501 2919 suorum
2536 2865 2705 2918 inter-

1115 2958 1261 3015 ficiet
1314 2958 1533 3027 impium
1566 2956 1721 3027 (Isai.
1763 2957 1864 3026 ιι).
1897 2977 1915 3009 ι
1950 2956 2123 3012 llomo
2172 2957 2336 3028 igitur
2383 2956 2706 3025 magistrum

1112 3048 1316 3103 deserit
1338 3048 1621 3102 abusivum
1678 3056 1733 3103 et
1764 3047 1904 3103 redit
1925 3048 1991 3101 ad
2018 3047 2320 3118 proprium,
2353 3062 2473 3102 cum
2506 3062 2705 3100 novum

1112 3138 1338 3191 damnat
1381 3152 1621 3191 errorem
1667 3145 1723 3190 et
1753 3136 1820 3190 ad
1871 3152 1980 3192 sua:
2031 3136 2325 3190 revertitur
2377 3135 2707 3190 conditionis

1111 3227 1400 3298 originem.
1458 3225 1610 3281 Unde
1650 3226 1759 3279 illic
1817 3235 1939 3295 apte
1984 3223 2332 3293 subjungitur
2372 3242 2385 3276 :
2430 3243 2448 3275 ι
2498 3224 2703 3279 Solium

1110 3316 1297 3387 gloria:
1326 3316 1631 3370 altitudinis
1668 3332 1696 3369 a
1741 3315 2030 3385 principio,
2064 3314 2213 3369 locus
2259 3314 2704 3370 sanctiﬁcationis
2734 3311 2777 3373 C
2812 3320 3145 3382 tempserunt
3194 3331 3206 3365 :

1115 3421 1337 3473 nostrae,
1369 3408 1705 3478 exspectatio
1734 3406 1897 3461 Israel
1924 3406 2059 3475 (Jer.
2092 3406 2245 3476 xvn).
2272 3428 2289 3458 ι
2323 3408 2465 3462 Deus
2501 3406 2701 3478 itaque,

1108 3502 1199 3573 qui
1222 3511 1305 3555 est
1316 3500 1641 3570 principium
1669 3498 1873 3569 glorim,
1894 3499 2009 3568 ipse
2034 3507 2118 3552 est
2140 3498 2475 3568 exspectatio
2494 3497 2659 3553 Israel
2684 3515 2699 3563 ;

1110 3595 1365 3664 quoniam
1390 3608 1421 3646 a
1468 3608 1574 3661 quo
1619 3608 1789 3664 genus
1819 3592 2112 3647 humanum
2138 3594 2334 3663 prodiit
2372 3608 2468 3663 per
2515 3594 2703 3649 condi-

1110 3688 1274 3742 tionis
1302 3688 1595 3741 revertitur
1624 3695 2047 3741 sacramentum.
2078 3686 2179 3751 Qui
2212 3702 2343 3755 ergo
2390 3688 2615 3742 sedebat
2646 3688 2696 3741 in

1109 3777 1245 3833 solio
1272 3776 1459 3847 gloriae
1487 3776 1789 3832 altitudinis
1816 3794 1844 3831 a
1884 3778 2156 3847 principio
2187 3786 2241 3832 et
2270 3778 2547 3835 hominem
2575 3782 2701 3835 edo-

1109 3872 1285 3929 ecbat.
1318 3870 1433 3938 ipse
1454 3880 1536 3924 est
1573 3870 1907 3940 exspectatio
1934 3869 2117 3933 lsraei,
2145 3879 2201 3923 ut
2249 3872 2304 3924 in
2352 3872 2471 3927 loco
2494 3876 2696 3928 sancti-

1109 3961 1376 4016 ticationis
1403 3968 1618 4025 nostrae,
1652 3962 1705 4015 id
1736 3970 1841 4025 est,
1870 3960 1921 4014 in
1952 3970 2139 4015 sancta
2168 3962 2407 4016 Ecclesia
2445 3964 2694 4019 eumdem

1110 4050 1385 4103 hominem
1436 4050 1630 4105 iterum
1684 4050 1894 4105 doceat.
1929 4048 2081 4105 Unde
2125 4066 2220 4119 per
2250 4050 2591 4109 Psalmistam
2617 4054 2691 4109 di-

1103 4140 1292 4193 citur:
1334 4156 1350 4189 σ
1388 4139 1827 4195 Reminiscentur
1876 4151 1931 4195 et
1974 4149 2361 4196 convertentur
2402 4143 2470 4197 ad
2519 4143 2695 4197 Domi-

1108 4246 1239 4286 num
1264 4231 1503 4285 universi
1532 4231 1665 4286 lines
1698 4242 1877 4297 terrae,
1900 4242 1955 4286 et
1980 4232 2279 4288 adorabunt
2315 4235 2369 4288 in
2402 4245 2691 4305 conspectu

1100 4323 1219 4395 ejus
1266 4338 1456 4378 omnes
1502 4323 1691 4391 patriae
1721 4322 1965 4394 gentium
1995 4322 2167 4395 (Psal.
2202 4330 2337 4394 xxi).
2366 4343 2381 4375 ι
2438 4326 2693 4396 Quisquis

1101 4428 1235 4485 ergo
1262 4412 1496 4468 alienum
1513 4414 1653 4468 tollit
1674 4413 1872 4468 violata
1888 4414 1992 4469 (ide
2012 4413 2353 4483 discipulum,
2369 4415 2690 4472 Antichristi

1103 4504 1291 4575 procul
1316 4504 1479 4559 dubio
1518 4505 1765 4557 imitatur
1793 4504 2123 4573 exemplum.
2152 4504 2217 4558 Et
2242 4504 2386 4559 sicut
2416 4505 2527 4571 ille,
2549 4508 2689 4576 quod

1101 4597 1338 4652 alienum
1369 4607 1472 4659 est.
1506 4613 1656 4653 more
1688 4597 1923 4668 perdicis
1973 4597 2203 4663 amittit;
2236 4596 2317 4651 sic
2372 4597 2496 4664 iste,
2545 4600 2686 4668 quod

1102 4700 1421 4759 usurpatmu
1450 4703 1551 4755 est,
1608 4692 1882 4761 mquitatis
1917 4690 2309 4746 interveniente
2343 4688 2545 4756 judicio
2581 4706 2684 4744 non
2719 4688 2737 4708 ‘

1102 4780 1324 4837 tenebit.

1716 4873 1945 4931 CAPUT
1986 4876 2077 4930 iV.

1368 4963 1432 5017 In
1458 4964 1678 5033 epistola
1706 4968 1773 5018 αἱ
1802 4966 2097 5022 cardinales
2124 4970 2406 5039 episcopos.

1170 5050 1288 5107 Non
1344 5052 1561 5119 sumcit,
1617 5071 1739 5111 cum
1790 5072 1821 5111 a
1869 5057 2083 5113 diabolo
2133 5068 2336 5129 raptus,
2389 5062 2453 5114 ad
2512 5062 2681 5118 Deum

1098 5142 1330 5214 quisque
1367 5145 1452 5213 pia
1502 5145 1788 5201 devotione
1819 5150 2173 5214 convertitur,
2205 5152 2308 5207 nisi
2356 5168 2480 5211 mox
2517 5154 2681 5209 etiam

1106 5252 1133 5290 a
1158 5245 1337 5293 status
1358 5238 1438 5292 sui
1468 5239 1689 5304 duritia,
1741 5243 1895 5310 quasi
1946 5242 2139 5298 crebro
2183 5254 2382 5299 sanctae
2415 5247 2678 5314 praedica-

1100 5330 1261 5385 tionis
1314 5330 1507 5386 malleo
1578 5341 1909 5388 conteratur.
1976 5334 2127 5390 Unde
2193 5351 2289 5405 per
2342 5335 2676 5393 Jeremiam:

1104 5437 1120 5467 ι
1165 5417 1415 5488 Nunquid
1443 5436 1549 5475 non
1600 5423 1765 5478 verba
1817 5438 1938 5478 mea
1987 5432 2115 5478 sunt
2156 5426 2311 5495 quasi
2356 5426 2517 5495 ignis,
2549 5428 2681 5483 dicit

1101 5508 1389 5575 Dominus,
1445 5521 1500 5565 et
1544 5512 1698 5580 quasi
1764 5512 1989 5568 malleus
2037 5525 2322 5571 conterens
2373 5519 2617 5585 petram?
2653 5539 2671 5571 ι

1100 5596 1234 5666 (lar.
1263 5602 1448 5671 χχιιι.)
1483 5598 1658 5657 Verba
1682 5604 1884 5673 quippe
1930 5606 2139 5660 Domini
2164 5606 2318 5676 quasi
2369 5608 2506 5677 ignis
2526 5620 2673 5675 sunt,

1097 5690 1221 5760 quia
1246 5688 1419 5763 frigus
1446 5696 1740 5763 expellunt,
1770 5695 1937 5767 259
1969 5698 2203 5753 calorem
2234 5699 2507 5755 mentibus
2527 5702 2674 5772 inge-

1097 5795 1246 5850 runt;
1273 5786 1497 5841 malleus
1523 5798 1703 5843 autem
1735 5800 1879 5851 sunt,
1916 5793 2171 5860 quoniam
2201 5792 2576 5850 obstinationis
2622 5808 2674 5848 ιιι

1097 5877 1412 5942 pervicacia:
1435 5877 1686 5933 duritiam
1721 5882 1985 5936 molliant.

2811 2036 3188 2106 conqueritur;
3217 2033 3363 2104 quod
3389 2032 3547 2088 nobis
3585 2030 3937 2101 opprobrium
3970 2030 4113 2084 valet
4138 2030 4409 2099 objicere,

2811 2130 2856 2184 si
2882 2130 3037 2183 nobis
3068 2128 3119 2181 in
3164 2128 3355 2180 ultimo
3404 2123 3751 2179 necessitatis
3798 2120 4039 2191 periculo
4089 2119 4410 2176 constitutis

2814 2220 2959 2275 velut
2987 2220 3101 2273 haec
3128 2218 3425 2286 permerito
3461 2213 3816 2284 responderet
3842 2229 3855 2265 :
3886 2212 3999 2282 Ego
4035 2220 4261 2281 propter
4292 2226 4414 2275 vos,

2812 2329 2937 2369 eum
2967 2327 3147 2367 essem
3175 2310 3422 2374 Creator,
3456 2308 3633 2363 factus
3664 2322 3785 2361 sum
3842 2315 4123 2368 creatura;
4156 2321 4259 2376 ego
4291 2320 4419 2374 pro-

2812 2412 2933 2475 pter
2981 2419 3077 2459 vos
3134 2403 3419 2458 irrisiones
3476 2410 3533 2455 et
3580 2398 3871 2470 opprobria
3915 2400 4142 2469 pertuli,
4193 2414 4417 2453 crucem

2812 2492 2952 2549 subii
2986 2502 3041 2548 et
3068 2502 3262 2549 cuneta
3286 2508 3407 2561 quae
3435 2491 3588 2545 vobis
3619 2490 3963 2545 debebantur
3988 2498 4259 2544 tormenta
4293 2505 4412 2559 per-

2812 2584 2988 2648 curri;
3020 2599 3116 2639 vos
3153 2594 3333 2638 tamen
3373 2597 3460 2637 me
3506 2596 3612 2635 non
3642 2580 3870 2635 audistis
3899 2590 3955 2635 et
3984 2580 4117 2649 legis
4152 2596 4286 2634 mea:
4313 2596 4420 2636 ca:-

2814 2678 3087 2733 remonias
3117 2685 3172 2731 et
3227 2674 3483 2729 mandata
3535 2672 3841 2741 sprevistis.
3874 2671 4047 2727 Porro
4080 2672 4124 2726 si
4156 2671 4267 2727 illis
4314 2672 4416 2727 ἰηι-

2812 2767 3137 2838 properabat
3182 2780 3370 2821 servos
3414 2780 3445 2819 a
3498 2780 3558 2819 se
3593 2764 3813 2829 missos,
3857 2773 4062 2833 quanto
4120 2762 4419 2817 terribilius

2812 2860 2971 2919 nobis
3021 2857 3414 2928 improperabit
3443 2856 3835 2926 semetipsum?
3890 2856 3947 2910 Si
4000 2855 4107 2909 illis
4161 2870 4416 2910 somnum

2812 2949 3216 3019 in'iproperabat
3246 2949 3633 3017 interruptum,
3682 2936 3887 3015 quanto
3935 2948 4109 3018 magis
4138 2947 4293 3003 nobis
4319 2963 4413 3003 va—

2812 3037 2886 3091 let
2925 3036 3189 3106 objieere.
3241 3052 3299 3091 se
3344 3053 3443 3107 pro
3491 3036 3650 3093 nobis
3687 3047 3966 3091 mortuum
3998 3052 4061 3091 ac
4104 3038 4412 3106 sepultum?

2812 3128 2926 3184 Non
2957 3129 3154 3184 liberat
3183 3129 3324 3183 Deus
3348 3127 3564 3184 Judmos
3606 3128 3925 3182 vallautium
3971 3129 4210 3182 hostium
4262 3128 4414 3184 obsi-

2811 3222 2971 3275 dione
2992 3220 3304 3286 conclusos,
3334 3221 3462 3291 quia
3489 3221 3791 3276 destinatos
3833 3222 3900 3275 ad
3931 3235 3989 3275 se
4021 3220 4253 3276 faiuulos
4284 3236 4417 3276 con-

3255 3323 3311 3368 et
3364 3312 3643 3392 quomodo
3688 3311 4033 3366 Christianos
4079 3313 4266 3367 audiet
4322 3316 4416 3383 qui

2810 3403 2977 3458 missa
3007 3419 3104 3473 per
3127 3402 3323 3457 Filium
3372 3402 3691 3473 evangelica
3731 3413 3999 3473 praecepta
4057 3406 4417 3472 spreverunt?

2816 3492 2950 3547 Nam
2982 3494 3073 3563 qui
3105 3509 3213 3549 non
3239 3494 3390 3548 audit
3416 3494 3610 3560 Deum,
3638 3509 3744 3549 non
3774 3496 3996 3548 auditur
4019 3510 4046 3548 a
4080 3494 4208 3549 Deo.
4237 3493 4414 3551 Unum

2805 3592 2891 3638 est
2919 3583 3063 3651 quod
3097 3598 3251 3639 mens
3281 3584 3547 3655 cujusque
3575 3583 3752 3640 ﬁdelis
3786 3586 3947 3640 debet
3994 3584 4212 3640 assidue
4240 3593 4298 3640 et
4325 3600 4413 3641 so-

2807 3674 2972 3728 lerter
2991 3674 3293 3740 attendere,
3315 3685 3369 3729 et
3386 3675 3531 3730 intra
3555 3676 3911 3746 semetipsum
3938 3675 4175 3731 sollicita
4196 3690 4414 3746 semper

2806 3764 3155 3834 inquisitione
3205 3778 3425 3821 versare
3466 3784 3479 3820 :
3531 3748 3741 3821 scilicet
3797 3776 3979 3821 utrum
4025 3767 4240 3837 placeat
4298 3767 4411 3821 Deo

2804 3853 2949 3923 quod
2976 3854 3088 3923 egit
3140 3864 3195 3909 et
3241 3870 3309 3909 an
3358 3856 3412 3909 in
3442 3857 3562 3924 ejus
3589 3856 3702 3909 vita
3737 3856 3880 3910 Deus
3920 3855 4004 3909 vel
4036 3856 4295 3925 operibus
4317 3857 4410 3912 de-

2805 3944 3057 3999 lectetur.
3090 3944 3231 4013 Quid
3252 3946 3397 4000 euim
3426 3948 3648 4015 prodest
3674 3948 3938 4017 quidquid
3973 3947 4139 4002 faciat
4171 3950 4337 4005 homo
4361 3950 4407 4005 si

2803 4034 2906 4089 hoc
2936 4050 3039 4089 non
3065 4035 3278 4105 placeat
3300 4036 3445 4092 Deo?
3478 4037 3570 4093 Sic
3595 4031 3670 4093 'de
3712 4038 3885 4093 David
3911 4040 4154 4094 dicitur:
4195 4058 4215 4091 ‹
4249 4039 4409 4108 Quaa-

2800 4125 2924 4180 sivit
2947 4126 3051 4180 sibi
3086 4125 3227 4182 Deus
3277 4127 3453 4182 virum
3502 4128 3659 4198 juxta
3688 4144 3787 4184 cor
3833 4144 3993 4185 suum
4040 4129 4125 4202 (1!
4153 4128 4285 4197 Reg.
4314 4146 4405 4196 l-ll;

2800 4217 2913 4269 Acr.
2946 4217 3085 4285 ιιιι).
3122 4235 3140 4267 ο
3169 4215 3305 4272 Nam
3332 4218 3376 4272 si
3420 4234 3566 4273 nunc
3586 4218 3853 4276 Conditor
3882 4235 3990 4275 non
4015 4219 4323 4276 delectatur
4352 4222 4406 4277 in

2797 4308 3037 4374 homine,
3075 4311 3237 4365 homo
3277 4312 3623 4381 postmodum
3660 4312 3923 4370 delectari
3954 4330 4060 4370 non
4093 4316 4299 4385 poterit
4339 4314 4400 4370 iu

2794 4400 3107 4458 Conditore.
3143 4402 3299 4460 Unde
3323 4404 3520 4475 legitur
3549 4405 3604 4460 in
3648 4406 3759 4461 vita
3811 4406 4036 4461 Patrum
4064 4425 4076 4461 :
4108 4407 4245 4475 Quia
4278 4422 4406 4462 cum

2794 4491 2963 4548 falsus
2992 4494 3212 4563 quidam
3244 4494 3487 4552 famosus
3526 4503 3583 4551 et
3614 4497 3794 4567 magni
3840 4497 4077 4552 nominis
4130 4497 4409 4552 solitarius

2793 4583 3183 4654 propinquaret
3224 4585 3290 4642 ad
3323 4587 3552 4654 exitum,
3595 4596 3869 4645 tartareus
3911 4589 3977 4644 ad
4016 4604 4140 4645 eum
4179 4592 4408 4662 spiritus

2796 4674 2941 4729 venit
2965 4674 3058 4744 qui
3089 4675 3387 4732 tridentem
3432 4677 3651 4749 igneum
3695 4679 3751 4733 in
3794 4680 4047 4736 manibus
4095 4682 4311 4748 attulit;
4348 4692 4405 4738 et

2793 4780 2919 4822 ecce
2953 4782 3058 4821 vox
3085 4768 3153 4822 ad
3179 4782 3305 4823 eum
3331 4768 3471 4824 facta
3503 4779 3586 4825 est
3612 4788 3623 4823 :
3652 4769 3825 4836 Sicut,
3856 4772 4051 4841 inquit,
4084 4774 4264 4829 anima
4296 4774 4397 4830 ista

2790 4858 2875 4913 vel
2904 4874 3006 4913 una
3058 4861 3191 4916 hora
3237 4876 3324 4916 me
3378 4862 3431 4916 in
3478 4876 3535 4918 se
3584 4865 3928 4934 requiescere
3971 4882 4075 4920 non
4129 4867 4401 4936 permisit,

2793 4952 2873 5006 sic
2897 4965 3074 5022 neque
3098 4962 3155 5007 tu
3183 4954 3497 5011 miserearis
3544 4956 3784 5012 evellens
3815 4972 3955 5012 eam.
3983 4958 4133 5013 'l‘unc
4162 4974 4397 5029 nequam

2792 5042 3017 5115 spiritus
3044 5044 3337 5101 tridentem
3367 5046 3586 5118 igneum
3611 5047 3764 5103 cordi
3808 5048 4094 5104 morientis
4116 5048 4313 5117 inlisit,
4342 5060 4398 5104 et

2791 5136 3029 5192 animam
3054 5137 3192 5206 ejus,
3223 5138 3364 5195 sicut
3390 5146 3509 5197 erat
3536 5140 3743 5211 jussus,
3776 5141 3990 5197 evulsit.

3309 5252 3475 5324 260
3512 5251 3742 5310 CAPUT
3783 5252 3871 5307 Vl.

2788 5340 2852 5393 In
2879 5340 3099 5408 epistola
3145 5342 3213 5394 ad
3260 5342 3451 5398 fratres
3491 5341 3780 5466 Sanvic‘ini,
3833 5344 3919 5398 ubi
3960 5345 4030 5397 ad
4074 5346 4385 5414 patientiam

3449 5429 3669 5481 provoca
3701 5452 3715 5466 .

2859 5527 2972 5581 Duo
3011 5535 3157 5593 sunt,
3208 5543 3330 5597 quae
3381 5528 3425 5581 si
3484 5528 3763 5596 vigilanter
3803 5529 4154 5593 attendimus,
4217 5529 4378 5587 facile

2785 5616 3144 5673 vioimtorum
3182 5618 3547 5687 quorumlibet
3591 5619 3907 5675 insolentias
3943 5621 4375 5695 iujuriarumque

2783 5706 3057 5762 molestias
3115 5724 3476 5780 superamus:
3507 5724 3778 5783 pnecepta
3802 5712 4053 5769 videlicet
4101 5725 4158 5771 et
4182 5730 4373 5775 exeru-

2778 5799 2885 5869 pla.
2914 5799 3054 5865 Quia
3080 5811 3139 5855 et
3177 5802 3472 5873 Scriptura:
3510 5812 3713 5861 sancta:
3742 5820 3840 5862 nos
3869 5806 3936 5862 ad
3990 5809 4369 5877 pmnitentiam

2778 5887 3170 5983 cohortantur;
3229 5902 3283 5946 et
3324 5893 3481 5949 electi
3534 5894 3737 5968 quique
3791 5895 4053 5969 quidquid
4088 5914 4114 5952 a
4152 5899 4372 5958 furiosis
