3978 6354
104 398 262 457 {I69

100 601 258 655 bene
284 613 411 651 mox
442 595 658 649 additur
683 612 694 645 :
733 610 751 643 ι
787 590 867 645 Es
893 606 988 647 ore
1015 589 1282 643 Altissimi
1312 604 1415 643 non
1441 587 1726 656 egredien-

106 697 205 742 tnr
254 701 359 742 nec
382 687 545 749 bona,
572 697 672 738 nec
695 681 856 737 mala.
898 700 916 731 ι
948 679 1095 735 Bona
1124 680 1318 749 quippe
1346 678 1723 749 procederent,

104 778 157 834 si
200 791 335 832 eum
381 774 448 829 de
502 771 766 843 supplicio
827 769 974 839 quod
1044 768 1391 836 irrogabatur
1456 767 1724 834 eriperet;

107 865 268 921 mala
299 878 452 929 vero,
485 863 531 918 si
564 863 770 917 crimen
794 860 850 914 in
879 873 947 914 co
977 873 1084 928 quo
1114 856 1392 928 suppliciis
1414 855 1730 925 adjudican—

110 959 226 1015 dus
251 955 421 1011 fuerit
453 954 737 1025 reperiret.
765 950 822 1007 In
848 950 1102 1021 passione
1130 964 1261 1018 ergo
1281 946 1506 1007 Christi,
1536 960 1604 1000 ex
1635 958 1731 999 ore

114 1044 402 1102 Altissimi
434 1057 531 1099 nec
561 1044 699 1097 bona
729 1040 1099 1111 egrediuntur.
1135 1052 1234 1093 nec
1265 1036 1437 1102 mala;
1468 1036 1597 1108 quia
1635 1034 1734 1089 Pa—

115 1152 213 1199 ter
238 1156 371 1197 eum
400 1156 502 1197 nec
527 1156 591 1195 ex
629 1145 898 1210 potestate
926 1136 1142 1197 liberat.
1172 1147 1276 1189 nec
1303 1146 1372 1187 ex
1402 1128 1537 1200 legis
1562 1127 1734 1198 aequi—

120 1241 248 1289 tate
277 1231 657 1293 comdemnat;
688 1228 815 1297 quia
861 1226 988 1281 licet
1037 1240 1143 1279 non
1201 1221 1441 1290 reperiat
1486 1226 1738 1287 peccato-

120 1338 281 1389 rem,
313 1336 412 1393 pro
441 1320 611 1376 salute
639 1328 817 1372 tamen
852 1316 1036 1369 mundi
1088 1318 1140 1369 in
1198 1312 1449 1383 passione
1502 1307 1738 1378 positum

125 1430 248 1471 non
279 1414 443 1483 eripit
479 1411 861 1472 innocentem;
902 1406 1065 1461 nullis
1114 1405 1259 1459 videt
1300 1400 1541 1473 peccatis
1569 1400 1738 1454 obno-

124 1507 311 1570 xium,
346 1520 448 1559 nec
479 1512 656 1557 tamen
687 1498 865 1556 reddit
890 1498 1180 1572 impiorum
1218 1492 1471 1550 manibus
1520 1488 1741 1546 absolu—

131 1617 296 1662 tum:
330 1614 390 1659 ut
410 1604 541 1659 dum
578 1604 727 1657 subit
768 1601 1030 1656 innocens
1080 1608 1319 1667 pmnam,
1352 1592 1445 1664 qui
1486 1599 1746 1661 peccator

130 1710 246 1769 est,
283 1711 590 1759 revertatur
620 1702 686 1755 ac
736 1698 976 1763 ieniam;
1030 1706 1086 1752 et
1116 1696 1243 1750 dum
1274 1707 1433 1759 unus,
1485 1693 1576 1760 qui
1634 1704 1745 1745 non

135 1802 328 1870 debet,
354 1803 517 1861 solvit
546 1803 791 1857 omnium
819 1800 1024 1865 debita,
1058 1813 1248 1854 omnes
1276 1796 1369 1867 qui
1419 1796 1520 1851 sub
1576 1792 1744 1863 origi-

137 1906 253 1963 nali
287 1915 515 1963 vetustac
539 1906 810 1961 cautionis
838 1904 1027 1959 l‘enore
1050 1900 1376 1958 tenebantur
1406 1898 1640 1961 astricti,
1669 1912 1750 1950 re-

140 2009 307 2067 scissi
338 2006 692 2079 chirographi
741 2005 1041 2062 reddantur
1071 2002 1279 2073 legibus
1318 1998 1573 2054 absoluti.

1307 386 1376 441 IN
1424 380 1671 441 LIBROS
1716 368 2257 434 PROI‘llETARUM.

98 507 434 563 nullatenus
454 516 581 557 eum
602 516 667 555 ex
694 499 987 574 impiorum
1008 496 1262 552 manibus
1284 494 1555 551 liberavit.
1570 492 1723 547 Unde
1754 505 1799 559 Α

3306 347 3446 404 1170

2456 472 2683 531 CAPUT
2723 469 2789 523 Χ.

1831 555 1898 609 In
1925 553 2144 625 epistola
2167 551 2237 625 ad
2262 546 2598 625 Bonifacium
2632 554 2684 621 ut
2711 534 2977 625 exteriori.
3002 535 3303 605 prudentia:
3346 532 3451 602 spi-

2194 608 2410 674 ritualis'
2438 615 2698 685 sapientia
2728 608 3069 681 prieferatur.

1906 715 2057 769 Sicut
2080 710 2323 767 caelestis
2354 704 2620 777 sapientia
2644 702 2903 757 ccelestes
2929 697 3062 753 facit
3096 704 3151 752 et
3184 694 3457 765 legitimos

1836 807 2091 863 Ecclesiae
2116 804 2285 867 filios,
2329 803 2400 855 ita
2446 808 2663 854 terrena
2696 793 2991 865 prudentia
3047 800 3298 846 terrenos
3330 786 3460 842 red-

1843 898 1921 953 dit
1945 907 2002 952 et
2039 894 2277 965 spurios.
2311 892 2384 946 De
2415 890 2613 960 quibus
2642 902 2742 958 per
2772 883 2994 940 Baruch
3020 881 3257 937 dicitur:
3288 900 3305 931 ι
3333 876 3458 934 Filii

1837 1004 2054 1061 quoque
2088 988 2256 1055 Agar,
2284 984 2377 1054 qui
2413 980 2794 1052 exquisierunt
2829 974 3205 1047 prudentiam,
3236 988 3357 1043 quae
3393 971 3463 1025 de

1839 1093 1984 1139 terra
2015 1090 2137 1146 est;
2173 1076 2561 1149 negotiatiores
2592 1081 2777 1137 terrae,
2808 1080 2864 1125 et
2890 1070 3159 1131 Themau,
3189 1073 3243 1122 et
3303 1064 3461 1118 lahn-

1838 1174 2067 1236 latores,
2100 1181 2155 1226 et
2183 1168 2553 1241 exquisitores
2610 1162 2944 1233 prudentiae,
2988 1174 3133 1214 Viam
3178 1155 3465 1227 sapientia:

1844 1264 2179 1324 nescierunt,
2259 1274 2438 1328 neque
2509 1256 2884 1310 meminerunt
2957 1250 3278 1308 semitarum
3348 1245 3468 1315 ejus

1845 1353 2081 1427 (Βαναεὴ
2116 1351 2222 1419 ιιι).
2264 1370 2282 1404 ι
2334 1350 2665 1405 Sazcutarem
2698 1359 2831 1415 ergo
2862 1341 3212 1415 prudentiam
3242 1336 3465 1407 assequi

1846 1443 2131 1514 cupientes
2182 1450 2238 1496 et
2278 1438 2619 1510 spiritualem
2667 1434 2997 1507 sapientiam
3046 1438 3464 1487 contemnentes

1847 1540 1944 1597 lilii
1970 1538 2278 1611 suntAgar,
2299 1552 2405 1591 non
2431 1536 2582 1591 Sane
2604 1554 2614 1587 :
2635 1542 2689 1587 et
2716 1544 3004 1587 manzeres
3022 1527 3153 1583 facti
3180 1522 3465 1586 Israelita,

1843 1634 1969 1704 jure
1996 1628 2257 1687 censendi
2289 1636 2418 1683 sunt
2440 1641 2545 1681 non
2570 1624 2861 1679 lsraelitaa.
2891 1621 2958 1675 Et
2981 1618 3241 1689 quoniam
3283 1616 3455 1686 Agar,

1848 1726 2054 1792 advena
2083 1725 2501 1793 interpretatur,
2533 1720 2567 1774 ii
2592 1734 2699 1774 non
2731 1726 2859 1773 sunt
2888 1714 3171 1785 sapientia:
3203 1710 3324 1777 lilii,
3359 1709 3460 1767 sed

1853 1817 2078 1871 advenae
2100 1825 2154 1869 et
2181 1813 2476 1885 peregrini.
2508 1812 2619 1867 Nec
2650 1827 2713 1865 ex
2741 1809 2849 1863 illis
2871 1815 3001 1863 sunt
3029 1805 3229 1876 quibus
3279 1802 3463 1858 aiebat

1854 1904 2179 1976 Apostolus:
2215 1924 2233 1955 ‹
2264 1902 2384 1959 Jam
2414 1917 2520 1958 non
2548 1901 2680 1956 estis
2711 1898 2953 1970 hospites
2986 1906 3042 1951 et
3076 1897 3337 1959 advenae,
3366 1892 3463 1949 sed

1861 1995 1995 2053 estis
2025 1996 2175 2052 cives
2206 2004 2549 2059 sanctorum,
2574 2002 2627 2049 et
2652 1991 2941 2048 domestici
2964 1988 3055 2045 Dei
3082 1987 3301 2059 (Ephes.
3332 1986 3412 2058 ιι).
3448 2006 3464 2039 ι

1285 2089 1588 2160 Expliciunt
1630 2088 1933 2167 testimonia
1960 2104 2033 2141 ea:
2069 2085 2325 2141 Ieremia.

1681 2194 2035 2219 .._.._L...___—

654 2282 1059 2356 263—264
1109 2274 1454 2335 lNClPlUNT
1501 2272 1847 2329 CAPlTliLA
1902 2272 1989 2327 DE
2036 2270 2261 2329 LIBRIS
2310 2268 2859 2327 PROPHETARUM.

262 2383 317 2453 ι.
354 2381 509 2453 Quod
533 2382 719 2435 domus
750 2378 921 2453 Israel
945 2394 1096 2453 versa
1130 2388 1207 2432 est
1242 2376 1368 2429 mihi
1397 2376 1452 2429 in
1477 2373 1731 2427 scoriam.

257 2452 316 2506 9..
351 2448 433 2506 Ibi
464 2452 650 2517 Assur,
679 2462 726 2505 et
763 2448 1002 2518 sepulcra
1042 2448 1178 2516 ejus.

260 2521 317 2575 3.
356 2521 509 2585 Quod
527 2532 665 2575 terra
690 2537 852 2585 usque
873 2520 941 2571 ad
966 2517 1178 2585 fenestra

262 2591 320 2661 4.
351 2590 504 2656 Quod
526 2586 790 2661 judicium
818 2586 975 2651 sedit,
1006 2597 1055 2661 et
1095 2587 1215 2661 libri
1240 2586 1407 2661 aperti
1428 2593 1574 2661 sunt,

261 2660 318 2716 5.
353 2654 506 2726 Quod
526 2654 651 2715 odio
677 2661 975 2713 habuerunt
999 2660 1054 2711 in
1082 2656 1236 2727 po'rta
1258 2654 1646 2727 corripientem.

266 2733 326 2787 6.
354 2724 538 2800 Adhuc
558 2731 911 2800 quadraginta
950 2724 1091 2800 dies,
1112 2738 1158 2781 et
1184 2725 1377 2781 Ninive
1404 2724 1748 2777 subvertetttr.

262 2800 321 2858 .7.
351 2798 505 2865 Quod
527 2798 737 2854 Domini
765 2808 884 2852 sunt
917 2798 1157 2851 cardines
1182 2806 1357 2850 ωτι-ιε.

268 2870 323 2927 8.
356 2862 510 2935 Quod
548 2869 704 2923 Jesus
727 2870 943 2921 indutus
967 2878 1081 2921 erat
1117 2866 1349 2921 sordidis
1389 2862 1639 2917 vestibus.

270 2942 325 2997 9.
357 2939 433 3011 ρε
468 2939 642 3011 lapide
666 2941 755 3011 qui
786 2939 938 2991 habet
960 2947 1161 3011 septem
1188 2935 1388 2990 oculos.

234 3011 326 3066 10.
356 3009 434 3065 De
456 3006 726 3080 quadrigis
757 3006 1217 3078 evaiigrlistarum.

408 2522 509 2574 uod
527 2509 665 2575 terra
690 2509 852 2588 usque
873 2520 941 2571 ad
966 2509 1245 2588 fencstras,
1268 2526 1314 2570 et
1331 2515 1573 2588 fenestra:
1594 2509 1808 2563 clausa.

1516 3092 1825 3162 Expliciuut
1857 3089 2115 3152 capitula.

174 3207 819 3299 INCIPIUNT
915 3198 1674 3294 TESTIMONIA
1767 3198 1917 3286 DE
2006 3193 2409 3284 LIBRIS
2504 3188 3474 3284 PBOPHETARUM.

702 3351 931 3406 CAPUT
978 3348 1271 3406 PRIMUM.

531 3443 596 3496 In
628 3444 848 3513 epistola
877 3442 945 3496 ad
990 3439 1051 3494 V.
1084 3442 1404 3511 episcopum.

250 3554 269 3587 ι
302 3532 493 3592 Omnis
514 3534 706 3588 domus
745 3533 910 3589 lsrael
940 3532 1071 3587 mihi
1116 3546 1273 3587 versa
1324 3542 1409 3587 est
1447 3530 1501 3584 in
1531 3529 1770 3584 acetiam
1852 3519 1855 3522 ’

177 3626 396 3698 (Ezech.
429 3628 587 3695 χιιι).
632 3646 649 3677 ι
684 3627 836 3680 'l‘unc
859 3625 1004 3679 enim
1041 3624 1235 3680 domus
1265 3623 1434 3678 lsrael
1458 3622 1512 3676 in
1532 3620 1771 3677 scoriam

178 3714 428 3781 vertitur,
458 3733 581 3771 cum
606 3717 789 3769 divina
833 3723 1087 3785 peccator
1134 3712 1609 3767 animadversione
1644 3726 1770 3780 per-

180 3822 391 3873 cussus,
422 3807 505 3861 vel
536 3808 587 3860 in
615 3806 1014 3875 desperationis
1062 3804 1378 3874 voraginem
1421 3802 1624 3857 labitur
1690 3800 1775 3855 vel

183 3904 373 3955 contra
402 3896 550 3966 juste
592 3897 867 3950 saevientis
908 3894 1194 3963 imperium
1242 3908 1339 3963 per
1381 3890 1775 3961 impatientiam

183 3988 427 4044 cll‘ertur.
460 3988 765 4049 Atcontra,
816 3984 975 4056 quasi
1022 3993 1281 4039 manente
1326 3982 1545 4039 metallo
1598 3981 1776 4036 scoria

184 4078 286 4135 sub
312 4076 509 4132 divinis
540 4075 982 4146 pcreussionibus
1005 4075 1207 4141 avolat,
1239 4088 1363 4129 cum
1390 4070 1620 4142 quilibet
1665 4083 1780 4140 pte-

188 4170 365 4225 nitens
387 4182 622 4237 superno
644 4167 871 4222 verbere
886 4166 1174 4236 vapulans,
1197 4176 1250 4221 et
1276 4164 1773 4235 inhorrescentium

191 4276 223 4316 a
252 4276 310 4317 se
332 4261 587 4315 vitiorum
620 4260 923 4327 rubiginem
952 4256 1187 4327 projicit,
1218 4266 1275 4313 et
1315 4254 1781 4312 reﬂoresceutium

190 4352 425 4407 candore
448 4351 707 4405 virtutum
732 4365 797 4403 ac
832 4349 1233 4420 resplendentis
1282 4348 1406 4403 vitae
1456 4347 1632 4403 nitore
1679 4345 1773 4400 cla-

193 4446 377 4501 rescit.

832 4530 1061 4587 CAPUT
1104 4532 1165 4585 ll.

336 4625 405 4681 In
432 4640 671 4679 sermone
696 4624 761 4677 de
787 4621 845 4677 S.
875 4622 1142 4693 Stephano
1163 4639 1299 4693 papa
1319 4634 1369 4677 et
1393 4632 1643 4693 martyre.

1798 3350 1844 3412 C

2508 3338 2738 3396 CAPUT
2780 3338 2864 3398 111.

2254 3431 2322 3487 1η
2350 3447 2589 3488 sermone
2616 3434 2790 3505 primo
2818 3434 3085 3505 synodali.

1952 3547 1970 3579 ι
2027 3526 2199 3581 Terra
2241 3540 2414 3595 usque
2445 3525 2514 3579 ad
2555 3522 2849 3589 lencstras,
2892 3535 2949 3581 et
2984 3525 3242 3582 fenestrae
3291 3526 3491 3584 clausa:

1877 3618 2097 3681 (Ezech.
2140 3616 2282 3688 ut).
2318 3635 2335 3670 ι
2371 3616 2463 3671 Ait
2491 3615 2819 3686 Apostolus:
2853 3635 2871 3669 ι
2907 3614 3194 3688 Templum
3242 3616 3334 3672 Det
3364 3633 3485 3674 san-

1878 3722 2027 3767 ctum
2051 3719 2158 3775 est,
2199 3708 2343 3780 quod
2367 3710 2501 3765 estis
2531 3724 2629 3765 vos
2654 3708 2708 3779 (Ι
2733 3709 2858 3765 Cor.
2891 3709 2997 3781 ιιι).
3030 3729 3049 3762 ι
3082 3707 3253 3779 Hujus
3299 3718 3487 3767 autem

1880 3800 2063 3872 templi
2090 3801 2351 3856 fenestra:
2369 3800 2684 3857 sacerdotes
2708 3809 2835 3857 sunt
2868 3801 2960 3871 qui
2993 3800 3241 3857 ﬁdelium
3287 3802 3493 3873 populo

1879 3894 2064 3948 lumen
2086 3902 2287 3948 sancta:
2309 3892 2713 3963 praedicationis
2736 3892 3048 3948 infundunt.
3074 3890 3181 3947 Sed
3202 3907 3326 3948 cum
3344 3902 3490 3949 terra

1883 3999 2055 4054 usque
2083 3983 2153 4039 ad
2182 3982 2457 4040 fenestras
2496 3984 2798 4054 aggeritur,
2830 3983 3032 4040 clausis
3063 3983 3322 4040 fenestris
3356 3993 3492 4041 tem-

1882 4076 2031 4145 plum
2058 4075 2317 4131 continuo
2359 4076 2704 4141 tenebratur,
2738 4085 2795 4132 et
2825 4091 2951 4131 cum
3004 4085 3222 4132 terrena
3274 4078 3496 4149 negotia

1884 4169 2200 4227 sacerdotes
2244 4169 2545 4239 implicant,
2582 4168 2740 4238 quasi
2776 4166 3033 4224 fenestrae
3076 4168 3303 4233 clausae,
3355 4177 3498 4225 tem-

1888 4264 2032 4334 plum
2068 4262 2215 4333 quod
2244 4260 2449 4317 amittit
2484 4260 2672 4316 lumen
2721 4262 3078 4317 obscuratur.
3106 4260 3219 4317 Nos
3240 4277 3375 4332 ergo
3405 4277 3496 4318 nc-

1890 4370 2041 4412 Iesse
2069 4364 2173 4421 est,
2208 4355 2536 4425 inquantum
2575 4367 2891 4423 possumus,
2924 4355 2995 4410 ab
3023 4354 3239 4410 actibus
3294 4370 3494 4409 vacare

1892 4446 2124 4503 terrenis
2152 4454 2211 4501 ut
2231 4446 2405 4502 sacris
2423 4443 2629 4515 jugiter
2652 4444 2996 4517 invigilemus
3041 4444 3292 4514 eloquiis.
3342 4443 3497 4499 Sicut

1892 4553 2088 4607 sponsa
2120 4537 2254 4592 dicit
2283 4537 2336 4591 in
2360 4536 2635 4592 Canticis:
2667 4554 2685 4587 ‹
2722 4535 2876 4592 Oculi
2918 4536 2993 4589 tui
3040 4535 3185 4590 sicut
3230 4534 3495 4591 columba:

1893 4646 2057 4702 super
2088 4631 2235 4685 rivos
2256 4645 2549 4700 aquarum,
2576 4646 2696 4699 qua:
2749 4630 2891 4684 lacte
2933 4638 3061 4683 sunt
3112 4628 3255 4692 lotae,
3283 4638 3337 4682 et
3364 4630 3497 4683 resi-

264 4734 288 4770 s
311 4715 388 4772 lbi
409 4715 579 4771 Assur
601 4723 655 4769 et
686 4714 934 4784 sepulcra
957 4713 1075 4783 ejus
1114 4714 1334 4782 (Ezech.
1366 4714 1564 4785 xxxii).
1589 4734 1608 4767 ι
1638 4712 1777 4777 Ouid
1813 4712 1859 4771 D
1886 4720 2018 4776 dent
2040 4720 2194 4789 juxta
2220 4719 2421 4775 ﬂuenta
2446 4719 2759 4789 plenissima
2789 4716 2970 4787 (Cant.
3005 4718 3081 4785 ν).
3110 4736 3129 4768 ι

195 4807 335 4865 enim
364 4820 461 4876 per
480 4806 673 4869 Assur,
698 4805 993 4873 superbum
1018 4805 1270 4862 videlicet
1300 4821 1505 4876 regem,
1541 4806 1644 4859 nisi
1670 4809 1786 4860 dia-

2503 4806 2733 4865 CAPUT
2772 4808 2865 4862 1V.

198 4897 349 4955 holus
376 4894 731 4967 intelligitur:
769 4913 787 4946 ι
831 4894 957 4961 Qui,
989 4894 1149 4963 juxta
1196 4898 1343 4968 quod
1386 4897 1649 4968 scriptum
1682 4904 1785 4959 est,

200 4992 310 5061 ipse
326 4997 411 5046 est
437 5002 533 5043 rex
555 5001 719 5058 super
743 5003 936 5044 omnes
956 4987 1092 5045 ﬁlios
1120 4989 1423 5059 superbiae?
1452 5009 1469 5042 ι
1502 4987 1626 5059 (Job
1649 4988 1787 5059 ιιι.)

201 5080 333 5148 Quid
354 5079 604 5150 sepulcra
628 5079 731 5134 nisi
758 5088 1097 5136 mortuorum
1120 5088 1246 5136 sunt
1272 5079 1582 5138 habitacula
1598 5080 1621 5133 ?
1636 5080 1789 5135 Tunc

205 5179 378 5229 autem
413 5171 663 5227 diabolus
696 5172 750 5226 in
784 5182 1015 5228 mortem
1058 5174 1267 5228 corruit
1293 5187 1416 5229 cum
1456 5173 1523 5227 ab
1566 5182 1791 5227 auctore

210 5267 327 5323 vite
357 5265 720 5335 superbiendo
754 5264 1010 5321 reces~itz
1045 5264 1305 5335 Quisquis
1354 5279 1485 5334 ergo
1536 5264 1790 5331 nequitia:

207 5355 464 5427 spiritum,
488 5356 577 5425 qui
602 5370 730 5411 vere
749 5365 998 5411 mortuus
1020 5364 1120 5419 est,
1154 5357 1207 5410 in
1238 5356 1320 5411 sui
1348 5355 1531 5411 cordis
1557 5355 1789 5424 hospitio

207 5459 298 5519 per
334 5460 555 5518 pravam
599 5447 933 5503 voluntatem
982 5446 1231 5504 habitare
1276 5448 1563 5519 permittit,
1598 5446 1786 5516 procul

210 5538 359 5595 dubio
388 5538 455 5594 de
483 5539 777 5608 semetipso
822 5539 1135 5609 sepulcrum
1164 5538 1313 5595 facit.
1359 5538 1426 5594 Et
1455 5552 1682 5595 necesse
1704 5546 1790 5592 est

212 5642 265 5688 ut
295 5648 414 5690 cum
443 5634 561 5704 ipso
591 5634 753 5689 simul
791 5633 901 5691 illic
952 5642 1346 5690 tormentorum
1374 5632 1640 5704 supplicia
1671 5646 1790 5703 per-

214 5723 358 5791 ierat,
380 5722 469 5778 cui
486 5724 837 5795 semetipsum
859 5724 950 5781 hic
976 5724 1346 5784 habitaculum
1370 5738 1469 5796 per
1489 5723 1788 5796 nequitiam

218 5814 439 5884 perversi
468 5816 649 5887 operis
681 5816 991 5875 exhibebat.

2339 4901 2405 4957 In
2426 4902 2649 4972 epistola
2677 4901 2747 4954 ad
2786 4898 3070 4955 Blancnm.

1973 5015 1989 5046 ι
2028 4992 2300 5050 Judicium
2333 4993 2498 5056 sedit,
2519 5003 2574 5048 et
2602 4992 2725 5048 libri
2757 4993 2930 5062 aperti
2959 5002 3089 5048 sunt
3118 4991 3283 5062 (Dan.
3314 4991 3440 5063 vn).
3482 5012 3501 5044 ι

1896 5087 1997 5153 Qui
2028 5086 2285 5140 nimirum
2316 5084 2443 5140 libri
2474 5084 2574 5154 ipsi
2602 5083 2939 5154 intelligendi
2969 5094 3097 5139 sunt
3126 5084 3329 5150 sancti,
3359 5098 3503 5153 quo-

1896 5194 2017 5233 rum
2038 5192 2181 5231 nunc
2219 5176 2471 5231 meritum
2503 5174 2573 5229 ab
2596 5174 2676 5229 cis
2710 5189 2810 5243 per
2844 5174 3152 5230 custodiam
3175 5174 3506 5229 humilitatis

1894 5269 2250 5326 absconditur
2287 5278 2341 5323 ct
2376 5278 2633 5337 tanquam
2670 5266 2924 5322 volumen
2969 5266 3177 5322 codicis
3203 5282 3273 5322 ne
3292 5266 3507 5336 legatur

1900 5361 2213 5416 involvitur.
2245 5358 2401 5413 Tunc
2438 5369 2618 5413 autem
2652 5358 2718 5412 ad
2744 5373 2933 5413 eorum
2961 5357 3191 5427 gloriam
3222 5361 3506 5412 universu-

1898 5468 2017 5507 rum
2039 5452 2213 5506 oculis
2227 5452 2491 5518 aperitur,
2514 5460 2573 5505 ut
2598 5451 2647 5504 iu
2671 5449 2753 5504 eis
2774 5449 3226 5519 praevaricatores
3246 5458 3505 5518 tanquam

1899 5559 1994 5610 per
2033 5542 2255 5612 digesta:
2283 5541 2600 5610 scriptionis
2624 5537 2910 5595 articulum
2938 5537 3122 5610 legant
3142 5538 3341 5593 divina:
3370 5538 3507 5610 legis

1898 5631 2183 5698 mandata,
2212 5646 2334 5701 qua:
2374 5632 2502 5686 dum
2533 5629 2874 5694 adviverent,
2904 5643 3130 5684 servare
3158 5637 3511 5699 contempse-

1902 5734 2043 5779 rant.
2098 5722 2212 5779 Illic
2236 5723 2350 5794 jam
2383 5723 2785 5793 compelluntur
2830 5730 2883 5777 et
2938 5721 3117 5793 lcgcrc
3147 5722 3241 5791 qui
3281 5719 3370 5777 hic
3415 5736 3512 5789 per

1905 5814 2234 5885 arrogantia:
2264 5814 2465 5872 fastum
2499 5815 2667 5872 verba
2706 5815 2797 5869 llci
2830 5814 3267 5883 dudiguzdmntur
3299 5812 3510 5868 audire.
