5904 6640
2175 409 2241 465 ιΝ
2280 402 2526 463 LIBROS
2564 384 3115 455 PROPIIETARCM.
4158 351 4295 407 HN

2710 505 2917 574 peritur
2942 500 2995 553 in
3028 491 3269 553 cunctis;
3304 495 3355 541 et
3395 480 3536 553 quod
3582 478 3783 532 dicitur
3818 470 3885 524 ab
3916 466 4187 522 universis
4216 464 4301 517 in-

2713 596 2933 651 venitur
2961 591 3017 643 in
3047 582 3293 654 singulis.
3322 578 3435 632 Duo
3472 586 3604 626 vero
3636 577 3849 623 montes
3880 560 4009 616 a‘rei
4030 595 4047 622 ,
4085 556 4152 611 de
4180 568 4316 623 quo-

2716 703 2833 741 rum
2876 681 3055 737 medio
3082 676 3337 731 dicuntur
3364 663 3570 736 egressi
3595 700 3608 725 ,
3636 660 3742 713 duo
3772 662 3900 709 sunt
3929 650 4279 704 Testamenta
4305 680 4319 704 ,

2715 794 2835 849 qum
2861 777 2927 830 ad
2960 775 3132 827 instar
3161 766 3287 821 aeris
3332 756 3606 817 durabilia
3656 760 3782 807 sunt
3827 756 3885 802 et
3929 755 4155 803 sonora,
4188 736 4319 808 quia

2716 888 2887 941 usque
2931 868 2998 921 ad
3032 866 3190 919 ﬁnem
3220 855 3406 913 saeculi
3455 867 3562 906 non
3600 844 3883 901 inveniunt
3932 836 4225 892 terminum
4256 837 4314 883 et

2718 979 2815 1036 per
2842 959 3028 1017 omnia
3056 952 3239 1009 mundi
3270 946 3445 1019 spatia
3476 945 3606 999 dant
3644 938 3923 992 tinnitum.
3966 949 3983 981 ι
4019 928 4074 982 In
4102 935 4324 999 omnem

3910 1025 3921 1035 '
4016 1021 4043 1036 ι·
4100 1032 4146 1036 α-
4187 1012 4324 1036 --.μμ

2721 1012 2807 1036 I’"
2848 1012 2947 1017 "”’
3300 1012 3315 1019 -

2721 1058 2869 1112 enim
2899 1063 3104 1107 terram
3134 1044 3305 1100 exivit
3344 1053 3511 1094 sonus
3546 1046 3770 1095 eorum,
3807 1036 3863 1081 et
3910 1025 3964 1079 in
4015 1021 4150 1074 lines
4182 1012 4336 1071 orbis

2723 1160 2884 1205 terra:
2911 1144 3075 1198 verba
3106 1150 3293 1195 eorum
3326 1128 3500 1203 (Psal.
3534 1124 3713 1191 xvut).
3750 1140 3766 1173 ι
3805 1117 3907 1184 Qui
3939 1122 3995 1169 et
4022 1108 4173 1165 venti
4205 1117 4330 1160 esse

2728 1242 3062 1297 referuntur,
3115 1230 3238 1299 quia
3293 1226 3359 1279 (le
3407 1220 3494 1275 his
3544 1217 3809 1283 scriptum
3843 1218 3927 1263 est
3960 1221 3975 1259 :
4013 1224 4030 1255 ι
4068 1200 4175 1257 Ubi
4218 1203 4342 1253 crat

2729 1338 2965 1403 impetus
2992 1324 3239 1397 spiritus,
3263 1317 3391 1371 illuc
3416 1308 3815 1382 gradiebantur
3837 1296 4057 1372 (Ezech.
4089 1292 4152 1361 ι).
4188 1308 4205 1340 ι
4234 1285 4338 1354 Qui

2730 1429 2899 1483 etiam
2928 1418 3288 1492 egrediuntur
3325 1418 3383 1462 ut
3413 1412 3562 1459 stent
3593 1413 3779 1456 coram
3812 1391 4170 1448 Dominatore
4221 1394 4340 1434 om-

2734 1520 2819 1573 nis
2846 1526 3037 1574 terrm;
3070 1506 3195 1578 quia
3220 1501 3360 1571 quod
3384 1495 3566 1552 sancti
3596 1490 3983 1562 praedicatores
4008 1496 4075 1534 es
4105 1474 4343 1531 ﬁdelium

2735 1602 3155 1664 fructiﬁcatione
3179 1593 3495 1666 proﬁciunt,
3536 1600 3645 1639 non
3676 1579 3777 1636 sibi
3809 1576 4090 1631 tribuunt,
4125 1566 4220 1623 sed
4254 1580 4349 1618 au-

2739 1700 2875 1757 ctori
2909 1714 2936 1750 a
2968 1708 3075 1763 quo
3099 1702 3287 1745 eorum
3312 1685 3493 1737 omnia
3518 1678 3670 1731 lucra
3698 1669 4020 1743 procedunt.
4048 1664 4124 1716 De
4146 1657 4349 1728 quibus

2742 1754 2810 1847 ad
2840 1754 3030 1844 B..Jo-b
3059 1784 3255 1839 dicitur
3294 1796 3305 1829 :
3350 1795 3367 1826 ι
3403 1768 3664 1840 Nunquid
3710 1763 3977 1819 immittes
4009 1755 4225 1824 fulgura
4246 1785 4266 1814 ,
4296 1754 4350 1801 et

2666 1880 2712 1939 Β
2744 1886 2922 1944 ibunt,
2957 1886 3012 1933 et
3053 1866 3382 1929 revertentia
3414 1834 3603 1917 dicent
3634 1858 3728 1911 tibi
3767 1874 3778 1907 :
3810 1844 4121 1907 Adsumus?
4178 1858 4197 1893 ι
4231 1834 4352 1909 (Job

2749 1971 3005 2038 xxxvtu.)

1028 444 1146 505 H73

1028 555 1191 615 vidisti
1216 554 1273 608 in
1300 549 1523 603 dextera
1573 555 1724 598 mea,
1754 544 1807 590 et
1835 540 2041 601 septem
2076 518 2403 578 candelabra
2433 527 2599 567 aurea
2637 522 2675 576 Α

1033 653 1197 721 (Apoc.
1226 649 1293 710 ι).
1332 660 1350 693 ι
1382 638 1601 706 Septem
1630 628 1799 684 stella:
1825 620 2001 691 angeli
2028 624 2153 672 sunt
2180 620 2388 680 septem
2419 601 2608 658 Eccle—

2124 712 2194 721 η.
2354 692 2608 721 tantast...

1034 692 1262 802 iiarrum,
1312 740 1368 788 et
1418 692 1750 783 candelabra
1802 724 2011 783 septem
2082 712 2291 774 septem
2354 692 2612 751 Ecclesia;

1034 838 1165 887 sunt.

1650 897 1877 959 CAPUT
1919 895 1963 949 Χ

1114 1019 1177 1077 ιη
1200 1030 1437 1073 sermone
1484 1009 1541 1063 II
1570 1008 1632 1060 de
1663 1004 1723 1059 S.
1758 999 2011 1055 Manlium
2058 997 2231 1059 apost.
2266 995 2312 1038 et
2342 994 2527 1047 evang.

1098 1071 1266 1168 tisi-ib
1315 1102 1591 1176 quadrigae
1651 1096 1753 1150 ilhe
1804 1104 1938 1159 quas
1993 1080 2291 1138 Zacharias
2355 1071 2621 1145 prepheta

1041 1203 1310 1272 designat,
1339 1212 1463 1252 cum
1490 1191 1619 1246 dicit
1648 1208 1659 1241 :
1694 1206 1711 1238 ι
1751 1186 1813 1239 Et
1865 1190 2165 1235 conversus
2205 1184 2360 1230 sum,
2387 1174 2441 1219 et
2475 1161 2620 1223 vidi,

2092 1264 2121 1272 "
2209 1269 2215 1272 λ
2350 1258 2387 1272 ις
2448 1248 2620 1272 -μεΑΙέη

1042 1303 1092 1352 et
1134 1248 1266 1346 :cce
1317 1295 1553 1355 quatuor
1612 1274 1888 1346 quadriga:
1942 1264 2287 1335 egredientes
2333 1258 2396 1308 de
2446 1248 2625 1305 medio

1044 1384 1263 1439 duorum
1292 1374 1557 1431 montium
1579 1410 1594 1433 ,
1634 1377 1689 1421 ct
1734 1373 1889 1419 erant
1924 1368 2134 1413 montes
2162 1351 2310 1406 aerei.
2351 1368 2366 1398 ι
2403 1348 2475 1399 De
2503 1340 2624 1411 qui-

1044 1473 1139 1526 bus
1183 1479 1238 1524 et
1284 1465 1440 1538 paulo
1480 1470 1601 1531 post
1632 1458 1765 1513 dicit
1798 1473 1810 1507 :
1854 1471 1871 1503 ι
1906 1451 1999 1505 isti
2033 1453 2161 1502 sunt
2206 1448 2443 1511 quatuor
2480 1431 2628 1487 venti

1046 1560 1185 1622 cmli,
1214 1527 1304 1627 qui
1340 1527 1717 1629 egreditptur.
1770 1554 1829 1599 ut
1876 1548 2022 1597 stent
2066 1550 2249 1589 coram
2289 1527 2631 1583 dominatore

1045 1650 1215 1708 ominis
1246 1658 1403 1703 terra:
1444 1620 1630 1713 (2.121..
1684 1639 1782 1703 vi).
1816 1655 1835 1687 ι
1894 1633 1961 1686 Et
1997 1626 2297 1686 notandum
2346 1620 2472 1689 quia
2522 1630 2631 1670 non

1048 1759 1148 1800 una
1173 1750 1409 1812 quatuor
1458 1732 1913 1803 evangelistarum
1961 1721 2223 1793 quadriga
2274 1714 2504 1777 dicitur;
2540 1708 2633 1763 sed

1048 1834 1411 1902 unusquisque
1441 1841 1632 1882 eorum
1659 1820 1927 1892 quadriga
1972 1821 2222 1873 vocatur,
2254 1806 2382 1876 quia
2411 1811 2466 1857 et
2498 1813 2636 1877 unus

1050 1928 1101 1982 iu
1129 1934 1377 1997 quatuor,
1416 1929 1469 1973 et
1514 1924 1746 1987 quatuor
1776 1917 1901 1965 sunt
1934 1909 1986 1961 in
2018 1918 2159 1967 uno;
2197 1900 2324 1954 dum
2358 1911 2455 1966 per
2484 1890 2634 1961 ejus-

1049 2017 1164 2073 dem
1198 2014 1321 2069 ﬁdei
1355 1986 1712 2066 intentionem
1749 2002 1894 2074 quod
1938 1996 2197 2055 scribitur
2224 2007 2255 2046 a
2286 1986 2516 2059 singulis
2553 1997 2637 2037 re-

2054 2104 2360 2176 Explict'tmt
2394 2094 2693 2155 testimonia
2727 2089 2790 2143 de
2818 2083 2965 2140 libris
2991 2076 3385 2153 praphetarum.

2488 2258 2893 2329 INCIPIUNT

1462 2447 2217 2556 TESTIMONIA
2272 2441 2419 2530 DE
2499 2422 2867 2521 LIBRO
2934 2403 3941 2557 MA\CHAB1EORUM.

1571 2609 1797 2669 CAPUT
1840 2597 2128 2661 PRIMUM.
2757 2570 2915 2626 tutati
2941 2546 3160 2638 quidem
3184 2562 3372 2624 fuisse,
3402 2572 3509 2611 non
3543 2562 3727 2608 autem
3762 2551 4010 2604 funditus
4034 2546 4368 2603 exstinxisse

2834 2659 2850 2669 .
3001 2666 3008 2669 .
3158 2652 3195 2669 Α
3243 2652 3253 2669 9
3364 2646 3620 2669 -2-..:-......
3680 2642 3819 2669 ἔκηε..
3887 2639 4054 2669 ,Ιέυἶηί
4128 2637 4333 2669 onmno-in

1571 2637 1747 2669 hara)
1770 2637 1790 2663 ι
1840 2637 1861 2661 ι
1889 2637 2128 2659 unauna.

1136 2742 1159 2779 ι
1193 2722 1327 2777 Cum
1359 2715 1413 2768 in
1451 2707 1725 2765 Persidem
1757 2697 1957 2770 (inquit
1989 2685 2294 2760 Scriptura)
2323 2681 2655 2737 ducerentur
2761 2659 3101 2717 referuntur.
3155 2652 3292 2720 Quia
3364 2646 3624 2702 nimirum
3680 2642 3821 2712 ignis
3886 2639 4056 2693 (“vim
4127 2637 4371 2700 amorim

2268 2776 2296 2779 ‘
2350 2774 2359 2779 '
2489 2767 2521 2779 “
2581 2777 2589 2779 λ
2635 2777 2652 2779 -
2768 2766 2924 2779 ι---ι--η
2960 2750 3012 2779 in
3050 2747 3226 2779 animo
3262 2741 3431 2779 nnelri
3465 2737 3651 2779 nni-die
3676 2734 4051 2779 accendimus.
4075 2740 4135 2779 ul.
4161 2745 4225 2779 ex
4250 2744 4371 2779 aro-

1136 2742 1159 2779 ι
1193 2734 1327 2777 υυιιι
1360 2734 1413 2768 tn
1452 2734 1725 2765 ιὐιδιυι-ιιι
1757 2734 1957 2770 υιιιιυη
1990 2734 2292 2760 ..ιωτηημι
2386 2734 2409 2737 ν

1063 2827 1247 2889 patres
1306 2805 1476 2863 nostri
1498 2843 1510 2864 ,
1570 2794 1882 2854 sacerdotes
1938 2785 2030 2854 qui
2088 2792 2215 2834 tunc
2268 2774 2365 2829 Dei
2417 2767 2657 2823 cultores
2764 2766 2926 2825 quem
2960 2750 3015 2803 in
3048 2747 3228 2801 anima
3262 2741 3433 2797 nostri
3465 2737 3651 2793 cordis
3676 2734 4053 2797 accendimus,
4075 2740 4135 2784 ut
4161 2745 4226 2785 ex
4250 2744 4376 2783 aro-

1830 2884 1839 2889 ’
1941 2878 1973 2889 ’ί
2048 2876 2060 2887 ’
2108 2887 2121 2889 έ
2148 2867 2305 2889 ν-Α-¹·-
2359 2855 2658 2889 dum-uin-
2765 2841 3009 2889 matihus
3034 2837 3304 2889 bonorum
3335 2844 3563 2889 onerum
3591 2840 3759 2882 suave
3789 2825 3899 2878 Deo
3931 2837 4069 2876 saet.
4212 2836 4260 2871 ιιι
4288 2817 4376 2872 of.

1064 2827 1247 2889 patres
1306 2817 1476 2863 llOSll‘l
1498 2843 1510 2864 ,
1570 2817 1882 2854 saccutum:
1938 2817 2030 2854 qui
2090 2817 2215 2834 ιω...
2270 2817 2365 2829 νν.
2780 2817 2801 2825 _

1064 2916 1249 2971 erant,
1289 2905 1569 2967 acceptum
1599 2892 1777 2960 ignem
1811 2884 1877 2937 de
1908 2876 2064 2933 altari
2099 2867 2308 2926 occulte
2357 2855 2658 2916 absconde-
2765 2841 3009 2899 matibus
3034 2837 3304 2892 bonorum
3335 2844 3563 2900 operum
3591 2840 3759 2882 suave
3789 2825 3899 2878 Deo
3931 2837 4069 2876 saei.
4212 2836 4260 2871 ιιι
4288 2817 4377 2872 of.

2041 2967 2053 2971 ‘
2220 2970 2227 2971 ί
2294 2959 2305 2969 ·
2400 2967 2438 2971 ν’
2511 2958 2557 2971 Α·
2600 2947 2654 2971 ³·-
2771 2935 3009 2971 far-amne
3078 2930 3129 2971 ῖιι
3164 2929 3280 2971 imm
3328 2930 3528 2971 nostra:
3569 2918 4009 2971 conversationis
4040 2916 4195 2968 Initio
4230 2914 4377 2967 intus

1065 2916 1249 2971 erant,
1289 2914 1569 2967 acceptum
1600 2914 1777 2960 lgttcul
1811 2914 1877 2937 uc
1908 2914 2064 2933 αιιμι.
2100 2914 2307 2926 ve---"

1065 3009 1193 3057 runt
1224 2998 1278 3052 in
1306 2992 1477 3049 valle,
1512 2983 1598 3038 ubi
1630 2988 1746 3034 erat
1774 2984 1971 3044 puteus
2006 2967 2147 3021 altus
2179 2970 2235 3016 et
2264 2959 2472 3019 siccus,
2506 2958 2562 3004 et
2600 2947 2659 3000 in
2771 2935 3010 2989 feramus
3032 2972 3045 2995 ,
3078 2930 3130 2984 in
3164 2929 3280 2997 ipso
3328 2930 3528 2978 nostra:
3569 2918 4009 2975 conversationis
4040 2916 4195 2968 Initio
4230 2914 4379 2967 imus

2144 3055 2151 3057 ι
2272 3051 2282 3057 .
2408 3056 2411 3057 ,
2528 3056 2533 3057 ,
2772 3028 2987 3057 ....:.i......
3039 3025 3197 3057 Αοιωι
3249 3018 3465 3057 ηρριιιιρ
3513 3029 3734 3057 ςριηηρι·
3784 3013 4011 3057 ardere-
4053 3025 4158 3057 non
4197 3018 4379 3057 au'em

1066 3013 1193 3057 runt
1224 3013 1278 3052 in
1306 3013 1477 3049 Vﬂtlc,
1513 3013 1598 3038 um
1630 3013 1746 3034 L’Iuv.
1777 3013 1971 3044 γυηη...
2006 3013 2146 3021 ..--.__
2188 3013 2231 3016 ,ἡ
2458 3013 2468 3019 _

1066 3109 1131 3150 eo
1158 3084 1422 3148 contutati
1453 3087 1580 3135 sunt
1608 3088 1767 3135 eum;
1804 3070 1877 3121 ita
1905 3072 1964 3119 ut
1992 3055 2245 3114 omnibus
2272 3051 2485 3119 ignotus
2515 3046 2660 3095 esset
2770 3028 2987 3099 quidem
3038 3025 3201 3080 debet
3249 3018 3465 3075 occulte
3512 3029 3734 3083 semper
3784 3013 4011 3075 ardere,
4053 3025 4159 3063 non
4197 3018 4380 3063 au'em

2255 3141 2267 3150 .
2301 3142 2311 3150 .
2468 3136 2477 3145 .
2584 3131 2623 3150 L
2772 3121 2917 3150 tn..."
2950 3134 3008 3150 ρο
3038 3132 3133 3150 ηοε-
3176 3128 3329 3150 ιναηιιι
3375 3110 3561 3150 olnrim
3593 3104 3845 3150 ﬂammas
3874 3101 4210 3150 expandere.
4241 3099 4380 3150 Cort-

1069 3109 1131 3150 εο
1158 3099 1422 3148 οοηωιιιιι
1453 3099 1580 3135 sunt
1608 3099 1730 3127 cum
1754 3113 1767 3135 ,
1805 3099 1877 3121 ιια
1907 3099 1964 3119 ιη
1993 3099 2242 3114 una"---
2273 3099 2385 3119 Ὃκ,

1069 3185 1242 3240 locus.
1285 3175 1420 3231 Cum
1477 3163 1869 3239 prmteriissent
1913 3161 2095 3208 autem
2160 3141 2314 3201 multi
2355 3136 2513 3197 anni,
2547 3131 2659 3201 pla-
2748 3121 2920 3176 foras
2950 3134 3008 3174 se
3038 3132 3133 3188 per
3176 3128 3329 3167 vanae
3373 3110 3561 3181 gloriae
3593 3104 3845 3159 ﬂammas
3874 3101 4210 3170 expandere.
4241 3099 4385 3152 Con.

2403 3228 2442 3240 ,κ
2542 3225 2551 3234 .
2580 3224 2638 3240 ,._
2696 3214 2737 3240 η
2772 3220 2983 3240 ...ηιηκ
3008 3222 3137 3240 (aI-nn
3168 3204 3360 3240 εηηίιία
3402 3197 3663 3240 Πςιιηηιίς-
3695 3210 3803 3240 nnn
3836 3203 4020 3240 autem
4053 3192 4105 3240 vi
4141 3192 4385 3240 nrivalur

1070 3192 1242 3240 locus.
1285 3192 1420 3231 bum
1477 3192 1869 3239 pl‘urttttttaauu.
1913 3192 2095 3208 ..ευ-ιν...
2160 3192 2313 3201 .-η-κη
2500 3192 2510 3197 ,
2548 3192 2564 3201 _

1070 3276 1186 3336 cuit
1211 3268 1443 3325 Domino
1468 3272 1527 3316 ut
1553 3258 1862 3313 mitteretur
1887 3240 2226 3300 Nehemiasa
2251 3246 2375 3302 rege
2403 3224 2660 3281 Persidis.
2694 3214 2739 3277 C
2772 3220 2983 3268 tutatur
3007 3222 3137 3279 ergo
3168 3204 3361 3275 sopitis
3402 3197 3666 3261 ﬂammis,
3695 3210 3804 3251 non
3836 3203 4020 3248 autem
4053 3192 4105 3245 vi
4140 3192 4391 3261 privatur

2050 3334 2056 3336 Α
2385 3322 2395 3333 .
2470 3320 2483 3336 .
2515 3330 2633 3336 Α---
2775 3303 3016 3336 ...πιλήσ-
3052 3310 3107 3336 ηι
3144 3312 3248 3336 nnn
3281 3306 3509 3336 manus
3554 3290 3817 3336 intereat.
3852 3287 3946 3336 sed
3993 3300 4113 3336 sese
4142 3292 4391 3336 nostmo-

4958 1748 4959 1757 1
5022 1736 5023 1757 1

5022 1766 5023 1783 1

4946 1820 4955 1829 ι.

4936 1916 4939 1923 ς

4840 2054 4855 2061 -
4888 2034 4909 2067 ;ν

4894 2076 4899 2085 ι

4916 2166 4919 2173 ς

4912 2362 4919 2369 ,
5022 2356 5023 2361 η

4952 2468 4971 2487 ι,
5022 2462 5023 2481 1

4970 2516 4973 2517 ,
5004 2498 5023 2551 ιι

4888 2546 4891 2547 ⁷
4936 2550 5023 2565 ἰιι-»τὼνγ

1072 3367 1171 3424 llic
1209 3361 1357 3418 misit
1381 3364 1602 3425 nepotes
1628 3344 1976 3402 sacerdotum
2009 3334 2223 3389 illorum
2244 3368 2259 3392 ,
2307 3322 2401 3393 qui
2436 3320 2666 3373 abscon-

1073 3458 1301 3518 derant,
1330 3450 1398 3504 ad
1433 3438 1816 3513 requirendum
1865 3432 2083 3500 ignem;
2121 3430 2209 3484 et,
2236 3416 2379 3471 sicut
2408 3418 2669 3464 narrave-

1466 3552 1570 3591 non
1604 3529 1930 3585 invenerunt
1953 3520 2153 3588 ignem,
2181 3509 2276 3566 sed
2299 3517 2491 3573 aquam
2525 3512 2671 3551 cras-

1659 3662 1671 3674 .
1704 3640 1719 3671 ›
1752 3619 1807 3672 ln
1838 3586 2035 3683 quibus
2054 3602 2306 3661 omnibus
2336 3592 2518 3649 verbis
2543 3586 2673 3641 illud

1078 3682 1249 3784 unum
1296 3720 1610 3793 specialiter
1642 3682 2031 3765 attendendum
2070 3705 2154 3752 est
2197 3690 2339 3763 quod
2384 3687 2436 3741 in
2480 3682 2590 3738 alto
2621 3687 2677 3733 ct

1080 3823 1231 3877 sicco
1256 3782 1413 3870 vallis
1458 3819 1620 3880 puteo
1653 3803 1804 3873 prius
1854 3795 1994 3866 ignis
2026 3786 2399 3845 absconditur,
2447 3786 2503 3831 ct
2530 3782 2677 3845 post-

1082 3861 1230 3877 .’ν“’“¹’
1269 3861 1411 3870 ’“’¹“““”’
1460 3861 1524 3880 l’"
1654 3861 1667 3873 ι
1878 3861 1899 3866 -

1082 3909 1307 3967 modum
1336 3901 1502 3972 268
1530 3911 1635 3950 non
1686 3890 1859 3961 ignis,
1895 3882 1990 3940 sed
2029 3892 2170 3949 aqua
2216 3885 2400 3928 crassa
2430 3882 2459 3919 a
2494 3861 2679 3933 requi-

1083 3966 1653 4061 rentibus—iumentum.
1690 3980 1840 4034 Mens
1868 3974 2070 4045 quippe
2100 3966 2314 4022 sincera
2365 3968 2528 4026 atque
2559 3968 2679 4023 per-

1085 4093 1230 4147 lecta
1261 4081 1477 4141 Domini
1530 4074 1829 4132 intentione
1864 4061 2164 4137 quaerentis
2184 4100 2198 4119 .
2229 4071 2334 4112 non
2384 4053 2681 4118 incongrue

1083 4198 1184 4253 per
1210 4186 1429 4250 puteum
1458 4170 1611 4224 vallis
1642 4166 1810 4219 altum
1835 4158 2157 4227 designatur
2192 4157 2246 4203 et
2276 4147 2485 4201 siccum
2510 4157 2526 4206 ;
2562 4152 2682 4207 qua:

1088 4274 1347 4329 nimirum
1373 4275 1428 4322 et
1450 4280 1478 4318 a
1500 4261 1679 4316 ﬂuidis
1704 4254 2084 4311 illecebrarum
2108 4242 2411 4301 carnalium
2435 4235 2699 4303 volupta-

1090 4367 1239 4421 tibus
1264 4360 1448 4421 arida,
1496 4363 1552 4408 et
1598 4360 1831 4404 terrenae
1874 4332 2335 4408 concupiscentia:
2395 4324 2685 4381 ruderibus

1088 4455 1200 4511 alte
1228 4450 1443 4506 defossa
1463 4485 1479 4510 ,
1504 4453 1559 4498 et
1586 4442 1638 4495 in
1667 4452 1805 4493 verae
1830 4428 2157 4489 humilitatis
2182 4432 2263 4479 est
2286 4416 2529 4477 convalle
2560 4412 2683 4469 fun-

1089 4550 1240 4605 data.
1276 4540 1413 4596 Huic
1443 4538 1626 4605 itaque
1658 4538 1818 4601 puteo
1854 4520 2108 4580 sacriﬁcii
2158 4515 2299 4585 ignis
2349 4508 2685 4567 immittitur,

1088 4654 1220 4697 cum
1247 4636 1302 4691 in
1328 4631 1484 4688 electi
1512 4623 1802 4694 cujuslibet
1831 4623 2014 4674 mente
2042 4609 2211 4667 divini
2242 4603 2444 4661 amoris
2472 4599 2687 4653 ﬂamma

1090 4725 1403 4797 concipitur
1424 4730 1589 4789 atque
1614 4715 1681 4769 ad
1705 4711 1929 4769 cceleste
1952 4701 2279 4762 desiderium
2304 4696 2454 4766 prius
2477 4692 2690 4746 animus

1094 4821 1489 4877 inﬂammatur.
1521 4808 1629 4863 Sed
1658 4806 1748 4860 hic
1777 4802 1917 4871 ignis
1944 4798 1999 4853 in
2033 4806 2231 4863 aquam
2277 4786 2531 4848 vertitur,
2565 4780 2689 4852 quia

1093 4930 1166 4971 ex
1196 4914 1318 4983 igne
1346 4904 1511 4963 divini
1541 4897 1743 4956 amoris
1765 4896 2129 4963 lacrymarum
2157 4878 2506 4950 compunctio
2532 4888 2693 4944 gene-

1096 5015 1276 5063 ratur.
1311 5002 1379 5056 Et
1403 4995 1699 5053 notandum
1727 4988 1869 5059 quod
1906 5000 2011 5039 non
2057 4995 2193 5051 pura
2224 4978 2494 5032 duntaxat
2519 4982 2657 5037 aqua
2680 5004 2696 5028 ,

1099 5099 1200 5154 sed
1232 5106 1417 5151 crassa
1464 5102 1603 5155 aqua
1634 5090 1888 5138 narratur
1920 5077 2029 5131 illic
2074 5074 2243 5127 fuisse
2293 5075 2530 5137 reperta.
2560 5060 2699 5128 Quid

1102 5188 1255 5242 enim
1290 5195 1474 5238 crassa
1521 5186 1603 5232 est
1648 5189 1785 5243 aqua
1819 5170 1923 5223 nisi
1954 5168 2322 5235 lacrymarum
2352 5151 2703 5223 compunctio

1107 5281 1308 5337 divinae
1341 5276 1525 5349 gratiae
1575 5268 1898 5341 pinguedine
1948 5257 2231 5331 saginata?
2284 5254 2401 5321 Qua
2452 5247 2706 5302 videlicet

1111 5336 1370 5441 saginari
1400 5336 1727 5436 pinguedine
1772 5354 2037 5411 :estuahat
2064 5348 2337 5416 PrOpheta
2358 5383 2370 5405 ,
2404 5355 2526 5394 eum
2556 5336 2703 5390 dice-

1116 5474 1242 5515 ret:
1280 5478 1298 5509 ι
1337 5426 1693 5520 εἰξυὶάιιίρθ
1741 5454 1798 5500 et
1838 5432 2167 5515 pinguedine
2211 5433 2490 5503 repleatur
2526 5426 2704 5481 anima

1117 5566 1241 5606 mea
1289 5544 1461 5619 (Psal.
1511 5518 1665 5611 anj.
1700 5560 1717 5592 ι
1771 5538 1839 5592 Et
1886 5550 1982 5605 per
2030 5530 2194 5584 alium
2241 5524 2561 5595 prophetam
2594 5518 2709 5571 haec

1119 5641 1311 5697 eadem
1342 5634 1678 5708 promittitur
1720 5624 2055 5685 crassitudo,
2088 5636 2211 5675 eum
2255 5617 2332 5671 ait
2361 5633 2375 5668 :
2416 5633 2433 5665 ι
2465 5610 2711 5665 Delecta-

1121 5730 1272 5785 bitur
1298 5729 1351 5781 in
1384 5721 1748 5780 crassitudine
1777 5719 1955 5773 anima
1984 5720 2167 5765 vestra
2209 5705 2367 5778 (Iani.
2400 5702 2509 5771 Lv).
2550 5722 2569 5751 ο
2600 5698 2711 5752 Nec

1123 5815 1561 5890 putereundum
1584 5811 1725 5883 quod
1754 5803 2152 5865 abscondentes
2180 5800 2325 5857 hunc
2350 5796 2553 5867 ignem,
2583 5802 2715 5847 coa-

2773 3303 3019 3367 ardoris;
3052 3310 3112 3353 ut
3144 3312 3249 3352 non
3281 3306 3509 3366 prorsus
3554 3290 3817 3352 intereat,
3852 3287 3946 3340 sed
3993 3300 4113 3339 sese
4142 3292 4392 3354 postmo-

2778 3399 2906 3452 dum
2932 3390 3270 3449 mirabiliter
3296 3387 3437 3459 ignis
3487 3388 3539 3437 in
3590 3397 3789 3451 aquam
3835 3387 4040 3435 vertat.
4069 3376 4195 3433 Haec
4225 3390 4391 3449 porro

2778 3503 2937 3559 aqua,
2972 3484 3320 3554 compunctio
3355 3478 3608 3534 videlicet
3634 3475 4026 3544 lacryntarum,
4064 3488 4169 3528 non
4209 3472 4384 3526 solum

2778 3597 2807 3635 a
2836 3586 3184 3649 peccatorum
3221 3586 3321 3627 nos
3369 3569 3695 3638 contagione
3742 3563 4029 3636 puriﬁcat,
4068 3562 4159 3617 sed
4208 3562 4378 3616 etiam

2780 3684 2841 3726 ut
2869 3670 3119 3741 placeant
3150 3679 3263 3733 Ipsa
3291 3664 3401 3717 Deo
3427 3660 3569 3713 bona
3598 3666 3785 3712 nostra
3808 3654 4174 3709 commendat.
4206 3651 4383 3709 Omna

2783 3772 3018 3829 namque
3060 3769 3288 3825 operum
3332 3748 3663 3833 sacriﬁcium
3723 3748 3776 3799 in
3828 3757 4122 3815 conspectu
4169 3743 4392 3812 snperui

2782 3851 2992 3907 Judicis
3025 3847 3250 3903 suavius
3300 3843 3567 3903 redditur,
3603 3839 3646 3893 si
3680 3837 3933 3891 contrita:
3979 3836 4177 3889 mentis
4220 3834 4400 3906 lacry-

2787 3944 2891 3998 niis
2921 3947 3268 4009 aspergatur.
3304 3934 3459 3989 Unde
3512 3930 3624 3985 illic
3676 3938 3802 3999 apte
3850 3926 4203 3996 subjuugitur
4234 3943 4246 3977 :
4283 3944 4300 3974 ε
4336 3923 4401 3978 Et

2789 4032 3056 4088 sacriﬁcia
3080 4070 3095 4095 ,
3131 4028 3338 4097 inquit,
3368 4039 3489 4095 qua:
3521 4022 3777 4089 imposita
3809 4028 3999 4084 erant,
4020 4014 4186 4085 jussit
4218 4028 4399 4069 sacer-

2789 4128 2885 4181 dos
2912 4124 3207 4178 Nehemias
3244 4118 3461 4189 aspergi
3488 4130 3629 4186 aqua
3658 4114 3771 4181 ipsa
3792 4154 3806 4177 ,
3830 4120 3885 4165 ct
3916 4110 4059 4182 ligna
4094 4124 4212 4180 qua:
4236 4117 4399 4163 erant

2789 4216 3155 4289 superposita.
3190 4234 3207 4265 ι
3236 4212 3492 4265 Protinus
3514 4208 3757 4261 historia:
3780 4206 3950 4258 series
3971 4202 4211 4257 addidit:
4234 4219 4253 4252 ι
4287 4199 4403 4257 Hoc

2791 4324 2849 4369 ut
2880 4313 3085 4368 factum
3109 4317 3194 4365 est
3216 4348 3229 4373 ,
3268 4316 3480 4374 tempus
3513 4300 3724 4366 adluit,
3756 4315 3863 4369 quo
3894 4298 3978 4354 sol
4024 4296 4269 4362 refulsit,
4306 4297 4401 4366 qui

2792 4404 2942 4505 prius
2968 4410 3091 4458 erat
3117 4400 3171 4454 in
3203 4396 3418 4459 nubilo;
3452 4404 3507 4449 et
3534 4407 3797 4447 accensus
3844 4400 3929 4445 est
3972 4390 4114 4459 ignis
4145 4404 4402 4459 magnus,

2942 4504 2947 4505 ,
3253 4491 3262 4500 -
3356 4502 3388 4505 ,_
3440 4495 3455 4505 .
3482 4503 3492 4505 _
3516 4502 3526 4505 Α
3602 4504 3607 4505 ,
3681 4484 3700 4505 Δ
3721 4483 3991 4505 --.l!..'.--.....
4037 4489 4191 4505 ...ιιλη
4279 4480 4402 4505 ...ιῖγ-

2793 4496 2865 4549 ita
2898 4504 2957 4549 ut
2983 4506 3173 4548 omnes
3196 4491 3547 4544 mirarentur.
3596 4504 3616 4536 ι
3669 4483 3994 4537 Audivimus
4036 4489 4225 4544 antea,
4276 4480 4405 4548 quia

2724 4590 2769 4649 D
2800 4601 2941 4656 aqua
2968 4599 3068 4655 pro
3099 4583 3220 4653 igne
3252 4587 3467 4649 reperta
3500 4585 3613 4637 est;
3645 4590 3791 4627 nunc
3822 4570 4133 4626 eeontrario
4179 4569 4406 4627 dicitur,

2796 4670 2921 4738 quia
2955 4680 3049 4735 per
3084 4676 3460 4732 aspersmnem
3496 4670 3651 4727 aquae
3689 4656 3829 4725 ignis
3873 4669 4102 4723 magnus
4138 4664 4403 4707 accensus

2796 4772 2898 4818 εει.
2951 4758 3094 4828 Ergo
3144 4766 3197 4811 et
3243 4770 3307 4809 ex
3368 4754 3492 4822 igne
3542 4764 3682 4817 aqua
3744 4747 4009 4809 nascitur,
4057 4752 4111 4799 et
4152 4759 4215 4799 ex
4260 4760 4401 4813 aqua

2797 4851 2937 4921 ignis
2975 4848 3205 4903 invicem
3237 4851 3580 4914 procreatur.
3623 4838 3759 4906 Quia
3793 4836 4043 4892 videlicet
4078 4846 4132 4889 et
4172 4849 4236 4888 ex
4281 4835 4403 4903 igne

2796 4943 2961 4999 divini
2995 4942 3200 4995 amoris
3227 4938 3398 5008 gratia
3432 4929 3868 5003 compunctionis
3894 4930 4090 4992 oritur,
4122 4936 4175 4981 et
4216 4941 4405 4981 rursus

2795 5053 2857 5093 ex
2889 5032 3311 5104 compunctione
3343 5029 3717 5099 lacrymarum
3754 5021 4012 5078 desiderii
4045 5018 4286 5075 cmlestis
4313 5034 4404 5072 ar-

2796 5130 2895 5185 dor
2922 5134 3170 5197 augetur.
3202 5122 3451 5175 Alterum
3485 5117 3757 5187 siquidem
3790 5112 3987 5191 pendet
4015 5126 4083 5165 ex
4115 5110 4318 5174 altero,
4352 5118 4407 5162 et

2796 5222 3009 5275 sibimet
3038 5226 3328 5284 utrumque
3362 5212 3594 5265 invicem
3624 5214 3865 5278 praestat,
3892 5204 4017 5259 dum
4046 5211 4101 5257 et
4128 5217 4194 5255 ex
4218 5215 4405 5254 amore

2799 5316 2892 5371 Dei
2926 5313 3293 5381 lacrymarum
3325 5300 3677 5372 compunctio
3706 5297 3955 5370 proﬂuit,
3992 5303 4045 5351 et
4084 5310 4274 5349 rursus
4309 5306 4406 5362 per

2798 5412 3069 5478 lacrymas
3114 5403 3181 5456 ad
3228 5411 3472 5453 amorem
3530 5394 3622 5448 Dei
3672 5405 3827 5446 mens
3880 5398 4064 5443 nostra
4108 5386 4406 5442 ferventius

2800 5497 3113 5555 inardescit.
3164 5495 3235 5547 ln-
3268 5505 3375 5561 qua
3415 5500 3596 5542 autem
3640 5494 3820 5538 mente
3867 5482 4025 5550 hujus
4075 5477 4406 5535 alternitatis

2797 5593 3079 5660 reciproca
3110 5585 3351 5641 varietas
3383 5582 3586 5650 agitur,
3624 5580 3690 5631 ab
3715 5577 3863 5632 onmi
3890 5574 4077 5645 procul
4100 5572 4261 5628 dubio
4290 5584 4408 5627 rea-

2799 5697 2887 5742 tus
2923 5681 3008 5737 sui
3040 5677 3297 5750 squalore
3326 5680 3613 5745 purgatur.
3654 5668 3802 5724 Unde
3832 5666 3942 5721 illic
3973 5680 4079 5719 non
4112 5664 4407 5732 incongrue

2797 5787 3074 5853 postremo
3097 5770 3443 5848 subjungitur
3473 5784 3483 5822 :
3524 5784 3539 5816 ‹
3582 5760 3879 5834 Appellavit
3905 5767 4088 5815 autent
4114 5754 4406 5813 Nehemtus
