3978 6358
257 431 386 486 “77

1289 418 1377 471 DE
1422 411 1904 470 PETITIONIBUS
1945 407 2343 472 LINCIDARII,
2389 404 2544 462 ETC.

3415 401 3555 455 H78

256 563 284 600 ιι
315 559 417 606 me,
442 542 567 610 quia
599 538 746 592 milis
765 548 883 591 sunt
911 541 966 588 et
995 531 1214 586 humilis
1239 530 1422 590 corde,
1446 539 1501 584 et
1547 523 1837 580 invenietis
1868 531 1910 586 Α
1945 522 2085 575 luna:
2123 519 2438 574 solemnitas
2496 531 2692 572 novant
2747 514 2996 584 designat
3037 513 3089 566 in
3147 512 3369 567 homine
3431 513 3554 567 ﬁeri

259 634 497 702 requiem
543 627 826 684 animabus
870 623 1068 680 vestris
1098 622 1315 692 (Matth.
1342 619 1485 689 χιιι).
1523 638 1541 669 ι
1594 615 1842 671 Carnalis

257 741 383 798 ergo
415 723 639 779 Sahhati
661 720 860 774 cultum
887 729 1279 784 supervacuum
1310 712 1564 772 dicimus,
1589 724 1711 763 cum
1729 707 1842 775 jam

259 818 386 874 illud
411 829 599 869 verum
635 821 689 865 et
720 807 1079 870 salutiferum,
1112 814 1335 876 prepter
1361 802 1507 873 quod
1535 800 1842 856 institutum

260 922 362 975 est,
383 908 738 964 celebramus.

334 1001 535 1067 Quart.
575 997 626 1050 5.
658 996 714 1049 Si
751 993 1001 1049 Christus
1040 1004 1146 1044 non
1182 987 1329 1041 venit
1370 985 1545 1054 legem
1590 982 1801 1037 solvere
1829 1020 1844 1046 ,

261 1093 355 1147 sed
384 1089 628 1159 implere.
660 1101 758 1140 cur
782 1081 1127 1140 Christianus
1151 1076 1374 1145 negligit
1401 1075 1648 1129 ciborum
1689 1070 1845 1125 diﬁc-

261 1182 489 1239 rentiam
518 1194 636 1249 qua:
663 1177 716 1230 in
737 1176 853 1245 lege
880 1171 1192 1242 prrecipitur
1216 1165 1533 1224 observari?

334 1274 590 1340 Respons.
640 1270 752 1323 lmo
801 1265 1004 1321 idcirco
1069 1264 1184 1317 haec
1245 1275 1274 1314 a
1314 1255 1640 1314 Christianis
1700 1254 1849 1308 cibo-

263 1381 382 1419 rum
416 1361 722 1418 diﬁerentia
754 1372 862 1410 non
903 1354 1240 1412 admittitur;
1275 1349 1534 1419 quoniam
1569 1363 1599 1401 a
1629 1345 1850 1400 Christo

263 1454 407 1524 quod
455 1467 552 1517 per
597 1452 738 1504 hanc
785 1446 1121 1516 ﬁgurabatur
1165 1440 1438 1510 nnpletur.
1503 1434 1849 1490 [inmunditia

262 1523 484 1615 quippe,
515 1555 634 1612 quae
665 1548 791 1591 tunc
813 1537 1109 1590 cavebatur
1138 1532 1191 1585 in
1223 1530 1390 1592 cibis,
1422 1541 1568 1581 nunc
1598 1526 1654 1578 in
1687 1523 1852 1577 mori-

263 1614 364 1689 bus
406 1632 727 1701 reprobalur
755 1625 1022 1682 humanis.
1060 1623 1211 1677 Sicut
1253 1620 1400 1674 enim
1428 1617 1602 1671 sancti
1651 1614 1851 1683 quique

264 1741 329 1780 ac
376 1725 505 1794 justi
540 1722 944 1776 transferuntur
975 1716 1028 1769 in
1059 1714 1218 1784 271
1259 1723 1458 1778 corpus
1502 1706 1742 1766 Christi;
1773 1704 1852 1758 sic

264 1816 334 1869 ab
381 1829 447 1869 eo
477 1811 692 1881 reprobi
738 1816 793 1863 et
831 1805 1002 1875 iniqui
1051 1816 1310 1872 tanquam
1361 1798 1466 1878 cibi
1516 1795 1853 1866 repelluntur

267 1906 554 1963 immundi.
588 1904 880 1972 Postquam
922 1912 1052 1968 ergo
1082 1898 1198 1965 ipsa
1228 1893 1442 1949 Veritas
1473 1907 1594 1962 qua:
1642 1888 1852 1959 signiﬁ-

265 1997 492 2053 cabatur
527 1993 746 2049 advenit
777 2031 793 2056 ,
837 1989 1034 2044 merito
1076 1983 1492 2056 signiﬁcationis
1519 1983 1711 2037 umbra
1738 1994 1856 2035 ces-

266 2089 426 2143 savit.

337 2178 537 2245 Quaest.
572 2177 625 2230 4.
663 2174 718 2229 Si
753 2172 1004 2228 Christus
1044 2185 1150 2224 non
1197 2167 1346 2222 venit
1388 2165 1562 2234 legem
1595 2163 1808 2218 solvere
1841 2201 1856 2227 ,

262 2273 358 2327 sed
392 2269 639 2340 implere,
672 2282 769 2321 cur
794 2275 848 2319 et
888 2262 1204 2316 animalium
1242 2259 1500 2314 carnibus
1523 2256 1857 2312 sacriﬁcium

267 2364 376 2416 Deo
405 2359 749 2415 Christianus
779 2371 884 2409 non
915 2363 1072 2407 curat
1103 2349 1338 2406 oﬁ‘erre?

334 2450 584 2518 Respons.
636 2447 748 2500 lmo
801 2445 1007 2499 ideirco
1063 2459 1094 2496 a
1150 2439 1488 2496 Christianis
1551 2435 1858 2503 huiusmodi

266 2539 595 2596 sacriﬁcium
643 2552 749 2590 non
780 2534 1043 2599 oﬁertur;
1077 2532 1204 2602 quia
1231 2529 1496 2601 quidquid
1543 2529 1598 2582 in
1637 2527 1742 2580 illis
1771 2528 1864 2580 ho-

261 2631 384 2685 stiis
416 2630 589 2700 typice
615 2625 903 2697 gerebatur
929 2665 942 2686 ,
974 2633 1146 2678 totum
1180 2622 1233 2675 in
1267 2619 1644 2675 immolatione
1675 2617 1812 2688 Agai
1844 2657 1860 2682 ,

270 2741 288 2775 ι
324 2721 415 2792 qui
449 2719 588 2774 tollit
634 2726 857 2787 peccata
918 2714 1102 2768 mundi
1149 2711 1336 2784 (Joan.
1368 2715 1476 2779 ιιι),
1512 2729 1532 2762 ι
1589 2709 1863 2762 veraciter

263 2810 637 2880 adimpletur:
682 2816 739 2861 et
786 2805 911 2876 quia
969 2803 1150 2858 omnia
1203 2801 1294 2857 illa
1353 2800 1430 2856 nil
1467 2798 1614 2854 aliud
1669 2797 1864 2852 salutis

267 2900 560 2962 habebant,
590 2895 785 2951 nisiut
829 2894 896 2948 ad
927 2893 1031 2947 hoc
1068 2901 1316 2947 nostrum
1358 2889 1687 2944 sacriﬁcium
1724 2903 1862 2940 una-

268 2991 488 3048 nimiter
518 2989 824 3050 tenderent,
857 2987 960 3039 hoc
994 3001 1164 3038 unum
1202 2983 1380 3037 omnis
1407 2981 1860 3036 emrenvoniarum

268 3080 557 3136 diversitas
609 3079 959 3148 designaret,
1013 3084 1300 3144 postquam
1351 3072 1529 3126 hostia
1571 3069 1864 3140 singularis

268 3172 481 3235 illuxit,
526 3169 804 3237 multiplex
854 3166 1043 3220 umbra
1086 3181 1206 3235 qua:
1243 3163 1583 3234 prteredehat
1615 3162 1857 3215 evanuit.

269 3265 399 3332 Quis
446 3264 589 3318 enim
646 3263 852 3315 nesciat
880 3259 1068 3313 eadem
1107 3257 1377 3312 sacriﬁcia
1435 3256 1619 3325 potius
1659 3255 1728 3307 ad
1760 3255 1861 3308 hoc
1894 3248 1936 3304 (Σ

270 3353 613 3409 inohediendi
672 3352 902 3421 populo,
958 3364 1027 3404 ne
1064 3363 1186 3403 cum
1245 3348 1403 3401 idolis
1449 3345 1858 3410 fornicarezur,

268 3447 518 3517 imposita
554 3486 570 3512 ,
641 3461 802 3516 quam
861 3443 971 3498 Deo
1025 3452 1285 3512 tanquam
1343 3442 1457 3510 ipse
1526 3439 1864 3494 desideraret

268 3539 481 3596 oblata?

340 3629 540 3695 Quam.
578 3629 631 3682 5.
683 3627 737 3681 Si
788 3627 1039 3682 Christus
1070 3639 1178 3680 non
1209 3622 1358 3677 venit
1399 3621 1573 3692 legem
1605 3620 1818 3675 solvere
1847 3660 1859 3679 .

269 3721 362 3776 sed
407 3722 628 3791 implere
657 3762 670 3786 ,
721 3736 820 3774 cur
873 3719 1219 3773 Christianus
1262 3732 1510 3787 azytnam
1557 3731 1720 3785 quam
1776 3715 1863 3768 lex

269 3811 508 3880 prmcipit
535 3826 640 3864 non
664 3810 951 3863 observat?

341 3900 596 3968 Respons.
627 3899 836 3951 Idcirco
864 3914 890 3949 a
923 3897 1250 3951 Christianis
1277 3894 1508 3948 visibilis
1539 3893 1627 3946 illa
1661 3901 1716 3947 et
1745 3909 1864 3947 cor-

268 3987 472 4060 poralis
518 4000 709 4055 azyma
761 3984 1205 4054 ﬁoccipenditur;
1265 3983 1523 4052 quoniam
1563 3992 1864 4053 expurgato

269 4079 470 4136 veteris
497 4079 621 4132 vita:
649 4077 936 4138 fermento,
985 4091 1122 4132 nova
1155 4075 1476 4145 eonspersio
1505 4074 1866 4143 spiritualiter

273 4170 618 4240 adimpletur.
653 4169 805 4224 Tunc
851 4168 994 4223 enim
1025 4178 1145 4224 erat
1173 4168 1313 4238 legis
1357 4168 1629 4237 scriptura
1664 4182 1867 4236 praece-

269 4271 440 4333 ptum,
469 4276 612 4315 nunc
647 4269 729 4314 est
767 4260 1136 4315 testimonium
1159 4301 1173 4323 ,
1205 4268 1261 4313 et
1287 4267 1574 4328 postquam
1621 4258 1675 4312 id
1717 4257 1863 4326 quod

269 4352 675 4426 signiﬁcabatur
719 4350 967 4416 advenit,
1002 4351 1107 4405 hoc
1140 4350 1285 4420 quod
1326 4349 1670 4420 signiﬁcabat
1698 4349 1865 4403 inter-

273 4445 356 4500 iit.

339 4535 541 4602 Quwst.
571 4534 624 4589 6.
667 4533 724 4588 Si
757 4532 1010 4588 Christus
1055 4532 1228 4602 legem
1275 4531 1422 4585 venit
1450 4530 1676 4600 implere
1702 4571 1716 4594 ,
1766 4547 1864 4584 cur

1953 623 2285 675 creaturam,
2311 612 2378 664 de
2407 626 2515 680 qua
2558 609 2686 662 dicit
2716 606 3006 676 Apostolus
3037 625 3047 658 :
3089 626 3106 655 ί
3141 604 3195 658 Si
3240 621 3345 674 qua
3393 605 3559 674 igitur

1953 707 2004 760 in
2048 704 2268 759 Christo
2319 719 2456 758 nova
2497 712 2793 764 creatura,
2838 709 3024 754 vetera
3069 705 3442 763 transierunt,
3504 706 3559 752 et

1952 810 2080 849 ecce
2117 793 2256 848 facta
2286 801 2414 846 sunt
2442 793 2624 844 omnia
2660 805 2798 843 nova
2825 787 2910 858 (11
2942 788 3065 842 Cor.
3099 787 3174 856 v).
3210 808 3227 838 ι

2031 885 2233 951 Quam.
2266 885 2320 939 8.
2361 884 2418 938 Si
2452 883 2702 938 Christus
2736 897 2842 935 non
2882 881 3032 934 venit
3083 879 3255 949 legem
3307 878 3558 943 solvere,

1959 992 2056 1030 cur
2081 974 2427 1029 Christianus
2452 972 2538 1026 illa
2583 971 2921 1024 ablutionum
2963 970 3292 1039 baptismata
3322 985 3443 1038 qua:
3474 968 3560 1021 lex

1958 1067 2202 1136 prmcipit
2231 1081 2336 1120 non
2373 1063 2668 1119 observat?

2034 1155 2292 1225 Respons.
2354 1155 2482 1208 Ideo
2552 1154 2666 1206 inec
2721 1151 3047 1206 Christiance
3103 1167 3208 1204 non
3279 1160 3564 1205 merentur

1959 1248 2323 1302 observantia:
2364 1247 2571 1300 cultum
2607 1285 2620 1309 ,
2659 1245 2784 1313 quia
2831 1253 2960 1298 tunc
2991 1243 3200 1297 umbra:
3229 1243 3445 1298 fuerunt
3475 1244 3561 1295 fu-

1963 1348 2210 1392 turorum
2253 1351 2487 1406 quorum
2519 1351 2660 1389 nunc
2708 1335 3055 1404 perapicuum
3104 1335 3446 1402 possidemus
3487 1335 3564 1390 el-

1960 1433 2180 1486 l‘ectum.
2216 1449 2233 1480 ι
2272 1430 2586 1498 Conscpulti
2636 1429 2781 1483 enim
2834 1444 3023 1482 smnus
3080 1428 3302 1484 Christo
3347 1445 3442 1498 ρον
3477 1433 3559 1484 ba-

1961 1525 2216 1592 ptismum
2260 1523 2313 1576 in
2339 1531 2550 1584 morte;
2585 1531 2640 1573 ut
2670 1523 2943 1589 quomodo
2975 1523 3216 1576 surrexit
3243 1524 3497 1578 Christus
3539 1543 3567 1580 a

1961 1616 2192 1670 mortuis
2236 1630 2332 1685 per
2379 1615 2608 1685 gloriam
2653 1614 2853 1678 Putris,
2888 1614 2968 1669 sic
3009 1625 3065 1668 et
3109 1631 3207 1670 nos
3237 1617 3289 1670 in
3325 1621 3570 1674 novitate

1960 1711 2082 1764 vitae
2117 1711 2461 1764 ambulemus
2486 1708 2660 1780 (Rom.
2690 1710 2787 1776 γι).
2827 1728 2847 1761 ι

2033 1823 2235 1889 Ωιιιεει.
2257 1823 2310 1877 9.
2343 1823 2400 1876 Si
2425 1822 2511 1876 lex
2542 1837 2571 1875 a
2601 1821 2820 1876 Christo
2848 1819 3067 1890 impleta
3095 1831 3199 1884 est,
3229 1837 3336 1877 non
3369 1824 3568 1888 soluta,

1960 1916 2088 1986 quid
2121 1915 2353 1969 rationis
2395 1915 2654 1983 olejieitur
2688 1923 2746 1967 ut
2793 1929 2825 1968 a
2873 1913 3201 1968 Christianis
3233 1917 3573 1986 scenopvgice

1961 2006 2281 2062 solemnitas
2309 2021 2413 2060 non
2444 2005 2656 2059 colatur
2677 2007 2700 2057 ?

2038 2120 2290 2190 Respons.
2335 2119 2774 2173 Tal'ernaeulum
2820 2118 2916 2174 Dei
2968 2120 3205 2174 societas
3250 2131 3333 2173 est
3383 2121 3570 2190 populi

1960 2211 2277 2274 Christiani,
2305 2224 2358 2265 et
2387 2212 2640 2279 quoniam
2682 2210 2811 2262 illud
2861 2209 3273 2265 tabernaculum
3321 2222 3570 2266 sanctam

1961 2301 2346 2372 prteﬁgurabat
2383 2299 2680 2354 Ecclesiam
2712 2341 2723 2361 ,
2757 2301 3126 2355 contemnitur
3158 2302 3372 2370 signum
3422 2315 3576 2372 post-

1961 2410 2126 2464 quam
2169 2393 2319 2447 venit
2362 2393 2506 2460 quod
2563 2391 2740 2445 fuerat
2791 2393 3201 2460 prmsignatum.
3270 2392 3380 2448 Nec
3425 2396 3573 2449 enim

1964 2487 2241 2540 diceretur
2271 2483 2681 2539 tabernaculum
2728 2484 3024 2538 testimonii
3053 2525 3066 2548 ,
3099 2485 3201 2538 nisi
3237 2485 3400 2556 272
3437 2494 3577 2541 atte-

1965 2585 2204 2632 staretur
2250 2576 2411 2631 alicui
2450 2592 2572 2645 qua:
2613 2575 2942 2630 declaranda
2984 2585 3145 2630 erant
3180 2592 3278 2629 suo
3332 2587 3576 2646 tempore

1963 2670 2228 2725 veritatis.
2261 2669 2413 2736 Quod
2441 2671 2621 2737 itaque
2664 2675 2795 2720 tunc
2831 2669 3095 2738 agebatur
3126 2678 3401 2738 praecepto
3438 2669 3578 2739 ﬁgu-

1965 2773 2190 2823 ratum,
2247 2773 2392 2814 nunc
2452 2758 2878 2828 praesentialiter
2945 2760 3192 2813 cernitur
3261 2761 3578 2822 testimonio

1968 2854 2264 2907 revelatum
2299 2872 2312 2907 :
2342 2861 2397 2906 et
2435 2868 2556 2905 cum
2589 2849 2698 2918 iam
2736 2851 2787 2904 id
2820 2853 2966 2920 quod
3004 2851 3346 2920 ﬁgurabatur
3378 2853 3579 2924 aspici-

1969 2963 2080 3010 tur,
2105 2945 2248 3014 quod
2282 2945 2552 3014 ﬁgurabat
2576 2942 2912 3013 superﬂuum
2945 2959 3042 3012 per
3065 2947 3251 3000 omnia
3269 2946 3576 3016 judicatur.

2041 3054 2241 3120 Quam.
2270 3054 2356 3107 £0.
2394 3054 2451 3108 Si
2485 3053 2738 3108 Christus
2767 3053 2943 3124 legem
2983 3055 3196 3110 solvere
3240 3056 3450 3121 noluit,
3481 3059 3580 3114 sed

1972 3145 2221 3215 implere,
2276 3160 2448 3214 quare
2496 3144 2846 3200 Christianus
2890 3149 3183 3215 septimum
3235 3149 3580 3207 remissionis

1971 3253 2197 3301 annum,
2224 3237 2309 3291 vel
2331 3237 2495 3291 etiam
2519 3236 2801 3304 jubilazum
2837 3237 3061 3307 negligit
3089 3240 3420 3294 observare?

2041 3349 2298 3419 Responr.
2332 3349 2602 3416 Quoniam
2633 3348 2852 3404 Veritas
2883 3364 2948 3403 ac
2979 3348 3261 3419 Sapientia
3306 3351 3426 3417 Dei,
3453 3367 3579 3423 qua:

1967 3456 2090 3495 cum
2118 3442 2311 3494 doceat
2334 3439 2557 3510 angelos
2585 3439 2637 3493 iu
2669 3440 2814 3493 caelo
2835 3481 2847 3499 .
2891 3439 3144 3494 homines
3180 3443 3348 3495 etiam
3375 3443 3578 3500 docere

1971 3533 2115 3585 venit
2153 3533 2204 3584 in
2249 3541 2413 3585 terra.
2447 3531 2600 3598 Quod
2646 3532 2798 3601 prius
2835 3531 3078 3599 jusserat
3118 3535 3421 3589 carnaliter
3475 3537 3578 3591 sub

1966 3623 2271 3692 aenigmatis
2333 3622 2525 3676 umbra
2586 3623 2838 3686 servari,
2894 3624 3242 3691 postmodum
3295 3625 3580 3695 discipulis

1968 3715 2080 3769 suis
2107 3713 2466 3780 spiritualiter
2514 3712 2796 3765 mandavit
2838 3712 3088 3782 intelligi.
3134 3713 3225 3767 Sic
3265 3715 3410 3767 enim
3457 3715 3579 3769 dies

1968 3807 2232 3875 septimus
2257 3804 2481 3858 feriatus
2512 3817 2632 3858 esse
2655 3806 2972 3874 pracipitur
3001 3816 3058 3859 ut
3084 3815 3290 3860 :eterna
3324 3823 3421 3876 per
3448 3822 3576 3863 eum
3600 3787 3603 3792 ’

1969 3897 2184 3965 requies
2206 3897 2541 3966 designetur.
2571 3896 2663 3950 Sic
2692 3907 2746 3950 et
2777 3898 2830 3950 in
2856 3915 2998 3953 anno
3039 3901 3296 3968 septimo,
3321 3903 3401 3955 sic
3439 3912 3493 3957 et
3522 3903 3579 3957 in

1967 3985 2233 4051 Jubilaeo,
2273 3988 2365 4057 qui
2395 4003 2492 4056 per
2521 4003 2790 4042 annorum
2822 3989 3089 4044 circulum
3123 3993 3438 4060 septenario
3478 4009 3581 4047 nu-

1967 4091 2121 4130 mero
2168 4077 2371 4144 septies
2406 4075 2672 4146 replicato
2713 4087 2768 4131 et
2803 4080 3033 4132 monade
3081 4082 3436 4150 superaddita
3470 4121 3486 4145 ,
3524 4082 3580 4138 in

1969 4164 2501 4234 quinquagenarium
2546 4166 2801 4230 ducitur,
2846 4182 3036 4221 secura
3094 4169 3252 4237 quies
3299 4181 3580 4240 perpetua!

1968 4255 2326 4309 beatitudinis
2378 4257 2684 4309 intimatur.
2743 4255 3044 4326 Incipiente
3090 4261 3294 4328 quippe
3347 4261 3579 4316 .Iubilteo

1971 4348 2114 4403 tubis
2167 4350 2386 4403 canitur
2412 4391 2426 4414 ,
2459 4364 2760 4418 omnesque
2806 4351 2872 4403 ad
2920 4354 3293 4420 possessiones
3326 4357 3582 4424 pr0prias

1970 4448 2340 4493 revertuntur.
2373 4440 2532 4506 Quia,
2563 4441 2700 4494 sicut
2749 4441 2878 4495 dicit
2907 4442 3198 4510 Apostolus
3227 4463 3238 4495 :
3272 4463 3289 4495 ι
3324 4446 3440 4514 Ipse
3474 4445 3578 4499 Do-

1971 4530 2151 4583 minus
2187 4530 2240 4582 in
2263 4528 2419 4597 jussu
2446 4570 2460 4593 ,
2504 4540 2551 4583 et
2602 4531 2656 4583 in
2702 4546 2834 4584 voce
2871 4532 3183 4602 archangeli
3215 4574 3228 4596 ,
3263 4543 3318 4588 et
3359 4537 3412 4589 in
3447 4540 3574 4590 tuba

267 4626 612 4683 Christianus
640 4624 910 4694 paschalis
925 4624 1328 4692 agnisanguiue
1345 4621 1551 4676 Pascha
1584 4637 1694 4676 non
1721 4621 1860 4677 cele-
1893 4596 1941 4652 υ
1972 4623 2065 4675 Dei
2097 4622 2389 4676 descendet
2411 4622 2478 4676 de
2504 4622 2673 4682 coelo.
2705 4633 2862 4677 canet
2900 4624 3044 4677 cuitu
3075 4596 3219 4687 tuba,
3271 4636 3326 4680 et
3373 4631 3575 4684 mortui

268 4720 410 4784 brat,
441 4733 563 4772 cum
591 4717 693 4771 hoc
722 4726 1000 4784 tantopere
1027 4715 1107 4767 lex
1144 4716 1256 4782 ipsa
1299 4714 1594 4768 decernat?

339 4807 589 4878 Respons.
645 4808 742 4862 ilic
787 4807 1018 4876 idipsum
1073 4807 1510 4877 respondendum
1559 4806 1700 4876 quod
1745 4807 1860 4876 jam

270 4899 518 4969 superius
570 4899 771 4951 dictum
831 4907 960 4962 est;
1019 4897 1145 4966 quia
1198 4909 1487 4967 postquam
1551 4913 1713 4953 verus
1773 4899 1863 4952 ille

272 4994 459 5060 Agnus
483 4991 572 5058 qui
616 4991 1026 5059 signiﬁcabatur
1061 4990 1352 5044 advenisse
1380 4991 1749 5058 cognoscitur,
1775 4991 1864 5045 ille

271 5087 362 5152 qui
403 5082 743 5154 signiﬁcabat
789 5081 1091 5152 superﬂuus
1131 5082 1428 5152 judicatur.
1465 5081 1632 5149 Cujus
1677 5083 1862 5151 utique

272 5175 535 5242 sanguine
564 5188 671 5227 non
712 5175 823 5242 jam
867 5172 1073 5242 ligneas
1103 5173 1216 5227 sive
1259 5171 1502 5240 lapideas
1528 5170 1675 5225 fores
1706 5173 1864 5224 inuu-

273 5267 472 5336 gimus,
499 5264 593 5320 sed
624 5264 899 5318 interioris
946 5264 1124 5333 potius
1155 5263 1390 5318 hominis
1434 5263 1640 5318 viscera
1687 5264 1866 5318 consi-

272 5371 517 5426 guamus.

344 5443 544 5510 Quwst.
571 5443 624 5496 7.
659 5443 716 5497 Si
766 5459 870 5496 non
898 5441 1057 5496 solvit
1085 5442 1256 5513 legem
1285 5441 1568 5508 Christus,
1614 5449 1715 5498 eur
1747 5444 1864 5514 lege

273 5536 584 5588 mandatam
614 5550 717 5587 ron
751 5533 990 5589 celebrat
1015 5534 1356 5590 neomeuiam
1379 5532 1761 5589 Christianus?

344 5625 600 5694 Respons.
655 5623 884 5694 Propter
927 5624 1031 5680 hoc
1087 5624 1254 5680 etiam
1320 5623 1664 5679 Christianus
1717 5623 1859 5680 cel:—

273 5718 432 5772 brarc
461 5717 790 5782 contemnit;
824 5716 1078 5786 quoniam
1123 5716 1176 5771 id
1206 5725 1405 5783 totum,
1456 5724 1678 5786 propter
1717 5719 1861 5787 quod

274 5807 402 5864 olim
427 5806 758 5863 celebratum
784 5816 896 5877 est,
927 5807 1176 5865 Christus
1200 5807 1462 5880 implevit,
1491 5821 1642 5864 novae
1663 5809 1864 5879 quippe

1970 4722 2258 4783 resurgcut
2289 4715 2590 4781 iuc0rrupti
2621 4714 2670 4784 (I
2705 4713 2886 4768 Thess.
2920 4715 3012 4784 tv).
3051 4735 3067 4767 ›
3097 4716 3177 4769 Ad
3201 4720 3578 4786 possessiones

1969 4816 2150 4862 autem
2197 4822 2326 4860 suas
2365 4822 2808 4875 unumquemque
2859 4809 3056 4870 rctlit'c,
3096 4817 3181 4862 est
3213 4825 3444 4879 corpora
3478 4826 3574 4864 sua

1967 4898 2222 4969 protinus
2251 4897 2566 4968 incorrupta
2587 4898 2852 4968 recipere.
2885 4898 3039 4954 Tunc
3068 4909 3374 4956 revertetur
3400 4903 3576 4958 Adam

1970 4991 2038 5044 ad
2079 4990 2358 5060 antiquam
2417 4989 2600 5045 carnis
2651 5005 2762 5045 sua:
2821 4999 3023 5044 terram
3082 4993 3134 5045 in
3183 5008 3286 5062 qua
3327 4993 3576 5062 primitus

1971 5080 2343 5146 habitaverat;
2377 5090 2506 5136 tunc
2537 5079 2988 5147 Noe,Abrabam,
3012 5081 3225 5153 Moyses
3255 5086 3576 5154 cunctisque

1969 5171 2190 5241 propria
2221 5173 2494 5240 possessio
2523 5170 2771 5227 redditur
2797 5215 2809 5235 ,
2849 5173 2976 5227 dum
3016 5189 3216 5244 corpus
3253 5176 3356 5227 illis
3394 5177 3577 5230 incor-

1971 5259 2229 5330 ruptibile
2265 5260 2618 5315 reformatur.
2654 5262 2987 5331 Redemptor
3017 5263 3203 5331 itaque
3230 5273 3418 5318 noster
3440 5305 3453 5328 ,
3480 5267 3572 5334 qui

1974 5367 1993 5400 ι
2028 5351 2307 5420 discipulis
2337 5352 2549 5420 aperuit
2579 5361 2798 5406 sensum
2825 5391 2839 5416 ,
2885 5361 2944 5406 ut
2979 5353 3344 5423 intelligerent
3374 5365 3574 5426 mystc-

1973 5441 2051 5494 ria
2105 5441 2514 5512 Scripturaruzu
2542 5441 2696 5510 (Luc.
2730 5444 2902 5512 xxiv),
2942 5461 2961 5495 ι
3013 5444 3184 5499 ιιοΙιιίι
3240 5445 3570 5507 Ιιιιιὶιίιιυιιι.

1966 5531 2143 5586 noluit
2196 5534 2492 5602 septimum
2546 5535 2885 5590 remissionis
2932 5551 3136 5589 annum
3205 5536 3290 5590 vel
3341 5547 3571 5593 caateras

1967 5621 2156 5693 legalis
2219 5623 2356 5678 ritus
2438 5625 2795 5680 caeremonias
2869 5624 3167 5680 carnaliter
3220 5625 3500 5680 observari
3557 5667 3572 5694 ,

1968 5725 2256 5786 postquam
2310 5716 2428 5772 ham
2461 5717 2646 5781 omnia
2702 5716 3061 5788 spiritualiter
3108 5715 3241 5773 fecit
3296 5718 3570 5788 intelligi:

1969 5820 2098 5868 tunc
2127 5811 2275 5867 enim
2323 5809 2579 5867 mandata
2621 5809 2814 5878 legalia
2847 5813 3119 5867 veraciter
3167 5813 3532 5882 adimplcutur
3558 5855 3571 5869 .
