4260 6398
742 323 841 380 Ill

1240 316 1293 368 S.
1337 311 1538 366 PETRI
1579 305 1860 361 DAMIANI
1902 302 2056 357 OPP.
2101 300 2283 377 PAIt§
2315 296 2447 353 SEU
2491 292 2727 350 TOMUS
2759 292 2797 344 I.
2839 320 2906 329 —
2950 286 3172 344 EPIST.
3210 285 3335 339 LIB.
3384 282 3510 337 VIII.

823 446 953 487 usus
1003 412 1252 495 exemplo
1282 425 1507 481 (ihristi,
1558 420 1647 489 qni
1696 435 1819 495 eum
1853 418 1995 472 Deus
2045 422 2210 476 esset,
2259 414 2327 467 ab
2356 417 2406 474 Α
2434 409 2738 463 Μιιιίετριιιν
2768 406 2948 474 itaque
2978 404 3137 457 solito
3180 416 3331 455 more
3360 400 3505 453 sedis
3546 395 3861 466 apostolica:
3900 408 4028 465 pro-

826 501 1130 554 Iiominihus
1158 490 1310 563 argui
1339 511 1441 545 non
1474 490 1757 546 recusavit.

820 612 1024 665 Domno
1056 606 1291 660 NICOLAO
1330 604 1642 658 beatissimo
1668 617 1891 655 summa:
1912 598 2054 653 sedis
2076 594 2326 663 antistiti,

745 703 963 760 Ρετιιυδ
1000 708 1253 766 peccator
1310 695 1608 749 monachus
1643 693 2002 748 devotissima:
2052 688 2329 743 servitutis

745 791 1084 859 obsequium.

814 882 965 949 Quod
1009 883 1060 934 in
1096 882 1340 950 partibus
1377 877 1572 932 nostris
1601 874 1972 943 prosperitatis
2015 877 2207 925 vestra:
2235 884 2327 923 ce-

745 977 910 1029 lebris
943 973 1082 1027 fama
1115 970 1440 1039 percrebuit,
1476 982 1667 1037 magna
1716 980 1810 1015 cur
1856 972 2095 1015 nostrum
2134 960 2331 1013 Izetitiae

734 1066 1075 1135 jucunditate
1122 1062 1495 1133 perfunditur;
1551 1060 1784 1128 tutisque
1843 1058 1892 1108 in
1938 1054 2179 1113 Domino,
2238 1052 2330 1118 qui

742 1159 973 1211 istorum
1024 1161 1214 1207 auctor
1264 1161 1345 1205 est
1396 1166 1701 1211 munerum,
1754 1146 2048 1201 visceribus
2094 1142 2331 1212 gratula-

744 1263 885 1306 tllttt',
922 1247 1013 1308 ita,
1064 1252 1122 1297 ut
1170 1243 1297 1296 dum
1347 1256 1500 1294 mens
1524 1240 1858 1293 intrinsecus
1898 1236 2113 1306 jubilat.
2150 1234 2329 1302 lingua

741 1336 907 1389 etiam
937 1337 987 1389 itt
1018 1336 1156 1388 hanc
1182 1348 1368 1386 vocem
1413 1332 1606 1383 divinae
1637 1329 1808 1381 laudis
1834 1336 2085 1395 ertnnpat
2111 1345 2120 1378 :
2153 1346 2169 1375 I
2205 1325 2331 1377 Glo-

742 1427 822 1479 ria
851 1426 901 1479 in
933 1424 1162 1479 excelsis
1196 1425 1326 1486 Deo,
1356 1432 1410 1477 et
1436 1422 1487 1474 in
1528 1432 1669 1475 terra
1711 1435 1812 1489 pax
1840 1418 2149 1473 hominibus
2177 1418 2333 1471 bona:

738 1516 1035 1571 voluntatis
1067 1515 1219 1581 (Luc.
1254 1514 1333 1584 ιι).
1384 1534 1401 1565 ι

771 1623 789 1649 ο
816 1607 889 1660 De
927 1606 1283 1659 Anconitanis
1310 1614 1511 1667 autent,
1552 1603 1882 1659 venerabilis
1915 1601 2129 1655 domine
2154 1640 2167 1665 ,
2200 1612 2329 1667 quo-

744 1700 875 1753 tidie
904 1698 1253 1767 pereuntibus
1295 1698 1454 1752 nimis
1498 1697 1669 1761 doleo,
1714 1707 1766 1751 et
1815 1697 1880 1749 de
1910 1694 2131 1748 emfuso
2171 1704 2332 1761 atque

742 1791 1036 1845 commixto
1113 1798 1457 1859 peccaturum
1535 1790 2007 1855 innocrmtiumque
2091 1769 2407 1855 periculoB

741 1883 1051 1937 medullitus
1079 1883 1462 1937 contretniscu.
1495 1881 1635 1936 Ecce
1675 1882 1819 1934 enim
1849 1897 1945 1949 per
1969 1879 2331 1933 conditionem

744 1961 926 2028 carnis
969 1988 1157 2027 eorum
1214 1973 1454 2042 quotidie
1486 1988 1712 2042 corpora
1758 1973 2081 2034 moritmtur,
2134 1980 2187 2023 et
2236 1984 2332 2038 per

741 2072 1062 2125 sententiam
1101 2087 1145 2123 vi
1166 2079 1334 2124 stram
1365 2071 1509 2125 Petri
1552 2070 1760 2140 gladius
1808 2070 1860 2122 in
1898 2070 2202 2121 animarum
2234 2082 2329 2120 eo-

743 2178 866 2216 rum
897 2172 1069 2217 morte
1092 2171 1387 2233 grassatur.
1423 2163 1485 2217 Et
1518 2178 1615 2216 nos
1641 2162 1858 2231 quidem
1891 2160 2212 2222 dormimus,
2237 2158 2331 2212 sed

749 2254 1060 2323 evaginatns
1090 2254 1235 2307 sedis
1265 2252 1573 2322 apostolicu‘
1612 2268 1799 2305 mucro
1830 2267 1935 2305 non
1967 2250 2167 2304 dormit
2193 2288 2207 2314 ,
2237 2248 2330 2317 qui

744 2354 824 2398 tot
852 2348 1132 2401 hominum
1179 2347 1343 2400 millia
1371 2363 1474 2399 nua
1502 2354 1737 2399 cruentae
1764 2345 1955 2399 mortis
1996 2353 2174 2411 strage
2203 2358 2329 2412 pro-

743 2440 961 2502 sternit,
1008 2456 1114 2494 non
1145 2441 1362 2507 quidem
1407 2440 1458 2493 in
1488 2440 1808 2508 corporibus
1850 2436 2139 2507 aliquando
2169 2434 2335 2489 mori-

744 2528 910 2593 turis;
941 2529 1055 2593 sed,
1102 2529 1241 2583 heu!
1288 2528 1424 2598 prob
1464 2528 1633 2589 dolor,
1680 2528 1821 2596 quod
1866 2525 2204 2583 intolerabile
2226 2531 2329 2587 est,

746 2622 800 2675 in
836 2621 1119 2675 animabus
1164 2622 1280 2676 sine
1324 2621 1429 2675 fine
1457 2620 1698 2675 victuris.
1737 2619 2027 2674 Enimvero
2068 2623 2333 2669 audenter

744 2714 945 2780 dicam,
975 2715 1102 2785 quia
1129 2725 1411 2784 postquam
1442 2714 1691 2770 dominus
1719 2728 1871 2767 meus
1898 2712 1962 2763 ad
1994 2708 2331 2780 apostolatus

747 2806 959 2859 culmen
998 2805 1264 2870 ascendit,
1296 2821 1570 2875 nunquam
1601 2804 1800 2873 aliquid
1830 2800 1975 2863 fecit,
2006 2801 2147 2868 quod
2179 2812 2206 2849 a
2238 2813 2333 2852 no-

744 2897 851 2961 bis,
879 2896 972 2965 qui
1004 2897 1055 2949 in
1081 2897 1200 2965 ejus
1225 2896 1485 2951 debemus
1506 2894 1732 2966 vigilare
1757 2890 2022 2955 custodia,
2053 2898 2334 2958 tantopere

745 2986 938 3042 debeat
976 2986 1279 3041 formidari.
1317 2984 1479 3039 Vobis
1508 2985 1654 3039 enim
1683 2982 1875 3052 subjici
1904 3021 1918 3043 .
1964 2980 2115 3035 vobis
2142 2978 2329 3036 urbem

747 3077 986 3143 tradere,
1015 3077 1167 3133 vobis
1197 3091 1276 3139 se,
1311 3086 1364 3131 et
1404 3091 1499 3130 sua
1533 3073 1814 3129 voiuorunt
1847 3071 2124 3126 humiliter
2148 3068 2332 3135 subju-

2434 503 2539 556 lala
2572 500 2863 560 sententia,
2885 512 3109 565 seseque
3140 493 3495 549 ecclesiastici
3529 490 3730 561 vigoris
3756 495 4029 559 temperet

2433 590 2747 659 disciplina;
2783 598 2838 641 ut
2862 604 2996 658 quos
3029 584 3241 639 hostilis
3269 582 3579 651 dispergere
3616 576 3917 635 crudelitas
3939 575 4027 629 ιιὶ-

2433 683 2584 746 titur,
2614 682 2665 734 in
2693 677 3047 734 sacerdotalis
3084 672 3468 729 miscricordite
3499 672 3709 742 gremio
3755 668 4028 739 colligan-

2432 783 2541 829 tur.
2592 772 2759 826 I’aree
2812 771 2889 825 ori
2944 785 3086 831 meo,
3133 765 3553 821 clementissime
3604 765 3786 828 Pater,
3832 770 3889 817 et
3920 776 4027 816 non

2432 862 2676 934 procacis
2706 862 2894 927 lingua:
2924 858 3231 926 strepitum,
3257 854 3349 908 sed
3374 852 3553 907 devoti
3590 853 3878 907 considera
3900 865 4027 905 coro

2432 954 2515 1007 dis
2566 967 2819 1007 arcanum
2850 967 2862 1000 :
2893 967 2990 1001 nec
3018 965 3045 1000 a
3093 961 3251 1000 servo
3283 954 3374 998 tuo
3426 954 3477 998 te
3520 942 3702 1013 pigeat
3747 939 4031 996 humiliter

2434 1043 2605 1109 argui,
2632 1058 2751 1093 cunt
2789 1042 2900 1109 ipse
2929 1038 3271 1107 omnipotens
3315 1034 3458 1090 Deus
3488 1031 3799 1089 hominibus
3830 1031 3980 1087 dicat
4009 1044 4030 1087 :

2439 1153 2454 1185 ι
2492 1132 2679 1186 Venite.
2709 1140 2761 1184 et
2788 1135 2998 1200 arguite
3021 1145 3126 1182 me.
3159 1148 3178 1180 ι

2433 1377 2499 1415 ΑΙ)
2547 1374 2765 1414 ιιυιιῐιῑιι
2811 1368 3074 1412 ΝιλοοιΑυιι
3135 1372 3171 1410 ll
3232 1367 3486 1410 ROMANUI
3539 1362 3901 1412 PONTIFICEI,
3956 1362 4029 1402 Ιτ

2465 1444 2876 1485 ιιιιυειιιιιιιιυιιιι
2922 1445 2966 1482 S.
2999 1444 3049 1480 lt.
3083 1442 3134 1480 ε.
3164 1440 3506 1481 ολιιυιιειιει
3532 1433 3992 1478 ARCHIDIACONUI.

2433 1544 2826 1597 Aucuncsrru.
2865 1570 2932 1580 —
2973 1540 3328 1608 Episc0patus
3366 1552 3473 1592 non
3513 1536 3682 1608 modo
3734 1533 4030 1597 fructibus,

2506 1615 2876 1684 proventibus,
2902 1607 3189 1684 δοιιςειίαιιι
3206 1609 3353 1663 omni
3373 1607 3723 1684 supellectile,
3756 1613 3813 1659 et
3840 1617 4031 1658 sacer-

2506 1677 2638 1739 ilotii
2669 1695 2861 1737 ornatu
2886 1681 3167 1751 Spoliatus,
3200 1690 3405 1732 tantam
3429 1677 3786 1751 occasionem
3807 1684 4032 1738 nactus,

2504 1755 2689 1809 scribit
2714 1754 2778 1807 ad
2812 1746 3085 1805 Nicolaum
3142 1751 3339 1819 Papam
3372 1757 3424 1802 et
3458 1746 3884 1801 llildebrantlum
3937 1759 4033 1819 ar-

2506 1826 2905 1884 chidiacunnm,
2956 1824 3045 1890 qui
3090 1814 3391 1891 principem
3440 1820 3553 1891 fere
3603 1814 4036 1891 tunetemporia

2505 1898 2645 1975 apud
2684 1884 3012 1974 _|'ontilicetii
3044 1884 3237 1973 locum
3270 1884 3567 1943 obtinebat
3617 1887 3805 1956 gratia:
3836 1897 3906 1967 ,ει
3943 1884 4033 1938 di-

2506 1967 2743 2037 gnitatis.
2782 1976 2837 2018 ut
2974 1966 3316 2032 episcopatus
3339 1977 3502 2015 onere
3533 1973 3725 2012 vacare
3753 1966 3809 2012 et
3834 1966 4037 2010 Immu-

2508 2054 2629 2092 nem
2664 2050 2783 2091 essc
2804 2043 3100 2105 patiantur.

2507 2153 2829 2207 Beatissimo
2852 2166 3002 2221 papa:
3025 2146 3286 2211 Ntcuuo,
3311 2155 3366 2201 et
3397 2143 3781 2199 Ihwsennoo
3805 2154 4038 2195 venera-

2435 2244 2527 2299 bili
2558 2243 2961 2305 archidiacouu,
3000 2239 3216 2294 Penus
3271 2244 3525 2308 peccator
3578 2232 3881 2288 monachus
3915 2243 4035 2285 ser-

2436 2336 2687 2389 vitulum.

2508 2422 2833 2479 Benedictus
2861 2421 3207 2491 onmipotens
3248 2417 3413 2483 Deus,
3448 2416 3575 2487 quia
3608 2416 3734 2470 dum
3767 2408 4036 2483 quidquid

2436 2517 2567 2572 mihi
2595 2532 2691 2586 pro
2714 2513 2979 2569 beneﬂcio
3003 2513 3187 2567 datum
3226 2510 3427 2574 fuerat,
3479 2507 3725 2571 tollitur;
3756 2506 3884 2559 dum
3919 2504 4037 2573 ipse

2433 2625 2649 2678 quoque
2694 2604 3049 2661 sacerdotalis
3107 2612 3333 2658 ornatus
3378 2599 3647 2666 aufertur,
3689 2607 3841 2655 certa
3896 2595 4036 2651 mihi

2433 2704 2583 2771 signa
2612 2700 2938 2759 clarescunt,
2988 2696 3131 2765 quod
3185 2692 3507 2763 episcopalis
3552 2692 3607 2746 in
3655 2688 3906 2761 proximo
3951 2686 4038 2741 di-
4112 2676 4115 2679 Α

2434 2796 2614 2863 gnitts
2665 2791 2793 2845 mihi
2844 2789 3088 2843 funditus
3131 2787 3424 2841 adimatur.
3467 2783 3604 2837 Nam
3650 2792 3706 2836 et
3740 2780 3833 2835 lilii
3861 2776 4034 2834 Jacob

2435 2899 2557 2935 cum
2605 2882 2824 2934 fratrem
2874 2894 3031 2932 suum
3083 2876 3282 2947 Joscph
3341 2873 3573 2943 perdere
3638 2868 4030 2931 decrevissent,

2434 2974 2583 3043 prius
2629 2988 2750 3025 cum
2786 2970 2939 3025 talari
2985 2980 3147 3038 atque
3174 2966 3414 3039 polimita
3468 2966 3649 3021 tunica
3686 2961 4035 3019 nudaverunt

2435 3064 2589 3135 (Gen.
2627 3069 2856 3131 sum).
2895 3062 3151 3116 Dominus
3194 3060 3299 3129 ιο
3327 3060 3491 3114 etiam
3542 3073 3666 3113 ctttn
3714 3056 3898 3110 Aaron
3947 3069 4034 3108 sa-

746 3183 906 3237 gare;
958 3168 1051 3222 sed
1116 3183 1303 3221 eorum
1372 3166 1544 3236 culpis
1585 3165 1924 3220 obstantibus
1952 3204 1964 3220 .
2018 3178 2124 3216 non
2174 3160 2332 3214 modo
2359 3143 2404 3205 C
2437 3158 2711 3211 cerdotem
2742 3156 2894 3208 obire
2940 3153 3280 3223 pneciperet,
3311 3152 3388 3205 ait
3428 3149 3597 3220 Moysi
3652 3146 3854 3214 (Nam.
3893 3145 4027 3216 xx):

750 3260 868 3315 istis
911 3259 1077 3329 janua
1138 3259 1523 3314 misericordia:
1565 3267 1754 3313 vestra:
1805 3272 1912 3311 non
1948 3254 2148 3324 patttit;
2198 3253 2327 3323 quin

745 3352 952 3414 etiam,
1018 3350 1225 3420 prolata
1287 3350 1594 3413 sententia,
1663 3365 1691 3401 a
1764 3363 1930 3417 regno
2004 3345 2145 3408 Dei,
2205 3354 2259 3397 et
2300 3360 2329 3397 a

748 3440 1041 3497 luminibus
1089 3441 1344 3497 Ecclesia:
1396 3450 1651 3509 tanquam
1728 3457 1756 3491 e
1824 3439 2038 3491 diverso
2109 3435 2332 3489 rebelles

746 3530 803 3601 9
819 3539 874 3585 et
896 3530 1504 3586 conttunacesexclusit.
1530 3530 1683 3583 Absit
1706 3538 1886 3582 autem
1902 3544 1931 3580 ιι
1954 3526 2175 3581 domino
2191 3543 2328 3587 inc-ti,

749 3635 808 3680 ut
840 3641 964 3681 cum
1002 3625 1209 3679 vibrata
1239 3624 1451 3696 tyranni
1482 3623 1783 3691 cujuspiam
1814 3621 2034 3677 dextera
2064 3627 2184 3687 νυπι
2231 3635 2332 3669 ca:-

749 3718 871 3771 dem
901 3717 1126 3770 duorum
1174 3714 1257 3770 Vel
1281 3715 1443 3782 trium
1486 3714 1764 3768 hominum
1811 3727 1933 3765 mox
1964 3710 2155 3763 timore
2185 3724 2331 3762 cont-

746 3807 1021 3875 pescitur;
1058 3804 1221 3869 illius,
1261 3806 1352 3874 qui
1407 3804 1572 3858 totius
1616 3800 1939 3857 (Zhristiame
1968 3800 2223 3868 magister
2250 3807 2333 3852 est

748 3897 983 3965 pietatis,
1011 3897 1219 3969 gladius
1276 3896 1474 3964 passim
1520 3894 1573 3948 in
1617 3902 1693 3948 tot
1741 3891 2041 3945 animarum
2094 3890 2330 3944 interne-

746 3990 901 4044 cioue
921 3997 1213 4057 grassetur.
1251 3987 1383 4038 Nam
1411 3995 1467 4040 et
1492 3986 1671 4038 Almer
1695 4000 1815 4035 cum
1850 3982 1901 4035 in
1930 3983 2045 4050 ipso
2068 3980 2189 4034 belli
2214 3996 2331 4033 cer-

748 4081 951 4136 tamine
970 4079 1172 4135 diceret
1189 4081 1256 4133 ad
1275 4076 1410 4133 Joab
1432 4096 1450 4127 ι
1475 4076 1609 4129 Nutu
1638 4090 1807 4143 usque
1822 4074 1885 4125 ad
1907 4074 2330 4125 internecionem

748 4182 873 4229 tuus
888 4187 1077 4227 mucro
1091 4169 1427 4241 desa:riet?(l
1439 4169 1458 4220 I
1473 4166 1597 4237 Reg.
1617 4169 1700 4235 tt):
1717 4164 1996 4219 iPmtiuus
2015 4164 2101 4218 ille
2120 4180 2332 4231 respon-

746 4266 822 4319 dit
853 4279 869 4320 :
907 4282 925 4315 ι
964 4264 1105 4318 Vivit
1127 4262 1405 4325 Dominus,
1436 4261 1480 4315 si
1514 4260 1723 4314 locutus
1742 4258 1955 4321 fuisses,
1982 4273 2136 4311 mane
2158 4272 2308 4310 reccs

746 4358 908 4411 sisset
933 4354 1159 4425 tioptdus
1180 4353 1429 4423 persequi
1458 4352 1679 4405 fratrem
1704 4366 1858 4405 suum
1883 4348 2128 4418 (lbid.).i
2154 4348 2331 4412 Absit,

748 4448 991 4515 inquam,
1026 4453 1084 4498 ut
1114 4444 1236 4497 dum
1268 4444 1423 4495 unius
1475 4442 1709 4495 hominis
1735 4440 1948 4509 placere
1990 4439 2095 4493 vult
2152 4438 2327 4502 oculo,

748 4548 895 4592 tanta
924 4552 1136 4599 eorum,
1164 4552 1263 4604 pro
1289 4535 1486 4604 quibus
1530 4532 1733 4587 Christi
1775 4533 1925 4585 fusus
1966 4540 2049 4584 est
2092 4533 2327 4600 sanguis,

748 4641 935 4700 pereat
988 4630 1292 4685 multitudo.
1331 4627 1515 4684 Vicem
1565 4627 1764 4698 quippe
1822 4626 1965 4682 illius
2022 4636 2191 4686 lenes,
2237 4627 2328 4694 qui

749 4724 923 4775 adhuc
982 4736 1218 4791 panper,
1282 4730 1337 4774 et
1410 4720 1617 4782 tenuis,
1690 4718 1917 4773 summis
2002 4716 2332 4785 principibus

749 4824 803 4869 et
850 4813 1251 4881 titagistratibus
1320 4811 1485 4863 libera
1540 4827 1668 4863 voce
1720 4826 1824 4863 non
1877 4810 2049 4861 timuit
2118 4809 2329 4861 dicere:

752 4926 769 4957 ι
819 4907 1053 4959 Uhedire
1131 4904 1301 4973 magis
1344 4912 1555 4969 oportet
1626 4902 1765 4962 lb-o,
1822 4918 1982 4970 quam
2027 4902 2332 4955 hominibus

748 4998 977 5067 (.trt.v).
1016 5015 1033 5047 ι
1067 4996 1134 5049 Et
1183 5010 1373 5049 rursus
1404 5012 1414 5046 :
1456 5012 1473 5043 ι
1504 4994 1559 5046 Si
1607 4996 1811 5059 justum
1847 4993 2006 5048 estin
2041 5002 2330 5061 conspectu

753 5087 843 5140 Ilei
875 5103 968 5139 vos
996 5087 1175 5156 potius
1206 5086 1566 5153 atulireqttatn
1586 5081 2019 5149 Deum,jutlicate
2042 5084 2176 5151 (Act.
2200 5090 2327 5150 tv).i

750 5182 1091 5248 Quapropter
1120 5178 1164 5231 si
1212 5175 1385 5247 placet
1438 5176 1656 5230 domino
1709 5189 1848 5235 meo,
1905 5174 2090 5229 ascitis
2138 5176 2334 5231 domno

752 5270 1138 5330 Ilildebrando.
1172 5268 1499 5322 sanctissimi
1536 5284 1598 5322 ac
1629 5267 1902 5337 purissimi
1945 5266 2155 5321 consilii
2196 5270 2331 5330 vim,

752 5360 1220 5417 reverendissimis
1247 5360 1406 5413 etiam
1437 5360 1729 5414 llmubcrto
1751 5369 1799 5413 et
1830 5358 2108 5415 Bonifacio
2130 5362 2335 5430 episco-

750 5458 858 5523 pis,
889 5454 978 5519 qui
1032 5450 1199 5507 vestri
1250 5450 1492 5505 videlicet
1551 5452 1847 5505 acutissimi
1900 5462 1952 5505 et
1999 5452 2335 5522 perspicaccs

752 5555 880 5599 ειηιι
932 5542 1099 5604 oeuli,
1150 5557 1272 5594 cum
1322 5542 1405 5593 bis
1452 5542 1661 5596 consilii
1722 5542 1885 5596 vestri
1937 5544 2336 5598 communicato

756 5638 1097 5707 mysterium,
1114 5634 1381 5703 simulque
1409 5644 1634 5687 tractato
1652 5652 1757 5705 quo
1788 5637 2143 5690 medicamine
2167 5654 2333 5704 mors,

753 5736 916 5800 atque
959 5727 1191 5801 perditio
1222 5735 1297 5781 tot
1342 5728 1686 5801 pereuntium
1741 5729 1955 5787 desinat
2009 5731 2332 5790 animarum.

2438 3269 2454 3298 σ
2492 3248 2679 3315 ιἰινμιιι
2727 3248 2904 3299 Aaron
2935 3243 3000 3299 ad
3030 3242 3284 3313 populum
3316 3256 3509 3305 suum;
3549 3259 3568 3292 ι
3598 3249 3655 3294 et
3674 3237 3837 3310 paulo
3861 3245 4029 3307 post:

2438 3360 2453 3389 ε
2497 3342 2627 3391 (tuo:
2682 3339 2991 3395 nudaveris,
3022 3336 3218 3404 inquit,
3252 3342 3460 3404 patrem
3493 3340 3646 3387 veste
3682 3346 3803 3397 sua,
3837 3330 4036 3386 indues

2433 3447 2550 3483 eam
2582 3430 2837 3482 Eleazaro
2864 3428 2969 3480 lilio
2992 3427 3128 3496 ejus,
3158 3435 3209 3477 et
3250 3425 3429 3478 Aaron
3480 3422 3787 3494 colligetur,
3831 3431 3889 3477 et
3911 3437 4034 3478 Ino-

2438 3529 2606 3581 rielur
2635 3528 2702 3581 ibi
2728 3526 2939 3595 (lubt).
2966 3548 2984 3578 ι
3027 3526 3288 3580 Nimirum
3308 3540 3469 3593 quem
3500 3539 3533 3578 a
3564 3518 3891 3579 sacerdotali
3916 3516 4035 3588 jam

2436 3621 2614 3673 otlicio
2642 3622 2924 3689 quiescere
2965 3619 3151 3682 voluit,
3198 3634 3354 3672 sacra
3388 3619 3538 3687 prius
3587 3623 3738 3669 veste
3778 3610 4033 3677 nudavit,

2435 3728 2608 3783 eaqtte
2642 3712 2807 3764 tilitnu
2836 3710 3083 3771 inductis,
3102 3724 3198 3780 pro
3220 3717 3374 3778 patre
3398 3706 3712 3762 ministrare
3726 3702 4031 3759 constituit.

2435 3804 2489 3857 In
2521 3803 2789 3856 ablatione
2845 3802 3005 3869 igitur
3059 3801 3223 3853 vestis
3252 3800 3422 3853 claret
3470 3798 3691 3852 amissio
3722 3794 4031 3868 dignitatis.

2436 3897 2489 3949 Ιιι
2514 3894 2674 3963 'I'ripa
2684 3895 2805 3947 t'tita
2824 3910 3037 3964 quoque
3056 3893 3227 3961 reperi
3237 3901 3324 3946 tur
3337 3891 3561 3946 historia
3578 3889 3693 3953 (lib.
3710 3906 3763 3949 v.
3777 3904 3896 3956 cap.
3913 3886 4032 3957 37).

2435 3987 2557 4053 quia
2585 4002 2706 4040 eum
2743 3986 2912 4037 t'ames
2952 3982 3452 4055 Hierosolymorum
3504 3980 3838 4051 provinciam
3868 3992 4035 4034 occu-

2437 4091 2636 4148 paswl,
2665 4084 2715 4133 in
2742 4080 3027 4148 Cyrillum,
3058 4080 3149 4149 qui
3183 4089 3308 4135 tunc
3357 4077 3753 4150 Hierosolymis
3773 4082 4034 4147 praeerat,

2439 4192 2627 4227 revera
2661 4185 2914 4242 tanquam
2951 4175 3000 4226 in
3041 4178 3375 4243 episcopum.
3428 4175 3752 4229 necessitate
3780 4173 4036 4227 ciborum

2439 4265 2593 4318 turba
2651 4264 2973 4334 respiciebat
3029 4264 3339 4332 egentimn;
3399 4279 3633 4334 cumque
3690 4264 3935 4334 pecunia
3966 4262 4038 4318 ad

2437 4358 2823 4411 cmisulendum
2872 4358 3146 4421 deessent,
3179 4372 3302 4409 \asa
3349 4356 3435 4410 illa
3487 4372 3644 4413 sacra
3682 4373 3747 4411 ac
3774 4354 3891 4411 vela
3922 4356 4041 4412 dis-

2440 4454 2624 4505 traxit.
2663 4453 2859 4519 Sicque
2899 4451 3126 4518 populo.
3160 4452 3251 4521 qui
3296 4450 3581 4505 laborabat
3624 4449 3823 4520 inopia,
3856 4448 4041 4504 subsi-

2440 4544 2523 4595 dia
2550 4543 2897 4596 ministravit.
2928 4546 3041 4608 Qua
3074 4543 3138 4597 de
3164 4559 3221 4596 re
3251 4542 3602 4597 Constantius
3648 4542 3947 4612 imperator
3968 4540 4039 4595 ad

2443 4636 2774 4687 iracutnliam
2826 4643 3152 4703 provocatus
3198 4644 3281 4688 est
3354 4636 3425 4687 ob
3472 4634 3523 4689 id
3572 4633 3827 4697 maxime,
3889 4632 4042 4702 quod

2443 4726 2669 4779 Arni-ius
2690 4728 2950 4780 Caesarea:
2994 4725 3293 4781 Palaestina:
3322 4726 3611 4797 episcopus
3642 4735 3833 4781 contra
3858 4723 4044 4795 Cyril-

2442 4818 2548 4871 lun.
2581 4820 2821 4871 noscitttr
2869 4817 3228 4870 machinatus.
3281 4817 3504 4871 Sacram
3536 4832 3769 4886 namque
3804 4824 4039 4881 vestem,

2440 4927 2601 4977 quam
2647 4910 3044 4963 fuluusissiutu‘s
3076 4910 3372 4976 inmoratur
3412 4908 3803 4964 Constantinus
3832 4908 3902 4962 ad
3935 4909 4042 4965 Ilo-

2444 5018 2634 5055 norem
2694 5000 3187 5069 Hierosolymorum
3222 4998 3474 5055 Ecclesia:
3520 4999 3748 5055 dederat
3796 4998 4046 5057 Macario

2444 5091 2584 5145 illius
2616 5091 2855 5161 poutiliei
2884 5090 3143 5150 civitatis.
3174 5105 3309 5143 auro
3338 5089 3855 5158 scilicet;sericoque
3901 5104 4042 5145 eon-

2444 5195 2666 5243 textam.
2696 5194 2751 5239 ut
2779 5199 2841 5235 ea
2871 5182 3321 5236 circnmamictus
3365 5181 3728 5237 ministerium
3752 5183 3893 5236 sacri
3946 5183 4046 5237 ba-

2443 5275 2713 5347 ptismatis
2738 5275 3080 5345 adimpleret,
3120 5274 3379 5346 Cyrillum
3425 5276 3663 5331 asseruit
3705 5276 4040 5343 vendidisse,

2441 5388 2671 5439 eamque
2720 5381 2846 5423 tunc
2886 5368 3087 5423 emisse
3134 5370 3423 5437 quemdam
3453 5369 3830 5441 Thymelieum
3864 5370 4042 5426 salta-

2446 5472 2636 5515 torem.
2676 5461 2918 5528 Dumque
2943 5459 3163 5514 indutus
3211 5477 3274 5516 ea
3319 5460 3480 5516 solito
3510 5478 3662 5518 more
3700 5462 3949 5529 saltaret,
3982 5474 4046 5520 ut

2448 5554 2533 5605 ille
2560 5556 2877 5609 testabatur.
2914 5554 3159 5620 protinus
3208 5554 3423 5613 cecidit.
3448 5565 3502 5609 et
3534 5558 3824 5619 contritus,
3858 5575 3923 5610 ac
3960 5558 4044 5613 di-

2451 5646 2566 5695 vina
2590 5644 2789 5697 ultione
2814 5660 3122 5729 petat‘ussus.
3169 5646 3417 5715 spiritum
3458 5647 3751 5703 exhalavit.
3789 5648 3904 5701 llm'.
3943 5650 4046 5719 igi-

2450 5744 2536 5790 tur
2566 5736 2798 5792 Acacius
2822 5736 3025 5803 tlyrillo
3050 5738 3256 5792 crimen
3284 5738 3500 5809 objecit,
3526 5740 3715 5810 sicque
3743 5737 3897 5793 illum
3927 5741 4043 5813 epi-
