5904 6598
1255 413 1385 474 “Si

2394 402 2487 462 DE
2523 402 2734 462 MINIT.
2772 401 2863 458 ΕΤ
2903 398 3225 457 PROMISS.
3261 397 3397 456 DEI.

4393 394 4534 453 H8!

1252 528 1389 585 citer
1415 524 1787 597 perhibentem
1813 537 1829 577 :
1867 538 1886 573 ι
1918 517 2269 589 Priusquam,
2299 517 2405 580 ait,
2434 518 2685 572 venirent
2706 513 2825 582 qui-
2857 518 2902 572 Α
2932 519 2983 564 te
3007 549 3023 576 ,
3056 509 3199 579 quod
3228 505 3623 563 dissensionem
3652 504 3850 559 doceas
3880 517 3909 558 a
3938 501 4123 575 Moyse
4159 518 4350 559 eorum
4380 545 4395 570 ,
4436 518 4531 575 qui

1252 620 1431 674 clama
1459 615 1683 679 Jacobo,
1733 628 1854 667 cum
1903 611 2154 683 gentibus
2201 608 2434 672 edebat;
2482 621 2606 661 cum
2654 612 2832 657 autem

1250 706 1548 768 venissent,
1577 702 1927 759 subtrahebat
1950 716 2007 755 se
2050 709 2103 753 et
2128 700 2466 767 segregabat,
2501 696 2697 748 timens
2741 706 2834 744 eos

1251 798 1344 869 qui
1374 812 1441 853 ex
1471 795 1889 852 circumcisione
1937 800 2092 846 erant
2131 790 2331 861 (Galat.
2366 789 2446 855 ιι).
2487 806 2505 837 ι
2550 785 2835 841 Cernimus

1251 909 1382 963 ergo
1410 893 1630 947 Petrum
1664 905 1769 944 non
1799 889 2063 960 rigidum,
2104 884 2197 939 sed
2224 883 2516 938 discretum
2553 898 2565 933 :
2609 876 2835 932 timebat

1250 987 1394 1042 enim
1416 985 1633 1039 Judmos
1658 999 1724 1038 ne
1748 1000 1841 1052 per
1867 980 2208 1036 occasionem
2231 976 2468 1047 gentium
2496 989 2524 1027 a
2556 972 2660 1026 (ide
2687 964 2845 1023 rece—'

1251 1075 1443 1129 derent
1470 1074 1905 1127 Christianorum
1933 1088 1947 1135 ;
1989 1078 2047 1123 et
2078 1083 2145 1123 ne
2173 1068 2424 1135 perderet
2466 1077 2685 1134 gregem
2718 1076 2837 1129 per-

1252 1165 1447 1228 ditum,
1466 1165 1588 1219 boni
1613 1164 1845 1233 pastoris
1871 1170 1953 1215 est
1975 1160 2216 1216 imi:atus
2238 1156 2574 1225 exemplum:
2600 1172 2617 1203 ι
2639 1151 2839 1205 Factus

1251 1262 1336 1309 est
1361 1255 1505 1308 enim
1528 1252 1728 1307 Iudaeis
1756 1261 2005 1319 tanquam
2030 1248 2278 1312 ludens,
2305 1257 2362 1301 ut
2383 1246 2597 1301 Judieos
2621 1241 2840 1297 lucrifa-

1252 1353 1431 1409 ceret;
1464 1364 1483 1393 ι
1516 1345 1654 1397 sicut
1677 1342 1923 1395 Christus
1947 1340 2196 1411 apparuit
2222 1338 2275 1392 in
2301 1337 2471 1391 forma
2502 1335 2691 1391 carnis
2712 1349 2834 1403 pec-

1254 1435 1387 1498 cati,
1416 1444 1527 1488 uta
1556 1433 1792 1503 peccatis
1819 1431 2099 1486 hominem
2119 1430 2404 1493 liberaret;
2436 1436 2635 1483 etcum
2663 1425 2837 1493 legem

1257 1524 1425 1596 Moysi
1459 1540 1562 1578 non
1591 1524 1889 1594 ambigeret
1937 1522 2286 1583 abolendam,
2331 1518 2619 1573 consulens
2660 1526 2837 1570 tamen

1257 1617 1437 1671 adhuc
1470 1616 1692 1670 rudibus
1718 1625 1773 1670 et
1812 1615 2041 1669 infirmis
2068 1613 2359 1673 fratribus,
2398 1612 2571 1665 tenuit
2599 1610 2662 1663 ad
2706 1617 2842 1663 tem-

1260 1722 1361 1777 pus
1384 1708 1633 1761 umbram
1658 1705 1791 1775 legis
1823 1711 1883 1757 ut
1907 1719 2001 1757 eos
2043 1703 2365 1771 quandoque
2403 1701 2727 1770 proveheret
2774 1697 2840 1750 ad

1257 1800 1495 1869 perfecte
1522 1799 1849 1854 noseendam
1881 1796 2270 1867 plenitudinem
2312 1793 2580 1849 veritatis.
2629 1792 2684 1846 lu
2739 1791 2841 1844 hoc

2941 618 3039 671 per
3060 611 3249 673 gentes
3276 609 3401 655 sunt
3430 599 3759 661 Judmorum,
3799 598 3983 653 dicens
4013 617 4027 652 :
4060 597 4176 653 Non
4218 599 4419 654 debere
4439 613 4534 655 eos

2943 693 3333 747 circumcidere
3364 691 3502 744 filios
3527 705 3677 754 suos,
3707 704 3882 757 neque
3912 688 4213 743 secundum
4246 696 4535 743 consuetu-

2944 784 3121 838 dinem
3152 784 3377 853 ingredi.
3413 781 3550 847 Quid
3579 796 3705 850 ergo
3738 780 3856 833 est?
3880 780 4065 849 utique
4092 788 4307 848 oportet
4340 792 4538 833 conve-

2944 873 3061 926 nire
3084 872 3517 935 multitudinem;
3555 870 3846 924 audierunt
3879 868 4023 923 enim
4050 877 4102 922 te
4131 868 4532 938 supervenisse.

2946 964 3058 1019 Hoc
3099 980 3230 1036 ergo
3274 963 3360 1017 fac
3411 964 3553 1032 quod
3603 964 3697 1017 tibi
3738 963 4013 1017 dicimus:
4055 974 4181 1017 sunt
4225 962 4381 1016 nobis
4434 961 4536 1015 vit‘i

2943 1067 3176 1126 quatuor
3203 1067 3388 1113 votum
3426 1056 3691 1109 habentes
3729 1070 3894 1124 super
3944 1070 4041 1120 se;
4085 1055 4171 1109 his
4219 1054 4535 1124 assumptis,

2945 1149 3223 1203 sanctifica
3250 1157 3301 1203 te
3328 1164 3449 1201 cum
3478 1148 3609 1216 ipsis
3634 1164 3646 1200 :
3679 1158 3734 1199 et
3762 1146 4011 1215 impende
4037 1147 4087 1199 in
4116 1161 4233 1209 eos,
4260 1154 4321 1200 ut
4343 1146 4541 1199 radant

2946 1243 3123 1311 capita
3162 1251 3216 1297 et
3240 1242 3416 1296 sciant
3461 1255 3676 1303 omnes,
3706 1240 3829 1308 quia
3871 1255 3990 1307 qua:
4022 1239 4087 1292 de
4129 1248 4179 1293 te
4216 1238 4539 1301 audierunt,

2946 1334 3077 1389 falsa
3106 1344 3264 1398 sunt;
3295 1334 3391 1389 sed
3436 1332 3683 1386 ambulas
3718 1341 3771 1385 et
3821 1333 3935 1401 ipse
3986 1314 4313 1386 custodiens
4344 1330 4539 1401 legem.

2945 1423 3098 1480 Tunc
3124 1424 3321 1479 Paulus
3349 1424 3641 1492 assumptis
3666 1424 3815 1481 viris,
3850 1422 4138 1490 posteriori
4167 1422 4253 1477 die
4282 1421 4538 1492 purifica-

2947 1526 3033 1572 tus
3060 1532 3181 1572 cum
3216 1516 3317 1571 illis
3346 1516 3571 1570 intravit
3602 1517 3655 1569 in
3697 1515 3957 1585 templum
3990 1515 4129 1585 (Act.
4162 1514 4299 1583 XXI).
4333 1534 4352 1566 ι

3017 1606 3159 1662 Nulli
3190 1607 3346 1661 liceat
3374 1608 3627 1677 ignorare
3655 1624 3667 1658 :
3702 1603 3877 1659 Omne
3906 1606 4050 1675 quod
4080 1604 4313 1659 Domino
4342 1618 4541 1659 conse-

2946 1713 3150 1767 cretur,
3178 1704 3290 1758 sive
3321 1702 3485 1757 fuerit
3516 1702 3700 1762 homo,
3720 1700 3834 1754 sive
3865 1699 4088 1763 animal,
4118 1700 4233 1754 sive
4265 1714 4413 1768 ager,
4455 1698 4541 1753 vel

2947 1796 3205 1867 quidquid
3232 1796 3397 1851 semel
3428 1794 3592 1848 fuerit
3611 1801 4011 1851 consecratum.
4040 1790 4301 1845 Sanctum
4326 1797 4546 1845 saneto.

1255 1907 1388 1963 ergo
1424 1890 1483 1944 Β.
1532 1889 1721 1942 Petrus
1770 1888 2118 1942 discretionis
2168 1886 2323 1941 nobis
2371 1884 2608 1955 regulam
2653 1881 2839 1944 dedit,
2878 1894 2917 1947 it
2949 1905 3067 1943 rum
3094 1887 3472 1949 eritDomino,
3520 1894 3575 1939 et
3618 1886 3683 1937 ad
3731 1882 3820 1945 ius
3872 1882 4108 1952 pertinet
4150 1882 4540 1946 sacerdotum;

1256 1992 1525 2052 quatenus
1539 1977 1956 2050 aliquando,ubi
1978 1986 2156 2032 tamen
2180 1992 2284 2028 non
2312 1976 2601 2044 plurimum
2629 1982 2841 2038 noceat,

1256 2071 1589 2127 declinemus
1618 2068 2008 2137 aliquantulum
2049 2083 2080 2121 a
2130 2067 2349 2122 tramite
2390 2065 2733 2120 rectitudinis
2778 2074 2845 2141 ,ιιι

1256 2161 1539 2218 consulere
1561 2160 1837 2214 valeamus
1869 2157 2121 2217 infirmis.

1328 2255 1428 2322 Qui
1458 2254 1615 2318 dicis,
1644 2256 1787 2323 quod
1818 2252 2010 2307 Petrus
2040 2250 2330 2320 aliquando
2356 2249 2528 2319 legem
2562 2247 2840 2301 Judaicam

1255 2347 1463 2411 tenuit;
1491 2362 1590 2400 cur
1620 2362 1724 2399 non
1758 2345 1925 2399 etiam
1953 2344 2089 2401 dicis
2120 2343 2261 2412 quod
2297 2344 2348 2396 in
2381 2342 2570 2396 eadem
2606 2338 2840 2411 Epistula

1256 2439 1451 2508 legitur
1480 2452 1493 2490 :
1533 2436 1819 2499 Nimirum,
1852 2436 1978 2504 quia
2017 2454 2034 2486 ι
2072 2434 2270 2489 Paulus
2297 2449 2419 2488 eum
2453 2434 2505 2486 in
2542 2432 2739 2486 facient
2760 2446 2845 2485 re-

1254 2528 1587 2599 prehendit?
1622 2528 1676 2583 In
1702 2526 1917 2591 facient,
1950 2528 2144 2596 inquit,
2172 2527 2219 2581 ei
2250 2526 2457 2588 restiti,
2488 2525 2615 2594 quia
2662 2537 2843 2592 repre-

1255 2618 1542 2675 bensibilis
1568 2628 1706 2683 erat,
1734 2619 1891 2687 eique
1921 2618 2029 2672 dixi
2064 2636 2075 2671 :
2113 2617 2170 2672 Si
2210 2627 2263 2671 tu
2311 2634 2432 2672 cum
2470 2618 2544 2671 sis
2582 2616 2801 2671 Judazus
2826 2657 2840 2679 ,

1253 2711 1552 2782 gentiliter,
1574 2720 1627 2765 et
1652 2727 1756 2766 non
1788 2711 2012 2767 Judaice
2039 2711 2197 2777 vivis,
2235 2710 2507 2781 quomodo
2530 2711 2681 2782 cogis
2714 2725 2843 2782 gen-

1254 2811 1337 2857 tes
1362 2800 1688 2868 judaizare?
1726 2821 1743 2853 ι

1326 2894 1478 2960 Quod
1510 2893 1703 2948 Petrus
1741 2894 1850 2964 egit
1889 2894 2267 2964 compassione
2295 2895 2713 2956 misericordias,
2738 2894 2842 2949 hoc

1253 2982 1454 3037 Paulus
1498 2985 1678 3053 arguit
1716 2999 1813 3053 pro
1860 2986 2177 3055 magisterio
2225 2986 2542 3055 disciplinae.
2593 2986 2684 3039 Ille
2738 2986 2843 3040 hoc

1254 3072 1384 3129 fecit
1432 3074 1795 3144 dispensative
1834 3084 1891 3127 ut
1941 3075 2172 3129 infirmis
2229 3077 2439 3129 tolleret
2489 3076 2861 3141 scandalum;

1254 3162 1359 3218 huc
1396 3164 1497 3217 iste
1544 3164 1805 3231 corripuit
1861 3180 1927 3218 ne
1980 3164 2309 3219 indiscretus
2362 3166 2587 3234 quilibet
2636 3168 2838 3235 pasSim

1254 3256 1550 3310 adduceret
1578 3256 1630 3308 in
1661 3255 1986 3324 exemplum.
2014 3255 2071 3309 ln
2094 3255 2259 3310 Petro
2290 3258 2585 3319 discamus,
2614 3267 2669 3310 ut
2696 3257 2836 3324 peri-
2869 3244 2909 3300 (ἶ

1254 3346 1378 3403 culo
1408 3347 1577 3402 simus
1608 3348 1921 3401 imminente
1958 3348 2196 3403 discreti.
2227 3348 2284 3401 in
2319 3348 2465 3401 Pauli
2498 3347 2843 3403 sermonibus

1254 3438 1614 3502 instruamur,
1654 3448 1711 3492 ut
1737 3438 1884 3492 sanis
1912 3438 2073 3494 rebus
2098 3439 2206 3494 vita
2226 3451 2420 3493 nostra
2465 3455 2615 3494 mere
2663 3440 2846 3493 deser-

1252 3529 1370 3585 viat
1396 3529 1881 3584 rectitudini.Audi
1906 3530 2071 3587 etiam
2099 3540 2493 3601 consequenter
2510 3539 2565 3584 et
2593 3530 2842 3594 Paulum,

1255 3622 1599 3678 discretionis
1620 3638 1796 3678 aurea:
1820 3622 2017 3677 lineam
2042 3625 2243 3679 nostris
2263 3624 2435 3679 oculis
2457 3618 2843 3693 opponentem,

1252 3710 1603 3781 ejusdemque
1662 3713 2040 3781 dispensalivae
2097 3715 2486 3784 compassiunis
2540 3724 2843 3771 auctorem.

1254 3802 1418 3873 275
1474 3802 1626 3858 Sicut
1665 3806 1807 3858 enim
1854 3806 2271 3873 apostolicortnn
2326 3808 2559 3860 Actnnm
2614 3816 2847 3862 testatur

1254 3892 1517 3948 historia:
1547 3914 1564 3945 ι
1595 3893 2014 3951 Perambulabat
2034 3896 2233 3951 Paulus
2256 3897 2468 3967 Syriam
2492 3907 2547 3952 et
2574 3896 2840 3962 Ciliciam,

1250 3985 1586 4040 condit-maps
1648 3986 1957 4047 Ecclesias,
2016 3986 2369 4057 pervenitque
2419 3988 2472 4041 in
2530 3987 2740 4043 Derben
2790 3998 2845 4043 et

1252 4074 1503 4149 Lystram
1527 4117 1541 4142 ,
1572 4086 1628 4133 et
1668 4094 1796 4134 ecce
1829 4080 2123 4148 discipulus
2164 4080 2384 4149 quidam
2425 4090 2579 4146 erat,
2622 4081 2843 4135 nomine

1255 4164 1595 4234 Timotheus,
1629 4168 1769 4225 filius
1798 4169 2039 4226 mulieris
2071 4172 2242 4226 vidua:
2264 4171 2457 4235 fidelis,
2482 4180 2636 4241 patre
2661 4181 2843 4226 autem

1254 4260 1438 4331 κοπιιὶιί
1473 4260 1613 4330 (Act.
1643 4259 1775 4329 xvi).
1809 4280 1827 4312 ι
1873 4259 2027 4316 liunc
2061 4276 2221 4333 ergo,
2262 4272 2323 4316 ut
2358 4264 2425 4317 ad
2463 4264 2843 4334 compendium

1252 4349 1563 4412 veniamus,
1595 4349 1880 4420 Apostolus
1904 4350 2277 4418 circumcidit;
2303 4354 2559 4423 quoniam
2587 4353 2803 4410 Iudaeos
2827 4396 2843 4421 ,

1252 4436 1363 4496 imo
1382 4437 1603 4502 Iudaeis,
1638 4440 1730 4510 qui
1758 4440 1809 4494 in
1835 4440 1940 4495 illis
1966 4451 2123 4496 erant
2153 4444 2463 4515 regionibus
2491 4445 2687 4500 timuit.
2733 4446 2866 4502 Cur.

1253 4528 1438 4598 itaque
1472 4530 1813 4585 circumcidit
1850 4530 2059 4587 fidelem
2095 4536 2369 4591 hominem
2412 4552 2521 4591 non
2561 4536 2803 4593 Judzeum
2826 4578 2840 4601 ,

2946 1988 3169 2048 propter
3198 1978 3339 2046 quod
3375 1974 3761 2029 inexcusabilis
3787 1973 3893 2027 erit
3914 1974 4093 2028 omnis
4131 1976 4221 2042 qui
4253 1988 4282 2025 a
4315 1971 4548 2026 Domino

2946 2081 2999 2122 et
3029 2068 3267 2123 Ecclesia
3300 2068 3472 2120 civem
3502 2066 3659 2135 petit,
3690 2063 3888 2129 aufert,
3916 2072 4128 2128 vastat,
4180 2062 4415 2127 invadit,
4462 2060 4548 2116 vel

2945 2162 3107 2230 eripit
3131 2169 3188 2214 ut
3215 2160 3511 2229 sacrilegus
3543 2158 3895 2227 dijudicetnr,
3933 2165 3987 2211 et
4034 2156 4076 2211 si
4122 2156 4416 2209 ernendare
4445 2168 4548 2209 no-

2946 2253 3108 2306 luerit
3146 2251 3675 2306 excommunicetur.
3703 2248 3805 2315 Qui
3838 2246 4123 2303 abstulerit
4150 2247 4352 2317 aliquid
4379 2247 4546 2317 patri,

2946 2342 3232 2398 homicidae
3280 2341 3559 2412 particeps
3614 2349 3717 2394 est.
3770 2338 3937 2394 Pater
3982 2348 4169 2394 noster
4214 2340 4332 2393 sine
4385 2337 4551 2393 dubio

2947 2433 3091 2487 Deus
3116 2441 3200 2487 est
3227 2434 3317 2500 qui
3349 2447 3447 2486 nos
3470 2430 3713 2492 creavit;
3756 2439 3933 2484 mater
3957 2444 4089 2485 vero
4118 2438 4303 2484 nostra
4356 2435 4546 2483 sancta

2944 2522 3192 2577 Ecclesia
3220 2539 3341 2593 quae
3368 2538 3467 2577 nos
3491 2522 3543 2576 in
3581 2522 3853 2591 baptismo
3884 2522 4250 2590 regeneravit.
4292 2521 4435 2591 Ergo
4456 2521 4547 2592 qui

2945 2613 3149 2668 Christi
3207 2614 3491 2683 pecuniam
3549 2624 3604 2667 et
3655 2613 3954 2668 Ecclesium
4008 2613 4207 2677 aufert,
4262 2614 4405 2683 rapit
4457 2623 4546 2667 aut

2946 2703 3183 2765 fraudat.
3207 2705 3476 2759 homicida
3501 2715 3584 2760 est
3606 2714 3768 2776 atque
3794 2716 3923 2761 ante
3946 2705 4235 2761 Dominum
4272 2707 4544 2761 homicida

2944 2793 3259 2864 deputatur.
3290 2795 3391 2861 Qui
3420 2795 3567 2850 enim
3594 2808 3683 2849 res
3712 2794 3972 2849 Ecclesia:
3995 2795 4300 2855 abstulerit,
4330 2794 4548 2851 sacrile-

2943 2884 3091 2952 gium
3129 2882 3259 2937 facit
3287 2894 3342 2938 et
3375 2893 3434 2938 ut
3473 2884 3773 2955 sacrilegus
3812 2884 4140 2953 jndicandus
4178 2894 4281 2940 est.
4338 2884 4406 2941 Ut
4449 2900 4548 2940 nos

2944 2989 3076 3046 ergo
3100 2987 3289 3030 contra
3322 2976 3591 3046 malignos
3628 2976 3852 3045 spiritus
3892 2976 4193 3046 spiritualis
4230 2976 4550 3032 certaminis

2944 3068 3118 3121 aciem
3149 3069 3419 3136 ponimus,
3449 3083 3796 3138 summopere
3828 3084 4055 3123 necesse
4080 3070 4245 3141 276
4268 3080 4349 3124 est
4374 3078 4433 3123 ut
4454 3084 4551 3140 per

2945 3158 3271 3211 charitatem
3293 3173 3507 3229 semper
3530 3159 3852 3229 uniti‘atqne
3871 3162 4247 3225 constricti,et
4271 3174 4548 3231 nunquam

2946 3258 3231 3327 interrupti
3258 3272 3356 3328 per
3377 3258 3703 3313 discordiam
3730 3259 4111 3323 inveniamur;
4139 3259 4265 3330 quia
4292 3260 4549 3329 qumlibet

2949 3351 3087 3403 bona
3122 3349 3173 3403 in
3198 3348 3356 3403 nobis
3386 3363 3548 3418 opera
3587 3349 3823 3417 fuerint,
3856 3349 3902 3404 si
3936 3350 4177 3404 charitas
4227 3350 4397 3414 desit,
4448 3364 4547 3420 per

2948 3437 3145 3491 malum
3179 3438 3465 3494 discordia:
3496 3440 3649 3495 locus
3671 3440 3917 3509 aperitur
3946 3441 3999 3495 in
4032 3440 4168 3505 acie,
4200 3442 4344 3496 nmle
4366 3440 4434 3496 ad
4466 3439 4545 3495 fe-

2949 3529 3168 3599 riendos
3198 3545 3298 3584 nos
3321 3531 3499 3586 valeat
3527 3532 3698 3587 hostis
3732 3531 3959 3586 intrare.
3986 3533 4259 3602 Antiquns
4288 3549 4415 3588 vero
4447 3534 4549 3588 ini-

2950 3619 3123 3672 micus
3150 3621 3462 3676 castitatem
3497 3622 3549 3676 in
3584 3622 3771 3687 nobis,
3806 3622 3852 3676 si
3882 3613 4001 3676 sine
4038 3623 4303 3676 charitate
4344 3621 4544 3687 fuerit,

2950 3724 3055 3763 non
3081 3710 3263 3776 timet;
3294 3713 3421 3780 quia
3457 3712 3573 3781 ipse
3599 3727 3697 3767 nec
3730 3713 3997 3781 premitur
4026 3727 4189 3766 carne
4228 3722 4287 3766 ut
4320 3710 4439 3780 ejus
4467 3713 4547 3767 lu-

2949 3800 3104 3855 xuria
3129 3802 3473 3857 dissolvatur.
3502 3804 3900 3859 Abstinentiam
3932 3821 4037 3858 non
4073 3806 4245 3868 timet,
4278 3806 4403 3875 quia
4435 3808 4548 3875 ipse

2949 3893 3071 3947 cibo
3096 3908 3203 3947 non
3237 3895 3431 3961 utitur,
3460 3897 3585 3966 quia
3614 3898 3940 3953 necessitate
3969 3898 4217 3969 corporis
4250 3914 4354 3952 non
4389 3913 4547 3969 urge-

2951 3994 3056 4039 tur.
3091 3986 3539 4043 Distributiouem
3566 3998 3906 4044 terrenarum
3934 4007 4115 4045 rerum
4147 4006 4254 4045 non
4286 3992 4471 4055 timet,
4501 3990 4545 4045 si

2948 4076 3125 4131 eidem
3154 4078 3303 4145 operi
3328 4078 3572 4133 charitas
3597 4077 3768 4144 desit;
3800 4082 3927 4150 quia
3953 4082 4265 4137 divitiarum
4288 4083 4548 4138 subsidiis

2950 4180 3051 4220 nec
3101 4166 3218 4236 ipse
3241 4176 3379 4238 eget.
3412 4168 3578 4222 Valde
3600 4179 3779 4223 autem
3810 4170 3863 4225 in
3893 4171 4049 4226 nobis
4085 4173 4410 4227 charitatem
4453 4186 4547 4227 ve-

2950 4272 3089 4322 ram,
3124 4258 3250 4312 item
3285 4274 3528 4314 amorem
3578 4261 3857 4326 humilem,
3909 4277 4066 4331 quem
4100 4265 4257 4318 nobis
4304 4263 4545 4320 vicissim

2952 4350 3339 4422 impendimus,
3367 4352 3543 4416 timet,
3571 4366 3626 4407 et
3657 4354 3820 4408 nimis
3846 4355 4151 4410 concordia:
4181 4366 4382 4410 nostra:
4408 4355 4548 4410 invi-
4598 4368 4607 4381 '

2950 4442 3080 4505 det;
3114 4444 3238 4513 quia
3272 4444 3411 4499 hanc
3450 4460 3549 4498 nos
3595 4455 3842 4501 tenemus
3894 4448 3947 4501 in
4001 4456 4169 4505 terra.
4220 4463 4385 4518 quam
4434 4449 4548 4518 ipse

2953 4542 3141 4590 tenere
3187 4536 3377 4591 uolens
3427 4537 3610 4591 amisit
3657 4536 3708 4589 in
3758 4536 3919 4591 coelo.
3970 4537 4116 4593 Bene
4144 4554 4274 4609 ergo
4302 4539 4543 4594 dicitur:

1253 4621 1345 4690 qui
1376 4621 1625 4675 videlicet
1678 4623 2090 4681 ineircumcisus
2141 4637 2285 4693 erat,
2328 4628 2421 4683 sed
2459 4629 2677 4684 natione
2712 4646 2841 4701 gen-
2881 4610 2924 4667 θ
2958 4640 2976 4673 ι
3028 4622 3308 4680 Terribilis
3360 4634 3419 4679 ιιι
3473 4635 3777 4680 castrorum
3832 4629 3980 4683 δεῖρε
4028 4630 4311 4694 ordinm-1;
4348 4650 4367 4683 ι
4420 4630 4545 4701 quia

1255 4708 1441 4766 tilem‘l
1469 4712 1570 4765 nisi
1593 4721 1648 4766 ut
1678 4713 2021 4770 discretionis
2047 4718 2225 4772 studio
2246 4719 2564 4785 deserviret,
2588 4734 2656 4773 ne
2675 4717 2841 4774 Judrei

1253 4798 1440 4854 fideles
1468 4801 1519 4855 in
1552 4802 1867 4857 scandalum
1903 4816 2219 4861 corruentes
2270 4822 2298 4859 a
2356 4808 2458 4862 fide
2503 4810 2840 4864 recederent.

1254 4889 1377 4948 Hoc
1392 4893 1559 4946 etiam
1594 4909 1738 4948 nunc
1767 4894 1833 4948 ad
1869 4898 2189 4952 memoriam
2220 4898 2389 4965 redit;
2444 4903 2703 4969 quoniam
2742 4904 2840 4958 ali-

1252 4982 1466 5052 quando
1499 4982 1652 5053 juxta
1692 4990 1896 5040 murem
1932 4985 2312 5044 Nazarmorum
2349 5006 2563 5047 comam
2602 5010 2669 5049 ex
2719 5004 2843 5051 voto

1256 5077 1512 5140 nutrivit;
1544 5087 1598 5132 et
1626 5090 1911 5148 pOStquam
1940 5082 2249 5153 navigasset
2277 5084 2329 5139 in
2354 5084 2588 5156 Syriam,
2624 5090 2677 5143 in
2701 5090 2842 5144 Cen-

1255 5166 1404 5221 chris
1438 5168 1667 5236 positus,
1720 5179 1876 5238 caput
1924 5170 2079 5239 juxta
2137 5171 2269 5243 legis
2315 5174 2568 5230 mandata
2617 5178 2847 5232 totondit

1254 5254 1395 5323 (Act.
1460 5257 1635 5328 xvtn).
1703 5256 1882 5312 Refer:
1940 5262 2115 5316 adhuc
2158 5262 2333 5318 Lucas
2390 5280 2558 5319 sacra:
2616 5268 2849 5337 scriptor

1257 5345 1497 5400 historia:
1522 5362 1534 5399 :
1568 5363 1589 5396 ι
1626 5345 1759 5400 Cum
1788 5349 2145 5414 venissemus,
2173 5352 2366 5422 inquit,
2396 5353 2841 5428 Hierosolymam,

1253 5434 1487 5491 libenter
1522 5449 1877 5509 susceperunt
1904 5457 2002 5497 nos
2028 5442 2260 5509 fratres;
2293 5454 2349 5500 et
2372 5449 2617 5516 sequenti
2652 5447 2847 5503 die-Ja-

1257 5529 1424 5586 robus
1467 5540 1520 5583 et
1566 5546 1755 5586 omnes
1786 5534 2029 5589 seniores
2060 5536 2150 5606 qui
2199 5553 2321 5591 cum
2358 5552 2423 5593 eo
2453 5548 2641 5606 erant,
2672 5541 2847 5596 Evan-

1255 5621 1400 5692 gelio
1422 5622 1567 5676 illius
1610 5625 1978 5695 comprobato,
2010 5628 2262 5684 dixerunt
2296 5630 2344 5685 ei
2374 5648 2385 5683 :
2420 5631 2580 5687 Vides
2604 5673 2617 5697 ,
2653 5632 2843 5699 frater,

1257 5722 1387 5780 quot
1422 5712 1585 5767 millia
1615 5723 1738 5767 sunt
1768 5715 1817 5768 in
1841 5714 2049 5783 Judaea,
2074 5720 2165 5789 qui
2195 5720 2475 5776 credidere
2513 5721 2565 5777 in
2602 5721 2843 5789 Christo,

1256 5811 1314 5856 et
1343 5803 1379 5857 ii
1404 5818 1592 5859 omnes
1621 5804 1964 5875 aemulatores
2002 5808 2157 5881 legis.
2197 5812 2495 5869 Audierunt
2545 5821 2727 5871 autem
2780 5816 2844 5871 dc

2951 4713 3247 4769 electorum
3277 4715 3675 4771 multitudinem
3700 4733 3765 4773 eo
3792 4718 4012 4790 maligni
4042 4722 4266 4790 spiritus
4291 4722 4549 4792 pertime-

2950 4818 3127 4872 scunt,
3151 4824 3259 4877 quo
3280 4825 3373 4863 eos
3395 4826 3489 4878 per
3513 4810 3801 4866 charitatis
3826 4813 4178 4867 concordiam
4205 4816 4387 4868 unitos
4418 4830 4548 4870 con-

2950 4906 3036 4954 tra
3067 4915 3125 4963 se
3156 4911 3211 4955 et
3250 4902 3606 4969 conglobatos
3649 4902 3943 4971 aspiciunt.
3980 4903 4195 4971 Quanta
4244 4914 4426 4959 autem
4477 4904 4549 4959 sit

2949 4993 3257 5049 concordiae
3284 4995 3476 5059 virtus,
3509 4994 3835 5060 ostenditur,
3869 5011 3992 5049 cum
4043 4996 4161 5051 sine
4210 4997 4295 5050 illa
4323 4996 4548 5067 reliquae

2947 5086 3198 5152 virtutes,
3231 5088 3463 5142 virtutes
3484 5103 3589 5141 non
3613 5102 3735 5143 esse
3760 5096 4151 5143 monstrantur.
4185 5089 4371 5159 Magna
4399 5090 4543 5143 enim

2948 5188 3031 5233 est
3060 5179 3235 5233 virtus
3264 5180 3647 5245 abstinentiaz;
3699 5180 3792 5235 sed
3842 5180 3883 5234 si
3921 5182 4041 5249 quis
4069 5180 4143 5235 ita
4176 5181 4247 5235 ab
4273 5182 4545 5236 alimentis

2950 5268 3244 5332 abstineat,
3276 5278 3335 5323 ut
3364 5278 3592 5324 caeteros
3624 5270 3676 5323 in
3702 5269 3825 5324 cibo
3856 5268 4115 5339 dijudicet
4138 5310 4153 5333 ,
4199 5279 4255 5324 et
4284 5270 4543 5325 alimenta

2948 5358 3170 5423 eadem,
3202 5373 3321 5427 qua:
3351 5357 3493 5413 Deus
3540 5360 3748 5413 ereavit
3802 5359 3869 5413 ad
3921 5360 4328 5429 percipiendum
4357 5400 4373 5425 ,
4425 5376 4547 5414 cum

2952 5449 3249 5518 gratiarum
3283 5449 3501 5504 actione
3537 5450 3789 5505 fidelibus
3817 5450 4068 5515 damnet;
4096 5450 4227 5519 quid
4276 5451 4401 5506 huic
4442 5451 4549 5505 viro

2950 5549 3037 5594 tus
3066 5538 3408 5595 abstinentiae
3428 5539 3572 5595 facta
3604 5548 3709 5604 est,
3748 5540 3853 5595 nisi
3883 5539 4105 5609 laqueus
4126 5538 4339 5609 eulpae?
4390 5539 4547 5595 Unde

2955 5631 3243 5687 Psalmista
3297 5648 3515 5703 quoque
3572 5632 3776 5687 nullam
3828 5648 3951 5687 esse
3998 5633 4549 5687 abstinentiam’sine

2952 5723 3244 5777 concordia
3280 5724 3607 5795 designans,
3652 5724 3726 5778 ait
3758 5737 3773 5776 :
3813 5742 3832 5775 ι
3866 5723 4109 5779 Laudate
4143 5739 4267 5779 eum
4310 5725 4364 5779 in
4407 5730 4546 5793 tym-

2952 5826 3090 5885 pano
3120 5821 3175 5868 ct
3200 5814 3387 5870 choro.
3429 5832 3445 5866 ι
3495 5814 3550 5869 ln
3604 5824 3859 5885 tympano
3906 5815 4052 5870 enim
4092 5813 4298 5870 corium
4344 5812 4548 5871 siccum
