4260 6374
360 319 458 379 213

1497 309 1696 365 LIBER
1729 307 2015 375 PRIMUS,
2053 305 2272 362 EPIS'l.
2317 306 2432 361 Xll.

3555 299 3660 354 9H

359 434 555 506 scopali
580 433 843 507 dignitate
864 427 1133 501 deposuit.
1176 424 1232 482 Si
1279 438 1408 497 ergo
1431 425 1628 482 summi
1660 424 1733 481 illi
1759 423 1940 495 pontl-
1970 431 2019 490 Α
2050 422 2138 478 isti
2167 422 2258 493 qui
2285 436 2464 475 meum
2519 419 2765 490 deposcit
2795 417 3080 481 auxilium,
3118 430 3216 487 pro
3258 424 3445 471 nostro
3475 429 3663 470 amore

358 530 504 594 lices,
536 529 719 583 Aaron
745 522 996 579 videlicet
1045 531 1098 576 et
1127 518 1395 593 Cyrillus,
1428 526 1550 589 post
1595 517 1948 573 amissionem

359 621 585 677 vestium
618 616 974 688 perdiderunt
999 614 1164 669 etiam
1205 619 1607 682 consequenter
1639 610 1948 666 sacerdota-

359 713 483 768 lium
507 710 709 768 infulas
759 709 1104 781 dignitatum,
1134 705 1266 775 quid
1295 705 1425 760 mihi
1471 703 1696 774 parvulo
1726 709 1780 756 et
1807 700 1948 757 indi-

357 820 456 878 gno
481 803 623 858 aliud
648 803 807 858 datur
830 799 1076 871 intelligi,
1114 799 1217 854 nisi
1250 799 1377 870 quia
1425 797 1553 852 dum
1601 795 1947 851 ornamentis

357 896 784 953 sacerdotalibus
805 907 1002 960 exuor,
1027 888 1352 948 sacerdotali
1389 886 1747 960 proculdubio
1771 885 1946 957 digni-

358 998 464 1044 tate
503 987 776 1060 deponorl

421 1079 688 1137 Praeterea
719 1077 1108 1136 monasterium
1136 1075 1461 1146 hospitando
1484 1085 1533 1131 et
1568 1072 1942 1135 conﬁscando,

357 1173 665 1229 muneribus
679 1171 1008 1236 abstulistis;
1027 1169 1094 1224 de
1109 1170 1420 1239 episcopatu
1443 1179 1660 1237 quoque
1680 1162 1944 1233 quidquid

355 1271 642 1335 proventus
700 1261 932 1318 inveniri
986 1267 1230 1332 poterat,
1309 1255 1747 1326 consumpsistis.
1799 1253 1941 1321 Quid

354 1372 480 1427 ergo
513 1367 704 1422 restat,
756 1355 859 1411 nisi
909 1363 969 1409 ut
1016 1353 1174 1409 miles
1218 1351 1483 1408 emeritus
1547 1349 1768 1420 abjiciat
1816 1363 1940 1402 cum

355 1449 632 1521 chlamyde
661 1446 954 1520 cingulum,
1005 1446 1098 1517 qui
1146 1444 1399 1501 militaris
1423 1442 1680 1514 stipendii
1705 1441 1942 1513 perdidit

354 1541 700 1598 donativum?
727 1539 937 1597 Cedant
987 1539 1152 1609 igitur
1172 1538 1285 1610 jam
1328 1539 1380 1593 in
1412 1551 1543 1593 usus
1578 1545 1794 1592 vestros
1827 1535 1941 1604 epi-

353 1647 626 1706 scopatus,
657 1633 818 1690 simul
861 1640 920 1689 et
966 1631 1319 1696 monasteria,
1352 1645 1456 1686 nec
1498 1630 1630 1684 mihi
1666 1629 1939 1700 quispiam

353 1728 414 1782 de
441 1735 642 1782 caetero
694 1725 857 1780 inane
885 1723 1135 1780 beneficii
1186 1737 1385 1778 nomen
1433 1719 1677 1789 objiciat,
1721 1721 1816 1776 sed
1847 1734 1941 1775 ve-

2051 517 2352 590 dignemini
2376 515 2692 580 subvenire,
2717 514 3064 584 rigoremque
3080 511 3313 583 justitim
3337 511 3483 565 circa
3512 509 3662 563 illum

2051 610 2337 675 studeatis,
2387 609 2441 664 in
2472 619 2741 680 quantum
2799 617 2982 664 tamen
3030 607 3140 662 Deo
3188 620 3295 661 non
3355 603 3662 674 displiceat,

2051 710 2380 771 temperare.

2123 793 2194 850 Ut
2221 802 2406 848 autem
2456 792 2602 849 scire
2644 792 2942 864 dignemini
3003 806 3126 862 qua:
3175 792 3322 847 circa
3377 807 3463 846 me
3511 801 3663 858 sunt,

2034 886 2394 956 septuaginta
2427 884 2598 940 ferme
2643 885 2761 941 dies
2814 891 2966 950 sunt,
2994 898 3062 938 ex
3107 883 3304 953 quibus
3333 883 3423 938 vix
3451 882 3657 952 jacere,

2047 979 2132 1034 vel
2162 982 2375 1043 sedere,
2409 989 2613 1050 quanto
2643 979 2822 1034 minus
2853 987 3022 1043 stare,
3054 977 3155 1032 nisi
3181 992 3305 1031 cum
3336 974 3659 1032 dilllcultate

2045 1071 2455 1142 possum.Quid
2501 1082 2681 1127 autem
2728 1072 2929 1136 dicam,
2961 1071 3087 1140 quia
3135 1070 3345 1134 viuum,
3374 1067 3659 1124 stomacho

2048 1176 2368 1231 nauseante,
2401 1164 2657 1220 fastidio:
2687 1165 2778 1235 qui
2818 1165 3035 1219 diversa
3065 1177 3285 1233 quoque
3319 1161 3538 1217 mellita:
3590 1175 3656 1216 ac

2045 1259 2397 1329 pigmentatae
2426 1258 2665 1328 potionis
2716 1271 2917 1328 genera
2972 1256 3371 1327 perhorresco?
3401 1255 3510 1310 Sed
3543 1256 3662 1312 haec

2045 1349 2269 1404 uberius
2297 1364 2404 1404 non
2435 1364 2731 1421 exaggcro,
2767 1350 2892 1419 quia
2922 1349 3049 1404 dum
3099 1348 3362 1420 gemitum
3419 1357 3474 1402 et
3508 1361 3658 1403 com-

2044 1439 2356 1510 passionem
2385 1455 2451 1494 ex
2484 1439 2728 1496 fraterna
2760 1451 3089 1496 caeterorum
3123 1438 3392 1494 sodalium
3417 1453 3663 1496 meorum

2045 1533 2316 1589 charitate
2349 1535 2594 1604 requiro,
2624 1551 2654 1588 a
2681 1549 2896 1588 summo
2939 1533 3244 1588 amicorum
3293 1547 3541 1587 meorum
3567 1531 3665 1588 do-

2045 1625 2194 1680 mino
2239 1625 2492 1681 videlicet
2542 1627 2952 1692 archidiacono,
3006 1625 3177 1679 risum
3221 1623 3662 1694 extorquendum

2045 1728 2166 1771 esse
2198 1731 2302 1770 non
2332 1717 2572 1785 ambigo.

351 1817 473 1872 stris
495 1815 608 1885 (76)
638 1814 758 1871 luce
787 1815 985 1871 clarius
1017 1816 1341 1870 innotescat.
1372 1812 1598 1869 Noverit
1630 1813 1814 1882 itaque
1841 1827 1935 1867 ve-
1968 1795 2017 1856 Β
2119 1807 2196 1863 De
2223 1807 2452 1878 ριέεΐειιο
2475 1819 2659 1864 autem
2688 1809 2946 1878 episcopo
2985 1807 3065 1862 sic
3085 1848 3099 1872 ,
3155 1822 3308 1879 r080.
3342 1807 3657 1870 decernite:

351 1921 454 1965 stra
482 1911 783 1981 utriusque.
813 1909 1137 1981 benignitas,
1167 1909 1295 1980 quia
1351 1908 1466 1965 base
1513 1908 1669 1964 vobis
1700 1909 1773 1964 ita
1804 1907 1939 1963 irre-

353 2003 663 2059 vocabiliter
697 2003 882 2069 reddo,
932 2003 1077 2074 quod
1132 2001 1307 2059 donec
1355 2002 1468 2057 vita
1511 2015 1697 2057 comes
1749 1999 1937 2067 fuerit,

353 2094 573 2150 ulterius
597 2109 700 2150 non
731 2094 946 2150 tenebo.

894 2190 1232 2250 EPISTOLA
1283 2191 1376 2247 IX.

444 2299 510 2339 AD
547 2298 770 2341 εωωιι
803 2298 1071 2341 κιοοωυιι
1114 2299 1152 2340 ll
1189 2297 1448 2340 BOIANUI
1487 2297 1836 2340 Ροιετιιιοειί.

507 2373 919 2447 (Ηαὸοωτςιοηι.
951 2372 1070 2443 III,
1095 2387 1270 2448 estque
1307 2376 1620 2447 opusculum
1655 2375 1769 2446 i9.)

911 2489 1249 2548 EPISTOLA
1285 2490 1355 2547 Χ.

349 2599 412 2639 ΔΙ)
449 2596 810 2638 Αιεκυωιυι
850 2597 888 2638 ll
937 2598 1198 2640 ROIANUI
1239 2599 1562 2640 PONTIFICEI
1589 2625 1604 2650 ,
1639 2601 1709 2640 Εἰ·
1750 2598 1939 2642 ιιιωι-

437 2669 688 2712 πωροι
727 2669 772 2710 Β.
815 2669 870 2710 Β.
909 2668 958 2708 Β.
1001 2669 1343 2711 οηωκιιει
1383 2671 1839 2714 Αιιειιιοιλοοηυι.

507 2741 773 2816 (Habetur
797 2755 926 2800 tom.
956 2742 1077 2812 Ill,
1109 2755 1286 2816 estque
1317 2745 1628 2817 opusculum
1664 2747 1782 2821 20.)

827 2838 927 2910 ιι
975 2835 1314 2894 EPISTOLA
1365 2837 1455 2894 XI.

397 2941 462 2984 AD
499 2943 722 2986 ευιυει
759 2945 1118 2987 Αιειικωιυι
1158 2947 1196 2986 ll
1237 2946 1496 2989 ROMANO!
1534 2947 1879 2990 PONTIPICBI.

345 3043 736 3119 nonnenon.
785 3044 1332 3119 _—Au_r_elianensem
1379 3047 1753 3119 episcopum,
1781 3045 1940 3119 cujus

412 3115 651 3187 Ecclesia
677 3114 749 3170 ab
789 3115 1049 3187 improbis
1089 3128 1281 3172 vexata
1331 3114 1517 3172 multis
1561 3114 1936 3174 calamitatum

409 3185 696 3262 procellis,
762 3195 820 3242 et
864 3180 1200 3244 'turbinibus
1274 3191 1609 3262 agitabatur.
1687 3188 1935 3262 pontillci
1964 3180 2012 3243 C

410 3259 962 3333 maximouaccurate
1005 3259 1355 3333 commendat
1387 3277 1402 3314 :
1437 3269 1495 3314 ut
1548 3261 1667 3333 ejus
1692 3259 1702 3260 “
1730 3259 1936 3333 auxilio

407 3327 775 3402 “ﬂuctibus
815 3341 1028 3387 emersa
1068 3339 1125 3386 et
1178 3331 1479 3398 sublevata,
1522 3327 1593 3388 in'
1632 3332 1938 3402 tranquilli-

409 3399 535 3456 tatis
563 3401 782 3456 tandem
812 3408 970 3471 portu
999 3411 1056 3457 et
1082 3403 1396 3458 securitatis
1421 3399 1864 3475 conquiesceret.

406 3509 615 3568 Domno
662 3527 761 3568 suo
810 3513 1142 3570 Assxutnao
1191 3528 1419 3571 summae
1475 3514 1626 3572 sedis
1673 3515 1932 3586 antistiti,

342 3597 550 3660 Pinus
574 3610 836 3675 peccator
861 3605 1160 3660 monachus
1189 3605 1533 3662 servitutem.

405 3696 631 3757 Noverit
654 3699 934 3756 beatitudo
981 3708 1180 3766 vestra,
1209 3700 1540 3757 venerabilis
1577 3700 1767 3770 Pater,
1798 3716 1938 3774 quo-

341 3790 479 3846 niam
503 3792 798 3863 episcopus
839 3791 931 3848 hic
968 3791 1383 3850 Aurelianensis
1419 3793 1677 3850 Ecclesia:
1716 3809 1816 3866 per
1847 3809 1938 3852 me

341 3884 501 3950 venit,
531 3897 734 3954 meque
782 3883 1198 3940 decumbeutem
1256 3886 1310 3940 in
1352 3886 1581 3958 grabato
1630 3888 1932 3957 reperiens,

340 3978 456 4051 quia
485 3979 749 4051 sperabat
792 3993 877 4034 me
905 3979 1048 4052 apud
1089 3994 1187 4036 vos
1224 3979 1426 4052 aliquid
1456 3996 1638 4052 posse,
1676 3995 1812 4037 mea:
1844 3983 1933 4037 in-

341 4073 684 4129 tercessionis
711 4071 974 4127 auxilium
1035 4073 1345 4143 postulavit.
1395 4073 1472 4127 Ex
1516 4073 1703 4128 multis
1732 4073 1935 4146 quippe

339 4165 736 4222 calamitatibus
786 4175 950 4236 atque
974 4165 1272 4235 pressuris,
1314 4181 1434 4236 qua:
1465 4179 1571 4220 non
1609 4165 1772 4221 modo
1804 4165 1933 4233 sibi,

340 4257 425 4311 sed
446 4265 500 4312 et
529 4256 790 4313 Ecclesiae
815 4271 929 4311 suae
956 4272 986 4309 a
1018 4257 1203 4327 pravis
1257 4267 1422 4327 atque
1455 4257 1730 4327 perversis
1757 4256 1936 4311 homi-

341 4347 491 4403 nibus
517 4349 856 4415 inferuntur,
884 4361 943 4404 se
967 4348 1186 4403 tandem
1233 4365 1338 4404 non
1381 4349 1500 4405 siue
1529 4365 1728 4420 magna
1762 4348 1935 4404 tribu-

341 4436 532 4496 latione
564 4439 910 4511 praeripiens,
937 4440 1201 4510 optimum
1231 4441 1412 4508 duxit,
1440 4450 1501 4495 ut
1529 4451 1718 4511 spreto
1743 4441 1934 4498 mundi

341 4529 536 4588 fallacis
588 4533 819 4598 auxilio,
855 4533 1029 4588 solum
1079 4533 1226 4589 sedis
1267 4533 1582 4604 apostolicae
1626 4535 1933 4592 remedium
1960 4575 2016 4636 Β

341 4634 560 4694 peteret,
619 4626 694 4681 ad
750 4634 938 4682 sancta
985 4627 1218 4701 vestigia
1261 4636 1447 4684 vestra
1503 4637 1826 4696 corrueret;
1877 4637 1936 4684 et

341 4727 586 4790 tanquam
639 4719 713 4774 ad
760 4721 1016 4776 tutissimi
1052 4729 1246 4792 portus
1272 4721 1453 4776 sinum
1490 4722 1558 4777 de
1590 4722 1777 4777 multis
1804 4735 1934 4793 pro-

341 4815 479 4871 cellis
516 4814 800 4886 fluetivagi
849 4816 1039 4882 maris,
1088 4815 1329 4887 scopulis
1373 4825 1539 4888 atque
1591 4817 1920 4886 turbinibus,

341 4908 430 4962 sub
450 4918 654 4972 sanctas
693 4907 955 4965 Romanae
998 4909 1258 4967 Ecclesiae
1309 4910 1688 4967 umbraculum
1729 4926 1931 4968 convo-

343 4997 480 5077 laret.
532 4995 763 5057 Scilicet
785 5010 844 5056 ut
868 5015 990 5072 quae
1010 5015 1106 5072 per
1125 5000 1291 5056 divini
1315 5002 1559 5057 muneris
1582 5001 1930 5073 privilegium

341 5093 580 5149 omnibus
610 5092 666 5149 in
726 5091 1074 5148 tribulatione
1119 5096 1409 5158 succurrit,
1459 5109 1519 5150 se
1564 5109 1782 5166 quoque
1813 5107 1925 5151 mar

345 5192 482 5240 terna
506 5186 716 5258 pietate
743 5185 1024 5257 suscipiat,
1051 5197 1107 5242 et
1131 5185 1249 5255 ejus
1273 5186 1574 5243 Ecclesiam
1604 5203 1635 5242 a
1658 5187 1923 5243 violento-

345 5293 450 5333 mm
478 5280 904 5351 iniquorumque
948 5280 1230 5335 hominum
1276 5281 1602 5350 pervasione
1646 5279 1923 5337 defendat.

345 5369 670 5445 Quapropter
699 5380 944 5428 sanctam
969 5371 1318 5428 clementiam
1351 5381 1616 5438 vestram,
1650 5372 1929 5428 humiliter

346 5461 575 5536 obsecro,
623 5463 844 5522 hostilis
889 5465 1051 5520 etiam
1080 5463 1243 5518 amici
1273 5463 1378 5519 mei
1421 5463 1625 5519 domini
1657 5464 1931 5519 archidia-

349 5557 456 5612 mni
494 5558 640 5636 (Π),
671 5567 1109 5628 εειετοιιωυιιυε
1157 5568 1471 5614 sanctorum
1535 5557 1928 5614 collateralium

351 5659 635 5707 vestrorum
680 5648 1085 5705 fraternitatem
1135 5649 1415 5706 humiliter
1466 5661 1624 5720 peto;
1659 5661 1718 5705 ut
1769 5649 1928 5705 fratri

413 5793 516 5871 (τι)
554 5795 789 5854 Videtur
820 5793 926 5850 hoc
960 5793 1078 5850 loco
1111 5792 1316 5864 aliquid
1343 5794 1670 5850 desiderari.

2049 1909 2106 1954 ut
2137 1907 2192 1954 et
2227 1900 2572 1969 omnipotens
2606 1899 2748 1954 Deus
2799 1897 3006 1968 judicio
3058 1909 3256 1955 vestrae
3308 1898 3662 1954 discretionis

2045 1994 2370 2063 adgaudeat,
2403 2007 2455 2049 et
2488 1996 2576 2052 ille
2619 1995 2756 2051 fusis
2812 2011 2979 2065 super
3030 2012 3086 2050 se
3138 1997 3284 2051 sedis
3333 1994 3649 2066 apostolicae

2047 2097 2307 2158 tanquam
2341 2099 2602 2148 materna:
2665 2090 2885 2160 pietatis
2945 2090 3279 2156 visceribus,
3337 2089 3654 2144 hilareseat.

2045 2180 2182 2246 Quia
2204 2180 2439 2252 sigillum
2496 2190 2750 2237 nostrum
2797 2182 2864 2236 ad
2891 2196 3134 2251 praesens
3165 2195 3272 2236 non
3326 2181 3524 2247 habeo,
3560 2194 3658 2236 ne-

2043 2270 2157 2340 poti
2191 2285 2315 2327 meo
2359 2270 2650 2340 Damiano,
2683 2282 2745 2327 ut
2794 2272 2956 2344 sigilli
3012 2270 3343 2328 certitudine
3390 2271 3655 2342 potiatur,

2045 2360 2290 2434 iniungo.
2987 2407 2990 2409 λ

2545 2457 2650 2528 ιε
2700 2454 3044 2514 EPISTOLA
3075 2453 3189 2512 xu.

2671 2565 2741 2604 AD
2781 2562 3025 2604 ευιιυειι.

2044 2640 2450 2698 Aucuusuruu.
2478 2671 2546 2680 —
2573 2640 2738 2702 Duas,
2772 2654 2897 2711 quae
2939 2649 3070 2695 tunc
3115 2639 3379 2712 temporis
3423 2639 3666 2697 inoleve-

2115 2723 2242 2768 rant
2271 2715 2324 2768 iu
2367 2712 2623 2778 ecclesia,
2665 2726 2867 2782 pravas
2914 2711 3340 2767 consuetudines
3387 2720 3662 2782 accusat:

2118 2792 2284 2854 atque
2305 2792 2365 2837 ut
2393 2781 2741 2846 aboleantur.
2772 2784 3029 2850 postulat.
3069 2782 3137 2855 Et
3171 2784 3412 2855 primum
3437 2781 3660 2855 quidem

2114 2853 2487 2924 periculosum
2511 2869 2635 2910 esse
2660 2855 2920 2921 ostendit,
2955 2863 3012 2910 et
3045 2853 3178 2910 aleae
3217 2853 3550 2924 plenum'(ut
3583 2855 3659 2908 ita

2118 2925 2324 2997 dicam)
2364 2940 2522 2996 opus,
2581 2925 3000 2996 quibuscunque
3024 2925 3261 2980 decretis
3290 2924 3666 2981 anathematis

2114 3011 2337 3067 prauam
2369 2997 2422 3078 in
2452 3000 2558 3052 line
2586 2999 2806 3078 apponi.
2837 2998 2933 3078 ad.
2953 2998 3098 3078 hanc
3124 2997 3271 3053 enim
3293 3010 3514 3078 pinnam
3543 3005 3661 3078 tau-

2119 3065 2283 3139 quam
2315 3069 2383 3122 ad
2413 3065 2700 3138 scopulum
2753 3067 3046 3139 levissimis
3069 3068 3136 3124 de
3166 3065 3350 3123 causis
3377 3065 3661 3139 ollenden-

2117 3137 2204 3194 tes
2233 3138 2484 3195 homines
2509 3137 2815 3208 saepissime
2841 3137 3186 3208 naufragium
3217 3139 3479 3193 facturos.
3506 3137 3660 3192 Alte-

2116 3224 2237 3264 ram
2264 3210 2726 3281 consuetudinem
2757 3210 2925 3279 (quod
2960 3211 3171 3264 scilicet
3203 3209 3447 3281 episcopi
3477 3225 3507 3263 a
3537 3223 3662 3279 pre-

2115 3281 2359 3354 sbyteris
2384 3281 2528 3352 apud
2557 3280 3059 3354 archiepiscopum,
3093 3280 3481 3354 et-primatem
3500 3294 3657 3354 accu-
3757 3307 3760 3310 ~

2114 3350 2229 3409 sari
2255 3367 2366 3407 non
2394 3350 2638 3423 possent)
2680 3350 2977 3408 efﬁcaciter
3005 3350 3312 3423 redarguit.
3357 3350 3662 3423 Darienim

2114 3423 2221 3480 hoc
2253 3422 2415 3479 modo
2461 3423 2751 3479 criminum
2809 3422 3209 3492 impunitatem,
3249 3431 3306 3478 et
3352 3422 3578 3478 liberius
3608 3423 3662 3478 iu

2116 3496 2311 3566 quovis
2341 3492 2530 3566 ﬂagitii
2561 3509 2762 3566 genere
2794 3493 3173 3550 debacchandi
3205 3492 3506 3549 licentiam.

2113 3607 2327 3666 Domno
2375 3624 2475 3666 suo
2522 3609 2857 3664 ALsxmnno
2898 3622 3072 3679 papae,
3125 3604 3348 3665 Psrnus
3403 3615 3664 3678 peccator

2044 3701 2350 3757 monachus
2380 3702 2722 3758 servitutem.

2120 3794 2459 3866 Scripsistis,
2501 3805 2561 3850 ut
2613 3795 2940 3860 scriberem,
2995 3795 3357 3866 praecepistis,
3404 3807 3463 3853 ut
3517 3811 3664 3868 saepe

2043 3889 2221 3959 vobis,
2275 3889 2403 3946 licet
2429 3889 2691 3956 incultas,
2725 3890 2943 3962 ineptia:
2974 3904 3110 3945 mea:
3155 3888 3450 3946 schedulas
3495 3886 3662 3946 desti-

2044 4000 2237 4042 narem
2270 4001 2284 4038 :
2320 3999 2513 4040 verum
2543 3998 2630 4039 me
2655 3983 2830 4054 magis
2858 3982 2990 4039 libet
3016 3980 3168 4048 ﬂere,
3193 3997 3359 4052 quam
3380 3981 3660 4047 scribere;

2044 4076 2156 4132 imo
2189 4076 2317 4132 hinc
2347 4074 2570 4147 gravius
2616 4073 2741 4140 ﬂeo,
2775 4077 2906 4146 quia
2958 4073 3089 4129 (lere
3116 4088 3224 4130 non
3253 4072 3428 4130 valeo.
3458 4072 3538 4129 lta
3580 4073 3665 4129 ni-

2043 4168 2559 4240 mirumasynodo,
2600 4169 2687 4224 cui
2736 4177 2939 4224 vestra:
2988 4167 3304 4225 sanctitatis
3362 4167 3666 4225 auctoritas

2043 4258 2284 4330 praefuit,
2308 4259 2580 4315 contritus
2617 4272 2817 4330 nuper,
2870 4266 2927 4313 et
2960 4256 3246 4313 arefactus
3285 4257 3566 4325 abscessi,
3597 4265 3659 4313 ut

2044 4367 2201 4408 mens
2229 4367 2352 4408 mea
2382 4359 2462 4406 tot
2488 4365 2751 4421 oppressa
2795 4351 3056 4422 negotiis,
3087 4364 3242 4406 more
3291 4349 3462 4407 silicis
3491 4348 3640 4406 obdu

2044 4454 2188 4511 rata,
2217 4460 2320 4502 nec
2362 4459 2460 4514 per
2495 4445 2729 4500 imbrem
2779 4458 2840 4498 se
2885 4441 3331 4515 compunctionis
3381 4439 3662 4512 emolliat,

2044 4555 2146 4596 nec
2174 4554 2235 4595 se
2256 4538 2663 4609 quantumlibet
2709 4552 2875 4608 super
2906 4552 2966 4593 se
3007 4537 3244 4610 gratiam
3275 4535 3487 4594 intima
3533 4551 3667 4595 corr

2046 4629 2416 4701 templationis
2445 4628 2681 4686 attollat.
2712 4628 2826 4685 Hoc
2861 4629 3050 4700 itaque
3100 4629 3236 4685 mihi
3266 4629 3430 4685 datur
3455 4628 3524 4685 ad
3548 4641 3667 4700 pm—

2042 4738 2194 4790 nam,
2231 4723 2376 4794 quod
2407 4723 2742 4793 promissum
2771 4731 2857 4779 est
2895 4721 3107 4778 sanctis
3137 4720 3377 4777 dandum
3414 4736 3539 4778 esse
3564 4735 3664 4792 per

2041 4814 2302 4886 gratiam.
2349 4831 2368 4864 ι
2399 4812 2712 4884 Absterget,
2766 4812 2970 4883 inquit,
3022 4813 3168 4868 Deus
3225 4827 3445 4868 omnem
3489 4811 3667 4887 lacry-

2040 4923 2187 4962 mam
2219 4907 2288 4964 ab
2308 4906 2483 4965 oculis
2498 4916 2814 4963 sanctorum
2841 4905 3028 4978 (Apoc.
3055 4905 3196 4977 xxi).
3217 4925 3236 4959 ι
3273 4906 3339 4962 Et
3359 4905 3416 4964 in
3437 4904 3661 4964 Psalmo

2040 4999 2334 5056 diciturzt
2384 4999 2487 5067 Qui
2539 4999 2747 5068 eripuit
2798 4997 3041 5052 animam
3105 5011 3286 5053 meam
3353 4997 3419 5052 de
3463 5003 3659 5061 morte,

2041 5091 2234 5148 oculos
2259 5107 2410 5146 meos
2458 5106 2487 5144 a
2525 5090 2784 5162 laerymis
2834 5087 3013 5160 (Paul.
3064 5088 3241 5160 CXIV).
3279 5109 3298 5142 ι
3345 5086 3502 5157 Quod
3529 5103 3664 5161 ergo

2042 5185 2251 5242 sanctis
2273 5184 2410 5239 viris
2438 5191 2780 5254 pmerogatur
2809 5183 2877 5236 ad
2902 5183 3210 5251 praemium,
3249 5170 3353 5236 hcc
3386 5180 3526 5238 meis
3555 5196 3664 5238 me-

2045 5280 2166 5335 ritis
2198 5279 2464 5349 inﬂigitur
2491 5278 2559 5333 ad
2601 5287 2954 5332 tormentum.
2987 5277 3337 5348 Quapropter
3367 5278 3486 5335 haec
3509 5276 3656 5349 apud

2044 5385 2132 5426 me
2177 5370 2402 5426 delinita
2453 5369 2724 5425 sententia
2756 5380 2860 5434 est,
2891 5370 3017 5439 quia
3050 5371 3116 5425 de
3155 5378 3393 5437 caetero,
3427 5369 3535 5427 nisi
3569 5383 3662 5426 me

2044 5464 2348 5518 necessitas
2399 5461 2710 5516 inevitanda
2749 5452 3097 5531 compellat,
3161 5460 3338 5518 donec
3391 5459 3661 5517 advixero

2043 5557 2308 5613 Romanis
2333 5573 2418 5611 me
2451 5557 2696 5612 consiliis
2725 5555 2973 5610 funditus
3005 5555 3328 5612 absentabo.

2115 5653 2386 5709 Prmterea
2411 5654 2518 5708 duo
2543 5654 2795 5723 quaedam
2848 5652 2991 5723 apud
3036 5651 3397 5722 apostolicam
3466 5653 3658 5710 sedem

2115 5790 2230 5864 ('17)
2273 5789 2699 5849 Hildebrandum
2729 5789 3000 5861 intelligit.
