  <div class='ocr_page' id='page_1' title='image "/cluster/home/n/w/nwhite01/storage/ocr_20150623/144-145/uc1.31175001639262/115.png"; bbox 0 0 4260 6412; ppageno 0'>
   <div class='ocr_carea' id='block_1_1' title="bbox 790 301 896 359">
    <p class='ocr_par' dir='ltr' id='par_1_1' title="bbox 790 301 896 359">
     <span class='ocr_line' id='line_1_1' title="bbox 790 301 896 359; baseline -0.009 0"><span class='ocrx_word' id='word_1_1' title='bbox 790 301 896 359; x_wconf 73' lang='grc'><strong>215</strong></span> 
     </span>
    </p>
   </div>
   <div class='ocr_carea' id='block_1_2' title="bbox 1316 301 2998 364">
    <p class='ocr_par' dir='ltr' id='par_1_2' title="bbox 1316 302 2998 364">
     <span class='ocr_line' id='line_1_2' title="bbox 1316 302 2998 364; baseline 0.001 -5"><span class='ocrx_word' id='word_1_2' title='bbox 1316 305 1372 359; x_wconf 90' lang='lat' dir='ltr'><strong>S.</strong></span> <span class='ocrx_word' id='word_1_3' title='bbox 1411 303 1612 359; x_wconf 78' lang='lat' dir='ltr'><strong>PETRI</strong></span> <span class='ocrx_word' id='word_1_4' title='bbox 1652 303 1930 364; x_wconf 68' lang='lat' dir='ltr'><strong>DAMIANI</strong></span> <span class='ocrx_word' id='word_1_5' title='bbox 1958 302 2109 361; x_wconf 85' lang='lat' dir='ltr'><strong>OPP.</strong></span> <span class='ocrx_word' id='word_1_6' title='bbox 2150 304 2332 360; x_wconf 74' lang='lat' dir='ltr'><strong>PARS</strong></span> <span class='ocrx_word' id='word_1_7' title='bbox 2368 303 2501 362; x_wconf 71' lang='grc' dir='ltr'><strong>εει]</strong></span> <span class='ocrx_word' id='word_1_8' title='bbox 2543 302 2781 362; x_wconf 72' lang='lat' dir='ltr'><strong>TOMUS</strong></span> <span class='ocrx_word' id='word_1_9' title='bbox 2809 304 2848 360; x_wconf 93' lang='grc' dir='ltr'><strong>Ι.</strong></span> <span class='ocrx_word' id='word_1_10' title='bbox 2878 328 2950 346; x_wconf 73' lang='grc' dir='ltr'><strong>-ι-</strong></span> <span class='ocrx_word' id='word_1_11' title='bbox 2987 305 2998 361; x_wconf 92' lang='lat' dir='ltr'><strong>l</strong></span> 
     </span>
    </p>
   </div>
   <div class='ocr_carea' id='block_1_3' title="bbox 1861 301 3543 364">
    <p class='ocr_par' dir='ltr' id='par_1_3' title="bbox 1865 301 3543 364">
     <span class='ocr_line' id='line_1_3' title="bbox 1865 301 3543 364; baseline 0.001 -2"><span class='ocrx_word' id='word_1_12' title='bbox 1865 303 1930 362; x_wconf 68' lang='lat' dir='ltr'><strong>Nl</strong></span> <span class='ocrx_word' id='word_1_13' title='bbox 1958 302 2109 361; x_wconf 84' lang='lat' dir='ltr'><strong>OPP.</strong></span> <span class='ocrx_word' id='word_1_14' title='bbox 2150 304 2332 360; x_wconf 75' lang='lat' dir='ltr'><strong>PARS</strong></span> <span class='ocrx_word' id='word_1_15' title='bbox 2368 303 2501 362; x_wconf 71' lang='grc' dir='ltr'><strong>εει]</strong></span> <span class='ocrx_word' id='word_1_16' title='bbox 2543 302 2781 362; x_wconf 72' lang='lat' dir='ltr'><strong>TOMUS</strong></span> <span class='ocrx_word' id='word_1_17' title='bbox 2809 304 2848 360; x_wconf 93' lang='grc' dir='ltr'><strong>Ι.</strong></span> <span class='ocrx_word' id='word_1_18' title='bbox 2878 328 2950 346; x_wconf 86' lang='grc'><strong>-·-</strong></span> <span class='ocrx_word' id='word_1_19' title='bbox 2987 304 3206 364; x_wconf 80' lang='lat' dir='ltr'><strong>EPIST.</strong></span> <span class='ocrx_word' id='word_1_20' title='bbox 3237 301 3368 362; x_wconf 79' lang='lat' dir='ltr'><strong>LIB.</strong></span> <span class='ocrx_word' id='word_1_21' title='bbox 3409 305 3543 363; x_wconf 77' lang='lat' dir='ltr'><strong>VIII.</strong></span> 
     </span>
    </p>
   </div>
   <div class='ocr_carea' id='block_1_4' title="bbox 3932 300 4038 360">
    <p class='ocr_par' dir='ltr' id='par_1_4' title="bbox 3932 300 4038 360">
     <span class='ocr_line' id='line_1_4' title="bbox 3932 300 4038 360; baseline 0.019 -2"><span class='ocrx_word' id='word_1_22' title='bbox 3932 300 4038 360; x_wconf 67' lang='grc'><strong>916</strong></span> 
     </span>
    </p>
   </div>
   <div class='ocr_carea' id='block_1_5' title="bbox 793 417 4044 494">
    <p class='ocr_par' dir='ltr' id='par_1_5' title="bbox 793 417 4044 494">
     <span class='ocr_line' id='line_1_5' title="bbox 793 417 4044 494; baseline 0.001 -22"><span class='ocrx_word' id='word_1_23' title='bbox 793 417 1047 487; x_wconf 78' lang='lat' dir='ltr'><strong>frequens</strong></span> <span class='ocrx_word' id='word_1_24' title='bbox 1089 434 1218 474; x_wconf 90' lang='lat' dir='ltr'><strong>usus</strong></span> <span class='ocrx_word' id='word_1_25' title='bbox 1267 420 1516 486; x_wconf 90' lang='lat' dir='ltr'><strong>obtinuit,</strong></span> <span class='ocrx_word' id='word_1_26' title='bbox 1568 438 1688 492; x_wconf 64' lang='lat' dir='ltr'><strong>qua)</strong></span> <span class='ocrx_word' id='word_1_27' title='bbox 1737 423 1782 478; x_wconf 93' lang='lat' dir='ltr'><strong>si</strong></span> <span class='ocrx_word' id='word_1_28' title='bbox 1836 433 2022 479; x_wconf 85' lang='lat' dir='ltr'><strong>sancta</strong></span> <span class='ocrx_word' id='word_1_29' title='bbox 2068 422 2358 493; x_wconf 78' lang='lat' dir='ltr'><strong>prudentia</strong></span> <span class='ocrx_word' id='word_1_30' title='bbox 2385 424 2436 484; x_wconf 84' lang='grc' dir='ltr'><strong>Α</strong></span> <span class='ocrx_word' id='word_1_31' title='bbox 2465 429 2550 475; x_wconf 85' lang='grc' dir='ltr'>ιιιι·</span> <span class='ocrx_word' id='word_1_32' title='bbox 2575 421 2882 477; x_wconf 90' lang='lat' dir='ltr'><strong>adversum.</strong></span> <span class='ocrx_word' id='word_1_33' title='bbox 2917 422 3052 480; x_wconf 82' lang='lat' dir='ltr'><strong>Nam</strong></span> <span class='ocrx_word' id='word_1_34' title='bbox 3078 423 3164 479; x_wconf 91' lang='lat' dir='ltr'><strong>cui</strong></span> <span class='ocrx_word' id='word_1_35' title='bbox 3194 421 3388 478; x_wconf 90' lang='lat' dir='ltr'><strong>melius</strong></span> <span class='ocrx_word' id='word_1_36' title='bbox 3428 423 3654 489; x_wconf 86' lang='lat' dir='ltr'><strong>dicitur,</strong></span> <span class='ocrx_word' id='word_1_37' title='bbox 3689 420 3835 494; x_wconf 84' lang='lat' dir='ltr'><strong>quod</strong></span> <span class='ocrx_word' id='word_1_38' title='bbox 3873 418 4044 477; x_wconf 85' lang='lat' dir='ltr'><strong>delin-</strong></span> 
     </span>
    </p>
   </div>
   <div class='ocr_carea' id='block_1_6' title="bbox 796 510 2360 587">
    <p class='ocr_par' dir='ltr' id='par_1_6' title="bbox 796 510 2360 587">
     <span class='ocr_line' id='line_1_6' title="bbox 796 510 2360 587; baseline 0.006 -25"><span class='ocrx_word' id='word_1_39' title='bbox 796 521 975 566; x_wconf 86' lang='lat' dir='ltr'><strong>vestra</strong></span> <span class='ocrx_word' id='word_1_40' title='bbox 997 510 1222 581; x_wconf 82' lang='lat' dir='ltr'><strong>judicat,</strong></span> <span class='ocrx_word' id='word_1_41' title='bbox 1253 522 1310 566; x_wconf 92' lang='lat' dir='ltr'><strong>ut</strong></span> <span class='ocrx_word' id='word_1_42' title='bbox 1334 513 1485 568; x_wconf 88' lang='lat' dir='ltr'><strong>nobis</strong></span> <span class='ocrx_word' id='word_1_43' title='bbox 1515 514 1747 580; x_wconf 91' lang='lat' dir='ltr'><strong>videtur,</strong></span> <span class='ocrx_word' id='word_1_44' title='bbox 1771 518 1990 572; x_wconf 82' lang='lat' dir='ltr'><strong>omnino</strong></span> <span class='ocrx_word' id='word_1_45' title='bbox 2031 517 2188 587; x_wconf 87' lang='lat' dir='ltr'><strong>digna</strong></span> <span class='ocrx_word' id='word_1_46' title='bbox 2230 526 2360 572; x_wconf 89' lang='lat' dir='ltr'><strong>sunt</strong></span> 
     </span>
    </p>
   </div>
   <div class='ocr_carea' id='block_1_7' title="bbox 799 601 2361 676">
    <p class='ocr_par' dir='ltr' id='par_1_7' title="bbox 799 601 2361 676">
     <span class='ocr_line' id='line_1_7' title="bbox 799 601 2361 676; baseline 0.003 -20"><span class='ocrx_word' id='word_1_47' title='bbox 799 601 1011 670; x_wconf 77' lang='lat' dir='ltr'><strong>corrigi.</strong></span> <span class='ocrx_word' id='word_1_48' title='bbox 1045 602 1240 666; x_wconf 87' lang='lat' dir='ltr'><strong>Unum,</strong></span> <span class='ocrx_word' id='word_1_49' title='bbox 1278 603 1401 671; x_wconf 86' lang='lat' dir='ltr'><strong>quia</strong></span> <span class='ocrx_word' id='word_1_50' title='bbox 1449 606 1656 662; x_wconf 85' lang='lat' dir='ltr'><strong>cunctis</strong></span> <span class='ocrx_word' id='word_1_51' title='bbox 1706 605 1818 662; x_wconf 88' lang='lat' dir='ltr'><strong>fere</strong></span> <span class='ocrx_word' id='word_1_52' title='bbox 1866 607 2230 663; x_wconf 89' lang='lat' dir='ltr'><strong>Decretalibus</strong></span> <span class='ocrx_word' id='word_1_53' title='bbox 2265 621 2361 676; x_wconf 91' lang='lat' dir='ltr'><strong>pa-</strong></span> 
     </span>
    </p>
   </div>
   <div class='ocr_carea' id='block_1_8' title="bbox 796 691 2360 766">
    <p class='ocr_par' dir='ltr' id='par_1_8' title="bbox 796 691 2360 766">
     <span class='ocr_line' id='line_1_8' title="bbox 796 691 2360 766; baseline 0.004 -22"><span class='ocrx_word' id='word_1_54' title='bbox 796 691 932 762; x_wconf 79' lang='lat' dir='ltr'><strong>ginis</strong></span> <span class='ocrx_word' id='word_1_55' title='bbox 957 691 1239 745; x_wconf 85' lang='lat' dir='ltr'><strong>anathema</strong></span> <span class='ocrx_word' id='word_1_56' title='bbox 1269 692 1634 763; x_wconf 84' lang='lat' dir='ltr'><strong>subjungitur;</strong></span> <span class='ocrx_word' id='word_1_57' title='bbox 1679 694 1923 760; x_wconf 85' lang='lat' dir='ltr'><strong>alterum,</strong></span> <span class='ocrx_word' id='word_1_58' title='bbox 1970 696 2094 766; x_wconf 83' lang='lat' dir='ltr'><strong>quia</strong></span> <span class='ocrx_word' id='word_1_59' title='bbox 2142 694 2360 763; x_wconf 88' lang='lat' dir='ltr'><strong>cujusli-</strong></span> 
     </span>
    </p>
   </div>
   <div class='ocr_carea' id='block_1_9' title="bbox 794 780 2360 852">
    <p class='ocr_par' dir='ltr' id='par_1_9' title="bbox 794 780 2360 852">
     <span class='ocr_line' id='line_1_9' title="bbox 794 780 2360 852; baseline 0.004 -17"><span class='ocrx_word' id='word_1_60' title='bbox 794 781 881 835; x_wconf 90' lang='lat' dir='ltr'><strong>bet</strong></span> <span class='ocrx_word' id='word_1_61' title='bbox 915 780 1165 835; x_wconf 77' lang='lat' dir='ltr'><strong>Ecclesia:</strong></span> <span class='ocrx_word' id='word_1_62' title='bbox 1220 780 1379 846; x_wconf 82' lang='lat' dir='ltr'><strong>ﬁlius,</strong></span> <span class='ocrx_word' id='word_1_63' title='bbox 1430 784 1543 838; x_wconf 86' lang='lat' dir='ltr'><strong>sive</strong></span> <span class='ocrx_word' id='word_1_64' title='bbox 1596 785 1821 842; x_wconf 83' lang='lat' dir='ltr'><strong>clericus</strong></span> <span class='ocrx_word' id='word_1_65' title='bbox 1865 786 1954 849; x_wconf 88' lang='lat' dir='ltr'><strong>sit,</strong></span> <span class='ocrx_word' id='word_1_66' title='bbox 2006 786 2120 840; x_wconf 89' lang='lat' dir='ltr'><strong>sive</strong></span> <span class='ocrx_word' id='word_1_67' title='bbox 2161 785 2360 852; x_wconf 86' lang='lat' dir='ltr'><strong>laicus,</strong></span> 
     </span>
    </p>
   </div>
   <div class='ocr_carea' id='block_1_10' title="bbox 796 874 2356 946">
    <p class='ocr_par' dir='ltr' id='par_1_10' title="bbox 796 874 2356 946">
     <span class='ocr_line' id='line_1_10' title="bbox 796 874 2356 946; baseline 0.003 -20"><span class='ocrx_word' id='word_1_68' title='bbox 796 887 1063 941; x_wconf 84' lang='lat' dir='ltr'><strong>exponere</strong></span> <span class='ocrx_word' id='word_1_69' title='bbox 1108 874 1304 942; x_wconf 89' lang='lat' dir='ltr'><strong>pr0prii</strong></span> <span class='ocrx_word' id='word_1_70' title='bbox 1371 889 1624 929; x_wconf 79' lang='lat' dir='ltr'><strong>excessus</strong></span> <span class='ocrx_word' id='word_1_71' title='bbox 1693 877 1951 931; x_wconf 74' lang='lat' dir='ltr'><strong>antistitis</strong></span> <span class='ocrx_word' id='word_1_72' title='bbox 2000 877 2356 946; x_wconf 85' lang='lat' dir='ltr'><strong>prohibetur;</strong></span> 
     </span>
    </p>
   </div>
   <div class='ocr_carea' id='block_1_11' title="bbox 795 964 2360 1033">
    <p class='ocr_par' dir='ltr' id='par_1_11' title="bbox 795 964 2360 1033">
     <span class='ocr_line' id='line_1_11' title="bbox 795 964 2360 1033; baseline 0.006 -17"><span class='ocrx_word' id='word_1_73' title='bbox 795 977 1024 1032; x_wconf 89' lang='lat' dir='ltr'><strong>quorum</strong></span> <span class='ocrx_word' id='word_1_74' title='bbox 1056 964 1284 1033; x_wconf 91' lang='lat' dir='ltr'><strong>primum</strong></span> <span class='ocrx_word' id='word_1_75' title='bbox 1307 980 1469 1033; x_wconf 91' lang='lat' dir='ltr'><strong>quam</strong></span> <span class='ocrx_word' id='word_1_76' title='bbox 1506 967 1575 1021; x_wconf 93' lang='lat' dir='ltr'><strong>sit</strong></span> <span class='ocrx_word' id='word_1_77' title='bbox 1621 968 1867 1022; x_wconf 75' lang='lat' dir='ltr'><strong>humana:</strong></span> <span class='ocrx_word' id='word_1_78' title='bbox 1901 968 2090 1023; x_wconf 88' lang='lat' dir='ltr'><strong>salutis</strong></span> <span class='ocrx_word' id='word_1_79' title='bbox 2121 970 2360 1026; x_wconf 84' lang='lat' dir='ltr'><strong>immane</strong></span> 
     </span>
    </p>
   </div>
   <div class='ocr_carea' id='block_1_12' title="bbox 795 1056 2361 1132">
    <p class='ocr_par' dir='ltr' id='par_1_12' title="bbox 795 1056 2361 1132">
     <span class='ocr_line' id='line_1_12' title="bbox 795 1056 2361 1132; baseline 0.004 -21"><span class='ocrx_word' id='word_1_80' title='bbox 795 1058 1111 1128; x_wconf 89' lang='lat' dir='ltr'><strong>periculum,</strong></span> <span class='ocrx_word' id='word_1_81' title='bbox 1146 1067 1200 1112; x_wconf 89' lang='lat' dir='ltr'><strong>et</strong></span> <span class='ocrx_word' id='word_1_82' title='bbox 1227 1057 1432 1114; x_wconf 79' lang='lat' dir='ltr'><strong>infinite</strong></span> <span class='ocrx_word' id='word_1_83' title='bbox 1462 1067 1649 1128; x_wconf 82' lang='lat' dir='ltr'><strong>patens</strong></span> <span class='ocrx_word' id='word_1_84' title='bbox 1689 1075 1884 1132; x_wconf 82' lang='lat' dir='ltr'><strong>vorago</strong></span> <span class='ocrx_word' id='word_1_85' title='bbox 1937 1056 2252 1128; x_wconf 83' lang='lat' dir='ltr'><strong>labentium,</strong></span> <span class='ocrx_word' id='word_1_86' title='bbox 2295 1077 2361 1118; x_wconf 90' lang='lat' dir='ltr'><strong>ac</strong></span> 
     </span>
    </p>
   </div>
   <div class='ocr_carea' id='block_1_13' title="bbox 793 1153 2360 1224">
    <p class='ocr_par' dir='ltr' id='par_1_13' title="bbox 793 1153 2360 1224">
     <span class='ocr_line' id='line_1_13' title="bbox 793 1153 2360 1224; baseline 0.002 -17"><span class='ocrx_word' id='word_1_87' title='bbox 793 1153 1059 1219; x_wconf 85' lang='lat' dir='ltr'><strong>pernicies</strong></span> <span class='ocrx_word' id='word_1_88' title='bbox 1089 1153 1411 1216; x_wconf 90' lang='lat' dir='ltr'><strong>animarum,</strong></span> <span class='ocrx_word' id='word_1_89' title='bbox 1466 1153 1762 1207; x_wconf 73' lang='lat' dir='ltr'><strong>clementim</strong></span> <span class='ocrx_word' id='word_1_90' title='bbox 1793 1164 1984 1208; x_wconf 76' lang='lat' dir='ltr'><strong>vestr-.c</strong></span> <span class='ocrx_word' id='word_1_91' title='bbox 2031 1154 2204 1224; x_wconf 89' lang='lat' dir='ltr'><strong>pietas</strong></span> <span class='ocrx_word' id='word_1_92' title='bbox 2254 1170 2360 1210; x_wconf 91' lang='lat' dir='ltr'><strong>non</strong></span> 
     </span>
    </p>
   </div>
   <div class='ocr_carea' id='block_1_14' title="bbox 795 1244 2362 1314">
    <p class='ocr_par' dir='ltr' id='par_1_14' title="bbox 795 1244 2362 1314">
     <span class='ocr_line' id='line_1_14' title="bbox 795 1244 2362 1314; baseline 0.003 -17"><span class='ocrx_word' id='word_1_93' title='bbox 795 1244 1024 1312; x_wconf 79' lang='lat' dir='ltr'><strong>ignorat.</strong></span> <span class='ocrx_word' id='word_1_94' title='bbox 1056 1245 1260 1299; x_wconf 72' lang='lat' dir='ltr'><strong>Dicitur</strong></span> <span class='ocrx_word' id='word_1_95' title='bbox 1283 1245 1423 1300; x_wconf 88' lang='lat' dir='ltr'><strong>enim</strong></span> <span class='ocrx_word' id='word_1_96' title='bbox 1455 1245 1698 1314; x_wconf 84' lang='lat' dir='ltr'><strong>quisquis</strong></span> <span class='ocrx_word' id='word_1_97' title='bbox 1724 1246 1858 1310; x_wconf 70' lang='lat' dir='ltr'><strong>haec,</strong></span> <span class='ocrx_word' id='word_1_98' title='bbox 1889 1245 1970 1300; x_wconf 89' lang='lat' dir='ltr'><strong>vel</strong></span> <span class='ocrx_word' id='word_1_99' title='bbox 2003 1245 2088 1300; x_wconf 85' lang='lat' dir='ltr'><strong>illa</strong></span> <span class='ocrx_word' id='word_1_100' title='bbox 2139 1263 2245 1303; x_wconf 90' lang='lat' dir='ltr'><strong>non</strong></span> <span class='ocrx_word' id='word_1_101' title='bbox 2283 1245 2362 1301; x_wconf 80' lang='lat' dir='ltr'><strong>fe-</strong></span> 
     </span>
    </p>
   </div>
   <div class='ocr_carea' id='block_1_15' title="bbox 792 1333 2359 1405">
    <p class='ocr_par' dir='ltr' id='par_1_15' title="bbox 792 1333 2359 1405">
     <span class='ocr_line' id='line_1_15' title="bbox 792 1333 2359 1405; baseline 0.003 -19"><span class='ocrx_word' id='word_1_102' title='bbox 792 1333 928 1386; x_wconf 91' lang='lat' dir='ltr'><strong>ccrit</strong></span> <span class='ocrx_word' id='word_1_103' title='bbox 945 1334 1086 1398; x_wconf 88' lang='lat' dir='ltr'><strong>;sive</strong></span> <span class='ocrx_word' id='word_1_104' title='bbox 1103 1343 1248 1388; x_wconf 91' lang='lat' dir='ltr'><strong>certe</strong></span> <span class='ocrx_word' id='word_1_105' title='bbox 1263 1334 1506 1403; x_wconf 88' lang='lat' dir='ltr'><strong>quisquis</strong></span> <span class='ocrx_word' id='word_1_106' title='bbox 1528 1335 1652 1399; x_wconf 92' lang='lat' dir='ltr'><strong>hoc,</strong></span> <span class='ocrx_word' id='word_1_107' title='bbox 1667 1336 1808 1404; x_wconf 88' lang='lat' dir='ltr'><strong>quod</strong></span> <span class='ocrx_word' id='word_1_108' title='bbox 1831 1337 2077 1405; x_wconf 89' lang='lat' dir='ltr'><strong>superius</strong></span> <span class='ocrx_word' id='word_1_109' title='bbox 2099 1344 2359 1390; x_wconf 88' lang='lat' dir='ltr'><strong>statutum</strong></span> 
     </span>
    </p>
   </div>
   <div class='ocr_carea' id='block_1_16' title="bbox 793 1425 2359 1496">
    <p class='ocr_par' dir='ltr' id='par_1_16' title="bbox 793 1425 2359 1496">
     <span class='ocr_line' id='line_1_16' title="bbox 793 1425 2359 1496; baseline 0.004 -18"><span class='ocrx_word' id='word_1_110' title='bbox 793 1434 894 1488; x_wconf 92' lang='lat' dir='ltr'><strong>est,</strong></span> <span class='ocrx_word' id='word_1_111' title='bbox 916 1425 1125 1478; x_wconf 89' lang='lat' dir='ltr'><strong>irritum</strong></span> <span class='ocrx_word' id='word_1_112' title='bbox 1141 1425 1374 1487; x_wconf 88' lang='lat' dir='ltr'><strong>duxerit,</strong></span> <span class='ocrx_word' id='word_1_113' title='bbox 1391 1425 1476 1479; x_wconf 86' lang='lat' dir='ltr'><strong>vel</strong></span> <span class='ocrx_word' id='word_1_114' title='bbox 1492 1426 1546 1480; x_wconf 91' lang='lat' dir='ltr'><strong>in</strong></span> <span class='ocrx_word' id='word_1_115' title='bbox 1563 1425 1740 1496; x_wconf 90' lang='lat' dir='ltr'><strong>aliquo</strong></span> <span class='ocrx_word' id='word_1_116' title='bbox 1754 1427 2054 1492; x_wconf 86' lang='lat' dir='ltr'><strong>violaverit,</strong></span> <span class='ocrx_word' id='word_1_117' title='bbox 2073 1429 2359 1484; x_wconf 85' lang='lat' dir='ltr'><strong>anathema</strong></span> 
     </span>
    </p>
   </div>
   <div class='ocr_carea' id='block_1_17' title="bbox 793 1515 2360 1588">
    <p class='ocr_par' dir='ltr' id='par_1_17' title="bbox 793 1515 2360 1588">
     <span class='ocr_line' id='line_1_17' title="bbox 793 1515 2360 1588; baseline 0.003 -18"><span class='ocrx_word' id='word_1_118' title='bbox 793 1517 882 1570; x_wconf 85' lang='lat' dir='ltr'><strong>sit.</strong></span> <span class='ocrx_word' id='word_1_119' title='bbox 901 1515 996 1571; x_wconf 89' lang='lat' dir='ltr'><strong>Ubi</strong></span> <span class='ocrx_word' id='word_1_120' title='bbox 1016 1517 1305 1571; x_wconf 87' lang='lat' dir='ltr'><strong>notandum</strong></span> <span class='ocrx_word' id='word_1_121' title='bbox 1321 1531 1479 1584; x_wconf 87' lang='lat' dir='ltr'><strong>quam</strong></span> <span class='ocrx_word' id='word_1_122' title='bbox 1500 1516 1725 1580; x_wconf 89' lang='lat' dir='ltr'><strong>lubrica,</strong></span> <span class='ocrx_word' id='word_1_123' title='bbox 1745 1533 1905 1586; x_wconf 89' lang='lat' dir='ltr'><strong>quam</strong></span> <span class='ocrx_word' id='word_1_124' title='bbox 1929 1534 2165 1588; x_wconf 66' lang='lat' dir='ltr'><strong>praeceps</strong></span> <span class='ocrx_word' id='word_1_125' title='bbox 2183 1520 2360 1575; x_wconf 88' lang='lat' dir='ltr'><strong>subito</strong></span> 
     </span>
    </p>
   </div>
   <div class='ocr_carea' id='block_1_18' title="bbox 793 1609 2359 1680">
    <p class='ocr_par' dir='ltr' id='par_1_18' title="bbox 793 1609 2359 1680">
     <span class='ocr_line' id='line_1_18' title="bbox 793 1609 2359 1680; baseline 0.004 -19"><span class='ocrx_word' id='word_1_126' title='bbox 793 1610 979 1664; x_wconf 88' lang='lat' dir='ltr'><strong>ruendi</strong></span> <span class='ocrx_word' id='word_1_127' title='bbox 994 1609 1099 1663; x_wconf 88' lang='lat' dir='ltr'><strong>illic</strong></span> <span class='ocrx_word' id='word_1_128' title='bbox 1115 1619 1430 1677; x_wconf 88' lang='lat' dir='ltr'><strong>procuretur</strong></span> <span class='ocrx_word' id='word_1_129' title='bbox 1443 1610 1678 1672; x_wconf 89' lang='lat' dir='ltr'><strong>occasio,</strong></span> <span class='ocrx_word' id='word_1_130' title='bbox 1695 1619 1753 1664; x_wconf 97' lang='grc' dir='ltr'><strong>ιιι</strong></span> <span class='ocrx_word' id='word_1_131' title='bbox 1773 1621 1899 1666; x_wconf 84' lang='lat' dir='ltr'><strong>ante</strong></span> <span class='ocrx_word' id='word_1_132' title='bbox 1923 1612 2045 1680; x_wconf 92' lang='lat' dir='ltr'><strong>quis</strong></span> <span class='ocrx_word' id='word_1_133' title='bbox 2067 1613 2118 1666; x_wconf 91' lang='lat' dir='ltr'><strong>in</strong></span> <span class='ocrx_word' id='word_1_134' title='bbox 2143 1623 2359 1668; x_wconf 62' lang='lat' dir='ltr'><strong>aeterna:</strong></span> 
     </span>
    </p>
   </div>
   <div class='ocr_carea' id='block_1_19' title="bbox 794 1699 2357 1774">
    <p class='ocr_par' dir='ltr' id='par_1_19' title="bbox 794 1699 2357 1774">
     <span class='ocr_line' id='line_1_19' title="bbox 794 1699 2357 1774; baseline 0.003 -22"><span class='ocrx_word' id='word_1_135' title='bbox 794 1701 984 1753; x_wconf 89' lang='lat' dir='ltr'><strong>mortis</strong></span> <span class='ocrx_word' id='word_1_136' title='bbox 1002 1699 1316 1754; x_wconf 83' lang='lat' dir='ltr'><strong>barathrum</strong></span> <span class='ocrx_word' id='word_1_137' title='bbox 1340 1711 1574 1764; x_wconf 84' lang='lat' dir='ltr'><strong>corruat,</strong></span> <span class='ocrx_word' id='word_1_138' title='bbox 1594 1717 1752 1770; x_wconf 92' lang='lat' dir='ltr'><strong>quam</strong></span> <span class='ocrx_word' id='word_1_139' title='bbox 1788 1717 1845 1759; x_wconf 87' lang='lat' dir='ltr'><strong>se</strong></span> <span class='ocrx_word' id='word_1_140' title='bbox 1875 1703 1955 1756; x_wconf 86' lang='lat' dir='ltr'><strong>vel</strong></span> <span class='ocrx_word' id='word_1_141' title='bbox 1988 1701 2357 1774; x_wconf 86' lang='lat' dir='ltr'><strong>leviterimpe-</strong></span> 
     </span>
    </p>
   </div>
   <div class='ocr_carea' id='block_1_20' title="bbox 2463 511 4045 587">
    <p class='ocr_par' dir='ltr' id='par_1_20' title="bbox 2463 511 4045 587">
     <span class='ocr_line' id='line_1_20' title="bbox 2463 511 4045 587; baseline 0.001 -19"><span class='ocrx_word' id='word_1_142' title='bbox 2463 515 2577 585; x_wconf 89' lang='lat' dir='ltr'><strong>quit</strong></span> <span class='ocrx_word' id='word_1_143' title='bbox 2605 515 2912 586; x_wconf 90' lang='lat' dir='ltr'><strong>episcopus,</strong></span> <span class='ocrx_word' id='word_1_144' title='bbox 2941 532 3101 586; x_wconf 91' lang='lat' dir='ltr'><strong>quam</strong></span> <span class='ocrx_word' id='word_1_145' title='bbox 3131 515 3228 582; x_wconf 87' lang='lat' dir='ltr'><strong>illi,</strong></span> <span class='ocrx_word' id='word_1_146' title='bbox 3265 517 3356 587; x_wconf 93' lang='lat' dir='ltr'><strong>qui</strong></span> <span class='ocrx_word' id='word_1_147' title='bbox 3388 515 3631 586; x_wconf 76' lang='lat' dir='ltr'><strong>magistri</strong></span> <span class='ocrx_word' id='word_1_148' title='bbox 3668 513 3842 570; x_wconf 87' lang='lat' dir='ltr'><strong>ocio</strong></span> <span class='ocrx_word' id='word_1_149' title='bbox 3863 511 4045 585; x_wconf 70' lang='lat' dir='ltr'><strong>fungi-</strong></span> 
     </span>
    </p>
   </div>
   <div class='ocr_carea' id='block_1_21' title="bbox 2466 605 4044 680">
    <p class='ocr_par' dir='ltr' id='par_1_21' title="bbox 2466 605 4044 680">
     <span class='ocr_line' id='line_1_21' title="bbox 2466 605 4044 680; baseline -0.001 -19"><span class='ocrx_word' id='word_1_150' title='bbox 2466 606 2588 661; x_wconf 84' lang='lat' dir='ltr'><strong>tur?</strong></span> <span class='ocrx_word' id='word_1_151' title='bbox 2626 605 2693 660; x_wconf 83' lang='lat' dir='ltr'><strong>Et</strong></span> <span class='ocrx_word' id='word_1_152' title='bbox 2740 607 2860 662; x_wconf 90' lang='lat' dir='ltr'><strong>ideo</strong></span> <span class='ocrx_word' id='word_1_153' title='bbox 2893 608 3037 664; x_wconf 89' lang='lat' dir='ltr'><strong>inter</strong></span> <span class='ocrx_word' id='word_1_154' title='bbox 3079 608 3277 664; x_wconf 79' lang='lat' dir='ltr'><strong>fratres</strong></span> <span class='ocrx_word' id='word_1_155' title='bbox 3317 606 3553 678; x_wconf 91' lang='lat' dir='ltr'><strong>reliquos</strong></span> <span class='ocrx_word' id='word_1_156' title='bbox 3597 605 3941 680; x_wconf 64' lang='lat' dir='ltr'><strong>praeminet,</strong></span> <span class='ocrx_word' id='word_1_157' title='bbox 3981 611 4044 660; x_wconf 83' lang='lat' dir='ltr'><strong>ut</strong></span> 
     </span>
    </p>
   </div>
   <div class='ocr_carea' id='block_1_22' title="bbox 2463 694 4042 769">
    <p class='ocr_par' dir='ltr' id='par_1_22' title="bbox 2463 694 4042 769">
     <span class='ocr_line' id='line_1_22' title="bbox 2463 694 4042 769; baseline 0 -17"><span class='ocrx_word' id='word_1_158' title='bbox 2463 697 2603 769; x_wconf 91' lang='lat' dir='ltr'><strong>quod</strong></span> <span class='ocrx_word' id='word_1_159' title='bbox 2645 697 2766 754; x_wconf 89' lang='lat' dir='ltr'><strong>aliis</strong></span> <span class='ocrx_word' id='word_1_160' title='bbox 2812 714 2918 754; x_wconf 91' lang='lat' dir='ltr'><strong>non</strong></span> <span class='ocrx_word' id='word_1_161' title='bbox 2967 699 3112 766; x_wconf 89' lang='lat' dir='ltr'><strong>licet,</strong></span> <span class='ocrx_word' id='word_1_162' title='bbox 3152 699 3267 768; x_wconf 89' lang='lat' dir='ltr'><strong>ipse</strong></span> <span class='ocrx_word' id='word_1_163' title='bbox 3304 698 3450 754; x_wconf 86' lang='lat' dir='ltr'><strong>solus</strong></span> <span class='ocrx_word' id='word_1_164' title='bbox 3492 713 3591 768; x_wconf 88' lang='lat' dir='ltr'><strong>per</strong></span> <span class='ocrx_word' id='word_1_165' title='bbox 3623 696 3852 768; x_wconf 70' lang='lat' dir='ltr'><strong>propriae</strong></span> <span class='ocrx_word' id='word_1_166' title='bbox 3891 694 4042 753; x_wconf 79' lang='lat' dir='ltr'><strong>sedis</strong></span> 
     </span>
    </p>
   </div>
   <div class='ocr_carea' id='block_1_23' title="bbox 2463 789 4046 864">
    <p class='ocr_par' dir='ltr' id='par_1_23' title="bbox 2463 789 4046 864">
     <span class='ocr_line' id='line_1_23' title="bbox 2463 789 4046 864; baseline 0.001 -22"><span class='ocrx_word' id='word_1_167' title='bbox 2463 789 2799 861; x_wconf 73' lang='lat' dir='ltr'><strong>privilegium</strong></span> <span class='ocrx_word' id='word_1_168' title='bbox 2849 802 3028 846; x_wconf 87' lang='lat' dir='ltr'><strong>errata</strong></span> <span class='ocrx_word' id='word_1_169' title='bbox 3076 792 3318 864; x_wconf 73' lang='lat' dir='ltr'><strong>corrigat</strong></span> <span class='ocrx_word' id='word_1_170' title='bbox 3361 792 3724 848; x_wconf 85' lang='lat' dir='ltr'><strong>sacerdotum.</strong></span> <span class='ocrx_word' id='word_1_171' title='bbox 3774 789 3906 858; x_wconf 85' lang='lat' dir='ltr'><strong>Quis</strong></span> <span class='ocrx_word' id='word_1_172' title='bbox 3962 797 4046 845; x_wconf 79' lang='lat' dir='ltr'><strong>est</strong></span> 
     </span>
    </p>
   </div>
   <div class='ocr_carea' id='block_1_24' title="bbox 2463 881 4048 956">
    <p class='ocr_par' dir='ltr' id='par_1_24' title="bbox 2463 881 4048 956">
     <span class='ocr_line' id='line_1_24' title="bbox 2463 881 4048 956; baseline 0.001 -21"><span class='ocrx_word' id='word_1_173' title='bbox 2463 883 2605 937; x_wconf 91' lang='lat' dir='ltr'><strong>enim</strong></span> <span class='ocrx_word' id='word_1_174' title='bbox 2649 882 2736 938; x_wconf 93' lang='lat' dir='ltr'><strong>hic</strong></span> <span class='ocrx_word' id='word_1_175' title='bbox 2773 885 3094 954; x_wconf 65' lang='lat' dir='ltr'><strong>arrogantia:</strong></span> <span class='ocrx_word' id='word_1_176' title='bbox 3139 885 3347 940; x_wconf 72' lang='lat' dir='ltr'><strong>tumor?</strong></span> <span class='ocrx_word' id='word_1_177' title='bbox 3383 886 3505 956; x_wconf 88' lang='lat' dir='ltr'><strong>quis</strong></span> <span class='ocrx_word' id='word_1_178' title='bbox 3545 883 3792 940; x_wconf 83' lang='lat' dir='ltr'><strong>elationis</strong></span> <span class='ocrx_word' id='word_1_179' title='bbox 3834 881 4048 938; x_wconf 70' lang='lat' dir='ltr'><strong>fastus?</strong></span> 
     </span>
    </p>
   </div>
   <div class='ocr_carea' id='block_1_25' title="bbox 2463 975 4048 1046">
    <p class='ocr_par' dir='ltr' id='par_1_25' title="bbox 2463 975 4048 1046">
     <span class='ocr_line' id='line_1_25' title="bbox 2463 975 4048 1046; baseline 0 -18"><span class='ocrx_word' id='word_1_180' title='bbox 2463 989 2582 1043; x_wconf 78' lang='lat' dir='ltr'><strong>qua:</strong></span> <span class='ocrx_word' id='word_1_181' title='bbox 2606 975 2838 1044; x_wconf 87' lang='lat' dir='ltr'><strong>denique</strong></span> <span class='ocrx_word' id='word_1_182' title='bbox 2861 985 3006 1032; x_wconf 89' lang='lat' dir='ltr'><strong>tanta</strong></span> <span class='ocrx_word' id='word_1_183' title='bbox 3041 976 3313 1045; x_wconf 85' lang='lat' dir='ltr'><strong>superbia,</strong></span> <span class='ocrx_word' id='word_1_184' title='bbox 3342 986 3400 1030; x_wconf 92' lang='lat' dir='ltr'><strong>ut</strong></span> <span class='ocrx_word' id='word_1_185' title='bbox 3431 975 3590 1031; x_wconf 90' lang='lat' dir='ltr'><strong>liceat</strong></span> <span class='ocrx_word' id='word_1_186' title='bbox 3613 976 3923 1046; x_wconf 85' lang='lat' dir='ltr'><strong>episcopum</strong></span> <span class='ocrx_word' id='word_1_187' title='bbox 3947 985 4048 1042; x_wconf 81' lang='lat' dir='ltr'><strong>per</strong></span> 
     </span>
    </p>
   </div>
   <div class='ocr_carea' id='block_1_26' title="bbox 2465 1064 4044 1139">
    <p class='ocr_par' dir='ltr' id='par_1_26' title="bbox 2465 1064 4044 1139">
     <span class='ocr_line' id='line_1_26' title="bbox 2465 1064 4044 1139; baseline -0.003 -17"><span class='ocrx_word' id='word_1_188' title='bbox 2465 1067 2545 1122; x_wconf 89' lang='lat' dir='ltr'><strong>fas</strong></span> <span class='ocrx_word' id='word_1_189' title='bbox 2587 1077 2642 1122; x_wconf 93' lang='lat' dir='ltr'><strong>et</strong></span> <span class='ocrx_word' id='word_1_190' title='bbox 2671 1068 2820 1124; x_wconf 80' lang='lat' dir='ltr'><strong>nefas</strong></span> <span class='ocrx_word' id='word_1_191' title='bbox 2847 1067 2914 1122; x_wconf 85' lang='lat' dir='ltr'><strong>ad</strong></span> <span class='ocrx_word' id='word_1_192' title='bbox 2952 1069 3180 1139; x_wconf 63' lang='lat' dir='ltr'><strong>propria:</strong></span> <span class='ocrx_word' id='word_1_193' title='bbox 3207 1069 3498 1124; x_wconf 85' lang='lat' dir='ltr'><strong>voluntatis</strong></span> <span class='ocrx_word' id='word_1_194' title='bbox 3523 1067 3805 1122; x_wconf 86' lang='lat' dir='ltr'><strong>arbitrium</strong></span> <span class='ocrx_word' id='word_1_195' title='bbox 3829 1064 4044 1128; x_wconf 81' lang='lat' dir='ltr'><strong>vivere;</strong></span> 
     </span>
    </p>
   </div>
   <div class='ocr_carea' id='block_1_27' title="bbox 2465 1151 4048 1226">
    <p class='ocr_par' dir='ltr' id='par_1_27' title="bbox 2465 1151 4048 1226">
     <span class='ocr_line' id='line_1_27' title="bbox 2465 1151 4048 1226; baseline -0.002 -15"><span class='ocrx_word' id='word_1_196' title='bbox 2465 1166 2518 1211; x_wconf 91' lang='lat' dir='ltr'><strong>et</strong></span> <span class='ocrx_word' id='word_1_197' title='bbox 2546 1159 2690 1226; x_wconf 87' lang='lat' dir='ltr'><strong>quod</strong></span> <span class='ocrx_word' id='word_1_198' title='bbox 2721 1157 3015 1214; x_wconf 87' lang='lat' dir='ltr'><strong>insolenter</strong></span> <span class='ocrx_word' id='word_1_199' title='bbox 3052 1173 3334 1215; x_wconf 88' lang='lat' dir='ltr'><strong>excessum</strong></span> <span class='ocrx_word' id='word_1_200' title='bbox 3361 1167 3444 1213; x_wconf 90' lang='lat' dir='ltr'><strong>est</strong></span> <span class='ocrx_word' id='word_1_201' title='bbox 3474 1173 3502 1212; x_wconf 90' lang='lat' dir='ltr'><strong>a</strong></span> <span class='ocrx_word' id='word_1_202' title='bbox 3531 1157 3784 1225; x_wconf 86' lang='lat' dir='ltr'><strong>subjectis</strong></span> <span class='ocrx_word' id='word_1_203' title='bbox 3811 1154 3924 1211; x_wconf 87' lang='lat' dir='ltr'><strong>suis</strong></span> <span class='ocrx_word' id='word_1_204' title='bbox 3953 1151 4048 1208; x_wconf 84' lang='lat' dir='ltr'><strong>de-</strong></span> 
     </span>
    </p>
   </div>
   <div class='ocr_carea' id='block_1_28' title="bbox 2465 1243 4050 1319">
    <p class='ocr_par' dir='ltr' id='par_1_28' title="bbox 2465 1243 4050 1319">
     <span class='ocr_line' id='line_1_28' title="bbox 2465 1243 4050 1319; baseline -0.001 -17"><span class='ocrx_word' id='word_1_205' title='bbox 2465 1247 2715 1317; x_wconf 86' lang='lat' dir='ltr'><strong>dignetur</strong></span> <span class='ocrx_word' id='word_1_206' title='bbox 2754 1249 2975 1303; x_wconf 86' lang='lat' dir='ltr'><strong>audire?</strong></span> <span class='ocrx_word' id='word_1_207' title='bbox 3020 1249 3330 1319; x_wconf 63' lang='lat' dir='ltr'><strong>Praesertim</strong></span> <span class='ocrx_word' id='word_1_208' title='bbox 3374 1265 3494 1304; x_wconf 89' lang='lat' dir='ltr'><strong>cum</strong></span> <span class='ocrx_word' id='word_1_209' title='bbox 3544 1248 3618 1303; x_wconf 90' lang='lat' dir='ltr'><strong>illi</strong></span> <span class='ocrx_word' id='word_1_210' title='bbox 3669 1263 3776 1303; x_wconf 93' lang='lat' dir='ltr'><strong>nou</strong></span> <span class='ocrx_word' id='word_1_211' title='bbox 3813 1243 4050 1302; x_wconf 75' lang='lat' dir='ltr'><strong>adierint</strong></span> 
     </span>
    </p>
   </div>
   <div class='ocr_carea' id='block_1_29' title="bbox 2466 1337 4052 1411">
    <p class='ocr_par' dir='ltr' id='par_1_29' title="bbox 2466 1337 4052 1411">
     <span class='ocr_line' id='line_1_29' title="bbox 2466 1337 4052 1411; baseline -0.001 -19"><span class='ocrx_word' id='word_1_212' title='bbox 2466 1337 2749 1392; x_wconf 87' lang='lat' dir='ltr'><strong>tribunalia</strong></span> <span class='ocrx_word' id='word_1_213' title='bbox 2781 1340 3091 1406; x_wconf 67' lang='lat' dir='ltr'><strong>praesidum.</strong></span> <span class='ocrx_word' id='word_1_214' title='bbox 3118 1355 3223 1394; x_wconf 91' lang='lat' dir='ltr'><strong>non</strong></span> <span class='ocrx_word' id='word_1_215' title='bbox 3252 1339 3550 1395; x_wconf 87' lang='lat' dir='ltr'><strong>forensium</strong></span> <span class='ocrx_word' id='word_1_216' title='bbox 3573 1337 4052 1411; x_wconf 82' lang='lat' dir='ltr'><strong>pulsaverintexa-</strong></span> 
     </span>
    </p>
   </div>
   <div class='ocr_carea' id='block_1_30' title="bbox 2465 1430 4050 1503">
    <p class='ocr_par' dir='ltr' id='par_1_30' title="bbox 2465 1430 4050 1503">
     <span class='ocr_line' id='line_1_30' title="bbox 2465 1430 4050 1503; baseline -0.001 -18"><span class='ocrx_word' id='word_1_217' title='bbox 2465 1430 2607 1485; x_wconf 88' lang='lat' dir='ltr'><strong>mina</strong></span> <span class='ocrx_word' id='word_1_218' title='bbox 2642 1431 3018 1499; x_wconf 84' lang='lat' dir='ltr'><strong>cognitorum:</strong></span> <span class='ocrx_word' id='word_1_219' title='bbox 3063 1432 3158 1487; x_wconf 93' lang='lat' dir='ltr'><strong>sed</strong></span> <span class='ocrx_word' id='word_1_220' title='bbox 3195 1433 3481 1488; x_wconf 88' lang='lat' dir='ltr'><strong>ecclesiam</strong></span> <span class='ocrx_word' id='word_1_221' title='bbox 3525 1432 3706 1503; x_wconf 86' lang='lat' dir='ltr'><strong>potius</strong></span> <span class='ocrx_word' id='word_1_222' title='bbox 3746 1431 3960 1496; x_wconf 83' lang='lat' dir='ltr'><strong>adeant,</strong></span> <span class='ocrx_word' id='word_1_223' title='bbox 3993 1436 4050 1484; x_wconf 82' lang='lat' dir='ltr'><strong>et</strong></span> 
     </span>
    </p>
   </div>
   <div class='ocr_carea' id='block_1_31' title="bbox 2464 1520 4052 1592">
    <p class='ocr_par' dir='ltr' id='par_1_31' title="bbox 2464 1520 4052 1592">
     <span class='ocr_line' id='line_1_31' title="bbox 2464 1520 4052 1592; baseline 0 -16"><span class='ocrx_word' id='word_1_224' title='bbox 2464 1520 2838 1576; x_wconf 85' lang='lat' dir='ltr'><strong>sacerdotibus</strong></span> <span class='ocrx_word' id='word_1_225' title='bbox 2854 1522 3171 1592; x_wconf 79' lang='lat' dir='ltr'><strong>judicabilia</strong></span> <span class='ocrx_word' id='word_1_226' title='bbox 3199 1523 3284 1578; x_wconf 90' lang='lat' dir='ltr'><strong>sui</strong></span> <span class='ocrx_word' id='word_1_227' title='bbox 3311 1523 3610 1579; x_wconf 86' lang='lat' dir='ltr'><strong>sacerdotis</strong></span> <span class='ocrx_word' id='word_1_228' title='bbox 3639 1529 3910 1592; x_wconf 58' lang='lat' dir='ltr'><strong>expc-nant</strong></span> <span class='ocrx_word' id='word_1_229' title='bbox 3934 1538 3947 1575; x_wconf 90' lang='lat'>:</span> <span class='ocrx_word' id='word_1_230' title='bbox 3990 1528 4052 1576; x_wconf 82' lang='lat' dir='ltr'><strong>ut</strong></span> 
     </span>
    </p>
   </div>
   <div class='ocr_carea' id='block_1_32' title="bbox 2464 1609 4052 1683">
    <p class='ocr_par' dir='ltr' id='par_1_32' title="bbox 2464 1609 4052 1683">
     <span class='ocr_line' id='line_1_32' title="bbox 2464 1609 4052 1683; baseline 0.002 -20"><span class='ocrx_word' id='word_1_231' title='bbox 2464 1612 2607 1680; x_wconf 91' lang='lat' dir='ltr'><strong>quod</strong></span> <span class='ocrx_word' id='word_1_232' title='bbox 2640 1611 2988 1666; x_wconf 62' lang='lat' dir='ltr'><strong>saecularibus</strong></span> <span class='ocrx_word' id='word_1_233' title='bbox 3019 1614 3205 1668; x_wconf 89' lang='lat' dir='ltr'><strong>venire</strong></span> <span class='ocrx_word' id='word_1_234' title='bbox 3230 1622 3441 1683; x_wconf 87' lang='lat' dir='ltr'><strong>poterat</strong></span> <span class='ocrx_word' id='word_1_235' title='bbox 3483 1614 3538 1668; x_wconf 90' lang='lat' dir='ltr'><strong>in</strong></span> <span class='ocrx_word' id='word_1_236' title='bbox 3568 1613 3828 1677; x_wconf 89' lang='lat' dir='ltr'><strong>derisum,</strong></span> <span class='ocrx_word' id='word_1_237' title='bbox 3871 1609 4052 1683; x_wconf 86' lang='lat' dir='ltr'><strong>gravi-</strong></span> 
     </span>
    </p>
   </div>
   <div class='ocr_carea' id='block_1_33' title="bbox 2471 1702 4050 1776">
    <p class='ocr_par' dir='ltr' id='par_1_33' title="bbox 2471 1702 4050 1776">
     <span class='ocr_line' id='line_1_33' title="bbox 2471 1702 4050 1776; baseline 0 -20"><span class='ocrx_word' id='word_1_238' title='bbox 2471 1713 2552 1756; x_wconf 83' lang='lat' dir='ltr'><strong>ter</strong></span> <span class='ocrx_word' id='word_1_239' title='bbox 2596 1713 2650 1758; x_wconf 92' lang='lat' dir='ltr'><strong>ct</strong></span> <span class='ocrx_word' id='word_1_240' title='bbox 2687 1705 2912 1759; x_wconf 87' lang='lat' dir='ltr'><strong>honeste</strong></span> <span class='ocrx_word' id='word_1_241' title='bbox 2938 1719 3035 1773; x_wconf 89' lang='lat' dir='ltr'><strong>per</strong></span> <span class='ocrx_word' id='word_1_242' title='bbox 3071 1703 3409 1759; x_wconf 85' lang='lat' dir='ltr'><strong>sacerdotale</strong></span> <span class='ocrx_word' id='word_1_243' title='bbox 3452 1703 3754 1776; x_wconf 88' lang='lat' dir='ltr'><strong>corrigatur</strong></span> <span class='ocrx_word' id='word_1_244' title='bbox 3791 1702 4050 1757; x_wconf 81' lang='lat' dir='ltr'><strong>oﬂicium.</strong></span> 
     </span>
    </p>
   </div>
   <div class='ocr_carea' id='block_1_34' title="bbox 791 1772 4049 1866">
    <p class='ocr_par' dir='ltr' id='par_1_34' title="bbox 791 1772 4049 1866">
     <span class='ocr_line' id='line_1_34' title="bbox 791 1772 4049 1866; baseline 0.001 -22"><span class='ocrx_word' id='word_1_245' title='bbox 791 1792 933 1861; x_wconf 91' lang='lat' dir='ltr'><strong>gisse</strong></span> <span class='ocrx_word' id='word_1_246' title='bbox 961 1791 1060 1862; x_wconf 66' lang='grc' dir='ltr'>ιθ</span> <span class='ocrx_word' id='word_1_247' title='bbox 1091 1801 1379 1860; x_wconf 84' lang='lat' dir='ltr'><strong>cognoscat</strong></span> <span class='ocrx_word' id='word_1_248' title='bbox 1403 1809 1415 1844; x_wconf 91' lang='lat'><strong>:</strong></span> <span class='ocrx_word' id='word_1_249' title='bbox 1442 1800 1497 1844; x_wconf 91' lang='lat' dir='ltr'><strong>et</strong></span> <span class='ocrx_word' id='word_1_250' title='bbox 1519 1795 1802 1848; x_wconf 77' lang='lat' dir='ltr'><strong>substrata:</strong></span> <span class='ocrx_word' id='word_1_251' title='bbox 1829 1795 2222 1862; x_wconf 88' lang='lat' dir='ltr'><strong>quodammodo</strong></span> <span class='ocrx_word' id='word_1_252' title='bbox 2249 1772 2362 1852; x_wconf 83' lang='lat' dir='ltr'><strong>ten-</strong></span> <span class='ocrx_word' id='word_1_253' title='bbox 2390 1772 2438 1833; x_wconf 75' lang='grc' dir='ltr'><strong>Β</strong></span> <span class='ocrx_word' id='word_1_254' title='bbox 2467 1792 2568 1852; x_wconf 87' lang='lat' dir='ltr'><strong>Ubi</strong></span> <span class='ocrx_word' id='word_1_255' title='bbox 2598 1794 2838 1865; x_wconf 85' lang='lat' dir='ltr'><strong>profecto</strong></span> <span class='ocrx_word' id='word_1_256' title='bbox 2863 1772 3081 1864; x_wconf 85' lang='lat' dir='ltr'><strong>dignum</strong></span> <span class='ocrx_word' id='word_1_257' title='bbox 3106 1805 3209 1861; x_wconf 86' lang='lat' dir='ltr'><strong>est,</strong></span> <span class='ocrx_word' id='word_1_258' title='bbox 3232 1805 3292 1850; x_wconf 92' lang='lat' dir='ltr'><strong>ut</strong></span> <span class='ocrx_word' id='word_1_259' title='bbox 3332 1795 3376 1851; x_wconf 85' lang='lat' dir='ltr'><strong>is</strong></span> <span class='ocrx_word' id='word_1_260' title='bbox 3414 1796 3506 1865; x_wconf 93' lang='lat' dir='ltr'><strong>qui</strong></span> <span class='ocrx_word' id='word_1_261' title='bbox 3547 1772 3841 1866; x_wconf 77' lang='lat' dir='ltr'><strong>impetitur,</strong></span> <span class='ocrx_word' id='word_1_262' title='bbox 3865 1792 3953 1848; x_wconf 91' lang='lat' dir='ltr'><strong>vel</strong></span> <span class='ocrx_word' id='word_1_263' title='bbox 3978 1804 4049 1848; x_wconf 77' lang='lat' dir='ltr'><strong>ex</strong></span> 
     </span>
    </p>
   </div>
   <div class='ocr_carea' id='block_1_35' title="bbox 792 1879 2362 1948">
    <p class='ocr_par' dir='ltr' id='par_1_35' title="bbox 792 1879 2362 1948">
     <span class='ocr_line' id='line_1_35' title="bbox 792 1879 2362 1948; baseline 0.004 -14"><span class='ocrx_word' id='word_1_264' title='bbox 792 1880 979 1934; x_wconf 78' lang='lat' dir='ltr'><strong>dicula:</strong></span> <span class='ocrx_word' id='word_1_265' title='bbox 999 1882 1110 1948; x_wconf 88' lang='lat' dir='ltr'><strong>jam</strong></span> <span class='ocrx_word' id='word_1_266' title='bbox 1148 1896 1241 1948; x_wconf 88' lang='lat' dir='ltr'><strong>pes</strong></span> <span class='ocrx_word' id='word_1_267' title='bbox 1270 1879 1383 1948; x_wconf 85' lang='lat' dir='ltr'><strong>ejus</strong></span> <span class='ocrx_word' id='word_1_268' title='bbox 1413 1881 1724 1946; x_wconf 87' lang='lat' dir='ltr'><strong>innectitur,</strong></span> <span class='ocrx_word' id='word_1_269' title='bbox 1750 1884 1873 1938; x_wconf 90' lang='lat' dir='ltr'><strong>dum</strong></span> <span class='ocrx_word' id='word_1_270' title='bbox 1901 1901 1957 1939; x_wconf 86' lang='lat' dir='ltr'><strong>se</strong></span> <span class='ocrx_word' id='word_1_271' title='bbox 1980 1886 2164 1939; x_wconf 90' lang='lat' dir='ltr'><strong>liberis</strong></span> <span class='ocrx_word' id='word_1_272' title='bbox 2186 1887 2362 1942; x_wconf 85' lang='lat' dir='ltr'><strong>adhuc</strong></span> 
     </span>
    </p>
   </div>
   <div class='ocr_carea' id='block_1_36' title="bbox 790 1971 2360 2048">
    <p class='ocr_par' dir='ltr' id='par_1_36' title="bbox 790 1971 2360 2048">
     <span class='ocr_line' id='line_1_36' title="bbox 790 1971 2360 2048; baseline 0.005 -23"><span class='ocrx_word' id='word_1_273' title='bbox 790 1971 1038 2028; x_wconf 86' lang='lat' dir='ltr'><strong>incedere</strong></span> <span class='ocrx_word' id='word_1_274' title='bbox 1064 1974 1336 2042; x_wconf 87' lang='lat' dir='ltr'><strong>gressibus</strong></span> <span class='ocrx_word' id='word_1_275' title='bbox 1369 1974 1681 2029; x_wconf 86' lang='lat' dir='ltr'><strong>arbitratur.</strong></span> <span class='ocrx_word' id='word_1_276' title='bbox 1715 1975 1982 2048; x_wconf 83' lang='lat' dir='ltr'><strong>Delinquit</strong></span> <span class='ocrx_word' id='word_1_277' title='bbox 2010 1977 2189 2047; x_wconf 89' lang='lat' dir='ltr'><strong>itaque</strong></span> <span class='ocrx_word' id='word_1_278' title='bbox 2215 1980 2360 2048; x_wconf 80' lang='lat' dir='ltr'><strong>quis-</strong></span> 
     </span>
    </p>
   </div>
   <div class='ocr_carea' id='block_1_37' title="bbox 789 2065 2360 2136">
    <p class='ocr_par' dir='ltr' id='par_1_37' title="bbox 789 2065 2360 2136">
     <span class='ocr_line' id='line_1_37' title="bbox 789 2065 2360 2136; baseline 0.005 -18"><span class='ocrx_word' id='word_1_279' title='bbox 789 2067 912 2134; x_wconf 89' lang='lat' dir='ltr'><strong>quis</strong></span> <span class='ocrx_word' id='word_1_280' title='bbox 952 2065 1037 2119; x_wconf 92' lang='lat' dir='ltr'><strong>ille</strong></span> <span class='ocrx_word' id='word_1_281' title='bbox 1062 2076 1162 2131; x_wconf 87' lang='lat' dir='ltr'><strong>est,</strong></span> <span class='ocrx_word' id='word_1_282' title='bbox 1197 2068 1249 2120; x_wconf 93' lang='lat' dir='ltr'><strong>in</strong></span> <span class='ocrx_word' id='word_1_283' title='bbox 1287 2065 1410 2120; x_wconf 92' lang='lat' dir='ltr'><strong>illud</strong></span> <span class='ocrx_word' id='word_1_284' title='bbox 1456 2069 1763 2136; x_wconf 75' lang='lat' dir='ltr'><strong>apostolica:</strong></span> <span class='ocrx_word' id='word_1_285' title='bbox 1805 2071 2203 2126; x_wconf 87' lang='lat' dir='ltr'><strong>constitutionis</strong></span> <span class='ocrx_word' id='word_1_286' title='bbox 2240 2072 2360 2126; x_wconf 88' lang='lat' dir='ltr'><strong>edi-</strong></span> 
     </span>
    </p>
   </div>
   <div class='ocr_carea' id='block_1_38' title="bbox 789 2158 2360 2232">
    <p class='ocr_par' dir='ltr' id='par_1_38' title="bbox 789 2158 2360 2232">
     <span class='ocr_line' id='line_1_38' title="bbox 789 2158 2360 2232; baseline 0.004 -21"><span class='ocrx_word' id='word_1_287' title='bbox 789 2167 956 2221; x_wconf 91' lang='lat' dir='ltr'><strong>ctum,</strong></span> <span class='ocrx_word' id='word_1_288' title='bbox 986 2168 1038 2211; x_wconf 92' lang='lat' dir='ltr'><strong>et</strong></span> <span class='ocrx_word' id='word_1_289' title='bbox 1063 2158 1346 2228; x_wconf 85' lang='lat' dir='ltr'><strong>aliquando</strong></span> <span class='ocrx_word' id='word_1_290' title='bbox 1373 2158 1473 2213; x_wconf 86' lang='lat' dir='ltr'><strong>levi</strong></span> <span class='ocrx_word' id='word_1_291' title='bbox 1526 2161 1755 2228; x_wconf 85' lang='lat' dir='ltr'><strong>quadam</strong></span> <span class='ocrx_word' id='word_1_292' title='bbox 1787 2177 1849 2216; x_wconf 92' lang='lat' dir='ltr'><strong>ac</strong></span> <span class='ocrx_word' id='word_1_293' title='bbox 1878 2163 2165 2232; x_wconf 87' lang='lat' dir='ltr'><strong>perexigua</strong></span> <span class='ocrx_word' id='word_1_294' title='bbox 2188 2163 2360 2218; x_wconf 79' lang='lat' dir='ltr'><strong>oil&#39;en—</strong></span> 
     </span>
    </p>
   </div>
   <div class='ocr_carea' id='block_1_39' title="bbox 789 2248 2362 2322">
    <p class='ocr_par' dir='ltr' id='par_1_39' title="bbox 789 2248 2362 2322">
     <span class='ocr_line' id='line_1_39' title="bbox 789 2248 2362 2322; baseline 0.007 -22"><span class='ocrx_word' id='word_1_295' title='bbox 789 2248 939 2301; x_wconf 89' lang='lat' dir='ltr'><strong>sione</strong></span> <span class='ocrx_word' id='word_1_296' title='bbox 970 2249 1356 2318; x_wconf 80' lang='lat' dir='ltr'><strong>transgreditur</strong></span> <span class='ocrx_word' id='word_1_297' title='bbox 1382 2268 1392 2303; x_wconf 94' lang='lat'>:</span> <span class='ocrx_word' id='word_1_298' title='bbox 1437 2260 1489 2303; x_wconf 94' lang='lat' dir='ltr'><strong>et</strong></span> <span class='ocrx_word' id='word_1_299' title='bbox 1525 2252 1779 2306; x_wconf 89' lang='lat' dir='ltr'><strong>continuo</strong></span> <span class='ocrx_word' id='word_1_300' title='bbox 1799 2253 1944 2307; x_wconf 88' lang='lat' dir='ltr'><strong>velut</strong></span> <span class='ocrx_word' id='word_1_301' title='bbox 1971 2254 2275 2322; x_wconf 62' lang='lat' dir='ltr'><strong>hereticus,</strong></span> <span class='ocrx_word' id='word_1_302' title='bbox 2305 2265 2362 2311; x_wconf 85' lang='lat' dir='ltr'><strong>et</strong></span> 
     </span>
    </p>
   </div>
   <div class='ocr_carea' id='block_1_40' title="bbox 791 2341 2358 2411">
    <p class='ocr_par' dir='ltr' id='par_1_40' title="bbox 791 2341 2358 2411">
     <span class='ocr_line' id='line_1_40' title="bbox 791 2341 2358 2411; baseline 0.006 -20"><span class='ocrx_word' id='word_1_303' title='bbox 791 2348 1044 2407; x_wconf 87' lang='lat' dir='ltr'><strong>tanquam</strong></span> <span class='ocrx_word' id='word_1_304' title='bbox 1074 2341 1281 2395; x_wconf 88' lang='lat' dir='ltr'><strong>cunctis</strong></span> <span class='ocrx_word' id='word_1_305' title='bbox 1309 2341 1624 2396; x_wconf 88' lang='lat' dir='ltr'><strong>criminibus</strong></span> <span class='ocrx_word' id='word_1_306' title='bbox 1645 2352 1887 2397; x_wconf 90' lang='lat' dir='ltr'><strong>teneatur</strong></span> <span class='ocrx_word' id='word_1_307' title='bbox 1911 2344 2196 2411; x_wconf 87' lang='lat' dir='ltr'><strong>obnoxius,</strong></span> <span class='ocrx_word' id='word_1_308' title='bbox 2223 2361 2358 2402; x_wconf 84' lang='lat' dir='ltr'><strong>ana-</strong></span> 
     </span>
    </p>
   </div>
   <div class='ocr_carea' id='block_1_41' title="bbox 790 2431 2357 2502">
    <p class='ocr_par' dir='ltr' id='par_1_41' title="bbox 790 2431 2357 2502">
     <span class='ocr_line' id='line_1_41' title="bbox 790 2431 2357 2502; baseline 0.009 -20"><span class='ocrx_word' id='word_1_309' title='bbox 790 2431 1040 2484; x_wconf 90' lang='lat' dir='ltr'><strong>thematis</strong></span> <span class='ocrx_word' id='word_1_310' title='bbox 1068 2433 1332 2487; x_wconf 86' lang='lat' dir='ltr'><strong>sententia</strong></span> <span class='ocrx_word' id='word_1_311' title='bbox 1385 2433 1791 2487; x_wconf 89' lang='lat' dir='ltr'><strong>condemnatur.</strong></span> <span class='ocrx_word' id='word_1_312' title='bbox 1831 2435 1896 2488; x_wconf 87' lang='lat' dir='ltr'><strong>Et</strong></span> <span class='ocrx_word' id='word_1_313' title='bbox 1948 2453 2089 2502; x_wconf 91' lang='lat' dir='ltr'><strong>cum,</strong></span> <span class='ocrx_word' id='word_1_314' title='bbox 2119 2437 2357 2496; x_wconf 73' lang='lat' dir='ltr'><strong>dictante</strong></span> 
     </span>
    </p>
   </div>
   <div class='ocr_carea' id='block_1_42' title="bbox 781 2520 2358 2596">
    <p class='ocr_par' dir='ltr' id='par_1_42' title="bbox 781 2520 2358 2596">
     <span class='ocr_line' id='line_1_42' title="bbox 781 2520 2358 2596; baseline 0.006 -23"><span class='ocrx_word' id='word_1_315' title='bbox 781 2520 1016 2588; x_wconf 87' lang='lat' dir='ltr'><strong>jnstitia,</strong></span> <span class='ocrx_word' id='word_1_316' title='bbox 1043 2522 1144 2576; x_wconf 88' lang='lat' dir='ltr'><strong>alia</strong></span> <span class='ocrx_word' id='word_1_317' title='bbox 1176 2523 1246 2575; x_wconf 93' lang='lat' dir='ltr'><strong>sit</strong></span> <span class='ocrx_word' id='word_1_318' title='bbox 1271 2521 1471 2576; x_wconf 92' lang='lat' dir='ltr'><strong>ultione</strong></span> <span class='ocrx_word' id='word_1_319' title='bbox 1513 2523 1859 2592; x_wconf 87' lang='lat' dir='ltr'><strong>plectendus,</strong></span> <span class='ocrx_word' id='word_1_320' title='bbox 1892 2526 1980 2594; x_wconf 91' lang='lat' dir='ltr'><strong>qui</strong></span> <span class='ocrx_word' id='word_1_321' title='bbox 2026 2527 2143 2596; x_wconf 88' lang='lat' dir='ltr'><strong>plus</strong></span> <span class='ocrx_word' id='word_1_322' title='bbox 2184 2529 2358 2582; x_wconf 82' lang='lat' dir='ltr'><strong>delin-</strong></span> 
     </span>
    </p>
   </div>
   <div class='ocr_carea' id='block_1_43' title="bbox 787 2611 2360 2691">
    <p class='ocr_par' dir='ltr' id='par_1_43' title="bbox 787 2611 2360 2691">
     <span class='ocr_line' id='line_1_43' title="bbox 787 2611 2360 2691; baseline 0.009 -28"><span class='ocrx_word' id='word_1_323' title='bbox 787 2612 924 2678; x_wconf 88' lang='lat' dir='ltr'><strong>quit,</strong></span> <span class='ocrx_word' id='word_1_324' title='bbox 952 2611 1053 2664; x_wconf 88' lang='lat' dir='ltr'><strong>alia</strong></span> <span class='ocrx_word' id='word_1_325' title='bbox 1081 2613 1172 2681; x_wconf 90' lang='lat' dir='ltr'><strong>qui</strong></span> <span class='ocrx_word' id='word_1_326' title='bbox 1199 2613 1374 2668; x_wconf 88' lang='lat' dir='ltr'><strong>minus</strong></span> <span class='ocrx_word' id='word_1_327' title='bbox 1405 2613 1644 2670; x_wconf 80' lang='lat' dir='ltr'><strong>excedit:</strong></span> <span class='ocrx_word' id='word_1_328' title='bbox 1673 2615 1758 2670; x_wconf 91' lang='lat' dir='ltr'><strong>hic</strong></span> <span class='ocrx_word' id='word_1_329' title='bbox 1783 2618 2038 2686; x_wconf 87' lang='lat' dir='ltr'><strong>graviter,</strong></span> <span class='ocrx_word' id='word_1_330' title='bbox 2062 2619 2360 2691; x_wconf 81' lang='lat' dir='ltr'><strong>leviterque</strong></span> 
     </span>
    </p>
   </div>
   <div class='ocr_carea' id='block_1_44' title="bbox 788 2701 2362 2779">
    <p class='ocr_par' dir='ltr' id='par_1_44' title="bbox 788 2701 2362 2779">
     <span class='ocr_line' id='line_1_44' title="bbox 788 2701 2362 2779; baseline 0.009 -26"><span class='ocrx_word' id='word_1_331' title='bbox 788 2701 1133 2770; x_wconf 89' lang='lat' dir='ltr'><strong>peccantibus</strong></span> <span class='ocrx_word' id='word_1_332' title='bbox 1159 2717 1309 2772; x_wconf 74' lang='lat' dir='ltr'><strong>:eqna</strong></span> <span class='ocrx_word' id='word_1_333' title='bbox 1338 2704 1563 2769; x_wconf 89' lang='lat' dir='ltr'><strong>cunctis,</strong></span> <span class='ocrx_word' id='word_1_334' title='bbox 1594 2714 1648 2762; x_wconf 89' lang='lat' dir='ltr'><strong>et</strong></span> <span class='ocrx_word' id='word_1_335' title='bbox 1673 2705 1983 2763; x_wconf 79' lang='lat' dir='ltr'><strong>indifferens</strong></span> <span class='ocrx_word' id='word_1_336' title='bbox 2008 2725 2164 2779; x_wconf 69' lang='lat' dir='ltr'><strong>paena</strong></span> <span class='ocrx_word' id='word_1_337' title='bbox 2195 2711 2362 2768; x_wconf 87' lang='lat' dir='ltr'><strong>solius</strong></span> 
     </span>
    </p>
   </div>
   <div class='ocr_carea' id='block_1_45' title="bbox 787 2791 2360 2867">
    <p class='ocr_par' dir='ltr' id='par_1_45' title="bbox 787 2791 2360 2867">
     <span class='ocr_line' id='line_1_45' title="bbox 787 2791 2360 2867; baseline 0.007 -21"><span class='ocrx_word' id='word_1_338' title='bbox 787 2791 991 2846; x_wconf 79' lang='lat' dir='ltr'><strong>scilicet</strong></span> <span class='ocrx_word' id='word_1_339' title='bbox 1049 2793 1446 2860; x_wconf 90' lang='lat' dir='ltr'><strong>anathematis,</strong></span> <span class='ocrx_word' id='word_1_340' title='bbox 1500 2795 1788 2867; x_wconf 87' lang='lat' dir='ltr'><strong>irrogatur.</strong></span> <span class='ocrx_word' id='word_1_341' title='bbox 1843 2797 1957 2853; x_wconf 83' lang='lat' dir='ltr'><strong>Non</strong></span> <span class='ocrx_word' id='word_1_342' title='bbox 2011 2801 2360 2857; x_wconf 86' lang='lat' dir='ltr'><strong>tribunalium</strong></span> 
     </span>
    </p>
   </div>
   <div class='ocr_carea' id='block_1_46' title="bbox 790 2882 2358 2957">
    <p class='ocr_par' dir='ltr' id='par_1_46' title="bbox 790 2882 2358 2957">
     <span class='ocr_line' id='line_1_46' title="bbox 790 2882 2358 2957; baseline 0.006 -22"><span class='ocrx_word' id='word_1_343' title='bbox 790 2897 973 2946; x_wconf 90' lang='lat' dir='ltr'><strong>more,</strong></span> <span class='ocrx_word' id='word_1_344' title='bbox 1021 2882 1104 2935; x_wconf 91' lang='lat' dir='ltr'><strong>vel</strong></span> <span class='ocrx_word' id='word_1_345' title='bbox 1150 2882 1379 2938; x_wconf 89' lang='lat' dir='ltr'><strong>forensis</strong></span> <span class='ocrx_word' id='word_1_346' title='bbox 1407 2886 1694 2952; x_wconf 80' lang='lat' dir='ltr'><strong>examinis,</strong></span> <span class='ocrx_word' id='word_1_347' title='bbox 1735 2899 1825 2942; x_wconf 92' lang='lat' dir='ltr'><strong>aut</strong></span> <span class='ocrx_word' id='word_1_348' title='bbox 1851 2888 2075 2946; x_wconf 88' lang='lat' dir='ltr'><strong>libertas</strong></span> <span class='ocrx_word' id='word_1_349' title='bbox 2106 2891 2358 2957; x_wconf 67' lang='lat' dir='ltr'><strong>ceditur,</strong></span> 
     </span>
    </p>
   </div>
   <div class='ocr_carea' id='block_1_47' title="bbox 787 2975 2360 3050">
    <p class='ocr_par' dir='ltr' id='par_1_47' title="bbox 787 2975 2360 3050">
     <span class='ocr_line' id='line_1_47' title="bbox 787 2975 2360 3050; baseline 0.009 -24"><span class='ocrx_word' id='word_1_350' title='bbox 787 2982 879 3026; x_wconf 86' lang='lat' dir='ltr'><strong>aut</strong></span> <span class='ocrx_word' id='word_1_351' title='bbox 927 2976 1191 3042; x_wconf 85' lang='lat' dir='ltr'><strong>possessio</strong></span> <span class='ocrx_word' id='word_1_352' title='bbox 1234 2975 1577 3042; x_wconf 82' lang='lat' dir='ltr'><strong>coniiscatur,</strong></span> <span class='ocrx_word' id='word_1_353' title='bbox 1628 2993 1729 3035; x_wconf 90' lang='lat' dir='ltr'><strong>nec</strong></span> <span class='ocrx_word' id='word_1_354' title='bbox 1771 2981 2096 3050; x_wconf 80' lang='lat' dir='ltr'><strong>pecuniaria:</strong></span> <span class='ocrx_word' id='word_1_355' title='bbox 2147 2985 2360 3040; x_wconf 74' lang='lat' dir='ltr'><strong>&quot;illch</strong></span> 
     </span>
    </p>
   </div>
   <div class='ocr_carea' id='block_1_48' title="bbox 787 3066 2359 3142">
    <p class='ocr_par' dir='ltr' id='par_1_48' title="bbox 787 3066 2359 3142">
     <span class='ocr_line' id='line_1_48' title="bbox 787 3066 2359 3142; baseline 0.011 -24"><span class='ocrx_word' id='word_1_356' title='bbox 787 3078 912 3119; x_wconf 86' lang='lat' dir='ltr'><strong>reus</strong></span> <span class='ocrx_word' id='word_1_357' title='bbox 940 3066 1247 3130; x_wconf 73' lang='lat' dir='ltr'><strong>adducitur,</strong></span> <span class='ocrx_word' id='word_1_358' title='bbox 1289 3069 1380 3123; x_wconf 90' lang='lat' dir='ltr'><strong>sed</strong></span> <span class='ocrx_word' id='word_1_359' title='bbox 1410 3069 1518 3125; x_wconf 88' lang='lat' dir='ltr'><strong>Deo</strong></span> <span class='ocrx_word' id='word_1_360' title='bbox 1551 3072 1729 3142; x_wconf 92' lang='lat' dir='ltr'><strong>potius</strong></span> <span class='ocrx_word' id='word_1_361' title='bbox 1757 3074 1996 3129; x_wconf 89' lang='lat' dir='ltr'><strong>omnium</strong></span> <span class='ocrx_word' id='word_1_362' title='bbox 2029 3077 2234 3134; x_wconf 86' lang='lat' dir='ltr'><strong>scilicet</strong></span> <span class='ocrx_word' id='word_1_363' title='bbox 2263 3081 2359 3135; x_wconf 91' lang='lat' dir='ltr'><strong>bo-</strong></span> 
     </span>
    </p>
   </div>
   <div class='ocr_carea' id='block_1_49' title="bbox 787 3162 2358 3235">
    <p class='ocr_par' dir='ltr' id='par_1_49' title="bbox 787 3162 2358 3235">
     <span class='ocr_line' id='line_1_49' title="bbox 787 3162 2358 3235; baseline 0.011 -25"><span class='ocrx_word' id='word_1_364' title='bbox 787 3173 978 3212; x_wconf 89' lang='lat' dir='ltr'><strong>norum</strong></span> <span class='ocrx_word' id='word_1_365' title='bbox 1027 3169 1248 3214; x_wconf 90' lang='lat' dir='ltr'><strong>auctore</strong></span> <span class='ocrx_word' id='word_1_366' title='bbox 1300 3162 1559 3230; x_wconf 84' lang='lat' dir='ltr'><strong>privatur.</strong></span> <span class='ocrx_word' id='word_1_367' title='bbox 1589 3162 1738 3218; x_wconf 85' lang='lat' dir='ltr'><strong>Hanc</strong></span> <span class='ocrx_word' id='word_1_368' title='bbox 1769 3166 1948 3235; x_wconf 91' lang='lat' dir='ltr'><strong>itaque</strong></span> <span class='ocrx_word' id='word_1_369' title='bbox 1983 3169 2141 3224; x_wconf 91' lang='lat' dir='ltr'><strong>homo</strong></span> <span class='ocrx_word' id='word_1_370' title='bbox 2166 3171 2231 3225; x_wconf 90' lang='lat' dir='ltr'><strong>de</strong></span> <span class='ocrx_word' id='word_1_371' title='bbox 2256 3172 2358 3228; x_wconf 89' lang='lat' dir='ltr'><strong>ho-</strong></span> 
     </span>
    </p>
   </div>
   <div class='ocr_carea' id='block_1_50' title="bbox 788 3251 2359 3332">
    <p class='ocr_par' dir='ltr' id='par_1_50' title="bbox 788 3251 2359 3332">
     <span class='ocr_line' id='line_1_50' title="bbox 788 3251 2359 3332; baseline 0.01 -29"><span class='ocrx_word' id='word_1_372' title='bbox 788 3251 932 3305; x_wconf 88' lang='lat' dir='ltr'><strong>mine</strong></span> <span class='ocrx_word' id='word_1_373' title='bbox 978 3266 1189 3319; x_wconf 72' lang='lat' dir='ltr'><strong>pmuam</strong></span> <span class='ocrx_word' id='word_1_374' title='bbox 1240 3254 1432 3318; x_wconf 91' lang='lat' dir='ltr'><strong>sumit,</strong></span> <span class='ocrx_word' id='word_1_375' title='bbox 1481 3271 1640 3325; x_wconf 90' lang='lat' dir='ltr'><strong>quam</strong></span> <span class='ocrx_word' id='word_1_376' title='bbox 1691 3257 1758 3312; x_wconf 92' lang='lat' dir='ltr'><strong>de</strong></span> <span class='ocrx_word' id='word_1_377' title='bbox 1798 3259 1882 3313; x_wconf 89' lang='lat' dir='ltr'><strong>sui</strong></span> <span class='ocrx_word' id='word_1_378' title='bbox 1935 3263 2359 3332; x_wconf 77' lang='lat' dir='ltr'><strong>transgressione</strong></span> 
     </span>
    </p>
   </div>
   <div class='ocr_carea' id='block_1_51' title="bbox 788 3340 2356 3421">
    <p class='ocr_par' dir='ltr' id='par_1_51' title="bbox 788 3340 2356 3421">
     <span class='ocr_line' id='line_1_51' title="bbox 788 3340 2356 3421; baseline 0.013 -30"><span class='ocrx_word' id='word_1_379' title='bbox 788 3340 1021 3392; x_wconf 88' lang='lat' dir='ltr'><strong>mandati</strong></span> <span class='ocrx_word' id='word_1_380' title='bbox 1051 3341 1161 3410; x_wconf 91' lang='lat' dir='ltr'><strong>ipse</strong></span> <span class='ocrx_word' id='word_1_381' title='bbox 1183 3357 1393 3411; x_wconf 91' lang='lat' dir='ltr'><strong>quoque</strong></span> <span class='ocrx_word' id='word_1_382' title='bbox 1413 3344 1554 3400; x_wconf 85' lang='lat' dir='ltr'><strong>Dens</strong></span> <span class='ocrx_word' id='word_1_383' title='bbox 1577 3347 1914 3417; x_wconf 88' lang='lat' dir='ltr'><strong>omnipotens</strong></span> <span class='ocrx_word' id='word_1_384' title='bbox 1937 3366 2041 3407; x_wconf 89' lang='lat' dir='ltr'><strong>non</strong></span> <span class='ocrx_word' id='word_1_385' title='bbox 2063 3354 2356 3421; x_wconf 54' lang='lat' dir='ltr'><strong>praesumit.</strong></span> 
     </span>
    </p>
   </div>
   <div class='ocr_carea' id='block_1_52' title="bbox 791 3431 2359 3515">
    <p class='ocr_par' dir='ltr' id='par_1_52' title="bbox 791 3431 2359 3515">
     <span class='ocr_line' id='line_1_52' title="bbox 791 3431 2359 3515; baseline 0.013 -33"><span class='ocrx_word' id='word_1_386' title='bbox 791 3450 809 3482; x_wconf 76' lang='grc' dir='ltr'><strong>ι</strong></span> <span class='ocrx_word' id='word_1_387' title='bbox 841 3431 942 3498; x_wconf 88' lang='lat' dir='ltr'><strong>Qui</strong></span> <span class='ocrx_word' id='word_1_388' title='bbox 987 3443 1161 3498; x_wconf 89' lang='lat' dir='ltr'><strong>amat,</strong></span> <span class='ocrx_word' id='word_1_389' title='bbox 1190 3435 1394 3505; x_wconf 90' lang='lat' dir='ltr'><strong>inquit,</strong></span> <span class='ocrx_word' id='word_1_390' title='bbox 1441 3447 1666 3505; x_wconf 90' lang='lat' dir='ltr'><strong>patrem,</strong></span> <span class='ocrx_word' id='word_1_391' title='bbox 1699 3450 1792 3495; x_wconf 91' lang='lat' dir='ltr'><strong>aut</strong></span> <span class='ocrx_word' id='word_1_392' title='bbox 1822 3452 2048 3498; x_wconf 91' lang='lat' dir='ltr'><strong>matrem</strong></span> <span class='ocrx_word' id='word_1_393' title='bbox 2080 3444 2359 3515; x_wconf 87' lang='lat' dir='ltr'><strong>plusquam</strong></span> 
     </span>
    </p>
   </div>
   <div class='ocr_carea' id='block_1_53' title="bbox 792 3528 2361 3604">
    <p class='ocr_par' dir='ltr' id='par_1_53' title="bbox 792 3528 2361 3604">
     <span class='ocr_line' id='line_1_53' title="bbox 792 3528 2361 3604; baseline 0.01 -27"><span class='ocrx_word' id='word_1_394' title='bbox 792 3539 894 3587; x_wconf 90' lang='lat' dir='ltr'><strong>me,</strong></span> <span class='ocrx_word' id='word_1_395' title='bbox 927 3544 946 3576; x_wconf 78' lang='grc' dir='ltr'><strong>ι</strong></span> <span class='ocrx_word' id='word_1_396' title='bbox 980 3540 1082 3580; x_wconf 90' lang='lat' dir='ltr'><strong>non</strong></span> <span class='ocrx_word' id='word_1_397' title='bbox 1111 3528 1362 3582; x_wconf 90' lang='lat' dir='ltr'><strong>continuo</strong></span> <span class='ocrx_word' id='word_1_398' title='bbox 1387 3530 1611 3597; x_wconf 89' lang='lat' dir='ltr'><strong>addidit,</strong></span> <span class='ocrx_word' id='word_1_399' title='bbox 1641 3533 1711 3588; x_wconf 91' lang='lat' dir='ltr'><strong>sit</strong></span> <span class='ocrx_word' id='word_1_400' title='bbox 1739 3535 2245 3604; x_wconf 84' lang='lat' dir='ltr'><strong>anathematizatns,</strong></span> <span class='ocrx_word' id='word_1_401' title='bbox 2277 3540 2361 3596; x_wconf 84' lang='lat' dir='ltr'><strong>vel</strong></span> 
     </span>
    </p>
   </div>
   <div class='ocr_carea' id='block_1_54' title="bbox 790 3614 2360 3700">
    <p class='ocr_par' dir='ltr' id='par_1_54' title="bbox 790 3614 2360 3700">
     <span class='ocr_line' id='line_1_54' title="bbox 790 3614 2360 3700; baseline 0.012 -33"><span class='ocrx_word' id='word_1_402' title='bbox 790 3614 1133 3681; x_wconf 85' lang='lat' dir='ltr'><strong>maledictus,</strong></span> <span class='ocrx_word' id='word_1_403' title='bbox 1181 3618 1272 3671; x_wconf 89' lang='lat' dir='ltr'><strong>sed</strong></span> <span class='ocrx_word' id='word_1_404' title='bbox 1320 3629 1522 3676; x_wconf 80' lang='lat' dir='ltr'><strong>tantum</strong></span> <span class='ocrx_word' id='word_1_405' title='bbox 1565 3623 1679 3676; x_wconf 88' lang='lat' dir='ltr'><strong>ait:</strong></span> <span class='ocrx_word' id='word_1_406' title='bbox 1714 3643 1731 3675; x_wconf 75' lang='grc' dir='ltr'><strong>ε</strong></span> <span class='ocrx_word' id='word_1_407' title='bbox 1780 3641 1883 3679; x_wconf 85' lang='grc' dir='ltr'>ιιοη</span> <span class='ocrx_word' id='word_1_408' title='bbox 1925 3636 2008 3682; x_wconf 82' lang='lat' dir='ltr'><strong>est</strong></span> <span class='ocrx_word' id='word_1_409' title='bbox 2039 3644 2124 3682; x_wconf 90' lang='lat' dir='ltr'><strong>me</strong></span> <span class='ocrx_word' id='word_1_410' title='bbox 2167 3630 2360 3700; x_wconf 77' lang='lat' dir='ltr'><strong>dignus</strong></span> 
     </span>
    </p>
   </div>
   <div class='ocr_carea' id='block_1_55' title="bbox 788 3705 2362 3794">
    <p class='ocr_par' dir='ltr' id='par_1_55' title="bbox 788 3705 2362 3794">
     <span class='ocr_line' id='line_1_55' title="bbox 788 3705 2362 3794; baseline 0.015 -39"><span class='ocrx_word' id='word_1_411' title='bbox 788 3705 999 3774; x_wconf 75' lang='lat' dir='ltr'><strong>(Matth.</strong></span> <span class='ocrx_word' id='word_1_412' title='bbox 1026 3707 1101 3778; x_wconf 72' lang='grc' dir='ltr'><strong>χ).</strong></span> <span class='ocrx_word' id='word_1_413' title='bbox 1141 3727 1158 3759; x_wconf 78' lang='grc' dir='ltr'><strong>ι</strong></span> <span class='ocrx_word' id='word_1_414' title='bbox 1193 3708 1258 3763; x_wconf 87' lang='grc' dir='ltr'>Ει</span> <span class='ocrx_word' id='word_1_415' title='bbox 1288 3710 1340 3766; x_wconf 91' lang='lat' dir='ltr'><strong>in</strong></span> <span class='ocrx_word' id='word_1_416' title='bbox 1371 3711 1485 3782; x_wconf 84' lang='lat' dir='ltr'><strong>lege</strong></span> <span class='ocrx_word' id='word_1_417' title='bbox 1526 3711 1721 3784; x_wconf 73' lang='lat' dir='ltr'><strong>(Exod.</strong></span> <span class='ocrx_word' id='word_1_418' title='bbox 1761 3720 1913 3788; x_wconf 75' lang='lat' dir='ltr'><strong>xxi):</strong></span> <span class='ocrx_word' id='word_1_419' title='bbox 1967 3739 1985 3772; x_wconf 74' lang='grc' dir='ltr'><strong>ι</strong></span> <span class='ocrx_word' id='word_1_420' title='bbox 2031 3719 2226 3777; x_wconf 90' lang='lat' dir='ltr'><strong>Oculus</strong></span> <span class='ocrx_word' id='word_1_421' title='bbox 2265 3739 2362 3794; x_wconf 91' lang='lat' dir='ltr'><strong>pro</strong></span> 
     </span>
    </p>
   </div>
   <div class='ocr_carea' id='block_1_56' title="bbox 787 3798 2358 3881">
    <p class='ocr_par' dir='ltr' id='par_1_56' title="bbox 787 3798 2358 3881">
     <span class='ocr_line' id='line_1_56' title="bbox 787 3798 2358 3881; baseline 0.011 -32"><span class='ocrx_word' id='word_1_422' title='bbox 787 3798 960 3860; x_wconf 62' lang='lat' dir='ltr'><strong>oculo,</strong></span> <span class='ocrx_word' id='word_1_423' title='bbox 988 3799 1120 3853; x_wconf 89' lang='lat' dir='ltr'><strong>dens</strong></span> <span class='ocrx_word' id='word_1_424' title='bbox 1148 3816 1245 3869; x_wconf 93' lang='lat' dir='ltr'><strong>pro</strong></span> <span class='ocrx_word' id='word_1_425' title='bbox 1290 3802 1466 3870; x_wconf 84' lang='lat' dir='ltr'><strong>dente,</strong></span> <span class='ocrx_word' id='word_1_426' title='bbox 1506 3819 1822 3874; x_wconf 89' lang='lat' dir='ltr'><strong>percussura</strong></span> <span class='ocrx_word' id='word_1_427' title='bbox 1865 3824 1963 3878; x_wconf 92' lang='lat' dir='ltr'><strong>pro</strong></span> <span class='ocrx_word' id='word_1_428' title='bbox 2004 3827 2358 3881; x_wconf 90' lang='lat' dir='ltr'><strong>percussura,</strong></span> 
     </span>
    </p>
   </div>
   <div class='ocr_carea' id='block_1_57' title="bbox 789 3889 2362 3972">
    <p class='ocr_par' dir='ltr' id='par_1_57' title="bbox 789 3889 2362 3972">
     <span class='ocr_line' id='line_1_57' title="bbox 789 3889 2362 3972; baseline 0.015 -34"><span class='ocrx_word' id='word_1_429' title='bbox 789 3889 999 3943; x_wconf 67' lang='lat' dir='ltr'><strong>adnstio</strong></span> <span class='ocrx_word' id='word_1_430' title='bbox 1027 3907 1122 3960; x_wconf 87' lang='lat' dir='ltr'><strong>pro</strong></span> <span class='ocrx_word' id='word_1_431' title='bbox 1149 3892 1448 3958; x_wconf 87' lang='lat' dir='ltr'><strong>adustione,</strong></span> <span class='ocrx_word' id='word_1_432' title='bbox 1477 3915 1496 3948; x_wconf 85' lang='grc'><strong>›</strong></span> <span class='ocrx_word' id='word_1_433' title='bbox 1535 3897 1795 3954; x_wconf 79' lang='lat' dir='ltr'><strong>duntaxat</strong></span> <span class='ocrx_word' id='word_1_434' title='bbox 1822 3902 2073 3972; x_wconf 77' lang='lat' dir='ltr'><strong>exigitur,</strong></span> <span class='ocrx_word' id='word_1_435' title='bbox 2108 3920 2205 3960; x_wconf 89' lang='lat' dir='ltr'><strong>nec</strong></span> <span class='ocrx_word' id='word_1_436' title='bbox 2233 3921 2362 3960; x_wconf 88' lang='lat' dir='ltr'><strong>con-</strong></span> 
     </span>
    </p>
   </div>
   <div class='ocr_carea' id='block_1_58' title="bbox 791 3979 2363 4060">
    <p class='ocr_par' dir='ltr' id='par_1_58' title="bbox 791 3979 2363 4060">
     <span class='ocr_line' id='line_1_58' title="bbox 791 3979 2363 4060; baseline 0.013 -32"><span class='ocrx_word' id='word_1_437' title='bbox 791 3979 937 4031; x_wconf 86' lang='lat' dir='ltr'><strong>tinuo</strong></span> <span class='ocrx_word' id='word_1_438' title='bbox 960 3982 1048 4047; x_wconf 92' lang='lat' dir='ltr'><strong>qui</strong></span> <span class='ocrx_word' id='word_1_439' title='bbox 1083 3995 1203 4035; x_wconf 86' lang='lat' dir='ltr'><strong>reus</strong></span> <span class='ocrx_word' id='word_1_440' title='bbox 1229 3991 1334 4047; x_wconf 88' lang='lat' dir='ltr'><strong>est,</strong></span> <span class='ocrx_word' id='word_1_441' title='bbox 1360 3985 1424 4039; x_wconf 90' lang='lat' dir='ltr'><strong>de</strong></span> <span class='ocrx_word' id='word_1_442' title='bbox 1451 4001 1719 4058; x_wconf 82' lang='lat' dir='ltr'><strong>synagoga</strong></span> <span class='ocrx_word' id='word_1_443' title='bbox 1751 3990 2046 4060; x_wconf 86' lang='lat' dir='ltr'><strong>projicitur.</strong></span> <span class='ocrx_word' id='word_1_444' title='bbox 2083 3995 2164 4049; x_wconf 89' lang='lat' dir='ltr'><strong>vel</strong></span> <span class='ocrx_word' id='word_1_445' title='bbox 2196 3995 2363 4049; x_wconf 87' lang='lat' dir='ltr'><strong>male-</strong></span> 
     </span>
    </p>
   </div>
   <div class='ocr_carea' id='block_1_59' title="bbox 789 4066 2360 4152">
    <p class='ocr_par' dir='ltr' id='par_1_59' title="bbox 789 4066 2360 4152">
     <span class='ocr_line' id='line_1_59' title="bbox 789 4066 2360 4152; baseline 0.015 -34"><span class='ocrx_word' id='word_1_446' title='bbox 789 4066 1021 4122; x_wconf 88' lang='lat' dir='ltr'><strong>dictionc</strong></span> <span class='ocrx_word' id='word_1_447' title='bbox 1065 4069 1366 4128; x_wconf 90' lang='lat' dir='ltr'><strong>damnatur.</strong></span> <span class='ocrx_word' id='word_1_448' title='bbox 1415 4074 1530 4130; x_wconf 81' lang='lat' dir='ltr'><strong>Non</strong></span> <span class='ocrx_word' id='word_1_449' title='bbox 1578 4079 1758 4144; x_wconf 91' lang='lat' dir='ltr'><strong>enim,</strong></span> <span class='ocrx_word' id='word_1_450' title='bbox 1807 4084 2098 4138; x_wconf 90' lang='lat' dir='ltr'><strong>secundum</strong></span> <span class='ocrx_word' id='word_1_451' title='bbox 2141 4087 2360 4152; x_wconf 86' lang='lat' dir='ltr'><strong>stoicos,</strong></span> 
     </span>
    </p>
   </div>
   <div class='ocr_carea' id='block_1_60' title="bbox 789 4159 2362 4237">
    <p class='ocr_par' dir='ltr' id='par_1_60' title="bbox 789 4159 2362 4237">
     <span class='ocr_line' id='line_1_60' title="bbox 789 4159 2362 4237; baseline 0.017 -31"><span class='ocrx_word' id='word_1_452' title='bbox 789 4159 966 4210; x_wconf 80' lang='lat' dir='ltr'><strong>omnia</strong></span> <span class='ocrx_word' id='word_1_453' title='bbox 999 4171 1214 4228; x_wconf 84' lang='lat' dir='ltr'><strong>peccata</strong></span> <span class='ocrx_word' id='word_1_454' title='bbox 1245 4173 1372 4218; x_wconf 87' lang='lat' dir='ltr'><strong>sunt</strong></span> <span class='ocrx_word' id='word_1_455' title='bbox 1404 4167 1578 4234; x_wconf 90' lang='lat' dir='ltr'><strong>paria,</strong></span> <span class='ocrx_word' id='word_1_456' title='bbox 1609 4178 1770 4237; x_wconf 88' lang='lat' dir='ltr'><strong>atque.</strong></span> <span class='ocrx_word' id='word_1_457' title='bbox 1803 4171 2004 4228; x_wconf 91' lang='lat' dir='ltr'><strong>idcirco</strong></span> <span class='ocrx_word' id='word_1_458' title='bbox 2035 4175 2362 4234; x_wconf 81' lang='lat' dir='ltr'><strong>indiﬂ‘erenti</strong></span> 
     </span>
    </p>
   </div>
   <div class='ocr_carea' id='block_1_61' title="bbox 789 4250 2363 4338">
    <p class='ocr_par' dir='ltr' id='par_1_61' title="bbox 789 4250 2363 4338">
     <span class='ocr_line' id='line_1_61' title="bbox 789 4250 2363 4338; baseline 0.017 -38"><span class='ocrx_word' id='word_1_459' title='bbox 789 4258 912 4301; x_wconf 85' lang='lat' dir='ltr'><strong>sunt</strong></span> <span class='ocrx_word' id='word_1_460' title='bbox 939 4250 1138 4307; x_wconf 89' lang='lat' dir='ltr'><strong>ultione</strong></span> <span class='ocrx_word' id='word_1_461' title='bbox 1166 4253 1464 4322; x_wconf 87' lang='lat' dir='ltr'><strong>plectenda,</strong></span> <span class='ocrx_word' id='word_1_462' title='bbox 1496 4261 1588 4314; x_wconf 90' lang='lat' dir='ltr'><strong>sed</strong></span> <span class='ocrx_word' id='word_1_463' title='bbox 1614 4259 1766 4328; x_wconf 84' lang='lat' dir='ltr'><strong>juxta</strong></span> <span class='ocrx_word' id='word_1_464' title='bbox 1799 4264 2014 4319; x_wconf 92' lang='lat' dir='ltr'><strong>modum</strong></span> <span class='ocrx_word' id='word_1_465' title='bbox 2037 4267 2206 4338; x_wconf 66' lang='lat' dir='ltr'><strong>culpae</strong></span> <span class='ocrx_word' id='word_1_466' title='bbox 2229 4281 2363 4324; x_wconf 90' lang='lat' dir='ltr'><strong>tem-</strong></span> 
     </span>
    </p>
   </div>
   <div class='ocr_carea' id='block_1_62' title="bbox 791 4341 2358 4432">
    <p class='ocr_par' dir='ltr' id='par_1_62' title="bbox 791 4341 2358 4432">
     <span class='ocr_line' id='line_1_62' title="bbox 791 4341 2358 4432; baseline 0.017 -41"><span class='ocrx_word' id='word_1_467' title='bbox 791 4341 1026 4432; x_wconf 77' lang='lat' dir='ltr'><strong>peranda</strong></span> <span class='ocrx_word' id='word_1_468' title='bbox 1051 4355 1359 4414; x_wconf 90' lang='lat' dir='ltr'><strong>semperest</strong></span> <span class='ocrx_word' id='word_1_469' title='bbox 1377 4363 1624 4404; x_wconf 77' lang='lat' dir='ltr'><strong>mensura</strong></span> <span class='ocrx_word' id='word_1_470' title='bbox 1639 4353 1888 4410; x_wconf 70' lang='lat' dir='ltr'><strong>vindicta:</strong></span> <span class='ocrx_word' id='word_1_471' title='bbox 1903 4356 2038 4425; x_wconf 82' lang='lat' dir='ltr'><strong>(CIC.</strong></span> <span class='ocrx_word' id='word_1_472' title='bbox 2061 4357 2263 4416; x_wconf 87' lang='lat' dir='ltr'><strong>Parad.</strong></span> <span class='ocrx_word' id='word_1_473' title='bbox 2281 4363 2358 4432; x_wconf 74' lang='lat'><strong>&#39;5).</strong></span> 
     </span>
    </p>
   </div>
   <div class='ocr_carea' id='block_1_63' title="bbox 2469 1886 4050 1954">
    <p class='ocr_par' dir='ltr' id='par_1_63' title="bbox 2469 1886 4050 1954">
     <span class='ocr_line' id='line_1_63' title="bbox 2469 1886 4050 1954; baseline -0.001 -12"><span class='ocrx_word' id='word_1_474' title='bbox 2469 1889 2678 1943; x_wconf 90' lang='lat' dir='ltr'><strong>ratione</strong></span> <span class='ocrx_word' id='word_1_475' title='bbox 2714 1903 2772 1944; x_wconf 91' lang='lat' dir='ltr'><strong>se</strong></span> <span class='ocrx_word' id='word_1_476' title='bbox 2807 1889 3063 1943; x_wconf 78' lang='lat' dir='ltr'><strong>exhibeat</strong></span> <span class='ocrx_word' id='word_1_477' title='bbox 3103 1890 3468 1954; x_wconf 90' lang='lat' dir='ltr'><strong>innocentem,</strong></span> <span class='ocrx_word' id='word_1_478' title='bbox 3490 1886 3573 1944; x_wconf 91' lang='lat' dir='ltr'><strong>vel</strong></span> <span class='ocrx_word' id='word_1_479' title='bbox 3603 1887 3931 1944; x_wconf 84' lang='lat' dir='ltr'><strong>conﬁteatur</strong></span> <span class='ocrx_word' id='word_1_480' title='bbox 3952 1886 4050 1940; x_wconf 88' lang='lat' dir='ltr'><strong>hu-</strong></span> 
     </span>
    </p>
   </div>
   <div class='ocr_carea' id='block_1_64' title="bbox 2466 1976 4052 2052">
    <p class='ocr_par' dir='ltr' id='par_1_64' title="bbox 2466 1976 4052 2052">
     <span class='ocr_line' id='line_1_64' title="bbox 2466 1976 4052 2052; baseline -0.003 -17"><span class='ocrx_word' id='word_1_481' title='bbox 2466 1981 2669 2035; x_wconf 91' lang='lat' dir='ltr'><strong>militer</strong></span> <span class='ocrx_word' id='word_1_482' title='bbox 2708 1991 3071 2052; x_wconf 90' lang='lat' dir='ltr'><strong>peccatorem.</strong></span> <span class='ocrx_word' id='word_1_483' title='bbox 3115 1980 3224 2036; x_wconf 85' lang='lat' dir='ltr'><strong>Nec</strong></span> <span class='ocrx_word' id='word_1_484' title='bbox 3259 1981 3346 2040; x_wconf 89' lang='lat' dir='ltr'><strong>his</strong></span> <span class='ocrx_word' id='word_1_485' title='bbox 3385 1979 3798 2050; x_wconf 86' lang='lat' dir='ltr'><strong>allegationibus</strong></span> <span class='ocrx_word' id='word_1_486' title='bbox 3840 1976 3947 2049; x_wconf 62' lang='lat'><strong>15</strong></span> <span class='ocrx_word' id='word_1_487' title='bbox 3981 1976 4052 2031; x_wconf 79' lang='lat' dir='ltr'><strong>vi-</strong></span> 
     </span>
    </p>
   </div>
   <div class='ocr_carea' id='block_1_65' title="bbox 2464 2067 4053 2142">
    <p class='ocr_par' dir='ltr' id='par_1_65' title="bbox 2464 2067 4053 2142">
     <span class='ocr_line' id='line_1_65' title="bbox 2464 2067 4053 2142; baseline 0 -20"><span class='ocrx_word' id='word_1_488' title='bbox 2464 2072 2694 2124; x_wconf 88' lang='lat' dir='ltr'><strong>vendum</strong></span> <span class='ocrx_word' id='word_1_489' title='bbox 2737 2069 2800 2142; x_wconf 83' lang='lat' dir='ltr'><strong>[f.</strong></span> <span class='ocrx_word' id='word_1_490' title='bbox 2850 2070 3131 2142; x_wconf 90' lang='lat' dir='ltr'><strong>utendum]</strong></span> <span class='ocrx_word' id='word_1_491' title='bbox 3169 2080 3287 2136; x_wconf 90' lang='lat' dir='ltr'><strong>est,</strong></span> <span class='ocrx_word' id='word_1_492' title='bbox 3326 2078 3388 2125; x_wconf 93' lang='lat' dir='ltr'><strong>ut</strong></span> <span class='ocrx_word' id='word_1_493' title='bbox 3423 2071 3571 2125; x_wconf 90' lang='lat' dir='ltr'><strong>dicat</strong></span> <span class='ocrx_word' id='word_1_494' title='bbox 3607 2085 3666 2126; x_wconf 87' lang='lat' dir='ltr'><strong>se</strong></span> <span class='ocrx_word' id='word_1_495' title='bbox 3704 2083 3810 2125; x_wconf 91' lang='lat' dir='ltr'><strong>non</strong></span> <span class='ocrx_word' id='word_1_496' title='bbox 3850 2067 4053 2122; x_wconf 80' lang='lat' dir='ltr'><strong>debere</strong></span> 
     </span>
    </p>
   </div>
   <div class='ocr_carea' id='block_1_66' title="bbox 2465 2156 4051 2230">
    <p class='ocr_par' dir='ltr' id='par_1_66' title="bbox 2465 2156 4051 2230">
     <span class='ocr_line' id='line_1_66' title="bbox 2465 2156 4051 2230; baseline -0.003 -15"><span class='ocrx_word' id='word_1_497' title='bbox 2465 2161 2531 2215; x_wconf 84' lang='lat' dir='ltr'><strong>ab</strong></span> <span class='ocrx_word' id='word_1_498' title='bbox 2564 2161 2667 2225; x_wconf 91' lang='lat' dir='ltr'><strong>his,</strong></span> <span class='ocrx_word' id='word_1_499' title='bbox 2695 2161 2785 2230; x_wconf 90' lang='lat' dir='ltr'><strong>qui</strong></span> <span class='ocrx_word' id='word_1_500' title='bbox 2815 2161 2917 2215; x_wconf 89' lang='lat' dir='ltr'><strong>sibi</strong></span> <span class='ocrx_word' id='word_1_501' title='bbox 2948 2160 3172 2229; x_wconf 91' lang='lat' dir='ltr'><strong>subjecti</strong></span> <span class='ocrx_word' id='word_1_502' title='bbox 3217 2172 3375 2222; x_wconf 88' lang='lat' dir='ltr'><strong>sunt,</strong></span> <span class='ocrx_word' id='word_1_503' title='bbox 3408 2160 3676 2224; x_wconf 85' lang='lat' dir='ltr'><strong>accusari,</strong></span> <span class='ocrx_word' id='word_1_504' title='bbox 3709 2172 3775 2213; x_wconf 92' lang='lat' dir='ltr'><strong>ne</strong></span> <span class='ocrx_word' id='word_1_505' title='bbox 3804 2156 4051 2212; x_wconf 82' lang='lat' dir='ltr'><strong>videatur</strong></span> 
     </span>
    </p>
   </div>
   <div class='ocr_carea' id='block_1_67' title="bbox 2464 2247 4054 2320">
    <p class='ocr_par' dir='ltr' id='par_1_67' title="bbox 2464 2247 4054 2320">
     <span class='ocr_line' id='line_1_67' title="bbox 2464 2247 4054 2320; baseline -0.006 -10"><span class='ocrx_word' id='word_1_506' title='bbox 2464 2255 2777 2310; x_wconf 82' lang='lat' dir='ltr'><strong>excessibus</strong></span> <span class='ocrx_word' id='word_1_507' title='bbox 2802 2254 2915 2309; x_wconf 89' lang='lat' dir='ltr'><strong>suis</strong></span> <span class='ocrx_word' id='word_1_508' title='bbox 2942 2253 3184 2308; x_wconf 88' lang='lat' dir='ltr'><strong>velamen</strong></span> <span class='ocrx_word' id='word_1_509' title='bbox 3210 2252 3522 2316; x_wconf 90' lang='lat' dir='ltr'><strong>obtendere,</strong></span> <span class='ocrx_word' id='word_1_510' title='bbox 3558 2260 3614 2307; x_wconf 87' lang='lat' dir='ltr'><strong>et</strong></span> <span class='ocrx_word' id='word_1_511' title='bbox 3636 2249 3899 2320; x_wconf 90' lang='lat' dir='ltr'><strong>judicium</strong></span> <span class='ocrx_word' id='word_1_512' title='bbox 3929 2247 4054 2302; x_wconf 83' lang='lat' dir='ltr'><strong>sub-</strong></span> 
     </span>
    </p>
   </div>
   <div class='ocr_carea' id='block_1_68' title="bbox 2466 2338 4055 2413">
    <p class='ocr_par' dir='ltr' id='par_1_68' title="bbox 2466 2338 4055 2413">
     <span class='ocr_line' id='line_1_68' title="bbox 2466 2338 4055 2413; baseline -0.003 -14"><span class='ocrx_word' id='word_1_513' title='bbox 2466 2345 2756 2413; x_wconf 78' lang='lat' dir='ltr'><strong>tcri‘ngere,</strong></span> <span class='ocrx_word' id='word_1_514' title='bbox 2796 2344 2922 2398; x_wconf 90' lang='lat' dir='ltr'><strong>dum</strong></span> <span class='ocrx_word' id='word_1_515' title='bbox 2967 2353 3196 2398; x_wconf 86' lang='lat' dir='ltr'><strong>conatur</strong></span> <span class='ocrx_word' id='word_1_516' title='bbox 3239 2343 3292 2397; x_wconf 87' lang='lat' dir='ltr'><strong>in</strong></span> <span class='ocrx_word' id='word_1_517' title='bbox 3339 2342 3504 2397; x_wconf 89' lang='lat' dir='ltr'><strong>alium</strong></span> <span class='ocrx_word' id='word_1_518' title='bbox 3549 2349 3708 2398; x_wconf 65' lang='lat' dir='ltr'><strong>mota:</strong></span> <span class='ocrx_word' id='word_1_519' title='bbox 3742 2338 4055 2409; x_wconf 61' lang='lat' dir='ltr'><strong>quaestionis</strong></span> 
     </span>
    </p>
   </div>
   <div class='ocr_carea' id='block_1_69' title="bbox 2467 2432 4053 2506">
    <p class='ocr_par' dir='ltr' id='par_1_69' title="bbox 2467 2432 4053 2506">
     <span class='ocr_line' id='line_1_69' title="bbox 2467 2432 4053 2506; baseline -0.004 -15"><span class='ocrx_word' id='word_1_520' title='bbox 2467 2437 2720 2506; x_wconf 88' lang='lat' dir='ltr'><strong>injuriam</strong></span> <span class='ocrx_word' id='word_1_521' title='bbox 2768 2444 3103 2505; x_wconf 90' lang='lat' dir='ltr'><strong>retorquere.</strong></span> <span class='ocrx_word' id='word_1_522' title='bbox 3138 2434 3270 2502; x_wconf 85' lang='lat' dir='ltr'><strong>Quis</strong></span> <span class='ocrx_word' id='word_1_523' title='bbox 3298 2435 3442 2491; x_wconf 88' lang='lat' dir='ltr'><strong>enim</strong></span> <span class='ocrx_word' id='word_1_524' title='bbox 3489 2433 3694 2491; x_wconf 80' lang='lat' dir='ltr'><strong>nesciat</strong></span> <span class='ocrx_word' id='word_1_525' title='bbox 3727 2432 3869 2502; x_wconf 92' lang='lat' dir='ltr'><strong>quod</strong></span> <span class='ocrx_word' id='word_1_526' title='bbox 3905 2433 4053 2502; x_wconf 63' lang='lat' dir='ltr'><strong>prinv</strong></span> 
     </span>
    </p>
   </div>
   <div class='ocr_carea' id='block_1_70' title="bbox 2465 2523 4055 2597">
    <p class='ocr_par' dir='ltr' id='par_1_70' title="bbox 2465 2523 4055 2597">
     <span class='ocr_line' id='line_1_70' title="bbox 2465 2523 4055 2597; baseline -0.001 -16"><span class='ocrx_word' id='word_1_527' title='bbox 2465 2542 2592 2596; x_wconf 91' lang='lat' dir='ltr'><strong>ceps</strong></span> <span class='ocrx_word' id='word_1_528' title='bbox 2619 2527 2986 2595; x_wconf 87' lang='lat' dir='ltr'><strong>apostolorum</strong></span> <span class='ocrx_word' id='word_1_529' title='bbox 3033 2526 3230 2583; x_wconf 87' lang='lat' dir='ltr'><strong>Petrus</strong></span> <span class='ocrx_word' id='word_1_530' title='bbox 3261 2534 3584 2597; x_wconf 82' lang='lat' dir='ltr'><strong>petestatem</strong></span> <span class='ocrx_word' id='word_1_531' title='bbox 3619 2525 3770 2597; x_wconf 88' lang='lat' dir='ltr'><strong>regni</strong></span> <span class='ocrx_word' id='word_1_532' title='bbox 3816 2523 4055 2579; x_wconf 77' lang='lat' dir='ltr'><strong>ccelestls</strong></span> 
     </span>
    </p>
   </div>
   <div class='ocr_carea' id='block_1_71' title="bbox 2462 2611 4056 2686">
    <p class='ocr_par' dir='ltr' id='par_1_71' title="bbox 2462 2611 4056 2686">
     <span class='ocr_line' id='line_1_71' title="bbox 2462 2611 4056 2686; baseline -0.001 -16"><span class='ocrx_word' id='word_1_533' title='bbox 2462 2615 2710 2685; x_wconf 83' lang='lat' dir='ltr'><strong>accepit?</strong></span> <span class='ocrx_word' id='word_1_534' title='bbox 2749 2613 3020 2669; x_wconf 81' lang='lat' dir='ltr'><strong>Virtutem</strong></span> <span class='ocrx_word' id='word_1_535' title='bbox 3055 2614 3278 2686; x_wconf 90' lang='lat' dir='ltr'><strong>ligandi,</strong></span> <span class='ocrx_word' id='word_1_536' title='bbox 3315 2616 3432 2670; x_wconf 87' lang='lat' dir='ltr'><strong>sive</strong></span> <span class='ocrx_word' id='word_1_537' title='bbox 3459 2614 3698 2670; x_wconf 88' lang='lat' dir='ltr'><strong>solvendi</strong></span> <span class='ocrx_word' id='word_1_538' title='bbox 3726 2615 3869 2683; x_wconf 92' lang='lat' dir='ltr'><strong>quod</strong></span> <span class='ocrx_word' id='word_1_539' title='bbox 3895 2611 4056 2668; x_wconf 69' lang='lat' dir='ltr'><strong>vellet</strong></span> 
     </span>
    </p>
   </div>
   <div class='ocr_carea' id='block_1_72' title="bbox 2464 2704 4055 2783">
    <p class='ocr_par' dir='ltr' id='par_1_72' title="bbox 2464 2704 4055 2783">
     <span class='ocr_line' id='line_1_72' title="bbox 2464 2704 4055 2783; baseline -0.002 -23"><span class='ocrx_word' id='word_1_540' title='bbox 2464 2705 2516 2760; x_wconf 91' lang='lat' dir='ltr'><strong>in</strong></span> <span class='ocrx_word' id='word_1_541' title='bbox 2541 2705 2693 2760; x_wconf 72' lang='lat' dir='ltr'><strong>caelis</strong></span> <span class='ocrx_word' id='word_1_542' title='bbox 2720 2722 2787 2760; x_wconf 92' lang='lat' dir='ltr'><strong>ac</strong></span> <span class='ocrx_word' id='word_1_543' title='bbox 2836 2706 2997 2761; x_wconf 89' lang='lat' dir='ltr'><strong>terris</strong></span> <span class='ocrx_word' id='word_1_544' title='bbox 3024 2705 3292 2760; x_wconf 89' lang='lat' dir='ltr'><strong>obtinuit?</strong></span> <span class='ocrx_word' id='word_1_545' title='bbox 3317 2704 3489 2776; x_wconf 87' lang='lat' dir='ltr'><strong>Supra</strong></span> <span class='ocrx_word' id='word_1_546' title='bbox 3516 2718 3669 2760; x_wconf 88' lang='lat' dir='ltr'><strong>mare</strong></span> <span class='ocrx_word' id='word_1_547' title='bbox 3689 2704 3914 2783; x_wconf 84' lang='lat' dir='ltr'><strong>pedibus</strong></span> <span class='ocrx_word' id='word_1_548' title='bbox 3941 2718 4055 2758; x_wconf 83' lang='lat' dir='ltr'><strong>am-</strong></span> 
     </span>
    </p>
   </div>
   <div class='ocr_carea' id='block_1_73' title="bbox 2464 2793 4054 2867">
    <p class='ocr_par' dir='ltr' id='par_1_73' title="bbox 2464 2793 4054 2867">
     <span class='ocr_line' id='line_1_73' title="bbox 2464 2793 4054 2867; baseline -0.001 -16"><span class='ocrx_word' id='word_1_549' title='bbox 2464 2797 2704 2852; x_wconf 90' lang='lat' dir='ltr'><strong>bulavit?</strong></span> <span class='ocrx_word' id='word_1_550' title='bbox 2740 2797 2864 2852; x_wconf 88' lang='lat' dir='ltr'><strong>Sola</strong></span> <span class='ocrx_word' id='word_1_551' title='bbox 2897 2797 2981 2854; x_wconf 84' lang='lat' dir='ltr'><strong>sui</strong></span> <span class='ocrx_word' id='word_1_552' title='bbox 3014 2797 3260 2867; x_wconf 91' lang='lat' dir='ltr'><strong>corporis</strong></span> <span class='ocrx_word' id='word_1_553' title='bbox 3280 2796 3472 2851; x_wconf 90' lang='lat' dir='ltr'><strong>umbra</strong></span> <span class='ocrx_word' id='word_1_554' title='bbox 3493 2803 3821 2867; x_wconf 62' lang='lat' dir='ltr'><strong>aegrotantes</strong></span> <span class='ocrx_word' id='word_1_555' title='bbox 3841 2793 4054 2850; x_wconf 70' lang='lat' dir='ltr'><strong>erexit!</strong></span> 
     </span>
    </p>
   </div>
   <div class='ocr_carea' id='block_1_74' title="bbox 2464 2887 4055 2957">
    <p class='ocr_par' dir='ltr' id='par_1_74' title="bbox 2464 2887 4055 2957">
     <span class='ocr_line' id='line_1_74' title="bbox 2464 2887 4055 2957; baseline 0 -16"><span class='ocrx_word' id='word_1_556' title='bbox 2464 2887 2786 2945; x_wconf 85' lang='lat' dir='ltr'><strong>Mentientes</strong></span> <span class='ocrx_word' id='word_1_557' title='bbox 2822 2887 3006 2957; x_wconf 90' lang='lat' dir='ltr'><strong>jaculo</strong></span> <span class='ocrx_word' id='word_1_558' title='bbox 3051 2889 3180 2943; x_wconf 90' lang='lat' dir='ltr'><strong>nudi</strong></span> <span class='ocrx_word' id='word_1_559' title='bbox 3219 2889 3487 2944; x_wconf 87' lang='lat' dir='ltr'><strong>sermonis</strong></span> <span class='ocrx_word' id='word_1_560' title='bbox 3520 2887 3757 2944; x_wconf 77' lang='lat' dir='ltr'><strong>occidit?</strong></span> <span class='ocrx_word' id='word_1_561' title='bbox 3795 2887 4055 2944; x_wconf 82' lang='lat' dir='ltr'><strong>Oratione</strong></span> 
     </span>
    </p>
   </div>
   <div class='ocr_carea' id='block_1_75' title="bbox 2462 2977 4056 3060">
    <p class='ocr_par' dir='ltr' id='par_1_75' title="bbox 2462 2977 4056 3060">
     <span class='ocr_line' id='line_1_75' title="bbox 2462 2977 4056 3060; baseline 0 -24"><span class='ocrx_word' id='word_1_562' title='bbox 2462 2993 2706 3037; x_wconf 91' lang='lat' dir='ltr'><strong>mortuos</strong></span> <span class='ocrx_word' id='word_1_563' title='bbox 2733 2981 3045 3037; x_wconf 76' lang='lat' dir='ltr'><strong>suscitavit?</strong></span> <span class='ocrx_word' id='word_1_564' title='bbox 3074 2981 3298 3060; x_wconf 66' lang='lat' dir='ltr'><strong>(Matth.</strong></span> <span class='ocrx_word' id='word_1_565' title='bbox 3325 2997 3442 3046; x_wconf 85' lang='lat' dir='ltr'><strong>xtv,</strong></span> <span class='ocrx_word' id='word_1_566' title='bbox 3475 2980 3543 3035; x_wconf 81' lang='grc'><strong>16</strong></span> <span class='ocrx_word' id='word_1_567' title='bbox 3556 2997 3570 3046; x_wconf 87' lang='lat'><strong>;</strong></span> <span class='ocrx_word' id='word_1_568' title='bbox 3609 2979 3724 3035; x_wconf 82' lang='lat' dir='ltr'><strong>Act.</strong></span> <span class='ocrx_word' id='word_1_569' title='bbox 3753 2995 3808 3044; x_wconf 88' lang='lat' dir='ltr'><strong>v,</strong></span> <span class='ocrx_word' id='word_1_570' title='bbox 3837 2979 3915 3050; x_wconf 89' lang='lat'><strong>9.)</strong></span> <span class='ocrx_word' id='word_1_571' title='bbox 3955 2977 4056 3036; x_wconf 79' lang='lat' dir='ltr'><strong>ilic</strong></span> 
     </span>
    </p>
   </div>
   <div class='ocr_carea' id='block_1_76' title="bbox 2465 3070 4056 3142">
    <p class='ocr_par' dir='ltr' id='par_1_76' title="bbox 2465 3070 4056 3142">
     <span class='ocr_line' id='line_1_76' title="bbox 2465 3070 4056 3142; baseline 0 -16"><span class='ocrx_word' id='word_1_572' title='bbox 2465 3075 2647 3142; x_wconf 92' lang='lat' dir='ltr'><strong>itaque</strong></span> <span class='ocrx_word' id='word_1_573' title='bbox 2675 3081 2782 3126; x_wconf 83' lang='lat' dir='ltr'><strong>tam</strong></span> <span class='ocrx_word' id='word_1_574' title='bbox 2812 3072 3062 3128; x_wconf 79' lang='lat' dir='ltr'><strong>sublimis</strong></span> <span class='ocrx_word' id='word_1_575' title='bbox 3098 3072 3278 3127; x_wconf 91' lang='lat' dir='ltr'><strong>meriti</strong></span> <span class='ocrx_word' id='word_1_576' title='bbox 3319 3072 3404 3126; x_wconf 89' lang='lat' dir='ltr'><strong>vir</strong></span> <span class='ocrx_word' id='word_1_577' title='bbox 3440 3087 3563 3127; x_wconf 90' lang='lat' dir='ltr'><strong>cum</strong></span> <span class='ocrx_word' id='word_1_578' title='bbox 3590 3085 3656 3127; x_wconf 87' lang='lat' dir='ltr'><strong>ex</strong></span> <span class='ocrx_word' id='word_1_579' title='bbox 3685 3070 4056 3126; x_wconf 79' lang='lat' dir='ltr'><strong>admonitione</strong></span> 
     </span>
    </p>
   </div>
   <div class='ocr_carea' id='block_1_77' title="bbox 2467 3160 4053 3234">
    <p class='ocr_par' dir='ltr' id='par_1_77' title="bbox 2467 3160 4053 3234">
     <span class='ocr_line' id='line_1_77' title="bbox 2467 3160 4053 3234; baseline -0.003 -15"><span class='ocrx_word' id='word_1_580' title='bbox 2467 3163 2638 3219; x_wconf 89' lang='lat' dir='ltr'><strong>sancti</strong></span> <span class='ocrx_word' id='word_1_581' title='bbox 2669 3163 2906 3234; x_wconf 90' lang='lat' dir='ltr'><strong>Spiritus</strong></span> <span class='ocrx_word' id='word_1_582' title='bbox 2938 3163 3009 3218; x_wconf 86' lang='lat' dir='ltr'><strong>ad</strong></span> <span class='ocrx_word' id='word_1_583' title='bbox 3033 3161 3363 3230; x_wconf 88' lang='lat' dir='ltr'><strong>Cornelium,</strong></span> <span class='ocrx_word' id='word_1_584' title='bbox 3392 3162 3644 3234; x_wconf 89' lang='lat' dir='ltr'><strong>gentilcm</strong></span> <span class='ocrx_word' id='word_1_585' title='bbox 3677 3160 3923 3216; x_wconf 87' lang='lat' dir='ltr'><strong>videlicet</strong></span> <span class='ocrx_word' id='word_1_586' title='bbox 3951 3160 4053 3216; x_wconf 89' lang='lat' dir='ltr'><strong>ho-</strong></span> 
     </span>
    </p>
   </div>
   <div class='ocr_carea' id='block_1_78' title="bbox 2467 3252 4055 3327">
    <p class='ocr_par' dir='ltr' id='par_1_78' title="bbox 2467 3252 4055 3327">
     <span class='ocr_line' id='line_1_78' title="bbox 2467 3252 4055 3327; baseline -0.001 -16"><span class='ocrx_word' id='word_1_587' title='bbox 2467 3258 2688 3320; x_wconf 85' lang='lat' dir='ltr'><strong>minem,</strong></span> <span class='ocrx_word' id='word_1_588' title='bbox 2724 3256 2914 3311; x_wconf 82' lang='lat' dir='ltr'><strong>fuisset</strong></span> <span class='ocrx_word' id='word_1_589' title='bbox 2946 3256 3244 3327; x_wconf 84' lang='lat' dir='ltr'><strong>ingressus,</strong></span> <span class='ocrx_word' id='word_1_590' title='bbox 3275 3256 3535 3311; x_wconf 87' lang='lat' dir='ltr'><strong>adversus</strong></span> <span class='ocrx_word' id='word_1_591' title='bbox 3564 3269 3686 3310; x_wconf 91' lang='lat' dir='ltr'><strong>eum</strong></span> <span class='ocrx_word' id='word_1_592' title='bbox 3716 3253 3945 3324; x_wconf 67' lang='lat' dir='ltr'><strong>quaestio</strong></span> <span class='ocrx_word' id='word_1_593' title='bbox 3972 3252 4055 3309; x_wconf 72' lang='lat' dir='ltr'><strong>fa-</strong></span> 
     </span>
    </p>
   </div>
   <div class='ocr_carea' id='block_1_79' title="bbox 2463 3348 4053 3420">
    <p class='ocr_par' dir='ltr' id='par_1_79' title="bbox 2463 3348 4053 3420">
     <span class='ocr_line' id='line_1_79' title="bbox 2463 3348 4053 3420; baseline -0.001 -13"><span class='ocrx_word' id='word_1_594' title='bbox 2463 3357 2548 3407; x_wconf 87' lang='lat' dir='ltr'><strong>cta</strong></span> <span class='ocrx_word' id='word_1_595' title='bbox 2581 3359 2666 3405; x_wconf 88' lang='lat' dir='ltr'><strong>est</strong></span> <span class='ocrx_word' id='word_1_596' title='bbox 2689 3350 2757 3405; x_wconf 90' lang='lat' dir='ltr'><strong>ab</strong></span> <span class='ocrx_word' id='word_1_597' title='bbox 2781 3350 2888 3416; x_wconf 92' lang='lat' dir='ltr'><strong>bis,</strong></span> <span class='ocrx_word' id='word_1_598' title='bbox 2918 3351 3008 3420; x_wconf 92' lang='lat' dir='ltr'><strong>qui</strong></span> <span class='ocrx_word' id='word_1_599' title='bbox 3037 3359 3193 3406; x_wconf 87' lang='lat' dir='ltr'><strong>erant</strong></span> <span class='ocrx_word' id='word_1_600' title='bbox 3219 3367 3284 3407; x_wconf 87' lang='lat' dir='ltr'><strong>ex</strong></span> <span class='ocrx_word' id='word_1_601' title='bbox 3317 3349 3750 3414; x_wconf 90' lang='lat' dir='ltr'><strong>circumcisione,</strong></span> <span class='ocrx_word' id='word_1_602' title='bbox 3783 3348 4053 3417; x_wconf 80' lang='lat' dir='ltr'><strong>ﬁdelibus,</strong></span> 
     </span>
    </p>
   </div>
   <div class='ocr_carea' id='block_1_80' title="bbox 2463 3443 4057 3516">
    <p class='ocr_par' dir='ltr' id='par_1_80' title="bbox 2463 3443 4057 3516">
     <span class='ocr_line' id='line_1_80' title="bbox 2463 3443 4057 3516; baseline 0.002 -19"><span class='ocrx_word' id='word_1_603' title='bbox 2463 3444 2608 3514; x_wconf 89' lang='lat' dir='ltr'><strong>quod</strong></span> <span class='ocrx_word' id='word_1_604' title='bbox 2636 3443 2702 3498; x_wconf 88' lang='lat' dir='ltr'><strong>ad</strong></span> <span class='ocrx_word' id='word_1_605' title='bbox 2735 3444 3066 3516; x_wconf 89' lang='lat' dir='ltr'><strong>alienigenas</strong></span> <span class='ocrx_word' id='word_1_606' title='bbox 3096 3445 3395 3510; x_wconf 90' lang='lat' dir='ltr'><strong>introisset,</strong></span> <span class='ocrx_word' id='word_1_607' title='bbox 3431 3454 3592 3515; x_wconf 88' lang='lat' dir='ltr'><strong>atque</strong></span> <span class='ocrx_word' id='word_1_608' title='bbox 3622 3459 3742 3500; x_wconf 92' lang='lat' dir='ltr'><strong>cum</strong></span> <span class='ocrx_word' id='word_1_609' title='bbox 3770 3444 3850 3498; x_wconf 91' lang='lat' dir='ltr'><strong>eis</strong></span> <span class='ocrx_word' id='word_1_610' title='bbox 3870 3458 4057 3500; x_wconf 83' lang='lat' dir='ltr'><strong>come-</strong></span> 
     </span>
    </p>
   </div>
   <div class='ocr_carea' id='block_1_81' title="bbox 2464 3533 4056 3605">
    <p class='ocr_par' dir='ltr' id='par_1_81' title="bbox 2464 3533 4056 3605">
     <span class='ocr_line' id='line_1_81' title="bbox 2464 3533 4056 3605; baseline 0.002 -18"><span class='ocrx_word' id='word_1_611' title='bbox 2464 3537 2593 3587; x_wconf 91' lang='lat' dir='ltr'><strong>dere</strong></span> <span class='ocrx_word' id='word_1_612' title='bbox 2631 3535 3100 3604; x_wconf 77' lang='lat' dir='ltr'><strong>przesumpsisset,</strong></span> <span class='ocrx_word' id='word_1_613' title='bbox 3133 3535 3358 3605; x_wconf 91' lang='lat' dir='ltr'><strong>insuper</strong></span> <span class='ocrx_word' id='word_1_614' title='bbox 3385 3543 3440 3589; x_wconf 92' lang='lat' dir='ltr'><strong>et</strong></span> <span class='ocrx_word' id='word_1_615' title='bbox 3471 3535 3524 3589; x_wconf 93' lang='lat' dir='ltr'><strong>iu</strong></span> <span class='ocrx_word' id='word_1_616' title='bbox 3552 3533 3870 3604; x_wconf 89' lang='lat' dir='ltr'><strong>baptismate</strong></span> <span class='ocrx_word' id='word_1_617' title='bbox 3899 3548 4056 3590; x_wconf 77' lang='lat' dir='ltr'><strong>reco-</strong></span> 
     </span>
    </p>
   </div>
   <div class='ocr_carea' id='block_1_82' title="bbox 2466 3625 4056 3698">
    <p class='ocr_par' dir='ltr' id='par_1_82' title="bbox 2466 3625 4056 3698">
     <span class='ocr_line' id='line_1_82' title="bbox 2466 3625 4056 3698; baseline 0.003 -19"><span class='ocrx_word' id='word_1_618' title='bbox 2466 3627 2633 3695; x_wconf 89' lang='lat' dir='ltr'><strong>pisset</strong></span> <span class='ocrx_word' id='word_1_619' title='bbox 2659 3625 2796 3696; x_wconf 80' lang='lat' dir='ltr'><strong>(Act.</strong></span> <span class='ocrx_word' id='word_1_620' title='bbox 2829 3643 2883 3692; x_wconf 89' lang='lat' dir='ltr'><strong>x,</strong></span> <span class='ocrx_word' id='word_1_621' title='bbox 2917 3627 3028 3696; x_wconf 81' lang='lat' dir='ltr'><strong>il).</strong></span> <span class='ocrx_word' id='word_1_622' title='bbox 3057 3626 3176 3693; x_wconf 83' lang='lat' dir='ltr'><strong>Hic,</strong></span> <span class='ocrx_word' id='word_1_623' title='bbox 3208 3628 3446 3698; x_wconf 90' lang='lat' dir='ltr'><strong>inquam,</strong></span> <span class='ocrx_word' id='word_1_624' title='bbox 3494 3637 3572 3682; x_wconf 93' lang='lat' dir='ltr'><strong>tot</strong></span> <span class='ocrx_word' id='word_1_625' title='bbox 3597 3626 3861 3683; x_wconf 91' lang='lat' dir='ltr'><strong>donorum</strong></span> <span class='ocrx_word' id='word_1_626' title='bbox 3893 3627 4056 3683; x_wconf 63' lang='lat' dir='ltr'><strong>cale-</strong></span> 
     </span>
    </p>
   </div>
   <div class='ocr_carea' id='block_1_83' title="bbox 2465 3716 4056 3787">
    <p class='ocr_par' dir='ltr' id='par_1_83' title="bbox 2465 3716 4056 3787">
     <span class='ocr_line' id='line_1_83' title="bbox 2465 3716 4056 3787; baseline 0.003 -17"><span class='ocrx_word' id='word_1_627' title='bbox 2465 3716 2629 3770; x_wconf 91' lang='lat' dir='ltr'><strong>stium</strong></span> <span class='ocrx_word' id='word_1_628' title='bbox 2674 3717 3081 3787; x_wconf 90' lang='lat' dir='ltr'><strong>incomparabili</strong></span> <span class='ocrx_word' id='word_1_629' title='bbox 3108 3720 3308 3773; x_wconf 87' lang='lat' dir='ltr'><strong>virtute</strong></span> <span class='ocrx_word' id='word_1_630' title='bbox 3344 3717 3622 3785; x_wconf 81' lang='lat' dir='ltr'><strong>snﬂ&#39;nltus,</strong></span> <span class='ocrx_word' id='word_1_631' title='bbox 3660 3729 3739 3774; x_wconf 81' lang='lat' dir='ltr'><strong>tot</strong></span> <span class='ocrx_word' id='word_1_632' title='bbox 3766 3719 4056 3775; x_wconf 67' lang='lat' dir='ltr'><strong>miraculi)-</strong></span> 
     </span>
    </p>
   </div>
   <div class='ocr_carea' id='block_1_84' title="bbox 2466 3810 4053 3882">
    <p class='ocr_par' dir='ltr' id='par_1_84' title="bbox 2466 3810 4053 3882">
     <span class='ocr_line' id='line_1_84' title="bbox 2466 3810 4053 3882; baseline 0.004 -20"><span class='ocrx_word' id='word_1_633' title='bbox 2466 3824 2583 3863; x_wconf 91' lang='lat' dir='ltr'><strong>rum</strong></span> <span class='ocrx_word' id='word_1_634' title='bbox 2639 3811 2949 3864; x_wconf 90' lang='lat' dir='ltr'><strong>ostensione</strong></span> <span class='ocrx_word' id='word_1_635' title='bbox 3003 3811 3361 3880; x_wconf 89' lang='lat' dir='ltr'><strong>conspicuus,</strong></span> <span class='ocrx_word' id='word_1_636' title='bbox 3412 3811 3645 3882; x_wconf 73' lang='lat' dir='ltr'><strong>querela:</strong></span> <span class='ocrx_word' id='word_1_637' title='bbox 3689 3810 4053 3880; x_wconf 85' lang='lat' dir='ltr'><strong>subjectorum</strong></span> 
     </span>
    </p>
   </div>
   <div class='ocr_carea' id='block_1_85' title="bbox 2466 3902 4054 3971">
    <p class='ocr_par' dir='ltr' id='par_1_85' title="bbox 2466 3902 4054 3971">
     <span class='ocr_line' id='line_1_85' title="bbox 2466 3902 4054 3971; baseline 0.002 -16"><span class='ocrx_word' id='word_1_638' title='bbox 2466 3916 2573 3955; x_wconf 88' lang='lat' dir='ltr'><strong>non</strong></span> <span class='ocrx_word' id='word_1_639' title='bbox 2622 3915 2685 3954; x_wconf 89' lang='lat' dir='ltr'><strong>cx</strong></span> <span class='ocrx_word' id='word_1_640' title='bbox 2738 3911 3006 3971; x_wconf 89' lang='lat' dir='ltr'><strong>potestate</strong></span> <span class='ocrx_word' id='word_1_641' title='bbox 3053 3902 3291 3969; x_wconf 88' lang='lat' dir='ltr'><strong>restitit,</strong></span> <span class='ocrx_word' id='word_1_642' title='bbox 3337 3903 3431 3959; x_wconf 83' lang='lat' dir='ltr'><strong>sed</strong></span> <span class='ocrx_word' id='word_1_643' title='bbox 3478 3902 3738 3957; x_wconf 91' lang='lat' dir='ltr'><strong>rationem</strong></span> <span class='ocrx_word' id='word_1_644' title='bbox 3783 3904 4054 3968; x_wconf 79' lang='lat' dir='ltr'><strong>reddendo</strong></span> 
     </span>
    </p>
   </div>
   <div class='ocr_carea' id='block_1_86' title="bbox 2469 3994 4059 4067">
    <p class='ocr_par' dir='ltr' id='par_1_86' title="bbox 2469 3994 4059 4067">
     <span class='ocr_line' id='line_1_86' title="bbox 2469 3994 4059 4067; baseline 0.004 -20"><span class='ocrx_word' id='word_1_645' title='bbox 2469 3994 2744 4048; x_wconf 91' lang='lat' dir='ltr'><strong>humiliter</strong></span> <span class='ocrx_word' id='word_1_646' title='bbox 2783 3995 3066 4061; x_wconf 89' lang='lat' dir='ltr'><strong>satisfecit,</strong></span> <span class='ocrx_word' id='word_1_647' title='bbox 3095 4010 3427 4066; x_wconf 87' lang='lat' dir='ltr'><strong>causamque</strong></span> <span class='ocrx_word' id='word_1_648' title='bbox 3462 4011 3558 4067; x_wconf 91' lang='lat' dir='ltr'><strong>per</strong></span> <span class='ocrx_word' id='word_1_649' title='bbox 3582 3997 3825 4052; x_wconf 89' lang='lat' dir='ltr'><strong>ordinem</strong></span> <span class='ocrx_word' id='word_1_650' title='bbox 3855 3997 4059 4053; x_wconf 87' lang='lat' dir='ltr'><strong>veridi-</strong></span> 
     </span>
    </p>
   </div>
   <div class='ocr_carea' id='block_1_87' title="bbox 2467 4085 4056 4157">
    <p class='ocr_par' dir='ltr' id='par_1_87' title="bbox 2467 4085 4056 4157">
     <span class='ocr_line' id='line_1_87' title="bbox 2467 4085 4056 4157; baseline 0.004 -19"><span class='ocrx_word' id='word_1_651' title='bbox 2467 4098 2562 4138; x_wconf 83' lang='lat' dir='ltr'><strong>cus</strong></span> <span class='ocrx_word' id='word_1_652' title='bbox 2607 4085 2807 4139; x_wconf 87' lang='lat' dir='ltr'><strong>relator</strong></span> <span class='ocrx_word' id='word_1_653' title='bbox 2851 4087 3133 4155; x_wconf 88' lang='lat' dir='ltr'><strong>exposuit;</strong></span> <span class='ocrx_word' id='word_1_654' title='bbox 3173 4087 3447 4157; x_wconf 85' lang='lat' dir='ltr'><strong>quomodo</strong></span> <span class='ocrx_word' id='word_1_655' title='bbox 3487 4085 3734 4143; x_wconf 91' lang='lat' dir='ltr'><strong>videlicet</strong></span> <span class='ocrx_word' id='word_1_656' title='bbox 3764 4101 3858 4141; x_wconf 87' lang='lat' dir='ltr'><strong>vas</strong></span> <span class='ocrx_word' id='word_1_657' title='bbox 3883 4087 4056 4157; x_wconf 86' lang='lat' dir='ltr'><strong>quod-</strong></span> 
     </span>
    </p>
   </div>
   <div class='ocr_carea' id='block_1_88' title="bbox 2467 4173 4056 4248">
    <p class='ocr_par' dir='ltr' id='par_1_88' title="bbox 2467 4173 4056 4248">
     <span class='ocr_line' id='line_1_88' title="bbox 2467 4173 4056 4248; baseline 0.006 -24"><span class='ocrx_word' id='word_1_658' title='bbox 2467 4173 2590 4226; x_wconf 68' lang='lat' dir='ltr'><strong>«iam</strong></span> <span class='ocrx_word' id='word_1_659' title='bbox 2625 4173 2769 4227; x_wconf 90' lang='lat' dir='ltr'><strong>velut</strong></span> <span class='ocrx_word' id='word_1_660' title='bbox 2799 4174 3022 4229; x_wconf 92' lang='lat' dir='ltr'><strong>linteum</strong></span> <span class='ocrx_word' id='word_1_661' title='bbox 3049 4177 3103 4231; x_wconf 92' lang='lat' dir='ltr'><strong>in</strong></span> <span class='ocrx_word' id='word_1_662' title='bbox 3129 4192 3237 4246; x_wconf 93' lang='lat' dir='ltr'><strong>quo</strong></span> <span class='ocrx_word' id='word_1_663' title='bbox 3267 4177 3630 4246; x_wconf 90' lang='lat' dir='ltr'><strong>quadrupedia</strong></span> <span class='ocrx_word' id='word_1_664' title='bbox 3669 4184 3857 4243; x_wconf 71' lang='lat' dir='ltr'><strong>terrae,</strong></span> <span class='ocrx_word' id='word_1_665' title='bbox 3889 4177 4056 4248; x_wconf 87' lang='lat' dir='ltr'><strong>repti-</strong></span> 
     </span>
    </p>
   </div>
   <div class='ocr_carea' id='block_1_89' title="bbox 2469 4262 4054 4335">
    <p class='ocr_par' dir='ltr' id='par_1_89' title="bbox 2469 4262 4054 4335">
     <span class='ocr_line' id='line_1_89' title="bbox 2469 4262 4054 4335; baseline 0.006 -20"><span class='ocrx_word' id='word_1_666' title='bbox 2469 4262 2537 4316; x_wconf 88' lang='lat' dir='ltr'><strong>lia</strong></span> <span class='ocrx_word' id='word_1_667' title='bbox 2570 4274 2731 4333; x_wconf 89' lang='lat' dir='ltr'><strong>atque</strong></span> <span class='ocrx_word' id='word_1_668' title='bbox 2762 4266 3001 4322; x_wconf 87' lang='lat' dir='ltr'><strong>volatilia</strong></span> <span class='ocrx_word' id='word_1_669' title='bbox 3053 4267 3290 4334; x_wconf 90' lang='lat' dir='ltr'><strong>inerant,</strong></span> <span class='ocrx_word' id='word_1_670' title='bbox 3319 4268 3385 4323; x_wconf 90' lang='lat' dir='ltr'><strong>de</strong></span> <span class='ocrx_word' id='word_1_671' title='bbox 3414 4266 3550 4322; x_wconf 86' lang='lat' dir='ltr'><strong>coelo</strong></span> <span class='ocrx_word' id='word_1_672' title='bbox 3571 4267 3812 4322; x_wconf 88' lang='lat' dir='ltr'><strong>submitti</strong></span> <span class='ocrx_word' id='word_1_673' title='bbox 3836 4266 4054 4335; x_wconf 86' lang='lat' dir='ltr'><strong>viderit,</strong></span> 
     </span>
    </p>
   </div>
   <div class='ocr_carea' id='block_1_90' title="bbox 2468 4356 4050 4429">
    <p class='ocr_par' dir='ltr' id='par_1_90' title="bbox 2468 4356 4050 4429">
     <span class='ocr_line' id='line_1_90' title="bbox 2468 4356 4050 4429; baseline 0.004 -23"><span class='ocrx_word' id='word_1_674' title='bbox 2468 4369 2654 4410; x_wconf 91' lang='lat' dir='ltr'><strong>vocem</strong></span> <span class='ocrx_word' id='word_1_675' title='bbox 2681 4356 2944 4412; x_wconf 86' lang='lat' dir='ltr'><strong>audierit:</strong></span> <span class='ocrx_word' id='word_1_676' title='bbox 2975 4376 2993 4410; x_wconf 73' lang='grc' dir='ltr'><strong>ι</strong></span> <span class='ocrx_word' id='word_1_677' title='bbox 3018 4357 3210 4429; x_wconf 88' lang='lat' dir='ltr'><strong>Surge,</strong></span> <span class='ocrx_word' id='word_1_678' title='bbox 3228 4358 3407 4423; x_wconf 85' lang='lat' dir='ltr'><strong>Petre,</strong></span> <span class='ocrx_word' id='word_1_679' title='bbox 3427 4367 3625 4426; x_wconf 91' lang='lat' dir='ltr'><strong>macta,</strong></span> <span class='ocrx_word' id='word_1_680' title='bbox 3647 4367 3698 4414; x_wconf 89' lang='lat' dir='ltr'><strong>et</strong></span> <span class='ocrx_word' id='word_1_681' title='bbox 3721 4358 4006 4416; x_wconf 87' lang='lat' dir='ltr'><strong>manduca.</strong></span> <span class='ocrx_word' id='word_1_682' title='bbox 4027 4377 4050 4413; x_wconf 75' lang='grc' dir='ltr'><strong>ι</strong></span> 
     </span>
    </p>
   </div>
   <div class='ocr_carea' id='block_1_91' title="bbox 793 4427 4054 4536">
    <p class='ocr_par' dir='ltr' id='par_1_91' title="bbox 793 4427 4054 4536">
     <span class='ocr_line' id='line_1_91' title="bbox 793 4427 4054 4536; baseline 0.017 -81"><span class='ocrx_word' id='word_1_683' title='bbox 793 4427 961 4536; x_wconf 37' lang='grc' dir='ltr'><strong>ρο)...Β</strong></span> <span class='ocrx_word' id='word_1_684' title='bbox 989 4446 1086 4486; x_wconf 54' lang='lat' dir='ltr'><strong>nec</strong></span> <span class='ocrx_word' id='word_1_685' title='bbox 1113 4433 1302 4490; x_wconf 48' lang='lat' dir='ltr'><strong>beatus</strong></span> <span class='ocrx_word' id='word_1_686' title='bbox 1328 4452 1462 4508; x_wconf 67' lang='lat' dir='ltr'><strong>papa</strong></span> <span class='ocrx_word' id='word_1_687' title='bbox 1493 4439 1802 4511; x_wconf 52' lang='lat' dir='ltr'><strong>Gregorius,</strong></span> <span class='ocrx_word' id='word_1_688' title='bbox 1844 4447 1928 4501; x_wconf 64' lang='grc' dir='ltr'><strong>νει</strong></span> <span class='ocrx_word' id='word_1_689' title='bbox 1968 4451 2143 4504; x_wconf 57' lang='lat' dir='ltr'><strong>caeleri</strong></span> <span class='ocrx_word' id='word_1_690' title='bbox 2175 4427 2362 4510; x_wconf 64' lang='grc' dir='ltr'><strong>Ραιτέε</strong></span> <span class='ocrx_word' id='word_1_691' title='bbox 2390 4477 2440 4536; x_wconf 79' lang='lat' dir='ltr'><strong>D</strong></span> <span class='ocrx_word' id='word_1_692' title='bbox 2468 4448 2712 4515; x_wconf 87' lang='lat' dir='ltr'><strong>Qualiter</strong></span> <span class='ocrx_word' id='word_1_693' title='bbox 2733 4450 2895 4505; x_wconf 90' lang='lat' dir='ltr'><strong>etiam</strong></span> <span class='ocrx_word' id='word_1_694' title='bbox 2928 4460 3039 4508; x_wconf 92' lang='lat' dir='ltr'><strong>tres</strong></span> <span class='ocrx_word' id='word_1_695' title='bbox 3066 4427 3166 4506; x_wconf 76' lang='lat' dir='ltr'><strong>viri</strong></span> <span class='ocrx_word' id='word_1_696' title='bbox 3196 4453 3475 4509; x_wconf 88' lang='lat' dir='ltr'><strong>venientes</strong></span> <span class='ocrx_word' id='word_1_697' title='bbox 3497 4467 3621 4509; x_wconf 87' lang='lat' dir='ltr'><strong>eum</strong></span> <span class='ocrx_word' id='word_1_698' title='bbox 3647 4452 3714 4507; x_wconf 90' lang='lat' dir='ltr'><strong>ad</strong></span> <span class='ocrx_word' id='word_1_699' title='bbox 3741 4451 4054 4511; x_wconf 82' lang='lat' dir='ltr'><strong>Cornelium</strong></span> 
     </span>
    </p>
   </div>
   <div class='ocr_carea' id='block_1_92' title="bbox 790 4521 2360 4612">
    <p class='ocr_par' dir='ltr' id='par_1_92' title="bbox 790 4521 2360 4612">
     <span class='ocr_line' id='line_1_92' title="bbox 790 4521 2360 4612; baseline 0.018 -41"><span class='ocrx_word' id='word_1_700' title='bbox 790 4521 880 4587; x_wconf 89' lang='lat' dir='ltr'><strong>qui</strong></span> <span class='ocrx_word' id='word_1_701' title='bbox 911 4521 1138 4578; x_wconf 85' lang='lat' dir='ltr'><strong>diversis</strong></span> <span class='ocrx_word' id='word_1_702' title='bbox 1164 4528 1491 4595; x_wconf 90' lang='lat' dir='ltr'><strong>temporibus</strong></span> <span class='ocrx_word' id='word_1_703' title='bbox 1517 4530 1570 4584; x_wconf 94' lang='lat' dir='ltr'><strong>in</strong></span> <span class='ocrx_word' id='word_1_704' title='bbox 1597 4533 1902 4601; x_wconf 72' lang='lat' dir='ltr'><strong>apostolica:</strong></span> <span class='ocrx_word' id='word_1_705' title='bbox 1939 4539 2080 4594; x_wconf 89' lang='lat' dir='ltr'><strong>sedis</strong></span> <span class='ocrx_word' id='word_1_706' title='bbox 2103 4542 2360 4612; x_wconf 84' lang='lat' dir='ltr'><strong>regimine</strong></span> 
     </span>
    </p>
   </div>
   <div class='ocr_carea' id='block_1_93' title="bbox 793 4611 2359 4694">
    <p class='ocr_par' dir='ltr' id='par_1_93' title="bbox 793 4611 2359 4694">
     <span class='ocr_line' id='line_1_93' title="bbox 793 4611 2359 4694; baseline 0.018 -35"><span class='ocrx_word' id='word_1_707' title='bbox 793 4611 1106 4677; x_wconf 85' lang='lat' dir='ltr'><strong>ﬂoruerunt,</strong></span> <span class='ocrx_word' id='word_1_708' title='bbox 1133 4615 1273 4670; x_wconf 86' lang='lat' dir='ltr'><strong>hunc</strong></span> <span class='ocrx_word' id='word_1_709' title='bbox 1313 4631 1518 4673; x_wconf 92' lang='lat' dir='ltr'><strong>morem</strong></span> <span class='ocrx_word' id='word_1_710' title='bbox 1559 4620 1615 4675; x_wconf 89' lang='lat' dir='ltr'><strong>in</strong></span> <span class='ocrx_word' id='word_1_711' title='bbox 1655 4623 1768 4678; x_wconf 91' lang='lat' dir='ltr'><strong>suis</strong></span> <span class='ocrx_word' id='word_1_712' title='bbox 1805 4626 2143 4694; x_wconf 90' lang='lat' dir='ltr'><strong>reperiuntur</strong></span> <span class='ocrx_word' id='word_1_713' title='bbox 2170 4611 2359 4686; x_wconf 90' lang='lat' dir='ltr'><strong>obser-</strong></span> 
     </span>
    </p>
   </div>
   <div class='ocr_carea' id='block_1_94' title="bbox 796 4704 2357 4785">
    <p class='ocr_par' dir='ltr' id='par_1_94' title="bbox 796 4704 2357 4785">
     <span class='ocr_line' id='line_1_94' title="bbox 796 4704 2357 4785; baseline 0.017 -33"><span class='ocrx_word' id='word_1_714' title='bbox 796 4714 949 4754; x_wconf 87' lang='lat' dir='ltr'><strong>vasse</strong></span> <span class='ocrx_word' id='word_1_715' title='bbox 975 4704 1223 4771; x_wconf 90' lang='lat' dir='ltr'><strong>decretis,</strong></span> <span class='ocrx_word' id='word_1_716' title='bbox 1247 4715 1300 4761; x_wconf 91' lang='lat' dir='ltr'><strong>et</strong></span> <span class='ocrx_word' id='word_1_717' title='bbox 1326 4711 1412 4764; x_wconf 86' lang='lat' dir='ltr'><strong>vix</strong></span> <span class='ocrx_word' id='word_1_718' title='bbox 1452 4726 1638 4767; x_wconf 89' lang='lat' dir='ltr'><strong>eorum</strong></span> <span class='ocrx_word' id='word_1_719' title='bbox 1658 4714 1958 4785; x_wconf 56' lang='lat' dir='ltr'><strong>(aliquando</strong></span> <span class='ocrx_word' id='word_1_720' title='bbox 1983 4721 2200 4776; x_wconf 84' lang='lat' dir='ltr'><strong>statutis</strong></span> <span class='ocrx_word' id='word_1_721' title='bbox 2225 4737 2357 4778; x_wconf 89' lang='lat' dir='ltr'><strong>ana-</strong></span> 
     </span>
    </p>
   </div>
   <div class='ocr_carea' id='block_1_95' title="bbox 797 4790 2359 4871">
    <p class='ocr_par' dir='ltr' id='par_1_95' title="bbox 797 4790 2359 4871">
     <span class='ocr_line' id='line_1_95' title="bbox 797 4790 2359 4871; baseline 0.019 -29"><span class='ocrx_word' id='word_1_722' title='bbox 797 4790 971 4845; x_wconf 84' lang='lat' dir='ltr'><strong>thema</strong></span> <span class='ocrx_word' id='word_1_723' title='bbox 1007 4795 1352 4864; x_wconf 89' lang='lat' dir='ltr'><strong>subnectitur,</strong></span> <span class='ocrx_word' id='word_1_724' title='bbox 1391 4803 1491 4858; x_wconf 82' lang='lat' dir='ltr'><strong>nisi</strong></span> <span class='ocrx_word' id='word_1_725' title='bbox 1518 4820 1638 4860; x_wconf 89' lang='lat' dir='ltr'><strong>cum</strong></span> <span class='ocrx_word' id='word_1_726' title='bbox 1663 4809 1939 4865; x_wconf 66' lang='lat' dir='ltr'><strong>catholica:</strong></span> <span class='ocrx_word' id='word_1_727' title='bbox 1971 4811 2093 4867; x_wconf 83' lang='lat' dir='ltr'><strong>fidei</strong></span> <span class='ocrx_word' id='word_1_728' title='bbox 2121 4815 2359 4871; x_wconf 89' lang='lat' dir='ltr'><strong>clausula</strong></span> 
     </span>
    </p>
   </div>
   <div class='ocr_carea' id='block_1_96' title="bbox 793 4882 2360 4970">
    <p class='ocr_par' dir='ltr' id='par_1_96' title="bbox 793 4882 2360 4970">
     <span class='ocr_line' id='line_1_96' title="bbox 793 4882 2360 4970; baseline 0.022 -39"><span class='ocrx_word' id='word_1_729' title='bbox 793 4882 1131 4938; x_wconf 89' lang='lat' dir='ltr'><strong>terminatur.</strong></span> <span class='ocrx_word' id='word_1_730' title='bbox 1158 4886 1515 4953; x_wconf 88' lang='lat' dir='ltr'><strong>Quamobrem</strong></span> <span class='ocrx_word' id='word_1_731' title='bbox 1545 4897 1588 4950; x_wconf 93' lang='lat' dir='ltr'><strong>si</strong></span> <span class='ocrx_word' id='word_1_732' title='bbox 1616 4908 1814 4954; x_wconf 71' lang='lat' dir='ltr'><strong>sancta:</strong></span> <span class='ocrx_word' id='word_1_733' title='bbox 1846 4904 2142 4970; x_wconf 86' lang='lat' dir='ltr'><strong>prudentiae</strong></span> <span class='ocrx_word' id='word_1_734' title='bbox 2166 4919 2360 4964; x_wconf 71' lang='lat' dir='ltr'><strong>vestra:</strong></span> 
     </span>
    </p>
   </div>
   <div class='ocr_carea' id='block_1_97' title="bbox 795 4973 2361 5068">
    <p class='ocr_par' dir='ltr' id='par_1_97' title="bbox 795 4973 2361 5068">
     <span class='ocr_line' id='line_1_97' title="bbox 795 4973 2361 5068; baseline 0.022 -45"><span class='ocrx_word' id='word_1_735' title='bbox 795 4973 985 5042; x_wconf 88' lang='lat' dir='ltr'><strong>placet,</strong></span> <span class='ocrx_word' id='word_1_736' title='bbox 1015 4977 1153 5031; x_wconf 91' lang='lat' dir='ltr'><strong>hunc</strong></span> <span class='ocrx_word' id='word_1_737' title='bbox 1175 4993 1379 5036; x_wconf 89' lang='lat' dir='ltr'><strong>morem</strong></span> <span class='ocrx_word' id='word_1_738' title='bbox 1404 4985 1468 5038; x_wconf 90' lang='lat' dir='ltr'><strong>de</strong></span> <span class='ocrx_word' id='word_1_739' title='bbox 1495 4996 1690 5043; x_wconf 75' lang='lat' dir='ltr'><strong>caetero</strong></span> <span class='ocrx_word' id='word_1_740' title='bbox 1712 5005 1742 5044; x_wconf 90' lang='lat' dir='ltr'><strong>a</strong></span> <span class='ocrx_word' id='word_1_741' title='bbox 1767 4991 2130 5052; x_wconf 89' lang='lat' dir='ltr'><strong>Decretalibus</strong></span> <span class='ocrx_word' id='word_1_742' title='bbox 2149 5001 2361 5068; x_wconf 84' lang='lat' dir='ltr'><strong>paginis</strong></span> 
     </span>
    </p>
   </div>
   <div class='ocr_carea' id='block_1_98' title="bbox 795 5065 2362 5151">
    <p class='ocr_par' dir='ltr' id='par_1_98' title="bbox 795 5065 2362 5151">
     <span class='ocr_line' id='line_1_98' title="bbox 795 5065 2362 5151; baseline 0.022 -36"><span class='ocrx_word' id='word_1_743' title='bbox 795 5065 1027 5118; x_wconf 82' lang='lat' dir='ltr'><strong>amoveri</strong></span> <span class='ocrx_word' id='word_1_744' title='bbox 1050 5070 1343 5139; x_wconf 70' lang='lat' dir='ltr'><strong>praecipiat,</strong></span> <span class='ocrx_word' id='word_1_745' title='bbox 1370 5084 1423 5130; x_wconf 92' lang='lat' dir='ltr'><strong>et</strong></span> <span class='ocrx_word' id='word_1_746' title='bbox 1445 5076 1529 5130; x_wconf 90' lang='lat' dir='ltr'><strong>vel</strong></span> <span class='ocrx_word' id='word_1_747' title='bbox 1553 5078 1732 5134; x_wconf 90' lang='lat' dir='ltr'><strong>damni</strong></span> <span class='ocrx_word' id='word_1_748' title='bbox 1756 5086 2012 5151; x_wconf 74' lang='lat' dir='ltr'><strong>pecuniae,</strong></span> <span class='ocrx_word' id='word_1_749' title='bbox 2035 5088 2119 5143; x_wconf 90' lang='lat' dir='ltr'><strong>vel</strong></span> <span class='ocrx_word' id='word_1_750' title='bbox 2140 5065 2362 5149; x_wconf 79' lang='lat' dir='ltr'><strong>alterius</strong></span> 
     </span>
    </p>
   </div>
   <div class='ocr_carea' id='block_1_99' title="bbox 795 5153 2361 5248">
    <p class='ocr_par' dir='ltr' id='par_1_99' title="bbox 795 5153 2361 5248">
     <span class='ocr_line' id='line_1_99' title="bbox 795 5153 2361 5248; baseline 0.022 -45"><span class='ocrx_word' id='word_1_751' title='bbox 795 5153 1078 5222; x_wconf 87' lang='lat' dir='ltr'><strong>cujuslibet</strong></span> <span class='ocrx_word' id='word_1_752' title='bbox 1110 5158 1323 5216; x_wconf 90' lang='lat' dir='ltr'><strong>ultionis</strong></span> <span class='ocrx_word' id='word_1_753' title='bbox 1348 5164 1609 5222; x_wconf 89' lang='lat' dir='ltr'><strong>calculum</strong></span> <span class='ocrx_word' id='word_1_754' title='bbox 1639 5170 1691 5224; x_wconf 93' lang='lat' dir='ltr'><strong>in</strong></span> <span class='ocrx_word' id='word_1_755' title='bbox 1721 5186 1904 5227; x_wconf 90' lang='lat' dir='ltr'><strong>earmn</strong></span> <span class='ocrx_word' id='word_1_756' title='bbox 1938 5181 2361 5248; x_wconf 87' lang='lat' dir='ltr'><strong>transgressione</strong></span> 
     </span>
    </p>
   </div>
   <div class='ocr_carea' id='block_1_100' title="bbox 795 5246 2359 5330">
    <p class='ocr_par' dir='ltr' id='par_1_100' title="bbox 795 5246 2359 5330">
     <span class='ocr_line' id='line_1_100' title="bbox 795 5246 2359 5330; baseline 0.02 -34"><span class='ocrx_word' id='word_1_757' title='bbox 795 5246 1072 5316; x_wconf 72' lang='lat' dir='ltr'><strong>praetigat;</strong></span> <span class='ocrx_word' id='word_1_758' title='bbox 1117 5265 1184 5304; x_wconf 91' lang='lat' dir='ltr'><strong>ne</strong></span> <span class='ocrx_word' id='word_1_759' title='bbox 1213 5255 1353 5320; x_wconf 91' lang='lat' dir='ltr'><strong>quod</strong></span> <span class='ocrx_word' id='word_1_760' title='bbox 1390 5256 1505 5312; x_wconf 87' lang='lat' dir='ltr'><strong>aliis</strong></span> <span class='ocrx_word' id='word_1_761' title='bbox 1529 5270 1611 5315; x_wconf 91' lang='lat' dir='ltr'><strong>est</strong></span> <span class='ocrx_word' id='word_1_762' title='bbox 1650 5263 1716 5317; x_wconf 90' lang='lat' dir='ltr'><strong>ad</strong></span> <span class='ocrx_word' id='word_1_763' title='bbox 1756 5266 1991 5322; x_wconf 91' lang='lat' dir='ltr'><strong>tuitionis</strong></span> <span class='ocrx_word' id='word_1_764' title='bbox 2029 5246 2359 5330; x_wconf 80' lang='lat' dir='ltr'><strong>munimenta</strong></span> 
     </span>
    </p>
   </div>
   <div class='ocr_carea' id='block_1_101' title="bbox 792 5341 2284 5425">
    <p class='ocr_par' dir='ltr' id='par_1_101' title="bbox 792 5341 2284 5425">
     <span class='ocr_line' id='line_1_101' title="bbox 792 5341 2284 5425; baseline 0.021 -35"><span class='ocrx_word' id='word_1_765' title='bbox 792 5341 1083 5406; x_wconf 82' lang='lat' dir='ltr'><strong>provisum,</strong></span> <span class='ocrx_word' id='word_1_766' title='bbox 1119 5343 1236 5399; x_wconf 91' lang='lat' dir='ltr'><strong>aliis</strong></span> <span class='ocrx_word' id='word_1_767' title='bbox 1257 5347 1322 5400; x_wconf 90' lang='lat' dir='ltr'><strong>ad</strong></span> <span class='ocrx_word' id='word_1_768' title='bbox 1350 5353 1635 5416; x_wconf 89' lang='lat' dir='ltr'><strong>perniciem</strong></span> <span class='ocrx_word' id='word_1_769' title='bbox 1657 5362 1936 5425; x_wconf 89' lang='lat' dir='ltr'><strong>proveniat</strong></span> <span class='ocrx_word' id='word_1_770' title='bbox 1963 5365 2284 5420; x_wconf 91' lang='lat' dir='ltr'><strong>animarum.</strong></span> 
     </span>
    </p>
   </div>
   <div class='ocr_carea' id='block_1_102' title="bbox 868 5429 2364 5525">
    <p class='ocr_par' dir='ltr' id='par_1_102' title="bbox 868 5429 2364 5525">
     <span class='ocr_line' id='line_1_102' title="bbox 868 5429 2364 5525; baseline 0.02 -43"><span class='ocrx_word' id='word_1_771' title='bbox 868 5429 998 5525; x_wconf 78' lang='lat' dir='ltr'><strong>illud</strong></span> <span class='ocrx_word' id='word_1_772' title='bbox 1029 5433 1188 5525; x_wconf 83' lang='lat' dir='ltr'><strong>etiam</strong></span> <span class='ocrx_word' id='word_1_773' title='bbox 1210 5477 1223 5492; x_wconf 91' lang='lat'><strong>.</strong></span> <span class='ocrx_word' id='word_1_774' title='bbox 1249 5440 1391 5504; x_wconf 90' lang='lat' dir='ltr'><strong>quod</strong></span> <span class='ocrx_word' id='word_1_775' title='bbox 1422 5441 1652 5500; x_wconf 91' lang='lat' dir='ltr'><strong>dicitur:</strong></span> <span class='ocrx_word' id='word_1_776' title='bbox 1697 5467 1714 5499; x_wconf 76' lang='grc' dir='ltr'><strong>ι</strong></span> <span class='ocrx_word' id='word_1_777' title='bbox 1752 5450 1865 5506; x_wconf 80' lang='lat' dir='ltr'><strong>Non</strong></span> <span class='ocrx_word' id='word_1_778' title='bbox 1893 5453 2053 5509; x_wconf 90' lang='lat' dir='ltr'><strong>licere</strong></span> <span class='ocrx_word' id='word_1_779' title='bbox 2075 5457 2364 5525; x_wconf 90' lang='lat' dir='ltr'><strong>cujuslibet</strong></span> 
     </span>
    </p>
   </div>
   <div class='ocr_carea' id='block_1_103' title="bbox 795 5516 2363 5614">
    <p class='ocr_par' dir='ltr' id='par_1_103' title="bbox 795 5516 2363 5614">
     <span class='ocr_line' id='line_1_103' title="bbox 795 5516 2363 5614; baseline 0.02 -42"><span class='ocrx_word' id='word_1_780' title='bbox 795 5516 1048 5577; x_wconf 74' lang='lat' dir='ltr'><strong>Ecclesia:</strong></span> <span class='ocrx_word' id='word_1_781' title='bbox 1070 5523 1234 5579; x_wconf 84' lang='lat' dir='ltr'><strong>lilium</strong></span> <span class='ocrx_word' id='word_1_782' title='bbox 1268 5529 1334 5581; x_wconf 89' lang='lat' dir='ltr'><strong>ad</strong></span> <span class='ocrx_word' id='word_1_783' title='bbox 1361 5530 1616 5598; x_wconf 91' lang='lat' dir='ltr'><strong>majorem</strong></span> <span class='ocrx_word' id='word_1_784' title='bbox 1641 5539 1928 5597; x_wconf 76' lang='lat' dir='ltr'><strong>Ecclesium</strong></span> <span class='ocrx_word' id='word_1_785' title='bbox 1955 5516 2154 5614; x_wconf 77' lang='lat' dir='ltr'><strong>proprii</strong></span> <span class='ocrx_word' id='word_1_786' title='bbox 2177 5561 2363 5604; x_wconf 82' lang='lat' dir='ltr'><strong>reatus</strong></span> 
     </span>
    </p>
   </div>
   <div class='ocr_carea' id='block_1_104' title="bbox 794 5611 2357 5701">
    <p class='ocr_par' dir='ltr' id='par_1_104' title="bbox 794 5611 2357 5701">
     <span class='ocr_line' id='line_1_104' title="bbox 794 5611 2357 5701; baseline 0.022 -38"><span class='ocrx_word' id='word_1_787' title='bbox 794 5611 1046 5682; x_wconf 86' lang='lat' dir='ltr'><strong>episcopi,</strong></span> <span class='ocrx_word' id='word_1_788' title='bbox 1072 5626 1368 5689; x_wconf 68' lang='lat' dir='ltr'><strong>etquaeque</strong></span> <span class='ocrx_word' id='word_1_789' title='bbox 1389 5634 1512 5679; x_wconf 91' lang='lat' dir='ltr'><strong>sunt</strong></span> <span class='ocrx_word' id='word_1_790' title='bbox 1535 5629 1868 5700; x_wconf 88' lang='lat' dir='ltr'><strong>corrigenda,</strong></span> <span class='ocrx_word' id='word_1_791' title='bbox 1893 5611 2122 5701; x_wconf 32' lang='lat' dir='ltr'><strong>tle—ferre,</strong></span> <span class='ocrx_word' id='word_1_792' title='bbox 2148 5659 2164 5691; x_wconf 77' lang='grc' dir='ltr'><strong>ι</strong></span> <span class='ocrx_word' id='word_1_793' title='bbox 2196 5642 2357 5696; x_wconf 91' lang='lat' dir='ltr'><strong>nimis</strong></span> 
     </span>
    </p>
   </div>
   <div class='ocr_carea' id='block_1_105' title="bbox 799 5702 2358 5804">
    <p class='ocr_par' dir='ltr' id='par_1_105' title="bbox 799 5702 2358 5804">
     <span class='ocr_line' id='line_1_105' title="bbox 799 5702 2358 5804; baseline 0.03 -51"><span class='ocrx_word' id='word_1_794' title='bbox 799 5702 1057 5764; x_wconf 75' lang='lat' dir='ltr'><strong>absonum</strong></span> <span class='ocrx_word' id='word_1_795' title='bbox 1109 5719 1159 5768; x_wconf 89' lang='lat' dir='ltr'><strong>et</strong></span> <span class='ocrx_word' id='word_1_796' title='bbox 1188 5729 1409 5786; x_wconf 82' lang='lat' dir='ltr'><strong>prorsus</strong></span> <span class='ocrx_word' id='word_1_797' title='bbox 1438 5717 1811 5794; x_wconf 61' lang='lat' dir='ltr'><strong>ecclesiastica</strong></span> <span class='ocrx_word' id='word_1_798' title='bbox 1841 5727 2134 5800; x_wconf 61' lang='lat' dir='ltr'><strong>disciplina</strong></span> <span class='ocrx_word' id='word_1_799' title='bbox 2160 5734 2358 5804; x_wconf 73' lang='lat' dir='ltr'><strong>proba-</strong></span> 
     </span>
    </p>
   </div>
   <div class='ocr_carea' id='block_1_106' title="bbox 2470 4543 4053 4614">
    <p class='ocr_par' dir='ltr' id='par_1_106' title="bbox 2470 4543 4053 4614">
     <span class='ocr_line' id='line_1_106' title="bbox 2470 4543 4053 4614; baseline 0.006 -22"><span class='ocrx_word' id='word_1_800' title='bbox 2470 4551 2797 4595; x_wconf 88' lang='lat' dir='ltr'><strong>vocaverunt</strong></span> <span class='ocrx_word' id='word_1_801' title='bbox 2824 4560 2835 4594; x_wconf 95' lang='lat'>:</span> <span class='ocrx_word' id='word_1_802' title='bbox 2870 4543 3105 4612; x_wconf 87' lang='lat' dir='ltr'><strong>qualiter</strong></span> <span class='ocrx_word' id='word_1_803' title='bbox 3129 4553 3404 4614; x_wconf 90' lang='lat' dir='ltr'><strong>postremo</strong></span> <span class='ocrx_word' id='word_1_804' title='bbox 3428 4543 3662 4614; x_wconf 87' lang='lat' dir='ltr'><strong>Spiritus</strong></span> <span class='ocrx_word' id='word_1_805' title='bbox 3685 4555 3905 4601; x_wconf 85' lang='lat' dir='ltr'><strong>sanctus</strong></span> <span class='ocrx_word' id='word_1_806' title='bbox 3926 4561 4053 4602; x_wconf 83' lang='lat' dir='ltr'><strong>eum</strong></span> 
     </span>
    </p>
   </div>
   <div class='ocr_carea' id='block_1_107' title="bbox 2469 4629 4053 4707">
    <p class='ocr_par' dir='ltr' id='par_1_107' title="bbox 2469 4629 4053 4707">
     <span class='ocr_line' id='line_1_107' title="bbox 2469 4629 4053 4707; baseline 0.005 -23"><span class='ocrx_word' id='word_1_807' title='bbox 2469 4645 2590 4684; x_wconf 86' lang='lat' dir='ltr'><strong>cum</strong></span> <span class='ocrx_word' id='word_1_808' title='bbox 2621 4629 2726 4684; x_wconf 91' lang='lat' dir='ltr'><strong>illis</strong></span> <span class='ocrx_word' id='word_1_809' title='bbox 2748 4631 2825 4685; x_wconf 90' lang='lat' dir='ltr'><strong>ire</strong></span> <span class='ocrx_word' id='word_1_810' title='bbox 2849 4634 3185 4703; x_wconf 78' lang='lat' dir='ltr'><strong>praeceperit,</strong></span> <span class='ocrx_word' id='word_1_811' title='bbox 3210 4642 3264 4688; x_wconf 92' lang='lat' dir='ltr'><strong>et</strong></span> <span class='ocrx_word' id='word_1_812' title='bbox 3285 4634 3737 4704; x_wconf 91' lang='lat' dir='ltr'><strong>quemadmodum</strong></span> <span class='ocrx_word' id='word_1_813' title='bbox 3764 4635 3904 4691; x_wconf 91' lang='lat' dir='ltr'><strong>idem</strong></span> <span class='ocrx_word' id='word_1_814' title='bbox 3931 4635 4053 4707; x_wconf 90' lang='lat' dir='ltr'><strong>Spi-</strong></span> 
     </span>
    </p>
   </div>
   <div class='ocr_carea' id='block_1_108' title="bbox 2471 4721 4056 4797">
    <p class='ocr_par' dir='ltr' id='par_1_108' title="bbox 2471 4721 4056 4797">
     <span class='ocr_line' id='line_1_108' title="bbox 2471 4721 4056 4797; baseline 0.006 -25"><span class='ocrx_word' id='word_1_815' title='bbox 2471 4721 2606 4774; x_wconf 88' lang='lat' dir='ltr'><strong>ritus</strong></span> <span class='ocrx_word' id='word_1_816' title='bbox 2633 4731 2878 4788; x_wconf 90' lang='lat' dir='ltr'><strong>sanctus,</strong></span> <span class='ocrx_word' id='word_1_817' title='bbox 2905 4724 2996 4792; x_wconf 92' lang='lat' dir='ltr'><strong>qui</strong></span> <span class='ocrx_word' id='word_1_818' title='bbox 3025 4725 3374 4793; x_wconf 85' lang='lat' dir='ltr'><strong>supervenire</strong></span> <span class='ocrx_word' id='word_1_819' title='bbox 3394 4723 3507 4793; x_wconf 90' lang='lat' dir='ltr'><strong>jam</strong></span> <span class='ocrx_word' id='word_1_820' title='bbox 3537 4724 3826 4797; x_wconf 81' lang='lat' dir='ltr'><strong>baptizatis</strong></span> <span class='ocrx_word' id='word_1_821' title='bbox 3862 4724 3920 4779; x_wconf 80' lang='lat' dir='ltr'><strong>i‘n</strong></span> <span class='ocrx_word' id='word_1_822' title='bbox 3960 4723 4056 4781; x_wconf 63' lang='lat' dir='ltr'><strong>Juo</strong></span> 
     </span>
    </p>
   </div>
   <div class='ocr_carea' id='block_1_109' title="bbox 2469 4813 4054 4887">
    <p class='ocr_par' dir='ltr' id='par_1_109' title="bbox 2469 4813 4054 4887">
     <span class='ocr_line' id='line_1_109' title="bbox 2469 4813 4054 4887; baseline 0.004 -20"><span class='ocrx_word' id='word_1_823' title='bbox 2469 4813 2582 4868; x_wconf 69' lang='lat' dir='ltr'><strong>drea</strong></span> <span class='ocrx_word' id='word_1_824' title='bbox 2610 4825 2982 4881; x_wconf 88' lang='lat' dir='ltr'><strong>consueverat,</strong></span> <span class='ocrx_word' id='word_1_825' title='bbox 3015 4817 3068 4871; x_wconf 93' lang='lat' dir='ltr'><strong>in</strong></span> <span class='ocrx_word' id='word_1_826' title='bbox 3094 4817 3325 4887; x_wconf 87' lang='lat' dir='ltr'><strong>gentiles</strong></span> <span class='ocrx_word' id='word_1_827' title='bbox 3361 4825 3416 4873; x_wconf 84' lang='lat' dir='ltr'><strong>et</strong></span> <span class='ocrx_word' id='word_1_828' title='bbox 3455 4825 3580 4872; x_wconf 91' lang='lat' dir='ltr'><strong>ante</strong></span> <span class='ocrx_word' id='word_1_829' title='bbox 3608 4817 3934 4887; x_wconf 85' lang='lat' dir='ltr'><strong>baptismum</strong></span> <span class='ocrx_word' id='word_1_830' title='bbox 3964 4831 4054 4873; x_wconf 80' lang='lat' dir='ltr'><strong>ve-</strong></span> 
     </span>
    </p>
   </div>
   <div class='ocr_carea' id='block_1_110' title="bbox 2469 4907 4056 4982">
    <p class='ocr_par' dir='ltr' id='par_1_110' title="bbox 2469 4907 4056 4982">
     <span class='ocr_line' id='line_1_110' title="bbox 2469 4907 4056 4982; baseline 0.004 -22"><span class='ocrx_word' id='word_1_831' title='bbox 2469 4908 2568 4962; x_wconf 90' lang='lat' dir='ltr'><strong>nit.</strong></span> <span class='ocrx_word' id='word_1_832' title='bbox 2599 4907 2657 4964; x_wconf 92' lang='lat' dir='ltr'><strong>Si</strong></span> <span class='ocrx_word' id='word_1_833' title='bbox 2689 4909 2852 4979; x_wconf 90' lang='lat' dir='ltr'><strong>igitur</strong></span> <span class='ocrx_word' id='word_1_834' title='bbox 2881 4911 2982 4965; x_wconf 91' lang='lat' dir='ltr'><strong>iste</strong></span> <span class='ocrx_word' id='word_1_835' title='bbox 3007 4925 3130 4965; x_wconf 91' lang='lat' dir='ltr'><strong>cum</strong></span> <span class='ocrx_word' id='word_1_836' title='bbox 3155 4926 3185 4964; x_wconf 92' lang='lat' dir='ltr'><strong>a</strong></span> <span class='ocrx_word' id='word_1_837' title='bbox 3213 4911 3491 4982; x_wconf 90' lang='lat' dir='ltr'><strong>discipulis</strong></span> <span class='ocrx_word' id='word_1_838' title='bbox 3516 4909 3842 4980; x_wconf 87' lang='lat' dir='ltr'><strong>culparetur,</strong></span> <span class='ocrx_word' id='word_1_839' title='bbox 3866 4920 4056 4966; x_wconf 86' lang='lat' dir='ltr'><strong>aucto-</strong></span> 
     </span>
    </p>
   </div>
   <div class='ocr_carea' id='block_1_111' title="bbox 2470 4997 4052 5074">
    <p class='ocr_par' dir='ltr' id='par_1_111' title="bbox 2470 4997 4052 5074">
     <span class='ocr_line' id='line_1_111' title="bbox 2470 4997 4052 5074; baseline 0.005 -23"><span class='ocrx_word' id='word_1_840' title='bbox 2470 4997 2682 5052; x_wconf 88' lang='lat' dir='ltr'><strong>ritatem</strong></span> <span class='ocrx_word' id='word_1_841' title='bbox 2708 5041 2722 5064; x_wconf 91' lang='lat'><strong>,</strong></span> <span class='ocrx_word' id='word_1_842' title='bbox 2774 5016 2934 5068; x_wconf 88' lang='lat' dir='ltr'><strong>quam</strong></span> <span class='ocrx_word' id='word_1_843' title='bbox 2984 5001 3039 5056; x_wconf 90' lang='lat' dir='ltr'><strong>in</strong></span> <span class='ocrx_word' id='word_1_844' title='bbox 3071 5011 3257 5057; x_wconf 89' lang='lat' dir='ltr'><strong>sancta</strong></span> <span class='ocrx_word' id='word_1_845' title='bbox 3302 5002 3480 5059; x_wconf 87' lang='lat' dir='ltr'><strong>fuerat</strong></span> <span class='ocrx_word' id='word_1_846' title='bbox 3521 5002 3745 5058; x_wconf 85' lang='lat' dir='ltr'><strong>sortitus</strong></span> <span class='ocrx_word' id='word_1_847' title='bbox 3775 5001 4052 5074; x_wconf 84' lang='lat' dir='ltr'><strong>Ecclesia,</strong></span> 
     </span>
    </p>
   </div>
   <div class='ocr_carea' id='block_1_112' title="bbox 2469 5088 4053 5164">
    <p class='ocr_par' dir='ltr' id='par_1_112' title="bbox 2469 5088 4053 5164">
     <span class='ocr_line' id='line_1_112' title="bbox 2469 5088 4053 5164; baseline 0.008 -24"><span class='ocrx_word' id='word_1_848' title='bbox 2469 5088 2725 5144; x_wconf 89' lang='lat' dir='ltr'><strong>voluisset</strong></span> <span class='ocrx_word' id='word_1_849' title='bbox 2763 5091 3074 5156; x_wconf 89' lang='lat' dir='ltr'><strong>obtendere,</strong></span> <span class='ocrx_word' id='word_1_850' title='bbox 3106 5094 3436 5163; x_wconf 89' lang='lat' dir='ltr'><strong>respondere</strong></span> <span class='ocrx_word' id='word_1_851' title='bbox 3461 5102 3742 5164; x_wconf 88' lang='lat' dir='ltr'><strong>potuerat,</strong></span> <span class='ocrx_word' id='word_1_852' title='bbox 3772 5105 3830 5149; x_wconf 93' lang='lat' dir='ltr'><strong>ut</strong></span> <span class='ocrx_word' id='word_1_853' title='bbox 3869 5105 4053 5164; x_wconf 86' lang='lat' dir='ltr'><strong>pasto-</strong></span> 
     </span>
    </p>
   </div>
   <div class='ocr_carea' id='block_1_113' title="bbox 2470 5185 4054 5257">
    <p class='ocr_par' dir='ltr' id='par_1_113' title="bbox 2470 5185 4054 5257">
     <span class='ocr_line' id='line_1_113' title="bbox 2470 5185 4054 5257; baseline 0.006 -23"><span class='ocrx_word' id='word_1_854' title='bbox 2470 5194 2584 5235; x_wconf 89' lang='lat' dir='ltr'><strong>rem</strong></span> <span class='ocrx_word' id='word_1_855' title='bbox 2615 5197 2771 5237; x_wconf 91' lang='lat' dir='ltr'><strong>suum</strong></span> <span class='ocrx_word' id='word_1_856' title='bbox 2801 5199 2931 5240; x_wconf 88' lang='lat' dir='ltr'><strong>oves</strong></span> <span class='ocrx_word' id='word_1_857' title='bbox 2959 5199 3078 5253; x_wconf 73' lang='lat' dir='ltr'><strong>quae</strong></span> <span class='ocrx_word' id='word_1_858' title='bbox 3106 5185 3207 5240; x_wconf 87' lang='lat' dir='ltr'><strong>sibi</strong></span> <span class='ocrx_word' id='word_1_859' title='bbox 3235 5185 3534 5241; x_wconf 73' lang='lat' dir='ltr'><strong>commissa:</strong></span> <span class='ocrx_word' id='word_1_860' title='bbox 3580 5185 3825 5251; x_wconf 85' lang='lat' dir='ltr'><strong>fuerant,</strong></span> <span class='ocrx_word' id='word_1_861' title='bbox 3869 5202 4054 5257; x_wconf 87' lang='lat' dir='ltr'><strong>repre-</strong></span> 
     </span>
    </p>
   </div>
   <div class='ocr_carea' id='block_1_114' title="bbox 2469 5272 4050 5351">
    <p class='ocr_par' dir='ltr' id='par_1_114' title="bbox 2469 5272 4050 5351">
     <span class='ocr_line' id='line_1_114' title="bbox 2469 5272 4050 5351; baseline 0.006 -26"><span class='ocrx_word' id='word_1_862' title='bbox 2469 5272 2703 5328; x_wconf 87' lang='lat' dir='ltr'><strong>hendere</strong></span> <span class='ocrx_word' id='word_1_863' title='bbox 2750 5289 2854 5330; x_wconf 89' lang='lat' dir='ltr'><strong>non</strong></span> <span class='ocrx_word' id='word_1_864' title='bbox 2898 5276 3180 5332; x_wconf 88' lang='lat' dir='ltr'><strong>auderent.</strong></span> <span class='ocrx_word' id='word_1_865' title='bbox 3230 5277 3336 5332; x_wconf 90' lang='lat' dir='ltr'><strong>Sed</strong></span> <span class='ocrx_word' id='word_1_866' title='bbox 3377 5277 3421 5333; x_wconf 91' lang='lat' dir='ltr'><strong>si</strong></span> <span class='ocrx_word' id='word_1_867' title='bbox 3465 5279 3518 5333; x_wconf 89' lang='lat' dir='ltr'><strong>in</strong></span> <span class='ocrx_word' id='word_1_868' title='bbox 3548 5278 3767 5351; x_wconf 87' lang='lat' dir='ltr'><strong>querela</strong></span> <span class='ocrx_word' id='word_1_869' title='bbox 3808 5277 4050 5335; x_wconf 76' lang='lat' dir='ltr'><strong>ﬁdelium</strong></span> 
     </span>
    </p>
   </div>
   <div class='ocr_carea' id='block_1_115' title="bbox 2470 5366 4050 5442">
    <p class='ocr_par' dir='ltr' id='par_1_115' title="bbox 2470 5366 4050 5442">
     <span class='ocr_line' id='line_1_115' title="bbox 2470 5366 4050 5442; baseline 0.006 -24"><span class='ocrx_word' id='word_1_870' title='bbox 2470 5366 2753 5433; x_wconf 90' lang='lat' dir='ltr'><strong>potestatis</strong></span> <span class='ocrx_word' id='word_1_871' title='bbox 2800 5383 2911 5422; x_wconf 79' lang='lat' dir='ltr'><strong>sua:</strong></span> <span class='ocrx_word' id='word_1_872' title='bbox 2955 5367 3168 5422; x_wconf 91' lang='lat' dir='ltr'><strong>titulum</strong></span> <span class='ocrx_word' id='word_1_873' title='bbox 3211 5367 3527 5438; x_wconf 82' lang='lat' dir='ltr'><strong>objccisset,</strong></span> <span class='ocrx_word' id='word_1_874' title='bbox 3577 5370 3766 5426; x_wconf 91' lang='lat' dir='ltr'><strong>doctor</strong></span> <span class='ocrx_word' id='word_1_875' title='bbox 3808 5371 4050 5442; x_wconf 87' lang='lat' dir='ltr'><strong>profecto</strong></span> 
     </span>
    </p>
   </div>
   <div class='ocr_carea' id='block_1_116' title="bbox 2470 5460 4047 5534">
    <p class='ocr_par' dir='ltr' id='par_1_116' title="bbox 2470 5460 4047 5534">
     <span class='ocr_line' id='line_1_116' title="bbox 2470 5460 4047 5534; baseline 0.006 -26"><span class='ocrx_word' id='word_1_876' title='bbox 2470 5460 2895 5513; x_wconf 82' lang='lat' dir='ltr'><strong>mansuetudinis</strong></span> <span class='ocrx_word' id='word_1_877' title='bbox 2942 5477 3045 5515; x_wconf 89' lang='lat' dir='ltr'><strong>non</strong></span> <span class='ocrx_word' id='word_1_878' title='bbox 3078 5461 3285 5515; x_wconf 84' lang='lat' dir='ltr'><strong>fuisset.</strong></span> <span class='ocrx_word' id='word_1_879' title='bbox 3332 5460 3449 5515; x_wconf 76' lang='lat' dir='ltr'><strong>Non</strong></span> <span class='ocrx_word' id='word_1_880' title='bbox 3484 5476 3614 5530; x_wconf 81' lang='lat' dir='ltr'><strong>ergo</strong></span> <span class='ocrx_word' id='word_1_881' title='bbox 3643 5476 3736 5517; x_wconf 81' lang='lat' dir='ltr'><strong>eos</strong></span> <span class='ocrx_word' id='word_1_882' title='bbox 3780 5463 4047 5534; x_wconf 72' lang='lat' dir='ltr'><strong>privilegii</strong></span> 
     </span>
    </p>
   </div>
   <div class='ocr_carea' id='block_1_117' title="bbox 2469 5549 4052 5622">
    <p class='ocr_par' dir='ltr' id='par_1_117' title="bbox 2469 5549 4052 5622">
     <span class='ocr_line' id='line_1_117' title="bbox 2469 5549 4052 5622; baseline 0.004 -20"><span class='ocrx_word' id='word_1_883' title='bbox 2469 5549 2547 5602; x_wconf 87' lang='lat' dir='ltr'><strong>sui</strong></span> <span class='ocrx_word' id='word_1_884' title='bbox 2595 5554 2916 5604; x_wconf 73' lang='lat' dir='ltr'><strong>auctoritate</strong></span> <span class='ocrx_word' id='word_1_885' title='bbox 2948 5552 3222 5621; x_wconf 83' lang='lat' dir='ltr'><strong>repressit,</strong></span> <span class='ocrx_word' id='word_1_886' title='bbox 3264 5553 3358 5606; x_wconf 87' lang='lat' dir='ltr'><strong>sed</strong></span> <span class='ocrx_word' id='word_1_887' title='bbox 3405 5553 3590 5610; x_wconf 81' lang='lat' dir='ltr'><strong>humili</strong></span> <span class='ocrx_word' id='word_1_888' title='bbox 3628 5554 3806 5622; x_wconf 90' lang='lat' dir='ltr'><strong>potius</strong></span> <span class='ocrx_word' id='word_1_889' title='bbox 3834 5555 4052 5610; x_wconf 78' lang='lat' dir='ltr'><strong>satisfa-</strong></span> 
     </span>
    </p>
   </div>
   <div class='ocr_carea' id='block_1_118' title="bbox 2469 5643 4046 5714">
    <p class='ocr_par' dir='ltr' id='par_1_118' title="bbox 2469 5643 4046 5714">
     <span class='ocr_line' id='line_1_118' title="bbox 2469 5643 4046 5714; baseline 0.004 -19"><span class='ocrx_word' id='word_1_890' title='bbox 2469 5643 2645 5697; x_wconf 89' lang='lat' dir='ltr'><strong>ctione</strong></span> <span class='ocrx_word' id='word_1_891' title='bbox 2678 5645 2939 5714; x_wconf 86' lang='lat' dir='ltr'><strong>placavit;</strong></span> <span class='ocrx_word' id='word_1_892' title='bbox 2973 5655 3021 5698; x_wconf 87' lang='lat' dir='ltr'><strong>et</strong></span> <span class='ocrx_word' id='word_1_893' title='bbox 3056 5655 3310 5714; x_wconf 88' lang='lat' dir='ltr'><strong>tanquam</strong></span> <span class='ocrx_word' id='word_1_894' title='bbox 3343 5645 3491 5700; x_wconf 86' lang='lat' dir='ltr'><strong>solus</strong></span> <span class='ocrx_word' id='word_1_895' title='bbox 3518 5645 3629 5713; x_wconf 89' lang='lat' dir='ltr'><strong>ipse</strong></span> <span class='ocrx_word' id='word_1_896' title='bbox 3650 5645 3718 5700; x_wconf 89' lang='lat' dir='ltr'><strong>ad</strong></span> <span class='ocrx_word' id='word_1_897' title='bbox 3745 5645 4046 5702; x_wconf 79' lang='lat' dir='ltr'><strong>faciendam</strong></span> 
     </span>
    </p>
   </div>
   <div class='ocr_carea' id='block_1_119' title="bbox 2468 5735 4048 5807">
    <p class='ocr_par' dir='ltr' id='par_1_119' title="bbox 2468 5735 4048 5807">
     <span class='ocr_line' id='line_1_119' title="bbox 2468 5735 4048 5807; baseline 0.004 -17"><span class='ocrx_word' id='word_1_898' title='bbox 2468 5735 2628 5791; x_wconf 80' lang='lat' dir='ltr'><strong>fidem</strong></span> <span class='ocrx_word' id='word_1_899' title='bbox 2657 5753 2761 5795; x_wconf 87' lang='lat' dir='ltr'><strong>non</strong></span> <span class='ocrx_word' id='word_1_900' title='bbox 2792 5738 3078 5807; x_wconf 71' lang='lat' dir='ltr'><strong>sutliceret,</strong></span> <span class='ocrx_word' id='word_1_901' title='bbox 3108 5738 3274 5798; x_wconf 84' lang='lat' dir='ltr'><strong>etiam</strong></span> <span class='ocrx_word' id='word_1_902' title='bbox 3304 5745 3470 5798; x_wconf 74' lang='lat' dir='ltr'><strong>testes</strong></span> <span class='ocrx_word' id='word_1_903' title='bbox 3500 5737 3781 5796; x_wconf 84' lang='lat' dir='ltr'><strong>adhibuit:</strong></span> <span class='ocrx_word' id='word_1_904' title='bbox 3817 5757 3836 5793; x_wconf 81' lang='grc' dir='ltr'><strong>ι</strong></span> <span class='ocrx_word' id='word_1_905' title='bbox 3874 5737 4048 5796; x_wconf 80' lang='lat' dir='ltr'><strong>Vene-</strong></span> 
     </span>
    </p>
   </div>
  </div>
