4260 6396
354 369 446 434 Si?

354 485 920 560 runt,inquit,mecum
943 489 1002 541 et
1024 499 1122 542 sex
1145 481 1350 541 fratres
1375 483 1489 540 isti.
1521 503 1540 537 ι
1567 483 1757 541 Discat
1777 497 1935 555 ergo,
1963 485 2017 544 Δ

355 599 458 640 cum
485 581 546 637 de
569 580 684 637 suis
711 579 924 638 actibus
951 577 1279 636 convenitur
1310 579 1634 650 episcopus,
1663 577 1936 634 rationem

354 674 606 732 humiliter
642 673 897 739 reddere,
931 686 1037 728 non
1086 671 1152 728 de
1197 672 1284 728 sul
1322 671 1592 744 primatus
1636 670 1936 727 eminentia

354 766 641 840 superbire;
673 781 778 823 nec
805 765 922 822 fleri
957 765 1059 823 sibi
1089 765 1279 823 credat
1309 763 1588 835 injuriam,
1619 781 1743 822 cum
1768 781 1800 821 a
1827 763 1934 820 mi-

352 859 454 917 nori
478 857 788 930 corripitur,
830 856 924 914 sed
952 857 1327 914 consulentem
1371 858 1582 929 potius,
1631 857 1715 913 ve!
1754 854 1935 912 medio

351 967 460 1010 cum
499 950 573 1017 sui
607 950 851 1008 vulneris
873 951 1191 1008 arbitretur.
1234 951 1492 1023 Nunquid
1529 951 1677 1008 enim
1721 950 1935 1006 Natban

349 1044 620 1118 propheta,
676 1059 802 1100 cum
844 1043 1013 1101 David
1054 1052 1164 1100 tam
1203 1053 1436 1100 austera:
1488 1043 1799 1100 severitatis
1851 1044 1936 1098 in-

352 1140 576 1196 vectione
617 1139 914 1210 corripuit.
961 1138 1393 1212 indignationem
1439 1138 1572 1210 regii
1623 1145 1804 1193 motus
1851 1137 1936 1192 in-

350 1229 542 1288 currit?
586 1227 842 1302 Nunquid
874 1229 964 1286 ille
999 1229 1198 1302 regalis
1224 1229 1561 1287 excellentia:
1592 1228 1808 1287 culmen
1837 1244 1935 1300 op-

349 1320 527 1394 posuit,
575 1337 640 1377 ac
689 1321 837 1377 velut
880 1320 1084 1378 illatam
1132 1337 1163 1377 a
1210 1320 1456 1392 subjecto
1501 1336 1602 1378 suo
1651 1329 1935 1378 contume-

349 1411 463 1468 liam
490 1412 866 1484 propulsavit?
903 1411 1010 1470 Sed
1041 1429 1168 1470 mox
1193 1422 1255 1470 ut
1278 1429 1340 1471 se
1365 1415 1620 1485 cognovit
1643 1426 1934 1486 aegrotum,

349 1505 568 1574 suscepit
605 1503 840 1560 libenter
884 1505 1228 1562 antidotum:
1271 1505 1482 1562 detexit
1509 1505 1726 1571 vulnus,
1760 1518 1816 1562 et
1847 1520 1937 1563 se-

348 1597 527 1653 ctionis
554 1612 668 1652 suae
697 1612 805 1654 non
830 1599 1115 1656 exhorruit
1142 1599 1563 1657 ferramentum.
1593 1600 1731 1658 Vide
1760 1599 1937 1657 humi-

347 1686 441 1744 lem
470 1686 819 1759 languidum:
865 1708 884 1742 ι
927 1689 1177 1755 Peccavi,
1210 1691 1410 1762 inquit,
1441 1691 1692 1748 Domino.
1731 1712 1750 1746 ι
1793 1691 1936 1747 Audi

348 1779 496 1835 etiam
522 1777 678 1835 velox
719 1780 1006 1837 medicina:
1048 1782 1388 1838 remedium:
1436 1801 1454 1834 ι
1485 1781 1790 1838 Transtulit
1823 1783 1934 1841 Do-

347 1873 514 1928 minus
541 1883 826 1943 peceatum
861 1884 1036 1940 tuum,
1058 1890 1170 1930 non
1201 1873 1455 1931 morieris
1491 1873 1575 1948 (Il
1613 1873 1743 1946 Reg.
1773 1875 1930 1948 xu).i
1967 1869 2018 1933 Β

348 1965 384 2020 F.
405 1977 583 2023 contra
615 1983 710 2023 rex
739 1968 946 2032 Achab,
985 1970 1078 2040 qui
1105 1970 1495 2040 corripientem
1525 1984 1586 2025 se
1613 1969 1940 2040 prophetam

348 2061 521 2116 audire
548 2061 815 2132 despexit,
847 2061 1069 2117 ultionis
1091 2062 1326 2134 gladium
1345 2103 1360 2127 ,
1403 2077 1566 2132 quem
1591 2061 1680 2116 ille
1701 2061 1942 2117 minatus

349 2160 442 2217 est,
469 2167 572 2208 non
611 2153 809 2208 evasit.
842 2171 861 2205 ι
891 2151 1030 2220 Quia
1072 2153 1367 2218 dimisisti,
1410 2153 1610 2226 inquit,
1640 2153 1820 2208 virum
1853 2152 1938 2208 di-

351 2263 501 2319 gnum
530 2257 707 2304 morte
731 2248 799 2303 de
826 2263 991 2303 manu
1026 2257 1140 2314 tua,
1173 2249 1279 2304 erit
1300 2250 1483 2303 anima
1519 2257 1608 2302 tua
1637 2264 1736 2318 pro
1757 2247 1942 2304 anima

353 2341 480 2411 ejus,
508 2351 562 2396 et
585 2341 818 2412 populus
847 2351 970 2398 tuus
995 2357 1095 2413 pro
1125 2342 1324 2414 populo
1349 2341 1602 2414 ejus(lll
1626 2341 1758 2413 Reg.
1777 2341 1894 2411 xx).
1918 2358 1937 2393 ι

351 2430 505 2502 David
531 2447 662 2502 ergo
693 2432 909 2502 culpam
938 2449 1093 2487 suam
1120 2433 1504 2502 equanimiter
1528 2434 1778 2498 audiens,
1812 2447 1943 2488 sen-

348 2522 557 2578 tentiam
594 2521 699 2594 15
728 2524 939 2588 mortis,
968 2540 1133 2595 quam
1163 2524 1500 2592 merebatur,
1525 2525 1730 2582 evasit:
1753 2523 1945 2584 Achab

348 2624 516 2669 autem
545 2615 909 2686 correptionis
932 2617 1248 2686 impatiens,
1289 2617 1472 2688 impiae
1497 2617 1750 2687 pietatis,
1778 2631 1944 2687 quam

349 2709 555 2777 indigno
598 2709 712 2780 regi
757 2708 1091 2773 contulerat,
1125 2709 1340 2766 veniam
1372 2725 1482 2765 non
1523 2710 1754 2764 invenit.
1795 2707 1948 2764 Nun-

347 2802 468 2874 quid
492 2811 547 2856 et
575 2801 834 2857 mulieres
872 2802 1008 2868 illze,
1047 2802 1277 2871 hospita:
1305 2800 1560 2857 videlicet
1606 2800 1945 2867 Salvator-is,

349 2894 566 2950 invicem
596 2895 744 2950 inter
772 2911 832 2952 se
857 2895 1226 2967 litigaverunt.
1266 2895 1401 2974 dum.
1421 2894 1592 2951 altera
1622 2903 1949 2965 quereretur

347 2986 595 3042 adversus
622 2987 880 3054 alteram,
913 2988 1041 3057 quia
1068 2987 1239 3043 solam
1273 3003 1332 3042 se
1362 2987 1679 3042 ministrare
1708 2987 1950 3057 compel-

348 3075 507 3134 leret?
532 3078 686 3150 (Luc.
719 3081 800 3153 x.)
834 3081 1055 3136 Poterat
1096 3082 1241 3137 enim
1279 3081 1451 3138 Maria
1492 3081 1700 3149 dicere,
1733 3090 1951 3138 nostro-

350 3189 460 3230 rum
480 3190 630 3231 more
665 3176 986 3247 pontificum
1016 3194 1028 3230 :
1070 3176 1353 3232 Accusasti
1396 3190 1505 3243 me,
1534 3185 1590 3232 et
1617 3175 1856 3246 torporis
1883 3189 1950 3231 ac

352 3263 680 3335 negligentia:
718 3266 1120 3322 condemnasti.
1171 3265 1288 3322 Non
1333 3281 1466 3322 sane
1499 3267 1681 3322 omnis
1723 3266 1949 3339 querela
1977 3248 2024 3312 C

349 3358 579 3427 protinus
611 3360 891 3415 accusatio
935 3359 1164 3416 dicenda
1211 3370 1315 3416 est.
1362 3360 1499 3417 Nam
1541 3360 1686 3417 aliud
1726 3361 1951 3432 querela

351 3450 754 3519 compassionis,
785 3449 930 3506 aliud
971 3453 1247 3508 accusatio
1272 3452 1567 3508 simultatis
1593 3462 1650 3508 et
1679 3453 1811 3509 odii.
1841 3453 1951 3510 Ista

352 3538 597 3597 nimimm
648 3541 743 3608 ﬁt,
776 3552 836 3597 ut
878 3542 1107 3601 olfensio
1137 3544 1480 3616 corrigatur;
1525 3545 1616 3601 illa
1655 3559 1788 3601 vero
1817 3555 1878 3601 ut
1905 3546 1953 3605 is

347 3630 429 3698 qui
453 3629 774 3700 oﬂenderat,
798 3635 1213 3691 condemnetur.
1246 3636 1465 3692 Petrum
1491 3635 1649 3706 plane
1671 3636 1726 3691 in
1752 3635 1950 3694 faciem

349 3725 596 3781 resistens
627 3727 833 3784 Paulus
860 3726 1132 3800 objurgat,
1169 3737 1226 3783 et
1260 3743 1448 3784 coram
1476 3729 1736 3787 omnibus
1767 3744 1951 3800 repre-

350 3813 656 3872 hensibilem
685 3817 899 3886 judicat
948 3817 1148 3890 (Galat.
1196 3819 1342 3892 vm).
1388 3821 1542 3888 Quod
1593 3821 1683 3878 ille
1734 3839 1842 3880 non
1895 3823 1952 3879 in

347 3910 705 3967 accusationis
735 3911 859 3967 tulit
887 3912 1165 3984 injuriam,
1196 3915 1292 3971 sed
1329 3915 1565 3988 benigne
1590 3927 1644 3972 et
1675 3919 1952 3988 patienter

346 4005 562 4074 accepit,
597 4007 745 4075 quod
779 4022 885 4062 non
919 4023 985 4062 ex
1014 4007 1204 4074 livore,
1239 4009 1333 4065 sed
1361 4025 1430 4065 ex
1464 4011 1733 4067 charitate
1761 4026 1952 4081 proce-

346 4091 465 4150 dere
499 4099 791 4170 perspicue
834 4101 1170 4171 recognovit.
1222 4101 1330 4158 Sed
1379 4117 1508 4158 ccce
1553 4103 1792 4159 dicitur:
1839 4105 1952 4176 Ego

346 4198 452 4240 sum
475 4189 788 4260 episcopus,
821 4204 921 4261 ego
945 4207 1065 4247 sum
1097 4201 1286 4262 pastor
1324 4193 1604 4261 Ecclesiae,
1642 4211 1749 4251 non
1779 4196 1952 4254 debeo

348 4295 375 4335 a
401 4277 710 4342 commissis
751 4287 947 4342 ovibus
985 4289 1400 4345 accusationum
1427 4300 1619 4362 patere
1650 4292 1948 4360 molestiis;

347 4376 532 4430 etenim
582 4378 648 4434 in.
681 4393 847 4434 causa
885 4379 1008 4435 fidei
1041 4380 1239 4451 dignus
1277 4396 1400 4436 sum
1446 4383 1614 4437 etiam
1665 4383 1719 4437 in
1768 4384 1952 4454 pravis

346 4467 576 4526 moribus
603 4472 994 4542 mquanimiter
1041 4473 1197 4530 ferri.
1251 4473 1358 4531 Sed
1402 4477 1490 4532 die
1537 4477 1670 4532 mihi
1700 4478 1952 4549 quisquis

347 4573 420 4624 es,
449 4563 694 4633 nunquid
742 4580 851 4620 non
891 4565 1068 4639 legisti
1097 4569 1242 4637 quod
1272 4567 1324 4622 in
1357 4568 1652 4640 Evangelio
1684 4570 1948 4640 scriptum

345 4660 455 4709 est:
492 4673 510 4709 ‹
543 4654 598 4712 Si
633 4660 952 4727 peccaverit
995 4660 1050 4714 in
1094 4669 1144 4717 te
1187 4660 1360 4718 frater
1392 4673 1548 4729 tuus,
1584 4661 1799 4734 corripe
1823 4679 1948 4720 eum

347 4745 477 4803 inter
507 4759 560 4806 te
586 4761 643 4808 et
669 4753 849 4822 ipsum
874 4754 1047 4810 solum
1075 4775 1088 4810 :
1132 4756 1178 4811 si
1222 4766 1275 4812 te
1307 4757 1576 4826 audierit,
1605 4758 1851 4816 lucratus
1890 4774 1950 4816 es

348 4838 556 4899 fratrem
583 4855 776 4911 tuum;
801 4847 845 4902 si
873 4856 925 4902 te
947 4863 1054 4904 non
1079 4850 1337 4916 audierit,
1364 4851 1562 4907 adhibe
1583 4861 1764 4909 tecum
1787 4856 1946 4921 duos,

348 4935 420 4988 vel
450 4946 557 4992 tres
589 4947 798 5005 testes;
831 4948 890 4995 ut
919 4941 971 4996 in
1001 4957 1098 4998 ore
1135 4944 1387 5011 duorum,
1413 4944 1497 5000 vel
1531 4946 1694 5001 trium
1725 4948 1946 5004 testium

347 5038 440 5083 stet
468 5045 630 5089 omne
660 5033 929 5099 verbum;
967 5036 1022 5092 ’si
1054 5045 1235 5093 autem
1283 5053 1378 5093 eos
1419 5055 1528 5094 non
1559 5040 1826 5107 audierit,
1861 5042 1947 5098 dic

351 5121 626 5182 Ecclesiae?
650 5145 669 5178 ι
693 5126 913 5198 (Matth.
933 5130 1115 5201 xvlu.)
1139 5131 1196 5185 Si
1225 5131 1486 5188 Ecclesiae
1509 5145 1641 5202 ergo
1667 5133 1955 5190 referenda

348 5224 598 5274 estcausa
630 5221 1005 5291 quorumlibet
1049 5223 1279 5278 fratrum
1299 5268 1313 5288 ,
1345 5226 1622 5296 quomodo
1651 5242 1758 5281 non
1789 5228 1956 5283 etiam

352 5312 677 5370 sacerdotum
701 5316 727 5368 ?
766 5313 936 5372 Porro
977 5317 1022 5371 si
1067 5319 1325 5374 sacerdos
1354 5319 1446 5390 qui
1483 5319 1534 5374 in
1562 5319 1808 5376 Ecclesia
1832 5338 1961 5392 pec-

353 5413 450 5472 cat,
479 5408 810 5480 dedignatur
839 5413 892 5467 in
940 5412 1184 5469 Ecclesia
1227 5415 1460 5479 discuti,
1495 5417 1616 5486 quis
1657 5415 1767 5485 jam
1819 5417 1960 5474 ferat

358 5495 596 5558 Ecclesiae
621 5519 681 5559 se
713 5505 928 5576 legibus
962 5509 1244 5564 coerceri?
1272 5508 1443 5565 Porro
1469 5511 1514 5565 si
1558 5511 1816 5566 Ecclesia:
1856 5521 1960 5568 tua:

359 5586 495 5655 ﬁliis,
543 5604 602 5650 ut
649 5599 887 5663 asseris,
928 5599 1216 5655 adversum
1267 5609 1318 5656 te
1369 5602 1568 5656 mutire
1619 5619 1724 5655 non
1765 5602 1958 5669 liceat,

358 5685 579 5753 nunquid
608 5689 833 5745 aliunde
864 5691 1194 5760 producendi
1238 5703 1366 5748 sunt
1415 5702 1614 5759 testes,
1647 5695 1738 5764 qui
1784 5704 1866 5759 te,
1901 5704 1958 5750 et

362 5780 440 5830 illa
481 5792 578 5849 per
619 5781 929 5839 absentiam
975 5785 1284 5841 domestic-1e
1329 5787 1754 5843 cohabitationis
1803 5789 1956 5860 igno-

361 5883 510 5938 rant?
545 5882 603 5940 Β.
637 5882 742 5939 Job
772 5881 943 5938 dicit:
993 5901 1009 5932 ι
1041 5878 1098 5935 Si
1128 5881 1429 5954 contempsi
1472 5881 1656 5938 subire
1682 5880 1951 5953 judicium

1420 362 1630 424 LIBER
1668 361 1960 436 PRIMUS,
1992 359 2214 424 EPIS'I‘.
2245 355 2385 422 XIII.

1980 4629 2032 4688 D

3556 348 3670 414 218

2042 495 2168 538 cum
2211 493 2373 538 servo
2399 491 2525 536 meo
2552 476 2680 553 (Job
2705 477 2895 551 xxxi);
2928 493 2949 529 ι
2975 474 3116 548 θιζιιι
3145 473 3321 532 dicis:
3365 471 3527 529 Absit
3547 513 3561 535 ,
3607 479 3668 527 ut

2042 571 2235 644 digner
2281 571 2350 628 ad
2399 585 2633 628 examen
2667 570 2859 626 venire
2907 583 3032 626 cum
3082 567 3286 624 clerico
3329 580 3473 622 meo.
3525 563 3672 619 Deus

2040 668 2391 738 Omnipotens
2425 681 2525 739 per
2550 665 2752 722 lsaiatn
2783 664 3026 722 clamat:
3074 680 3093 715 ι
3125 659 3378 717 Judicate
3424 656 3632 730 pupillo
3652 697 3668 723 ,

2040 759 2319 817 defendite
2346 760 2609 826 viduam,
2639 766 2696 815 et
2721 757 2936 825 venite,
2976 755 3191 827 arguite
3248 768 3338 808 me
3382 749 3519 824 (Isa.
3551 748 3613 821 ι).
3647 767 3670 802 ι

2041 854 2100 912 Si
2129 856 2177 912 is
2209 855 2302 926 qui
2326 854 2542 925 judicat
2572 853 2781 920 omnia,
2821 868 2932 909 non
2960 851 3290 924 dedignatur
3320 865 3349 904 a
3383 845 3561 902 servis
3584 861 3675 898 ar-

2039 948 2162 1020 gui;
2198 956 2258 1003 tu
2285 962 2481 1004 servus
2519 948 2710 1018 utique
2736 959 2864 1003 eum
2891 958 3160 1002 conservo
3192 943 3247 998 in
3277 940 3548 1012 judicium
3577 952 3674 992 vc-

2039 1039 2162 1095 nire
2191 1036 2451 1094 fastidis?
2489 1036 2559 1094 Et
2599 1053 2723 1095 cum
2769 1037 2847 1094 sis
2894 1047 3042 1092 terra
3077 1043 3133 1091 et
3167 1033 3341 1100 cinis,
3368 1031 3574 1088 vermis
3609 1043 3675 1083 ac

2039 1134 2238 1206 pulvis,
2257 1133 2552 1190 humiliare
2574 1142 2628 1191 te
2655 1134 2896 1206 despicis
2919 1132 2987 1187 ad
3009 1130 3306 1203 imaginem
3333 1123 3675 1185 conditoris?

2039 1227 2355 1285 Praesertim
2387 1241 2514 1283 cum
2555 1226 2844 1299 Scriptura
2879 1225 3065 1281 dicat:
3101 1241 3121 1275 ‹
3155 1223 3361 1279 Ducem
3397 1228 3448 1276 te
3474 1217 3676 1275 consti~

2041 1328 2303 1375 tuerunt:
2347 1319 2460 1376 noli
2488 1319 2699 1386 extolli,
2728 1318 2825 1376 sed
2857 1327 2976 1374 esto
3003 1317 3057 1372 in
3091 1316 3198 1371 illis
3227 1313 3386 1386 quasi
3424 1327 3567 1368 llllUS
3607 1325 3673 1368 cx

2037 1410 2148 1468 illis
2175 1410 2370 1482 (Ecct'i.
2403 1411 2606 1482 xxxn).
2640 1428 2659 1463 ι
2692 1409 2797 1478 Qui
2824 1408 2985 1480 plane
3017 1406 3252 1474 nesciat,
3277 1404 3405 1475 quia
3428 1398 3677 1460 Samueli

2039 1503 2343 1561 Israelitica
2393 1503 2550 1575 plebs
2599 1502 2976 1575 praeiudicium
3029 1499 3258 1566 intulit,
3312 1511 3552 1567 eumque
3608 1493 3676 1550 de

2040 1597 2353 1671 principatu
2396 1595 2601 1668 injuste
2645 1595 2880 1666 dejecit?
2915 1594 2983 1651 Et
3014 1609 3140 1650 cum
3174 1607 3271 1648 eos
3297 1605 3529 1661 arguere
3558 1602 3679 1644 rue-

2042 1693 2150 1749 rito
2177 1691 2468 1764 potuisset,
2502 1690 2649 1746 ultro
2685 1706 2746 1747 se
2774 1687 3120 1762 arguendum
3156 1685 3324 1741 nullis
3360 1680 3678 1740 accusanti-

2040 1785 2146 1841 bus
2169 1785 2406 1851 obtulit;
2438 1799 2495 1841 et
2517 1794 2704 1840 utrum
2735 1798 2832 1839 eos
2865 1783 2918 1838 iu
2947 1781 3133 1852 aliquo
3153 1779 3429 1836 violenter
3450 1789 3678 1847 oppres-

2044 1879 2202 1945 serit,
2235 1878 2561 1950 iuquisivit:
2604 1896 2623 1932 ι
2667 1877 2810 1933 Ecce
2835 1886 3037 1948 praesto
3068 1889 3224 1940 sum,
3251 1871 3463 1942 inquit,
3493 1869 3673 1940 loqui-

2047 1970 2184 2026 mini
2217 1969 2402 2026 deme
2427 1985 2615 2025 coram
2661 1969 2896 2024 Domino
2940 1977 2995 2024 et
3039 1966 3265 2025 Christo
3307 1965 3449 2036 ejus,
3495 1971 3684 2017 utrum

2047 2062 2244 2116 bovem
2279 2059 2605 2131 cujusquam
2640 2059 2890 2121 tulerim,
2933 2069 3031 2114 aut
3071 2058 3290 2113 asinum
3322 2073 3336 2111 :
3390 2055 3436 2112 si
3485 2069 3682 2128 quem-

2048 2169 2216 2224 quam
2255 2153 2629 2210 calumniatus
2658 2169 2800 2220 sum,
2831 2153 2879 2208 si
2919 2151 3169 2224 oppressi
3216 2151 3486 2222 aliquem,
3528 2151 3573 2206 si
3616 2148 3686 2206 de

2052 2263 2217 2303 manu
2245 2246 2552 2319 cujuSpiam
2588 2263 2790 2303 munus
2820 2245 3008 2317 accepi
3038 2266 3052 2301 :
3085 2255 3136 2303 et
3164 2254 3516 2302 contemnam
3551 2241 3687 2299 'llud

2049 2343 2235 2409 hodie,
2280 2344 2683 2416 restitutamque
2712 2343 2869 2399 vobis
2918 2341 2982 2415 (1
3034 2341 3170 2413 Reg.
3220 2340 3415 2413 xvnt).
3473 2358 3491 2391 ν
3548 2337 3686 2394 Cum

2051 2450 2184 2505 ergo
2236 2445 2347 2492 tam
2403 2435 2899 2508 incomparabiles,
2957 2443 3068 2490 tam
3125 2435 3469 2498 eminentes,
3525 2440 3688 2502 atque

2051 2528 2316 2584 sublimes
2361 2529 2464 2583 viri
2517 2529 2783 2601 subjectis
2838 2527 2955 2585 suis
3013 2527 3286 2584 rationem
3342 2525 3573 2582 reddere
3621 2522 3692 2579 de

2051 2623 2292 2695 propriis
2343 2623 2559 2680 actibus
2610 2639 2720 2680 non
2773 2621 3123 2691 despiciant,
3180 2619 3306 2691 quis
3357 2615 3688 2690 arrogantiae

2054 2720 2233 2784 typus,
2263 2714 2389 2782 quis
2423 2713 2526 2769 iste
2573 2721 2739 2767 tantae
2778 2711 3052 2783 superbire
3093 2710 3292 2779 fastus,
3325 2711 3471 2780 quod
3511 2720 3690 2764 sacer-

2053 2803 2152 2858 dos
2182 2803 2344 2874 hujus
2375 2805 2639 2876 temporis
2668 2804 3048 2858 intumescens
3069 2843 3084 2867 ,
3112 2800 3331 2858 titulum
3357 2799 3454 2855 sui
3486 2811 3692 2869 praestt-

2053 2895 2196 2951 latus
2227 2907 2498 2966 opponat;
2532 2906 2587 2950 et
2613 2895 2873 2952 Ecclesia:
2899 2911 3013 2952 sua:
3047 2895 3156 2968 ιθ
3183 2895 3332 2959 liliis,
3363 2893 3457 2965 qui
3484 2905 3546 2947 se
3573 2905 3690 2963 gra-

2053 2997 2214 3044 vatos
2238 2998 2514 3046 asserunt.
2544 3005 2607 3044 ex
2640 3003 2798 3060 :equo
2830 2989 2886 3044 in
2912 2987 3124 3057 judicio
3150 3002 3259 3043 non
3291 2985 3669 3058 respondeat?

2126 3079 2465 3136 Exclndatur
2491 3095 2623 3152 ergo
2655 3082 2726 3136 ab
2750 3080 3129 3136 ecclesiastica
3169 3077 3458 3149 disciplina
3506 3076 3696 3148 perni-

2056 3173 2222 3229 ciosa:
2249 3175 2666 3230 consuetudinis
2708 3173 2915 3245 regula,
2959 3173 3186 3229 tollatur
3215 3173 3332 3227 ha-c
3360 3169 3688 3242 subterfugii

2055 3275 2275 3322 versuta
2306 3265 2620 3322 calliditas:
2661 3275 2724 3322 ut
2765 3267 2814 3324 is
2846 3265 2939 3336 qui
2986 3274 3101 3323 tam
3148 3265 3425 3336 perversis
3463 3263 3691 3322 audacis

2055 3360 2333 3432 superbiae
2376 3360 2802 3433 allegationibus
2846 3361 3058 3430 utitur,
3103 3361 3509 3417 immunitatem
3539 3373 3695 3415 com-

2057 3452 2212 3508 missi
2241 3452 2442 3523 piaculi
2472 3469 2581 3508 non
2614 3453 2880 3509 lucretur.
2910 3452 3084 3510 Justis
3119 3468 3253 3526 ergo
3284 3452 3524 3523 querelis
3555 3449 3695 3507 liber

2057 3554 2244 3615 pateat
2271 3545 2478 3614 aditus,
2519 3546 2681 3603 liccat
2716 3547 2860 3618 apud
2904 3547 3198 3618 primatem
3227 3545 3531 3602 Ecclesiam
3559 3560 3694 3601 con-

2057 3637 2241 3704 queri,
2270 3652 2393 3708 qua:
2420 3652 2480 3693 se
2513 3653 2543 3693 a
2573 3653 2674 3694 suo
2705 3637 2968 3710 pontifice
3002 3638 3208 3695 viderit
3231 3637 3588 3710 praegravari,
3619 3650 3691 3692 ne

2058 3728 2126 3784 de
2151 3728 2406 3784 sublimis
2437 3731 2818 3802 praerogativa:
2848 3730 3236 3803 singularitate
3259 3729 3565 3801 superbiat,
3594 3727 3691 3800 qui

2057 3834 2117 3875 se
2143 3835 2242 3890 per
2271 3819 2605 3892 arrogantiae
2645 3819 2847 3876 fastum
2875 3819 3147 3876 fratribus
3179 3835 3288 3876 non
3314 3828 3584 3891 coacquat.
3623 3817 3695 3874 Et

2058 3913 2154 3983 qui
2202 3914 2512 3970 censoriam
2565 3929 2733 3985 super
2785 3913 2924 3972 alios
2978 3913 3228 3971 concutit
3272 3913 3522 3984 virgam,
3573 3912 3694 3984 ipse

2057 4025 2281 4081 quoque
2315 4026 2484 4081 super
2527 4027 2588 4068 se
2627 4011 2836 4082 vigoris
2879 4011 3244 4070 ecclesiastici
3287 4011 3491 4068 sentiat
3524 4009 3694 4066 discl-

2058 4104 2284 4174 plinam.
2338 4103 2556 4174 Quique
2605 4120 2714 4160 non
2767 4103 3072 4160 humanum
3127 4112 3327 4172 sonat,
3376 4101 3475 4158 sed
3527 4115 3695 4173 super

2059 4197 2196 4251 alios
2223 4197 2381 4265 quasi
2432 4196 2615 4268 l'ulgnr
2649 4197 2974 4253 terribiliter
3009 4197 3253 4263 intonat,
3297 4195 3594 4266 aliquando
3632 4207 3698 4252 se

2058 4289 2341 4346 hominem
2386 4306 2789 4362 recognoscens
2808 4332 2822 4354 .
2854 4292 3100 4347 humana
3126 4290 3295 4347 verba
3325 4288 3570 4346 formare.
3595 4302 3696 4360 per

2061 4381 2434 4439 humilitatem
2463 4384 2671 4450 discat,
2707 4393 2983 4455 quatenus
3019 4384 3148 4440 dum
3176 4382 3438 4455 praelatus
3462 4381 3696 4452 quilibet

2061 4493 2329 4548 arrogans
2375 4495 2403 4532 a
2450 4489 2666 4535 tumore
2711 4479 2969 4536 elationis
3013 4479 3378 4550 deprimitur,
3425 4477 3695 4550 subjectis

2060 4582 2246 4628 autem
2279 4587 2378 4642 per
2418 4573 2810 4630 auctoritatem
2860 4574 3163 4646 superioris
3204 4573 3469 4630 Ecclesiae
3495 4574 3697 4629 subve—

2063 4665 2236 4731 nitur,
2270 4666 2464 4737 sopitis
2495 4667 2738 4738 undique
2767 4665 2988 4740 jurgiis,
3024 4677 3080 4724 et
3110 4666 3393 4740 synodali-5
3422 4665 3696 4722 examinis

2063 4771 2327 4832 concepta
2381 4759 2695 4826 formidine,
2727 4761 2918 4817 omnia
2946 4760 3113 4819 simul
3151 4759 3412 4818 Ecclesiae
3446 4759 3696 4817 membra

2061 4853 2507 4915 CORfCBtICI'etllUI‘
2534 4853 2587 4909 in
2617 4869 2774 4926 pace.

2604 4968 2950 5027 EPISTOLA
2996 4968 3135 5027 Xlll.

2689 5081 2758 5122 AD
2787 5081 3034 5122 EUHDEI.

2067 5178 2457 5220 anconexruu.
2487 5193 2558 5201 -—
2586 5160 2847 5224 Joannes.
2881 5171 2936 5216 et
2966 5158 3347 5222 Tudethinus;
3392 5155 3481 5213 ille
3510 5156 3693 5212 Vene-

2142 5247 2247 5310 tus,
2282 5237 2370 5310 hic
2399 5234 2673 5290 barbarus
2711 5233 2967 5310 natione,
3001 5241 3235 5310 uterque
3262 5229 3405 5300 apud
3439 5228 3696 5310 Gothfre:

2140 5308 2268 5362 dum
2326 5308 2521 5362 ducem
2579 5305 2872 5360 sacerdotii
2923 5317 3154 5358 munere
3206 5301 3521 5370 fungentes,
3572 5301 3694 5354 ausi

2142 5379 2436 5448 aliquando
2471 5378 2686 5431 fuerant
2723 5375 3082 5448 pertinaciter
3105 5387 3376 5448 asserere,
3419 5381 3693 5448 praesente

2141 5450 2199 5504 Β.
2229 5443 2393 5505 Petro
2426 5443 2837 5516 Damiano,_eos
2881 5447 2973 5516 qui
3007 5463 3036 5500 a
3084 5446 3304 5509 regibus
3343 5454 3438 5497 aut
3491 5443 3693 5513 princi-

2143 5523 2301 5591 pibus
2334 5523 2682 5590 episcopatus
2712 5528 3112 5583 mercarentur,
3147 5518 3201 5571 in
3240 5516 3558 5591 simoniacze
3585 5516 3692 5568 has-

2141 5587 2280 5648 i'esis
2321 5587 2535 5647 crimen
2565 5607 2670 5645 non
2715 5591 2988 5653 incidere;
3031 5591 3293 5659 quoniam
3343 5587 3552 5659 scilicet
3592 5600 3691 5655 per

2139 5665 2288 5719 illam
2341 5665 2742 5734 coemptionem
2789 5657 3061 5717 Ecclesiae
3094 5659 3472 5734 tantummodo
3515 5657 3690 5711 bono-

2138 5753 2280 5798 rum,
2308 5747 2363 5789 ct
2395 5730 2724 5805 prae'tliorum
2751 5735 3157 5803 possessionem
3194 5730 3682 5805 nanciscerentur:

2134 5824 2230 5877 per
2263 5799 2521 5861 manuum
2552 5822 2681 5860 vero
2708 5799 3110 5875 impositionem
3134 5847 3146 5868 ,
3195 5819 3317 5872 qua:
3359 5817 3387 5854 a
3428 5799 3684 5877 sacerdo-

2135 5871 2279 5935 iibus
2307 5879 2494 5946 fiebat,
2527 5871 2905 5949 intrgrunijus
2929 5871 3280 5953 episcopatus
3312 5871 3664 5942 acquirerent
