  <div class='ocr_page' id='page_1' title='image "/cluster/home/n/w/nwhite01/storage/ocr_20150623/144-145/uc1.31175001639262/117.png"; bbox 0 0 4260 6388; ppageno 0'>
   <div class='ocr_carea' id='block_1_1' title="bbox 824 314 925 371">
    <p class='ocr_par' dir='ltr' id='par_1_1' title="bbox 824 314 925 371">
     <span class='ocr_line' id='line_1_1' title="bbox 824 314 925 371; baseline 0 0"><span class='ocrx_word' id='word_1_1' title='bbox 824 314 925 371; x_wconf 65' lang='grc'><strong>315</strong></span> 
     </span>
    </p>
   </div>
   <div class='ocr_carea' id='block_1_2' title="bbox 1386 313 3068 376">
    <p class='ocr_par' dir='ltr' id='par_1_2' title="bbox 1386 314 3068 376">
     <span class='ocr_line' id='line_1_2' title="bbox 1386 314 3068 376; baseline -0.002 0"><span class='ocrx_word' id='word_1_2' title='bbox 1386 320 1443 376; x_wconf 78' lang='lat' dir='ltr'><strong>S.</strong></span> <span class='ocrx_word' id='word_1_3' title='bbox 1468 316 1668 376; x_wconf 77' lang='lat' dir='ltr'><strong>PETRI</strong></span> <span class='ocrx_word' id='word_1_4' title='bbox 1708 318 1987 373; x_wconf 66' lang='lat' dir='ltr'><strong>DAIIANI</strong></span> <span class='ocrx_word' id='word_1_5' title='bbox 2019 315 2169 374; x_wconf 72' lang='lat' dir='ltr'><strong>OPP.</strong></span> <span class='ocrx_word' id='word_1_6' title='bbox 2205 316 2389 373; x_wconf 72' lang='lat' dir='ltr'><strong>PARS</strong></span> <span class='ocrx_word' id='word_1_7' title='bbox 2410 314 2542 373; x_wconf 78' lang='lat' dir='ltr'><strong>SEU</strong></span> <span class='ocrx_word' id='word_1_8' title='bbox 2568 314 2805 373; x_wconf 71' lang='lat' dir='ltr'><strong>TOIUS</strong></span> <span class='ocrx_word' id='word_1_9' title='bbox 2843 316 2885 372; x_wconf 85' lang='grc' dir='ltr'><strong>Ι.</strong></span> <span class='ocrx_word' id='word_1_10' title='bbox 2922 346 2993 359; x_wconf 88' lang='lat'><strong>-</strong></span> <span class='ocrx_word' id='word_1_11' title='bbox 3028 317 3068 373; x_wconf 84' lang='grc' dir='ltr'><strong>Ε</strong></span> 
     </span>
    </p>
   </div>
   <div class='ocr_carea' id='block_1_3' title="bbox 1914 313 3596 376">
    <p class='ocr_par' dir='ltr' id='par_1_3' title="bbox 1914 313 3596 374">
     <span class='ocr_line' id='line_1_3' title="bbox 1914 313 3596 374; baseline 0.002 -5"><span class='ocrx_word' id='word_1_12' title='bbox 1914 318 1987 373; x_wconf 63' lang='grc' dir='ltr'><strong>Νι</strong></span> <span class='ocrx_word' id='word_1_13' title='bbox 2019 315 2169 374; x_wconf 74' lang='lat' dir='ltr'><strong>OPP.</strong></span> <span class='ocrx_word' id='word_1_14' title='bbox 2205 316 2389 373; x_wconf 71' lang='lat' dir='ltr'><strong>PARS</strong></span> <span class='ocrx_word' id='word_1_15' title='bbox 2410 314 2542 373; x_wconf 78' lang='lat' dir='ltr'><strong>SEU</strong></span> <span class='ocrx_word' id='word_1_16' title='bbox 2568 314 2805 373; x_wconf 71' lang='lat' dir='ltr'><strong>TOIUS</strong></span> <span class='ocrx_word' id='word_1_17' title='bbox 2843 316 2885 372; x_wconf 86' lang='grc' dir='ltr'><strong>Ι.</strong></span> <span class='ocrx_word' id='word_1_18' title='bbox 2922 346 2993 359; x_wconf 89' lang='lat'><strong>—-</strong></span> <span class='ocrx_word' id='word_1_19' title='bbox 3028 317 3253 374; x_wconf 80' lang='lat' dir='ltr'><strong>EPIST.</strong></span> <span class='ocrx_word' id='word_1_20' title='bbox 3295 315 3423 373; x_wconf 85' lang='lat' dir='ltr'><strong>LIB.</strong></span> <span class='ocrx_word' id='word_1_21' title='bbox 3464 313 3596 372; x_wconf 70' lang='lat' dir='ltr'><strong>VIII.</strong></span> 
     </span>
    </p>
   </div>
   <div class='ocr_carea' id='block_1_4' title="bbox 889 431 4058 507">
    <p class='ocr_par' dir='ltr' id='par_1_4' title="bbox 889 431 4058 507">
     <span class='ocr_line' id='line_1_4' title="bbox 889 431 4058 507; baseline 0.002 -22"><span class='ocrx_word' id='word_1_22' title='bbox 889 433 1035 487; x_wconf 76' lang='lat' dir='ltr'><strong>Hanc</strong></span> <span class='ocrx_word' id='word_1_23' title='bbox 1066 436 1287 489; x_wconf 71' lang='lat' dir='ltr'><strong>istorum</strong></span> <span class='ocrx_word' id='word_1_24' title='bbox 1318 451 1422 489; x_wconf 85' lang='lat' dir='ltr'><strong>non</strong></span> <span class='ocrx_word' id='word_1_25' title='bbox 1454 440 1631 491; x_wconf 72' lang='lat' dir='ltr'><strong>minus</strong></span> <span class='ocrx_word' id='word_1_26' title='bbox 1658 439 1896 507; x_wconf 82' lang='lat' dir='ltr'><strong>impiam.</strong></span> <span class='ocrx_word' id='word_1_27' title='bbox 1925 453 2085 507; x_wconf 88' lang='lat' dir='ltr'><strong>quam</strong></span> <span class='ocrx_word' id='word_1_28' title='bbox 2144 438 2381 505; x_wconf 77' lang='lat' dir='ltr'><strong>ineptam</strong></span> <span class='ocrx_word' id='word_1_29' title='bbox 2412 440 2465 501; x_wconf 72' lang='grc' dir='ltr'><strong>Α</strong></span> <span class='ocrx_word' id='word_1_30' title='bbox 2489 435 2861 505; x_wconf 80' lang='lat' dir='ltr'><strong>conceptionis</strong></span> <span class='ocrx_word' id='word_1_31' title='bbox 2910 437 3157 501; x_wconf 78' lang='lat' dir='ltr'><strong>initium,</strong></span> <span class='ocrx_word' id='word_1_32' title='bbox 3212 435 3368 506; x_wconf 71' lang='lat' dir='ltr'><strong>plena</strong></span> <span class='ocrx_word' id='word_1_33' title='bbox 3417 432 3681 489; x_wconf 78' lang='lat' dir='ltr'><strong>formetur</strong></span> <span class='ocrx_word' id='word_1_34' title='bbox 3716 431 4058 491; x_wconf 74' lang='lat' dir='ltr'><strong>distinctione</strong></span> 
     </span>
    </p>
   </div>
   <div class='ocr_carea' id='block_1_5' title="bbox 888 506 2384 578">
    <p class='ocr_par' dir='ltr' id='par_1_5' title="bbox 888 506 2384 578">
     <span class='ocr_line' id='line_1_5' title="bbox 888 506 2384 578; baseline 0.003 -23"><span class='ocrx_word' id='word_1_35' title='bbox 888 516 939 555; x_wconf 79' lang='lat' dir='ltr'><strong>et</strong></span> <span class='ocrx_word' id='word_1_36' title='bbox 976 506 1247 558; x_wconf 71' lang='lat' dir='ltr'><strong>riiiculam</strong></span> <span class='ocrx_word' id='word_1_37' title='bbox 1272 507 1572 572; x_wconf 68' lang='lat' dir='ltr'><strong>opinionem</strong></span> <span class='ocrx_word' id='word_1_38' title='bbox 1602 506 1879 577; x_wconf 69' lang='lat' dir='ltr'><strong>postQumi</strong></span> <span class='ocrx_word' id='word_1_39' title='bbox 1914 509 2165 578; x_wconf 69' lang='lat' dir='ltr'><strong>praeclare</strong></span> <span class='ocrx_word' id='word_1_40' title='bbox 2196 510 2384 562; x_wconf 87' lang='lat' dir='ltr'><strong>redar-</strong></span> 
     </span>
    </p>
   </div>
   <div class='ocr_carea' id='block_1_6' title="bbox 888 578 2388 647">
    <p class='ocr_par' dir='ltr' id='par_1_6' title="bbox 888 578 2388 647">
     <span class='ocr_line' id='line_1_6' title="bbox 888 578 2388 647; baseline 0.006 -24"><span class='ocrx_word' id='word_1_41' title='bbox 888 586 1037 641; x_wconf 63' lang='lat' dir='ltr'><strong>gut,</strong></span> <span class='ocrx_word' id='word_1_42' title='bbox 1082 586 1201 627; x_wconf 86' lang='lat' dir='ltr'><strong>orat</strong></span> <span class='ocrx_word' id='word_1_43' title='bbox 1242 578 1607 647; x_wconf 58' lang='lat' dir='ltr'><strong>Alexandrum</strong></span> <span class='ocrx_word' id='word_1_44' title='bbox 1656 580 1959 647; x_wconf 74' lang='lat' dir='ltr'><strong>pomiﬁtem</strong></span> <span class='ocrx_word' id='word_1_45' title='bbox 2002 580 2295 631; x_wconf 74' lang='lat' dir='ltr'><strong>niaximum</strong></span> <span class='ocrx_word' id='word_1_46' title='bbox 2328 590 2388 633; x_wconf 83' lang='lat' dir='ltr'><strong>ut</strong></span> 
     </span>
    </p>
   </div>
   <div class='ocr_carea' id='block_1_7' title="bbox 892 646 2387 719">
    <p class='ocr_par' dir='ltr' id='par_1_7' title="bbox 892 646 2387 719">
     <span class='ocr_line' id='line_1_7' title="bbox 892 646 2387 719; baseline 0.008 -28"><span class='ocrx_word' id='word_1_47' title='bbox 892 660 1189 712; x_wconf 62' lang='lat' dir='ltr'><strong>t-“it‘qluﬂ</strong></span> <span class='ocrx_word' id='word_1_48' title='bbox 1239 646 1287 697; x_wconf 69' lang='grc' dir='ltr'><strong>ίιι</strong></span> <span class='ocrx_word' id='word_1_49' title='bbox 1336 650 1609 701; x_wconf 72' lang='lat' dir='ltr'><strong>heminam</strong></span> <span class='ocrx_word' id='word_1_50' title='bbox 1650 646 1841 703; x_wconf 77' lang='lat' dir='ltr'><strong>animis</strong></span> <span class='ocrx_word' id='word_1_51' title='bbox 1868 650 2029 704; x_wconf 65' lang='grc' dir='ltr'><strong>Ιιιὶυς</strong></span> <span class='ocrx_word' id='word_1_52' title='bbox 2058 660 2259 719; x_wconf 59' lang='lat' dir='ltr'><strong>serpet,</strong></span> <span class='ocrx_word' id='word_1_53' title='bbox 2299 666 2387 703; x_wconf 60' lang='lat'><strong>$3-</strong></span> 
     </span>
    </p>
   </div>
   <div class='ocr_carea' id='block_1_8' title="bbox 887 719 2383 788">
    <p class='ocr_par' dir='ltr' id='par_1_8' title="bbox 887 719 2383 788">
     <span class='ocr_line' id='line_1_8' title="bbox 887 719 2383 788; baseline 0.003 -20"><span class='ocrx_word' id='word_1_54' title='bbox 887 728 1177 768; x_wconf 74' lang='lat' dir='ltr'><strong>crosmctz</strong></span> <span class='ocrx_word' id='word_1_55' title='bbox 1206 719 1483 784; x_wconf 56' lang='lat' dir='ltr'><strong>potestatis</strong></span> <span class='ocrx_word' id='word_1_56' title='bbox 1515 722 1736 787; x_wconf 78' lang='lat' dir='ltr'><strong>imperio</strong></span> <span class='ocrx_word' id='word_1_57' title='bbox 1765 724 2065 788; x_wconf 73' lang='lat' dir='ltr'><strong>opprimere</strong></span> <span class='ocrx_word' id='word_1_58' title='bbox 2096 732 2147 773; x_wconf 83' lang='lat' dir='ltr'><strong>et</strong></span> <span class='ocrx_word' id='word_1_59' title='bbox 2198 732 2383 775; x_wconf 81' lang='lat' dir='ltr'><strong>ester-</strong></span> 
     </span>
    </p>
   </div>
   <div class='ocr_carea' id='block_1_9' title="bbox 888 788 2385 846">
    <p class='ocr_par' dir='ltr' id='par_1_9' title="bbox 888 788 2385 846">
     <span class='ocr_line' id='line_1_9' title="bbox 888 788 2385 846; baseline 0.007 -11"><span class='ocrx_word' id='word_1_60' title='bbox 888 788 1089 837; x_wconf 70' lang='lat' dir='ltr'><strong>minare</strong></span> <span class='ocrx_word' id='word_1_61' title='bbox 1134 788 1439 840; x_wconf 59' lang='lat' dir='ltr'><strong>crimen-dat.</strong></span> <span class='ocrx_word' id='word_1_62' title='bbox 1486 790 1595 843; x_wconf 80' lang='lat' dir='ltr'><strong>Hoc</strong></span> <span class='ocrx_word' id='word_1_63' title='bbox 1637 794 1795 844; x_wconf 85' lang='lat' dir='ltr'><strong>etiam</strong></span> <span class='ocrx_word' id='word_1_64' title='bbox 1835 793 2005 845; x_wconf 85' lang='lat' dir='ltr'><strong>eidem</strong></span> <span class='ocrx_word' id='word_1_65' title='bbox 2035 792 2385 846; x_wconf 77' lang='lat' dir='ltr'><strong>vehementer</strong></span> 
     </span>
    </p>
   </div>
   <div class='ocr_carea' id='block_1_10' title="bbox 887 858 2383 931">
    <p class='ocr_par' dir='ltr' id='par_1_10' title="bbox 887 858 2383 931">
     <span class='ocr_line' id='line_1_10' title="bbox 887 858 2383 931; baseline 0.007 -25"><span class='ocrx_word' id='word_1_66' title='bbox 887 858 1341 931; x_wconf 23' lang='lat' dir='ltr'><strong>comjncndatxne</strong></span> <span class='ocrx_word' id='word_1_67' title='bbox 1364 873 1521 927; x_wconf 82' lang='lat' dir='ltr'><strong>quem</strong></span> <span class='ocrx_word' id='word_1_68' title='bbox 1553 863 1799 928; x_wconf 80' lang='lat' dir='ltr'><strong>pecunia,</strong></span> <span class='ocrx_word' id='word_1_69' title='bbox 1830 872 1920 914; x_wconf 86' lang='lat' dir='ltr'><strong>aut</strong></span> <span class='ocrx_word' id='word_1_70' title='bbox 1945 862 2103 916; x_wconf 89' lang='lat' dir='ltr'><strong>aulici</strong></span> <span class='ocrx_word' id='word_1_71' title='bbox 2134 862 2383 931; x_wconf 55' lang='lat' dir='ltr'><strong>obmquii</strong></span> 
     </span>
    </p>
   </div>
   <div class='ocr_carea' id='block_1_11' title="bbox 886 927 2381 1009">
    <p class='ocr_par' dir='ltr' id='par_1_11' title="bbox 886 927 2381 1009">
     <span class='ocr_line' id='line_1_11' title="bbox 886 927 2381 1009; baseline 0.009 -35"><span class='ocrx_word' id='word_1_72' title='bbox 886 942 933 1002; x_wconf 73' lang='lat' dir='ltr'><strong>tat</strong></span> <span class='ocrx_word' id='word_1_73' title='bbox 960 927 1182 980; x_wconf 76' lang='lat' dir='ltr'><strong>nisterio</strong></span> <span class='ocrx_word' id='word_1_74' title='bbox 1200 928 1266 979; x_wconf 88' lang='lat' dir='ltr'><strong>ad</strong></span> <span class='ocrx_word' id='word_1_75' title='bbox 1293 927 1655 1009; x_wconf 79' lang='lat' dir='ltr'><strong>episcopatum</strong></span> <span class='ocrx_word' id='word_1_76' title='bbox 1677 933 1918 1001; x_wconf 83' lang='lat' dir='ltr'><strong>perduci,</strong></span> <span class='ocrx_word' id='word_1_77' title='bbox 1944 943 2036 986; x_wconf 89' lang='lat' dir='ltr'><strong>aut</strong></span> <span class='ocrx_word' id='word_1_78' title='bbox 2063 927 2381 1003; x_wconf 81' lang='lat' dir='ltr'><strong>perductum</strong></span> 
     </span>
    </p>
   </div>
   <div class='ocr_carea' id='block_1_12' title="bbox 889 1011 1651 1067">
    <p class='ocr_par' dir='ltr' id='par_1_12' title="bbox 889 1011 1651 1067">
     <span class='ocr_line' id='line_1_12' title="bbox 889 1011 1651 1067; baseline 0.012 -22"><span class='ocrx_word' id='word_1_79' title='bbox 889 1012 937 1045; x_wconf 79' lang='lat' dir='ltr'><strong>in</strong></span> <span class='ocrx_word' id='word_1_80' title='bbox 966 1011 1031 1049; x_wconf 85' lang='lat' dir='ltr'><strong>eo</strong></span> <span class='ocrx_word' id='word_1_81' title='bbox 1058 1012 1373 1063; x_wconf 69' lang='lat' dir='ltr'><strong>permanere</strong></span> <span class='ocrx_word' id='word_1_82' title='bbox 1400 1012 1651 1067; x_wconf 79' lang='lat' dir='ltr'><strong>patiatur.</strong></span> 
     </span>
    </p>
   </div>
   <div class='ocr_carea' id='block_1_13' title="bbox 890 1097 2386 1169">
    <p class='ocr_par' dir='ltr' id='par_1_13' title="bbox 890 1097 2386 1169">
     <span class='ocr_line' id='line_1_13' title="bbox 890 1097 2386 1169; baseline 0.009 -19"><span class='ocrx_word' id='word_1_83' title='bbox 890 1097 1093 1154; x_wconf 71' lang='lat' dir='ltr'><strong>Damno</strong></span> <span class='ocrx_word' id='word_1_84' title='bbox 1121 1102 1445 1157; x_wconf 70' lang='lat' dir='ltr'><strong>Ausuaao</strong></span> <span class='ocrx_word' id='word_1_85' title='bbox 1471 1119 1693 1159; x_wconf 68' lang='lat' dir='ltr'><strong>summa</strong></span> <span class='ocrx_word' id='word_1_86' title='bbox 1714 1106 1855 1162; x_wconf 84' lang='lat' dir='ltr'><strong>sedis</strong></span> <span class='ocrx_word' id='word_1_87' title='bbox 1882 1105 2131 1169; x_wconf 88' lang='lat' dir='ltr'><strong>antistiti,</strong></span> <span class='ocrx_word' id='word_1_88' title='bbox 2162 1104 2386 1163; x_wconf 78' lang='lat' dir='ltr'><strong>Panos</strong></span> 
     </span>
    </p>
   </div>
   <div class='ocr_carea' id='block_1_14' title="bbox 814 1194 1749 1257">
    <p class='ocr_par' dir='ltr' id='par_1_14' title="bbox 814 1194 1749 1257">
     <span class='ocr_line' id='line_1_14' title="bbox 814 1194 1749 1257; baseline 0.012 -17"><span class='ocrx_word' id='word_1_89' title='bbox 814 1203 901 1257; x_wconf 56' lang='lat' dir='ltr'><strong>pet</strong></span> <span class='ocrx_word' id='word_1_90' title='bbox 916 1202 1064 1244; x_wconf 68' lang='lat' dir='ltr'><strong>arator</strong></span> <span class='ocrx_word' id='word_1_91' title='bbox 1094 1194 1383 1247; x_wconf 73' lang='lat' dir='ltr'><strong>monachus</strong></span> <span class='ocrx_word' id='word_1_92' title='bbox 1420 1196 1749 1251; x_wconf 72' lang='lat' dir='ltr'><strong>servitutem.</strong></span> 
     </span>
    </p>
   </div>
   <div class='ocr_carea' id='block_1_15' title="bbox 888 1282 2387 1357">
    <p class='ocr_par' dir='ltr' id='par_1_15' title="bbox 888 1282 2387 1357">
     <span class='ocr_line' id='line_1_15' title="bbox 888 1282 2387 1357; baseline 0.007 -22"><span class='ocrx_word' id='word_1_93' title='bbox 888 1282 1033 1336; x_wconf 49' lang='lat' dir='ltr'><strong>Sient</strong></span> <span class='ocrx_word' id='word_1_94' title='bbox 1060 1286 1127 1337; x_wconf 81' lang='lat' dir='ltr'><strong>ad</strong></span> <span class='ocrx_word' id='word_1_95' title='bbox 1154 1287 1591 1352; x_wconf 67' lang='lat' dir='ltr'><strong>patremfamilias</strong></span> <span class='ocrx_word' id='word_1_96' title='bbox 1616 1289 1867 1357; x_wconf 68' lang='lat' dir='ltr'><strong>qualibet</strong></span> <span class='ocrx_word' id='word_1_97' title='bbox 1890 1289 2200 1346; x_wconf 66' lang='lat' dir='ltr'><strong>domestica</strong></span> <span class='ocrx_word' id='word_1_98' title='bbox 2221 1290 2387 1345; x_wconf 74' lang='lat' dir='ltr'><strong>faan</strong></span> 
     </span>
    </p>
   </div>
   <div class='ocr_carea' id='block_1_16' title="bbox 818 1375 2385 1454">
    <p class='ocr_par' dir='ltr' id='par_1_16' title="bbox 818 1375 2385 1454">
     <span class='ocr_line' id='line_1_16' title="bbox 818 1375 2385 1454; baseline 0.009 -29"><span class='ocrx_word' id='word_1_99' title='bbox 818 1376 937 1426; x_wconf 75' lang='lat' dir='ltr'><strong>tatis</strong></span> <span class='ocrx_word' id='word_1_100' title='bbox 961 1375 1167 1443; x_wconf 72' lang='lat' dir='ltr'><strong>jactura</strong></span> <span class='ocrx_word' id='word_1_101' title='bbox 1204 1377 1452 1442; x_wconf 78' lang='lat' dir='ltr'><strong>refertur,</strong></span> <span class='ocrx_word' id='word_1_102' title='bbox 1486 1382 1561 1434; x_wconf 81' lang='lat' dir='ltr'><strong>sic</strong></span> <span class='ocrx_word' id='word_1_103' title='bbox 1592 1383 1753 1435; x_wconf 80' lang='lat' dir='ltr'><strong>etiam</strong></span> <span class='ocrx_word' id='word_1_104' title='bbox 1782 1383 1999 1454; x_wconf 71' lang='lat' dir='ltr'><strong>dignum</strong></span> <span class='ocrx_word' id='word_1_105' title='bbox 2026 1394 2129 1445; x_wconf 86' lang='lat' dir='ltr'><strong>est.</strong></span> <span class='ocrx_word' id='word_1_106' title='bbox 2154 1394 2213 1437; x_wconf 89' lang='lat' dir='ltr'><strong>ut</strong></span> <span class='ocrx_word' id='word_1_107' title='bbox 2241 1398 2385 1438; x_wconf 88' lang='lat' dir='ltr'><strong>sum-</strong></span> 
     </span>
    </p>
   </div>
   <div class='ocr_carea' id='block_1_17' title="bbox 814 1464 2383 1536">
    <p class='ocr_par' dir='ltr' id='par_1_17' title="bbox 814 1464 2383 1536">
     <span class='ocr_line' id='line_1_17' title="bbox 814 1464 2383 1536; baseline 0.006 -20"><span class='ocrx_word' id='word_1_108' title='bbox 814 1479 901 1517; x_wconf 72' lang='lat' dir='ltr'><strong>mo</strong></span> <span class='ocrx_word' id='word_1_109' title='bbox 932 1464 1165 1532; x_wconf 59' lang='lat' dir='ltr'><strong>pontiﬁci</strong></span> <span class='ocrx_word' id='word_1_110' title='bbox 1201 1469 1449 1536; x_wconf 81' lang='lat' dir='ltr'><strong>patientis</strong></span> <span class='ocrx_word' id='word_1_111' title='bbox 1498 1469 1746 1525; x_wconf 66' lang='lat' dir='ltr'><strong>Ecclesia!</strong></span> <span class='ocrx_word' id='word_1_112' title='bbox 1792 1471 1941 1527; x_wconf 59' lang='lat' dir='ltr'><strong>Iasio</strong></span> <span class='ocrx_word' id='word_1_113' title='bbox 1970 1476 2267 1527; x_wconf 70' lang='lat' dir='ltr'><strong>nuntietur.</strong></span> <span class='ocrx_word' id='word_1_114' title='bbox 2311 1472 2383 1529; x_wconf 81' lang='lat' dir='ltr'><strong>Ut</strong></span> 
     </span>
    </p>
   </div>
   <div class='ocr_carea' id='block_1_18' title="bbox 812 1560 2387 1639">
    <p class='ocr_par' dir='ltr' id='par_1_18' title="bbox 812 1560 2387 1639">
     <span class='ocr_line' id='line_1_18' title="bbox 812 1560 2387 1639; baseline 0.008 -28"><span class='ocrx_word' id='word_1_115' title='bbox 812 1560 951 1612; x_wconf 66' lang='lat' dir='ltr'><strong>eiust</strong></span> <span class='ocrx_word' id='word_1_116' title='bbox 994 1560 1063 1614; x_wconf 82' lang='lat' dir='ltr'><strong>ab</strong></span> <span class='ocrx_word' id='word_1_117' title='bbox 1109 1560 1217 1625; x_wconf 84' lang='lat' dir='ltr'><strong>illo,</strong></span> <span class='ocrx_word' id='word_1_118' title='bbox 1262 1573 1417 1631; x_wconf 88' lang='lat' dir='ltr'><strong>prout</strong></span> <span class='ocrx_word' id='word_1_119' title='bbox 1467 1566 1607 1618; x_wconf 82' lang='lat' dir='ltr'><strong>vires</strong></span> <span class='ocrx_word' id='word_1_120' title='bbox 1652 1577 1972 1635; x_wconf 89' lang='lat' dir='ltr'><strong>suppetunt,</strong></span> <span class='ocrx_word' id='word_1_121' title='bbox 2014 1568 2387 1639; x_wconf 71' lang='lat' dir='ltr'><strong>ingruentibus</strong></span> 
     </span>
    </p>
   </div>
   <div class='ocr_carea' id='block_1_19' title="bbox 814 1650 2385 1718">
    <p class='ocr_par' dir='ltr' id='par_1_19' title="bbox 814 1650 2385 1718">
     <span class='ocr_line' id='line_1_19' title="bbox 814 1650 2385 1718; baseline 0.007 -16"><span class='ocrx_word' id='word_1_122' title='bbox 814 1650 989 1703; x_wconf 80' lang='lat' dir='ltr'><strong>domui</strong></span> <span class='ocrx_word' id='word_1_123' title='bbox 1022 1666 1131 1705; x_wconf 68' lang='lat' dir='ltr'><strong>sua</strong></span> <span class='ocrx_word' id='word_1_124' title='bbox 1157 1653 1308 1706; x_wconf 69' lang='lat' dir='ltr'><strong>malis</strong></span> <span class='ocrx_word' id='word_1_125' title='bbox 1334 1658 1664 1718; x_wconf 78' lang='lat' dir='ltr'><strong>occurritur;</strong></span> <span class='ocrx_word' id='word_1_126' title='bbox 1714 1657 1785 1710; x_wconf 90' lang='lat' dir='ltr'><strong>ita</strong></span> <span class='ocrx_word' id='word_1_127' title='bbox 1831 1657 2179 1714; x_wconf 89' lang='lat' dir='ltr'><strong>nihilominus</strong></span> <span class='ocrx_word' id='word_1_128' title='bbox 2214 1668 2273 1713; x_wconf 87' lang='lat' dir='ltr'><strong>et</strong></span> <span class='ocrx_word' id='word_1_129' title='bbox 2314 1657 2385 1713; x_wconf 89' lang='lat' dir='ltr'><strong>ab</strong></span> 
     </span>
    </p>
   </div>
   <div class='ocr_carea' id='block_1_20' title="bbox 813 1742 2383 1811">
    <p class='ocr_par' dir='ltr' id='par_1_20' title="bbox 813 1742 2383 1811">
     <span class='ocr_line' id='line_1_20' title="bbox 813 1742 2383 1811; baseline 0.006 -17"><span class='ocrx_word' id='word_1_130' title='bbox 813 1742 918 1794; x_wconf 86' lang='lat' dir='ltr'><strong>isto</strong></span> <span class='ocrx_word' id='word_1_131' title='bbox 948 1744 1179 1797; x_wconf 82' lang='lat' dir='ltr'><strong>nutantis</strong></span> <span class='ocrx_word' id='word_1_132' title='bbox 1208 1744 1327 1798; x_wconf 73' lang='lat' dir='ltr'><strong>ﬁdei</strong></span> <span class='ocrx_word' id='word_1_133' title='bbox 1355 1744 1780 1811; x_wconf 74' lang='lat' dir='ltr'><strong>fundamentum,</strong></span> <span class='ocrx_word' id='word_1_134' title='bbox 1804 1748 1883 1802; x_wconf 91' lang='lat' dir='ltr'><strong>vel</strong></span> <span class='ocrx_word' id='word_1_135' title='bbox 1912 1750 2069 1803; x_wconf 89' lang='lat' dir='ltr'><strong>etiam</strong></span> <span class='ocrx_word' id='word_1_136' title='bbox 2099 1751 2232 1804; x_wconf 85' lang='lat' dir='ltr'><strong>ordo</strong></span> <span class='ocrx_word' id='word_1_137' title='bbox 2258 1748 2383 1803; x_wconf 82' lang='lat' dir='ltr'><strong>reli-</strong></span> 
     </span>
    </p>
   </div>
   <div class='ocr_carea' id='block_1_21' title="bbox 812 1835 2380 1910">
    <p class='ocr_par' dir='ltr' id='par_1_21' title="bbox 812 1835 2380 1910">
     <span class='ocr_line' id='line_1_21' title="bbox 812 1835 2380 1910; baseline 0.008 -24"><span class='ocrx_word' id='word_1_138' title='bbox 812 1835 1018 1903; x_wconf 66' lang='lat' dir='ltr'><strong>gionis,</strong></span> <span class='ocrx_word' id='word_1_139' title='bbox 1069 1837 1157 1903; x_wconf 81' lang='lat' dir='ltr'><strong>qui</strong></span> <span class='ocrx_word' id='word_1_140' title='bbox 1204 1836 1455 1892; x_wconf 80' lang='lat' dir='ltr'><strong>confundi</strong></span> <span class='ocrx_word' id='word_1_141' title='bbox 1500 1852 1759 1910; x_wconf 64' lang='lat' dir='ltr'><strong>ceperat,</strong></span> <span class='ocrx_word' id='word_1_142' title='bbox 1812 1842 2157 1898; x_wconf 87' lang='lat' dir='ltr'><strong>instauretur.</strong></span> <span class='ocrx_word' id='word_1_143' title='bbox 2200 1841 2380 1908; x_wconf 77' lang='lat' dir='ltr'><strong>Nova,</strong></span> 
     </span>
    </p>
   </div>
   <div class='ocr_carea' id='block_1_22' title="bbox 812 1924 2385 1999">
    <p class='ocr_par' dir='ltr' id='par_1_22' title="bbox 812 1924 2385 1999">
     <span class='ocr_line' id='line_1_22' title="bbox 812 1924 2385 1999; baseline 0.007 -22"><span class='ocrx_word' id='word_1_144' title='bbox 812 1924 947 1991; x_wconf 80' lang='lat' dir='ltr'><strong>prob</strong></span> <span class='ocrx_word' id='word_1_145' title='bbox 972 1924 1153 1979; x_wconf 65' lang='lat' dir='ltr'><strong>dolor!</strong></span> <span class='ocrx_word' id='word_1_146' title='bbox 1186 1937 1370 1981; x_wconf 83' lang='lat' dir='ltr'><strong>nostro</strong></span> <span class='ocrx_word' id='word_1_147' title='bbox 1399 1938 1636 1999; x_wconf 83' lang='lat' dir='ltr'><strong>tempore</strong></span> <span class='ocrx_word' id='word_1_148' title='bbox 1666 1932 1884 1987; x_wconf 73' lang='lat' dir='ltr'><strong>haeresis</strong></span> <span class='ocrx_word' id='word_1_149' title='bbox 1900 1943 2017 1987; x_wconf 91' lang='lat' dir='ltr'><strong>orta</strong></span> <span class='ocrx_word' id='word_1_150' title='bbox 2048 1942 2148 1995; x_wconf 82' lang='lat' dir='ltr'><strong>est.</strong></span> <span class='ocrx_word' id='word_1_151' title='bbox 2173 1934 2259 1989; x_wconf 85' lang='lat' dir='ltr'><strong>cui</strong></span> <span class='ocrx_word' id='word_1_152' title='bbox 2280 1934 2385 1989; x_wconf 93' lang='lat' dir='ltr'><strong>nisi</strong></span> 
     </span>
    </p>
   </div>
   <div class='ocr_carea' id='block_1_23' title="bbox 816 2015 2383 2097">
    <p class='ocr_par' dir='ltr' id='par_1_23' title="bbox 816 2015 2383 2097">
     <span class='ocr_line' id='line_1_23' title="bbox 816 2015 2383 2097; baseline 0.006 -26"><span class='ocrx_word' id='word_1_153' title='bbox 816 2015 919 2085; x_wconf 80' lang='grc'><strong>17</strong></span> <span class='ocrx_word' id='word_1_154' title='bbox 944 2019 1260 2087; x_wconf 70' lang='lat' dir='ltr'><strong>quantocius</strong></span> <span class='ocrx_word' id='word_1_155' title='bbox 1284 2022 1617 2076; x_wconf 69' lang='lat' dir='ltr'><strong>auctoritatis</strong></span> <span class='ocrx_word' id='word_1_156' title='bbox 1646 2033 1838 2077; x_wconf 78' lang='lat' dir='ltr'><strong>vestra:</strong></span> <span class='ocrx_word' id='word_1_157' title='bbox 1870 2040 1927 2079; x_wconf 90' lang='lat' dir='ltr'><strong>se</strong></span> <span class='ocrx_word' id='word_1_158' title='bbox 1955 2026 2109 2097; x_wconf 74' lang='lat' dir='ltr'><strong>vigor</strong></span> <span class='ocrx_word' id='word_1_159' title='bbox 2141 2026 2383 2097; x_wconf 78' lang='lat' dir='ltr'><strong>obiiciat,</strong></span> 
     </span>
    </p>
   </div>
   <div class='ocr_carea' id='block_1_24' title="bbox 812 2106 2383 2186">
    <p class='ocr_par' dir='ltr' id='par_1_24' title="bbox 812 2106 2383 2186">
     <span class='ocr_line' id='line_1_24' title="bbox 812 2106 2383 2186; baseline 0.01 -27"><span class='ocrx_word' id='word_1_160' title='bbox 812 2106 1103 2161; x_wconf 72' lang='lat' dir='ltr'><strong>timendum</strong></span> <span class='ocrx_word' id='word_1_161' title='bbox 1132 2118 1213 2163; x_wconf 83' lang='lat' dir='ltr'><strong>est</strong></span> <span class='ocrx_word' id='word_1_162' title='bbox 1243 2124 1308 2163; x_wconf 86' lang='lat' dir='ltr'><strong>ne</strong></span> <span class='ocrx_word' id='word_1_163' title='bbox 1328 2109 1393 2162; x_wconf 87' lang='lat' dir='ltr'><strong>ad</strong></span> <span class='ocrx_word' id='word_1_164' title='bbox 1421 2112 1695 2181; x_wconf 67' lang='lat' dir='ltr'><strong>religionis</strong></span> <span class='ocrx_word' id='word_1_165' title='bbox 1717 2113 2035 2171; x_wconf 63' lang='lat' dir='ltr'><strong>Christiana</strong></span> <span class='ocrx_word' id='word_1_166' title='bbox 2066 2119 2383 2186; x_wconf 87' lang='lat' dir='ltr'><strong>perniciem,</strong></span> 
     </span>
    </p>
   </div>
   <div class='ocr_carea' id='block_1_25' title="bbox 810 2196 2387 2269">
    <p class='ocr_par' dir='ltr' id='par_1_25' title="bbox 810 2196 2387 2269">
     <span class='ocr_line' id='line_1_25' title="bbox 810 2196 2387 2269; baseline 0.01 -20"><span class='ocrx_word' id='word_1_167' title='bbox 810 2196 1217 2267; x_wconf 66' lang='lat' dir='ltr'><strong>animarumque</strong></span> <span class='ocrx_word' id='word_1_168' title='bbox 1254 2202 1563 2269; x_wconf 84' lang='lat' dir='ltr'><strong>periculum,</strong></span> <span class='ocrx_word' id='word_1_169' title='bbox 1596 2204 1740 2257; x_wconf 89' lang='lat' dir='ltr'><strong>velut</strong></span> <span class='ocrx_word' id='word_1_170' title='bbox 1770 2221 1965 2261; x_wconf 89' lang='lat' dir='ltr'><strong>cancer</strong></span> <span class='ocrx_word' id='word_1_171' title='bbox 2002 2207 2245 2263; x_wconf 88' lang='lat' dir='ltr'><strong>feraliter</strong></span> <span class='ocrx_word' id='word_1_172' title='bbox 2272 2225 2387 2264; x_wconf 77' lang='lat' dir='ltr'><strong>ser-</strong></span> 
     </span>
    </p>
   </div>
   <div class='ocr_carea' id='block_1_26' title="bbox 812 2285 2387 2368">
    <p class='ocr_par' dir='ltr' id='par_1_26' title="bbox 812 2285 2387 2368">
     <span class='ocr_line' id='line_1_26' title="bbox 812 2285 2387 2368; baseline 0.011 -29"><span class='ocrx_word' id='word_1_173' title='bbox 812 2295 920 2357; x_wconf 73' lang='lat' dir='ltr'><strong>put.</strong></span> <span class='ocrx_word' id='word_1_174' title='bbox 960 2285 1207 2342; x_wconf 69' lang='lat' dir='ltr'><strong>Nonnulli</strong></span> <span class='ocrx_word' id='word_1_175' title='bbox 1252 2289 1408 2358; x_wconf 81' lang='lat' dir='ltr'><strong>plane</strong></span> <span class='ocrx_word' id='word_1_176' title='bbox 1437 2292 1753 2348; x_wconf 87' lang='lat' dir='ltr'><strong>clericorum</strong></span> <span class='ocrx_word' id='word_1_177' title='bbox 1785 2297 1947 2351; x_wconf 78' lang='lat' dir='ltr'><strong>vitam</strong></span> <span class='ocrx_word' id='word_1_178' title='bbox 1976 2314 2070 2368; x_wconf 87' lang='lat' dir='ltr'><strong>per</strong></span> <span class='ocrx_word' id='word_1_179' title='bbox 2098 2301 2387 2356; x_wconf 74' lang='lat' dir='ltr'><strong>exterioris</strong></span> 
     </span>
    </p>
   </div>
   <div class='ocr_carea' id='block_1_27' title="bbox 812 2379 2387 2463">
    <p class='ocr_par' dir='ltr' id='par_1_27' title="bbox 812 2379 2387 2463">
     <span class='ocr_line' id='line_1_27' title="bbox 812 2379 2387 2463; baseline 0.011 -33"><span class='ocrx_word' id='word_1_180' title='bbox 812 2380 1025 2432; x_wconf 74' lang='lat' dir='ltr'><strong>habitus</strong></span> <span class='ocrx_word' id='word_1_181' title='bbox 1050 2379 1281 2448; x_wconf 78' lang='lat' dir='ltr'><strong>speciem</strong></span> <span class='ocrx_word' id='word_1_182' title='bbox 1312 2384 1649 2448; x_wconf 79' lang='lat' dir='ltr'><strong>mentientes,</strong></span> <span class='ocrx_word' id='word_1_183' title='bbox 1679 2401 1900 2456; x_wconf 87' lang='lat' dir='ltr'><strong>prorsus</strong></span> <span class='ocrx_word' id='word_1_184' title='bbox 1931 2390 2065 2444; x_wconf 88' lang='lat' dir='ltr'><strong>adeo</strong></span> <span class='ocrx_word' id='word_1_185' title='bbox 2099 2388 2256 2463; x_wconf 73' lang='lat' dir='ltr'><strong>[Deo]</strong></span> <span class='ocrx_word' id='word_1_186' title='bbox 2284 2390 2387 2446; x_wconf 81' lang='lat' dir='ltr'><strong>fri-</strong></span> 
     </span>
    </p>
   </div>
   <div class='ocr_carea' id='block_1_28' title="bbox 812 2467 2386 2549">
    <p class='ocr_par' dir='ltr' id='par_1_28' title="bbox 812 2467 2386 2549">
     <span class='ocr_line' id='line_1_28' title="bbox 812 2467 2386 2549; baseline 0.012 -29"><span class='ocrx_word' id='word_1_187' title='bbox 812 2467 952 2539; x_wconf 56' lang='lat' dir='ltr'><strong>fidi,</strong></span> <span class='ocrx_word' id='word_1_188' title='bbox 1000 2469 1307 2526; x_wconf 77' lang='lat' dir='ltr'><strong>ambitionis</strong></span> <span class='ocrx_word' id='word_1_189' title='bbox 1352 2474 1727 2533; x_wconf 70' lang='lat' dir='ltr'><strong>ecclesiastica</strong></span> <span class='ocrx_word' id='word_1_190' title='bbox 1772 2479 1979 2537; x_wconf 84' lang='lat' dir='ltr'><strong>facibus</strong></span> <span class='ocrx_word' id='word_1_191' title='bbox 2031 2482 2386 2549; x_wconf 73' lang='lat' dir='ltr'><strong>inﬂammati,</strong></span> 
     </span>
    </p>
   </div>
   <div class='ocr_carea' id='block_1_29' title="bbox 812 2558 2386 2635">
    <p class='ocr_par' dir='ltr' id='par_1_29' title="bbox 812 2558 2386 2635">
     <span class='ocr_line' id='line_1_29' title="bbox 812 2558 2386 2635; baseline 0.012 -24"><span class='ocrx_word' id='word_1_192' title='bbox 812 2558 913 2611; x_wconf 81' lang='lat' dir='ltr'><strong>hoc</strong></span> <span class='ocrx_word' id='word_1_193' title='bbox 940 2560 1286 2627; x_wconf 86' lang='lat' dir='ltr'><strong>pertinaciter</strong></span> <span class='ocrx_word' id='word_1_194' title='bbox 1323 2564 1723 2635; x_wconf 67' lang='lat' dir='ltr'><strong>dogmatizant:</strong></span> <span class='ocrx_word' id='word_1_195' title='bbox 1762 2568 1878 2625; x_wconf 80' lang='lat' dir='ltr'><strong>Non</strong></span> <span class='ocrx_word' id='word_1_196' title='bbox 1924 2574 1990 2626; x_wconf 89' lang='lat' dir='ltr'><strong>ad</strong></span> <span class='ocrx_word' id='word_1_197' title='bbox 2035 2574 2386 2630; x_wconf 76' lang='lat' dir='ltr'><strong>simoniacam</strong></span> 
     </span>
    </p>
   </div>
   <div class='ocr_carea' id='block_1_30' title="bbox 811 2648 2388 2735">
    <p class='ocr_par' dir='ltr' id='par_1_30' title="bbox 811 2648 2388 2735">
     <span class='ocr_line' id='line_1_30' title="bbox 811 2648 2388 2735; baseline 0.012 -34"><span class='ocrx_word' id='word_1_198' title='bbox 811 2648 1051 2702; x_wconf 64' lang='lat' dir='ltr'><strong>heresim</strong></span> <span class='ocrx_word' id='word_1_199' title='bbox 1086 2650 1383 2720; x_wconf 83' lang='lat' dir='ltr'><strong>pertinere,</strong></span> <span class='ocrx_word' id='word_1_200' title='bbox 1428 2656 1473 2708; x_wconf 87' lang='lat' dir='ltr'><strong>si</strong></span> <span class='ocrx_word' id='word_1_201' title='bbox 1515 2656 1637 2724; x_wconf 88' lang='lat' dir='ltr'><strong>quis</strong></span> <span class='ocrx_word' id='word_1_202' title='bbox 1664 2659 2001 2730; x_wconf 78' lang='lat' dir='ltr'><strong>episcopatus</strong></span> <span class='ocrx_word' id='word_1_203' title='bbox 2035 2678 2065 2716; x_wconf 93' lang='lat' dir='ltr'><strong>a</strong></span> <span class='ocrx_word' id='word_1_204' title='bbox 2097 2679 2253 2735; x_wconf 73' lang='lat' dir='ltr'><strong>rege,</strong></span> <span class='ocrx_word' id='word_1_205' title='bbox 2303 2664 2388 2720; x_wconf 87' lang='lat' dir='ltr'><strong>vel</strong></span> 
     </span>
    </p>
   </div>
   <div class='ocr_carea' id='block_1_31' title="bbox 812 2737 2389 2825">
    <p class='ocr_par' dir='ltr' id='par_1_31' title="bbox 812 2737 2389 2825">
     <span class='ocr_line' id='line_1_31' title="bbox 812 2737 2389 2825; baseline 0.013 -34"><span class='ocrx_word' id='word_1_206' title='bbox 812 2737 1045 2805; x_wconf 79' lang='lat' dir='ltr'><strong>quolibet</strong></span> <span class='ocrx_word' id='word_1_207' title='bbox 1076 2742 1258 2796; x_wconf 84' lang='lat' dir='ltr'><strong>mandi</strong></span> <span class='ocrx_word' id='word_1_208' title='bbox 1288 2745 1549 2814; x_wconf 86' lang='lat' dir='ltr'><strong>principe,</strong></span> <span class='ocrx_word' id='word_1_209' title='bbox 1576 2762 1669 2815; x_wconf 86' lang='lat' dir='ltr'><strong>per</strong></span> <span class='ocrx_word' id='word_1_210' title='bbox 1708 2749 2068 2807; x_wconf 79' lang='lat' dir='ltr'><strong>interventum</strong></span> <span class='ocrx_word' id='word_1_211' title='bbox 2089 2756 2389 2825; x_wconf 84' lang='lat' dir='ltr'><strong>coemptio—</strong></span> 
     </span>
    </p>
   </div>
   <div class='ocr_carea' id='block_1_32' title="bbox 811 2828 2390 2917">
    <p class='ocr_par' dir='ltr' id='par_1_32' title="bbox 811 2828 2390 2917">
     <span class='ocr_line' id='line_1_32' title="bbox 811 2828 2390 2917; baseline 0.013 -37"><span class='ocrx_word' id='word_1_212' title='bbox 811 2828 895 2881; x_wconf 86' lang='lat' dir='ltr'><strong>nis</strong></span> <span class='ocrx_word' id='word_1_213' title='bbox 921 2830 1198 2899; x_wconf 86' lang='lat' dir='ltr'><strong>acquirat,</strong></span> <span class='ocrx_word' id='word_1_214' title='bbox 1244 2832 1292 2887; x_wconf 89' lang='lat' dir='ltr'><strong>si</strong></span> <span class='ocrx_word' id='word_1_215' title='bbox 1338 2839 1703 2893; x_wconf 83' lang='lat' dir='ltr'><strong>tantummodo</strong></span> <span class='ocrx_word' id='word_1_216' title='bbox 1729 2844 2185 2899; x_wconf 78' lang='lat' dir='ltr'><strong>consecrationem</strong></span> <span class='ocrx_word' id='word_1_217' title='bbox 2220 2847 2390 2917; x_wconf 70' lang='lat' dir='ltr'><strong>gratis</strong></span> 
     </span>
    </p>
   </div>
   <div class='ocr_carea' id='block_1_33' title="bbox 812 2919 2391 3007">
    <p class='ocr_par' dir='ltr' id='par_1_33' title="bbox 812 2919 2391 3007">
     <span class='ocr_line' id='line_1_33' title="bbox 812 2919 2391 3007; baseline 0.015 -37"><span class='ocrx_word' id='word_1_218' title='bbox 812 2919 1060 3007; x_wconf 80' lang='lat' dir='ltr'><strong>accipiat.</strong></span> <span class='ocrx_word' id='word_1_219' title='bbox 1111 2920 1260 2977; x_wconf 82' lang='lat' dir='ltr'><strong>Unde</strong></span> <span class='ocrx_word' id='word_1_220' title='bbox 1298 2940 1420 2980; x_wconf 81' lang='lat' dir='ltr'><strong>cum</strong></span> <span class='ocrx_word' id='word_1_221' title='bbox 1466 2944 1637 3007; x_wconf 81' lang='lat' dir='ltr'><strong>nuper</strong></span> <span class='ocrx_word' id='word_1_222' title='bbox 1674 2932 1727 2984; x_wconf 91' lang='lat' dir='ltr'><strong>in</strong></span> <span class='ocrx_word' id='word_1_223' title='bbox 1761 2934 2198 2991; x_wconf 77' lang='lat' dir='ltr'><strong>excellentissimi</strong></span> <span class='ocrx_word' id='word_1_224' title='bbox 2235 2938 2391 2993; x_wconf 90' lang='lat' dir='ltr'><strong>ducis</strong></span> 
     </span>
    </p>
   </div>
   <div class='ocr_carea' id='block_1_34' title="bbox 808 3006 2388 3099">
    <p class='ocr_par' dir='ltr' id='par_1_34' title="bbox 808 3006 2388 3099">
     <span class='ocr_line' id='line_1_34' title="bbox 808 3006 2388 3099; baseline 0.015 -37"><span class='ocrx_word' id='word_1_225' title='bbox 808 3006 1083 3065; x_wconf 61' lang='grc' dir='ltr'><strong>(ἑαυτεᾶ</strong></span> <span class='ocrx_word' id='word_1_226' title='bbox 1105 3026 1445 3070; x_wconf 75' lang='lat' dir='ltr'><strong>versaremur</strong></span> <span class='ocrx_word' id='word_1_227' title='bbox 1467 3006 1720 3089; x_wconf 85' lang='lat' dir='ltr'><strong>alloquio,</strong></span> <span class='ocrx_word' id='word_1_228' title='bbox 1748 3022 1853 3077; x_wconf 90' lang='lat' dir='ltr'><strong>duo</strong></span> <span class='ocrx_word' id='word_1_229' title='bbox 1873 3026 2089 3093; x_wconf 86' lang='lat' dir='ltr'><strong>quidam</strong></span> <span class='ocrx_word' id='word_1_230' title='bbox 2115 3042 2181 3083; x_wconf 80' lang='lat' dir='ltr'><strong>ex</strong></span> <span class='ocrx_word' id='word_1_231' title='bbox 2209 3029 2388 3099; x_wconf 88' lang='lat' dir='ltr'><strong>capel-</strong></span> 
     </span>
    </p>
   </div>
   <div class='ocr_carea' id='block_1_35' title="bbox 813 3100 2386 3177">
    <p class='ocr_par' dir='ltr' id='par_1_35' title="bbox 813 3100 2386 3177">
     <span class='ocr_line' id='line_1_35' title="bbox 813 3100 2386 3177; baseline 0.013 -23"><span class='ocrx_word' id='word_1_232' title='bbox 813 3100 946 3155; x_wconf 87' lang='lat' dir='ltr'><strong>lanis</strong></span> <span class='ocrx_word' id='word_1_233' title='bbox 970 3100 1117 3169; x_wconf 79' lang='lat' dir='ltr'><strong>ejus,</strong></span> <span class='ocrx_word' id='word_1_234' title='bbox 1148 3119 1287 3159; x_wconf 88' lang='lat' dir='ltr'><strong>unus</strong></span> <span class='ocrx_word' id='word_1_235' title='bbox 1309 3116 1367 3159; x_wconf 88' lang='lat' dir='ltr'><strong>ut</strong></span> <span class='ocrx_word' id='word_1_236' title='bbox 1392 3119 1508 3162; x_wconf 89' lang='lat' dir='ltr'><strong>erat</strong></span> <span class='ocrx_word' id='word_1_237' title='bbox 1539 3110 1821 3177; x_wconf 83' lang='lat' dir='ltr'><strong>barbarus,</strong></span> <span class='ocrx_word' id='word_1_238' title='bbox 1863 3114 2138 3172; x_wconf 85' lang='lat' dir='ltr'><strong>barbarico</strong></span> <span class='ocrx_word' id='word_1_239' title='bbox 2164 3120 2386 3175; x_wconf 87' lang='lat' dir='ltr'><strong>nomine</strong></span> 
     </span>
    </p>
   </div>
   <div class='ocr_carea' id='block_1_36' title="bbox 808 3188 2384 3273">
    <p class='ocr_par' dir='ltr' id='par_1_36' title="bbox 808 3188 2384 3273">
     <span class='ocr_line' id='line_1_36' title="bbox 808 3188 2384 3273; baseline 0.015 -28"><span class='ocrx_word' id='word_1_240' title='bbox 808 3188 1201 3260; x_wconf 66' lang='lat' dir='ltr'><strong>Tudetchinus;</strong></span> <span class='ocrx_word' id='word_1_241' title='bbox 1236 3195 1373 3251; x_wconf 88' lang='lat' dir='ltr'><strong>alter</strong></span> <span class='ocrx_word' id='word_1_242' title='bbox 1402 3214 1530 3254; x_wconf 89' lang='lat' dir='ltr'><strong>vero</strong></span> <span class='ocrx_word' id='word_1_243' title='bbox 1576 3203 1791 3258; x_wconf 84' lang='lat' dir='ltr'><strong>natione</strong></span> <span class='ocrx_word' id='word_1_244' title='bbox 1844 3203 2105 3273; x_wconf 82' lang='lat' dir='ltr'><strong>Veuetus,</strong></span> <span class='ocrx_word' id='word_1_245' title='bbox 2148 3209 2384 3268; x_wconf 82' lang='lat' dir='ltr'><strong>Joannes</strong></span> 
     </span>
    </p>
   </div>
   <div class='ocr_carea' id='block_1_37' title="bbox 810 3280 2385 3367">
    <p class='ocr_par' dir='ltr' id='par_1_37' title="bbox 810 3280 2385 3367">
     <span class='ocr_line' id='line_1_37' title="bbox 810 3280 2385 3367; baseline 0.017 -35"><span class='ocrx_word' id='word_1_246' title='bbox 810 3280 1137 3336; x_wconf 49' lang='lat' dir='ltr'><strong>uocabatur:</strong></span> <span class='ocrx_word' id='word_1_247' title='bbox 1168 3284 1222 3339; x_wconf 89' lang='lat' dir='ltr'><strong>hi</strong></span> <span class='ocrx_word' id='word_1_248' title='bbox 1260 3286 1510 3343; x_wconf 83' lang='lat' dir='ltr'><strong>nimirum</strong></span> <span class='ocrx_word' id='word_1_249' title='bbox 1550 3300 1799 3363; x_wconf 81' lang='lat' dir='ltr'><strong>tanquam</strong></span> <span class='ocrx_word' id='word_1_250' title='bbox 1833 3294 2152 3367; x_wconf 64' lang='lat' dir='ltr'><strong>Hymen-us</strong></span> <span class='ocrx_word' id='word_1_251' title='bbox 2176 3312 2233 3357; x_wconf 90' lang='lat' dir='ltr'><strong>et</strong></span> <span class='ocrx_word' id='word_1_252' title='bbox 2257 3300 2385 3358; x_wconf 79' lang='lat' dir='ltr'><strong>Phi-</strong></span> 
     </span>
    </p>
   </div>
   <div class='ocr_carea' id='block_1_38' title="bbox 810 3374 2386 3461">
    <p class='ocr_par' dir='ltr' id='par_1_38' title="bbox 810 3374 2386 3461">
     <span class='ocr_line' id='line_1_38' title="bbox 810 3374 2386 3461; baseline 0.017 -36"><span class='ocrx_word' id='word_1_253' title='bbox 810 3381 946 3427; x_wconf 78' lang='lat' dir='ltr'><strong>tctus</strong></span> <span class='ocrx_word' id='word_1_254' title='bbox 987 3374 1039 3427; x_wconf 91' lang='lat' dir='ltr'><strong>in</strong></span> <span class='ocrx_word' id='word_1_255' title='bbox 1080 3376 1461 3444; x_wconf 68' lang='lat' dir='ltr'><strong>pradicatione</strong></span> <span class='ocrx_word' id='word_1_256' title='bbox 1505 3380 1653 3438; x_wconf 84' lang='lat' dir='ltr'><strong>Pauli</strong></span> <span class='ocrx_word' id='word_1_257' title='bbox 1694 3385 1779 3455; x_wconf 74' lang='lat' dir='ltr'><strong>{II</strong></span> <span class='ocrx_word' id='word_1_258' title='bbox 1810 3387 1947 3443; x_wconf 67' lang='lat' dir='ltr'><strong>Tim.</strong></span> <span class='ocrx_word' id='word_1_259' title='bbox 1980 3395 2074 3461; x_wconf 83' lang='lat' dir='ltr'><strong>it);</strong></span> <span class='ocrx_word' id='word_1_260' title='bbox 2115 3394 2201 3449; x_wconf 89' lang='lat' dir='ltr'><strong>vel</strong></span> <span class='ocrx_word' id='word_1_261' title='bbox 2236 3407 2386 3451; x_wconf 81' lang='lat' dir='ltr'><strong>certe</strong></span> 
     </span>
    </p>
   </div>
   <div class='ocr_carea' id='block_1_39' title="bbox 813 3466 2382 3557">
    <p class='ocr_par' dir='ltr' id='par_1_39' title="bbox 813 3466 2382 3557">
     <span class='ocr_line' id='line_1_39' title="bbox 813 3466 2382 3557; baseline 0.016 -38"><span class='ocrx_word' id='word_1_262' title='bbox 813 3466 1309 3557; x_wconf 66' lang='lat' dir='ltr'><strong>tanquame</strong></span> <span class='ocrx_word' id='word_1_263' title='bbox 1331 3483 1387 3527; x_wconf 81' lang='lat' dir='ltr'><strong>et</strong></span> <span class='ocrx_word' id='word_1_264' title='bbox 1410 3473 1677 3533; x_wconf 74' lang='lat' dir='ltr'><strong>Iambres</strong></span> <span class='ocrx_word' id='word_1_265' title='bbox 1704 3488 1942 3551; x_wconf 89' lang='lat' dir='ltr'><strong>tempore</strong></span> <span class='ocrx_word' id='word_1_266' title='bbox 1968 3483 2135 3556; x_wconf 67' lang='lat' dir='ltr'><strong>Iuysi</strong></span> <span class='ocrx_word' id='word_1_267' title='bbox 2167 3484 2382 3557; x_wconf 65' lang='lat' dir='ltr'><strong>(Exod.</strong></span> 
     </span>
    </p>
   </div>
   <div class='ocr_carea' id='block_1_40' title="bbox 811 3554 2383 3637">
    <p class='ocr_par' dir='ltr' id='par_1_40' title="bbox 811 3554 2383 3637">
     <span class='ocr_line' id='line_1_40' title="bbox 811 3554 2383 3637; baseline 0.018 -30"><span class='ocrx_word' id='word_1_268' title='bbox 811 3569 916 3620; x_wconf 82' lang='lat' dir='ltr'><strong>vn;</strong></span> <span class='ocrx_word' id='word_1_269' title='bbox 948 3554 1009 3609; x_wconf 87' lang='grc' dir='ltr'><em>ιι</em></span> <span class='ocrx_word' id='word_1_270' title='bbox 1042 3554 1177 3613; x_wconf 64' lang='grc' dir='ltr'><strong>τί..</strong></span> <span class='ocrx_word' id='word_1_271' title='bbox 1203 3562 1288 3632; x_wconf 85' lang='grc' dir='ltr'>ιιι)</span> <span class='ocrx_word' id='word_1_272' title='bbox 1307 3602 1323 3627; x_wconf 84' lang='grc'><strong><em>,</em></strong></span> <span class='ocrx_word' id='word_1_273' title='bbox 1351 3565 1665 3623; x_wconf 82' lang='lat' dir='ltr'><strong>resistentes</strong></span> <span class='ocrx_word' id='word_1_274' title='bbox 1692 3571 1924 3637; x_wconf 82' lang='lat' dir='ltr'><strong>veritati,</strong></span> <span class='ocrx_word' id='word_1_275' title='bbox 1960 3554 2097 3630; x_wconf 79' lang='lat' dir='ltr'><strong>lianc</strong></span> <span class='ocrx_word' id='word_1_276' title='bbox 2127 3554 2233 3631; x_wconf 85' lang='lat' dir='ltr'><strong>non</strong></span> <span class='ocrx_word' id='word_1_277' title='bbox 2259 3592 2383 3634; x_wconf 86' lang='lat' dir='ltr'><strong>ces-</strong></span> 
     </span>
    </p>
   </div>
   <div class='ocr_carea' id='block_1_41' title="bbox 814 3651 2384 3729">
    <p class='ocr_par' dir='ltr' id='par_1_41' title="bbox 814 3651 2384 3729">
     <span class='ocr_line' id='line_1_41' title="bbox 814 3651 2384 3729; baseline 0.016 -28"><span class='ocrx_word' id='word_1_278' title='bbox 814 3651 1006 3704; x_wconf 87' lang='lat' dir='ltr'><strong>sabant</strong></span> <span class='ocrx_word' id='word_1_279' title='bbox 1033 3651 1383 3712; x_wconf 77' lang='lat' dir='ltr'><strong>disseminare</strong></span> <span class='ocrx_word' id='word_1_280' title='bbox 1410 3657 1707 3715; x_wconf 86' lang='lat' dir='ltr'><strong>doctrinam</strong></span> <span class='ocrx_word' id='word_1_281' title='bbox 1728 3704 1744 3729; x_wconf 90' lang='lat'><strong>,</strong></span> <span class='ocrx_word' id='word_1_282' title='bbox 1784 3665 1923 3722; x_wconf 89' lang='lat' dir='ltr'><strong>banc</strong></span> <span class='ocrx_word' id='word_1_283' title='bbox 1951 3669 2271 3725; x_wconf 85' lang='lat' dir='ltr'><strong>catholicam</strong></span> <span class='ocrx_word' id='word_1_284' title='bbox 2299 3681 2384 3726; x_wconf 88' lang='lat' dir='ltr'><strong>at-</strong></span> 
     </span>
    </p>
   </div>
   <div class='ocr_carea' id='block_1_42' title="bbox 814 3745 2390 3820">
    <p class='ocr_par' dir='ltr' id='par_1_42' title="bbox 814 3745 2390 3820">
     <span class='ocr_line' id='line_1_42' title="bbox 814 3745 2390 3820; baseline 0.015 -25"><span class='ocrx_word' id='word_1_285' title='bbox 814 3756 915 3811; x_wconf 84' lang='lat' dir='ltr'><strong>que</strong></span> <span class='ocrx_word' id='word_1_286' title='bbox 942 3745 1251 3801; x_wconf 68' lang='lat' dir='ltr'><strong>canoniam</strong></span> <span class='ocrx_word' id='word_1_287' title='bbox 1278 3746 1586 3810; x_wconf 82' lang='lat' dir='ltr'><strong>fatebantur</strong></span> <span class='ocrx_word' id='word_1_288' title='bbox 1603 3770 1724 3810; x_wconf 87' lang='lat' dir='ltr'><strong>esse</strong></span> <span class='ocrx_word' id='word_1_289' title='bbox 1750 3761 2103 3817; x_wconf 87' lang='lat' dir='ltr'><strong>sententiam:</strong></span> <span class='ocrx_word' id='word_1_290' title='bbox 2134 3763 2390 3820; x_wconf 82' lang='lat' dir='ltr'><strong>videlicet</strong></span> 
     </span>
    </p>
   </div>
   <div class='ocr_carea' id='block_1_43' title="bbox 815 3834 2387 3928">
    <p class='ocr_par' dir='ltr' id='par_1_43' title="bbox 815 3834 2387 3928">
     <span class='ocr_line' id='line_1_43' title="bbox 815 3834 2387 3928; baseline 0.02 -44"><span class='ocrx_word' id='word_1_291' title='bbox 815 3842 874 3885; x_wconf 82' lang='lat' dir='ltr'><strong>ut</strong></span> <span class='ocrx_word' id='word_1_292' title='bbox 893 3834 1017 3928; x_wconf 57' lang='lat' dir='ltr'><strong>iure</strong></span> <span class='ocrx_word' id='word_1_293' title='bbox 1044 3837 1371 3898; x_wconf 72' lang='lat' dir='ltr'><strong>simiam</strong></span> <span class='ocrx_word' id='word_1_294' title='bbox 1391 3858 1497 3900; x_wconf 89' lang='lat' dir='ltr'><strong>non</strong></span> <span class='ocrx_word' id='word_1_295' title='bbox 1529 3847 1742 3904; x_wconf 87' lang='lat' dir='ltr'><strong>dicatur</strong></span> <span class='ocrx_word' id='word_1_296' title='bbox 1765 3851 2010 3924; x_wconf 82' lang='lat' dir='ltr'><strong>quisquis</strong></span> <span class='ocrx_word' id='word_1_297' title='bbox 2032 3857 2237 3928; x_wconf 88' lang='lat' dir='ltr'><strong>absque</strong></span> <span class='ocrx_word' id='word_1_298' title='bbox 2270 3872 2387 3913; x_wconf 52' lang='lat' dir='ltr'><strong>ma-</strong></span> 
     </span>
    </p>
   </div>
   <div class='ocr_carea' id='block_1_44' title="bbox 814 3924 2384 4013">
    <p class='ocr_par' dir='ltr' id='par_1_44' title="bbox 814 3924 2384 4013">
     <span class='ocr_line' id='line_1_44' title="bbox 814 3924 2384 4013; baseline 0.018 -37"><span class='ocrx_word' id='word_1_299' title='bbox 814 3938 918 3978; x_wconf 83' lang='lat' dir='ltr'><strong>nus</strong></span> <span class='ocrx_word' id='word_1_300' title='bbox 949 3924 1284 3996; x_wconf 81' lang='lat' dir='ltr'><strong>impositione</strong></span> <span class='ocrx_word' id='word_1_301' title='bbox 1322 3934 1687 4007; x_wconf 76' lang='lat' dir='ltr'><strong>episcopatum</strong></span> <span class='ocrx_word' id='word_1_302' title='bbox 1720 3955 2064 4013; x_wconf 85' lang='lat' dir='ltr'><strong>comparasse</strong></span> <span class='ocrx_word' id='word_1_303' title='bbox 2105 3924 2384 4004; x_wconf 80' lang='lat' dir='ltr'><strong>convinci-</strong></span> 
     </span>
    </p>
   </div>
   <div class='ocr_carea' id='block_1_45' title="bbox 814 4015 2387 4099">
    <p class='ocr_par' dir='ltr' id='par_1_45' title="bbox 814 4015 2387 4099">
     <span class='ocr_line' id='line_1_45' title="bbox 814 4015 2387 4099; baseline 0.02 -35"><span class='ocrx_word' id='word_1_304' title='bbox 814 4024 922 4067; x_wconf 85' lang='lat' dir='ltr'><strong>tur.</strong></span> <span class='ocrx_word' id='word_1_305' title='bbox 954 4015 1209 4074; x_wconf 83' lang='lat' dir='ltr'><strong>Dicebant</strong></span> <span class='ocrx_word' id='word_1_306' title='bbox 1226 4022 1389 4087; x_wconf 89' lang='lat' dir='ltr'><strong>enim,</strong></span> <span class='ocrx_word' id='word_1_307' title='bbox 1412 4027 1537 4096; x_wconf 88' lang='lat' dir='ltr'><strong>quia</strong></span> <span class='ocrx_word' id='word_1_308' title='bbox 1559 4043 1681 4084; x_wconf 82' lang='lat' dir='ltr'><strong>cum</strong></span> <span class='ocrx_word' id='word_1_309' title='bbox 1702 4030 1805 4087; x_wconf 86' lang='lat' dir='ltr'><strong>hoc</strong></span> <span class='ocrx_word' id='word_1_310' title='bbox 1826 4032 1907 4099; x_wconf 81' lang='lat' dir='ltr'><strong>ﬁt,</strong></span> <span class='ocrx_word' id='word_1_311' title='bbox 1933 4051 2040 4091; x_wconf 89' lang='lat' dir='ltr'><strong>non</strong></span> <span class='ocrx_word' id='word_1_312' title='bbox 2062 4039 2387 4095; x_wconf 82' lang='lat' dir='ltr'><strong>distrahitur</strong></span> 
     </span>
    </p>
   </div>
   <div class='ocr_carea' id='block_1_46' title="bbox 813 4103 2385 4195">
    <p class='ocr_par' dir='ltr' id='par_1_46' title="bbox 813 4103 2385 4195">
     <span class='ocr_line' id='line_1_46' title="bbox 813 4103 2385 4195; baseline 0.018 -35"><span class='ocrx_word' id='word_1_313' title='bbox 813 4103 1072 4173; x_wconf 74' lang='lat' dir='ltr'><strong>Ecclesia,</strong></span> <span class='ocrx_word' id='word_1_314' title='bbox 1098 4112 1193 4166; x_wconf 85' lang='lat' dir='ltr'><strong>sed</strong></span> <span class='ocrx_word' id='word_1_315' title='bbox 1219 4111 1474 4183; x_wconf 75' lang='lat' dir='ltr'><strong>facultas;</strong></span> <span class='ocrx_word' id='word_1_316' title='bbox 1508 4134 1608 4176; x_wconf 89' lang='lat' dir='ltr'><strong>nec</strong></span> <span class='ocrx_word' id='word_1_317' title='bbox 1632 4124 1832 4178; x_wconf 90' lang='lat' dir='ltr'><strong>emitur</strong></span> <span class='ocrx_word' id='word_1_318' title='bbox 1855 4130 2216 4185; x_wconf 85' lang='lat' dir='ltr'><strong>sacerdotium</strong></span> <span class='ocrx_word' id='word_1_319' title='bbox 2239 4172 2254 4195; x_wconf 90' lang='lat'><strong>,</strong></span> <span class='ocrx_word' id='word_1_320' title='bbox 2290 4132 2385 4187; x_wconf 87' lang='lat' dir='ltr'><strong>sed</strong></span> 
     </span>
    </p>
   </div>
   <div class='ocr_carea' id='block_1_47' title="bbox 813 4199 2388 4289">
    <p class='ocr_par' dir='ltr' id='par_1_47' title="bbox 813 4199 2388 4289">
     <span class='ocr_line' id='line_1_47' title="bbox 813 4199 2388 4289; baseline 0.017 -37"><span class='ocrx_word' id='word_1_321' title='bbox 813 4199 1084 4265; x_wconf 77' lang='lat' dir='ltr'><strong>possessio</strong></span> <span class='ocrx_word' id='word_1_322' title='bbox 1136 4204 1478 4273; x_wconf 68' lang='lat' dir='ltr'><strong>pmdiorum.</strong></span> <span class='ocrx_word' id='word_1_323' title='bbox 1529 4208 1643 4265; x_wconf 85' lang='lat' dir='ltr'><strong>Sub</strong></span> <span class='ocrx_word' id='word_1_324' title='bbox 1698 4214 1799 4271; x_wconf 82' lang='lat' dir='ltr'><strong>hac</strong></span> <span class='ocrx_word' id='word_1_325' title='bbox 1847 4218 1989 4273; x_wconf 89' lang='lat' dir='ltr'><strong>enim</strong></span> <span class='ocrx_word' id='word_1_326' title='bbox 2040 4222 2388 4289; x_wconf 66' lang='lat' dir='ltr'><strong>prastatione</strong></span> 
     </span>
    </p>
   </div>
   <div class='ocr_carea' id='block_1_48' title="bbox 811 4289 2388 4370">
    <p class='ocr_par' dir='ltr' id='par_1_48' title="bbox 811 4289 2388 4370">
     <span class='ocr_line' id='line_1_48' title="bbox 811 4289 2388 4370; baseline 0.02 -29"><span class='ocrx_word' id='word_1_327' title='bbox 811 4289 1078 4357; x_wconf 67' lang='lat' dir='ltr'><strong>pecunia,</strong></span> <span class='ocrx_word' id='word_1_328' title='bbox 1123 4306 1254 4363; x_wconf 88' lang='lat' dir='ltr'><strong>opes</strong></span> <span class='ocrx_word' id='word_1_329' title='bbox 1300 4304 1538 4365; x_wconf 87' lang='lat' dir='ltr'><strong>tantum,</strong></span> <span class='ocrx_word' id='word_1_330' title='bbox 1586 4317 1690 4357; x_wconf 88' lang='lat' dir='ltr'><strong>non</strong></span> <span class='ocrx_word' id='word_1_331' title='bbox 1737 4304 1957 4364; x_wconf 85' lang='lat' dir='ltr'><strong>honoris</strong></span> <span class='ocrx_word' id='word_1_332' title='bbox 2000 4310 2086 4366; x_wconf 88' lang='lat' dir='ltr'><strong>vel</strong></span> <span class='ocrx_word' id='word_1_333' title='bbox 2129 4312 2388 4370; x_wconf 65' lang='lat' dir='ltr'><strong>Eccleaia</strong></span> 
     </span>
    </p>
   </div>
   <div class='ocr_carea' id='block_1_49' title="bbox 812 4382 2387 4471">
    <p class='ocr_par' dir='ltr' id='par_1_49' title="bbox 812 4382 2387 4471">
     <span class='ocr_line' id='line_1_49' title="bbox 812 4382 2387 4471; baseline 0.017 -38"><span class='ocrx_word' id='word_1_334' title='bbox 812 4382 1093 4437; x_wconf 83' lang='lat' dir='ltr'><strong>redimitur</strong></span> <span class='ocrx_word' id='word_1_335' title='bbox 1114 4398 1526 4447; x_wconf 77' lang='lat' dir='ltr'><strong>sacramentum.</strong></span> <span class='ocrx_word' id='word_1_336' title='bbox 1555 4393 1772 4452; x_wconf 83' lang='lat' dir='ltr'><strong>Venalia</strong></span> <span class='ocrx_word' id='word_1_337' title='bbox 1792 4400 2056 4470; x_wconf 87' lang='lat' dir='ltr'><strong>siquidem</strong></span> <span class='ocrx_word' id='word_1_338' title='bbox 2078 4414 2223 4471; x_wconf 90' lang='lat' dir='ltr'><strong>sunt,</strong></span> <span class='ocrx_word' id='word_1_339' title='bbox 2242 4405 2387 4461; x_wconf 89' lang='lat' dir='ltr'><strong>sicut</strong></span> 
     </span>
    </p>
   </div>
   <div class='ocr_carea' id='block_1_50' title="bbox 2491 526 4056 598">
    <p class='ocr_par' dir='ltr' id='par_1_50' title="bbox 2491 526 4056 598">
     <span class='ocr_line' id='line_1_50' title="bbox 2491 526 4056 598; baseline -0.003 -14"><span class='ocrx_word' id='word_1_340' title='bbox 2491 532 2879 591; x_wconf 77' lang='lat' dir='ltr'><strong>membrorum.</strong></span> <span class='ocrx_word' id='word_1_341' title='bbox 2923 538 3085 598; x_wconf 87' lang='lat' dir='ltr'><strong>atque</strong></span> <span class='ocrx_word' id='word_1_342' title='bbox 3121 544 3242 581; x_wconf 69' lang='lat' dir='ltr'><strong>nios</strong></span> <span class='ocrx_word' id='word_1_343' title='bbox 3293 526 3549 581; x_wconf 85' lang='lat' dir='ltr'><strong>divinitus</strong></span> <span class='ocrx_word' id='word_1_344' title='bbox 3595 526 3896 587; x_wconf 80' lang='lat' dir='ltr'><strong>animetur;</strong></span> <span class='ocrx_word' id='word_1_345' title='bbox 3926 540 4056 595; x_wconf 85' lang='lat' dir='ltr'><strong>quo-</strong></span> 
     </span>
    </p>
   </div>
   <div class='ocr_carea' id='block_1_51' title="bbox 2488 616 4059 683">
    <p class='ocr_par' dir='ltr' id='par_1_51' title="bbox 2488 616 4059 683">
     <span class='ocr_line' id='line_1_51' title="bbox 2488 616 4059 683; baseline -0.002 -11"><span class='ocrx_word' id='word_1_346' title='bbox 2488 620 2631 672; x_wconf 85' lang='lat' dir='ltr'><strong>niam</strong></span> <span class='ocrx_word' id='word_1_347' title='bbox 2686 634 2791 672; x_wconf 91' lang='lat' dir='ltr'><strong>non</strong></span> <span class='ocrx_word' id='word_1_348' title='bbox 2832 620 3047 679; x_wconf 85' lang='lat' dir='ltr'><strong>anima,</strong></span> <span class='ocrx_word' id='word_1_349' title='bbox 3095 616 3189 671; x_wconf 86' lang='lat' dir='ltr'><strong>sed</strong></span> <span class='ocrx_word' id='word_1_350' title='bbox 3243 632 3373 671; x_wconf 89' lang='lat' dir='ltr'><strong>caro</strong></span> <span class='ocrx_word' id='word_1_351' title='bbox 3409 616 3674 671; x_wconf 78' lang='lat' dir='ltr'><strong>duntaxat</strong></span> <span class='ocrx_word' id='word_1_352' title='bbox 3714 628 3784 668; x_wconf 73' lang='lat' dir='ltr'><strong>ex</strong></span> <span class='ocrx_word' id='word_1_353' title='bbox 3840 624 4059 683; x_wconf 85' lang='lat' dir='ltr'><strong>paterno</strong></span> 
     </span>
    </p>
   </div>
   <div class='ocr_carea' id='block_1_52' title="bbox 2488 706 4058 784">
    <p class='ocr_par' dir='ltr' id='par_1_52' title="bbox 2488 706 4058 784">
     <span class='ocr_line' id='line_1_52' title="bbox 2488 706 4058 784; baseline -0.005 -17"><span class='ocrx_word' id='word_1_354' title='bbox 2488 715 2692 768; x_wconf 79' lang='lat' dir='ltr'><strong>semine</strong></span> <span class='ocrx_word' id='word_1_355' title='bbox 2736 714 2971 782; x_wconf 79' lang='lat' dir='ltr'><strong>prodiit;</strong></span> <span class='ocrx_word' id='word_1_356' title='bbox 3034 728 3167 784; x_wconf 66' lang='lat' dir='ltr'><strong>ergo</strong></span> <span class='ocrx_word' id='word_1_357' title='bbox 3214 720 3369 781; x_wconf 89' lang='lat' dir='ltr'><strong>pater</strong></span> <span class='ocrx_word' id='word_1_358' title='bbox 3412 725 3633 765; x_wconf 86' lang='lat' dir='ltr'><strong>carnem</strong></span> <span class='ocrx_word' id='word_1_359' title='bbox 3689 706 4058 762; x_wconf 87' lang='lat' dir='ltr'><strong>tantummodo</strong></span> 
     </span>
    </p>
   </div>
   <div class='ocr_carea' id='block_1_53' title="bbox 2488 797 4057 875">
    <p class='ocr_par' dir='ltr' id='par_1_53' title="bbox 2488 797 4057 875">
     <span class='ocr_line' id='line_1_53' title="bbox 2488 797 4057 875; baseline -0.006 -15"><span class='ocrx_word' id='word_1_360' title='bbox 2488 806 2743 859; x_wconf 79' lang='lat' dir='ltr'><strong>dicendus</strong></span> <span class='ocrx_word' id='word_1_361' title='bbox 2775 816 2861 859; x_wconf 79' lang='lat' dir='ltr'><strong>est</strong></span> <span class='ocrx_word' id='word_1_362' title='bbox 2904 806 3177 875; x_wconf 62' lang='lat' dir='ltr'><strong>genuisse.</strong></span> <span class='ocrx_word' id='word_1_363' title='bbox 3216 818 3323 857; x_wconf 87' lang='lat' dir='ltr'><strong>non</strong></span> <span class='ocrx_word' id='word_1_364' title='bbox 3358 801 3585 872; x_wconf 84' lang='lat' dir='ltr'><strong>prolem,</strong></span> <span class='ocrx_word' id='word_1_365' title='bbox 3610 814 3731 871; x_wconf 70' lang='lat' dir='ltr'><strong>qua</strong></span> <span class='ocrx_word' id='word_1_366' title='bbox 3775 814 3842 854; x_wconf 79' lang='lat' dir='ltr'><strong>ex</strong></span> <span class='ocrx_word' id='word_1_367' title='bbox 3879 797 4057 852; x_wconf 88' lang='lat' dir='ltr'><strong>anima</strong></span> 
     </span>
    </p>
   </div>
   <div class='ocr_carea' id='block_1_54' title="bbox 2487 888 4056 965">
    <p class='ocr_par' dir='ltr' id='par_1_54' title="bbox 2487 888 4056 965">
     <span class='ocr_line' id='line_1_54' title="bbox 2487 888 4056 965; baseline -0.009 -11"><span class='ocrx_word' id='word_1_368' title='bbox 2487 908 2698 953; x_wconf 84' lang='lat' dir='ltr'><strong>constat</strong></span> <span class='ocrx_word' id='word_1_369' title='bbox 2724 908 2777 952; x_wconf 88' lang='lat' dir='ltr'><strong>et</strong></span> <span class='ocrx_word' id='word_1_370' title='bbox 2799 911 3050 965; x_wconf 84' lang='lat' dir='ltr'><strong>corpore.</strong></span> <span class='ocrx_word' id='word_1_371' title='bbox 3078 894 3231 962; x_wconf 80' lang='lat' dir='ltr'><strong>Quod</strong></span> <span class='ocrx_word' id='word_1_372' title='bbox 3262 910 3383 949; x_wconf 86' lang='lat' dir='ltr'><strong>cum</strong></span> <span class='ocrx_word' id='word_1_373' title='bbox 3404 893 3618 962; x_wconf 87' lang='lat' dir='ltr'><strong>penitus</strong></span> <span class='ocrx_word' id='word_1_374' title='bbox 3649 889 3941 945; x_wconf 84' lang='lat' dir='ltr'><strong>absurdum</strong></span> <span class='ocrx_word' id='word_1_375' title='bbox 3965 888 4056 953; x_wconf 88' lang='lat' dir='ltr'><strong>sit,</strong></span> 
     </span>
    </p>
   </div>
   <div class='ocr_carea' id='block_1_55' title="bbox 2485 978 4057 1059">
    <p class='ocr_par' dir='ltr' id='par_1_55' title="bbox 2485 978 4057 1059">
     <span class='ocr_line' id='line_1_55' title="bbox 2485 978 4057 1059; baseline -0.006 -16"><span class='ocrx_word' id='word_1_376' title='bbox 2485 1001 2537 1043; x_wconf 88' lang='lat' dir='ltr'><strong>et</strong></span> <span class='ocrx_word' id='word_1_377' title='bbox 2574 992 2767 1043; x_wconf 83' lang='lat' dir='ltr'><strong>merito</strong></span> <span class='ocrx_word' id='word_1_378' title='bbox 2806 998 2961 1059; x_wconf 79' lang='lat' dir='ltr'><strong>pater</strong></span> <span class='ocrx_word' id='word_1_379' title='bbox 2996 988 3087 1043; x_wconf 89' lang='lat' dir='ltr'><strong>ille</strong></span> <span class='ocrx_word' id='word_1_380' title='bbox 3125 987 3363 1047; x_wconf 83' lang='lat' dir='ltr'><strong>dicatur,</strong></span> <span class='ocrx_word' id='word_1_381' title='bbox 3395 1000 3463 1039; x_wconf 77' lang='lat' dir='ltr'><strong>ex</strong></span> <span class='ocrx_word' id='word_1_382' title='bbox 3510 982 3664 1053; x_wconf 79' lang='lat' dir='ltr'><strong>cujus</strong></span> <span class='ocrx_word' id='word_1_383' title='bbox 3706 980 3914 1036; x_wconf 84' lang='lat' dir='ltr'><strong>femore</strong></span> <span class='ocrx_word' id='word_1_384' title='bbox 3948 978 4057 1035; x_wconf 86' lang='lat' dir='ltr'><strong>sola</strong></span> 
     </span>
    </p>
   </div>
   <div class='ocr_carea' id='block_1_56' title="bbox 2486 1070 4057 1150">
    <p class='ocr_par' dir='ltr' id='par_1_56' title="bbox 2486 1070 4057 1150">
     <span class='ocr_line' id='line_1_56' title="bbox 2486 1070 4057 1150; baseline -0.005 -17"><span class='ocrx_word' id='word_1_385' title='bbox 2486 1096 2614 1133; x_wconf 89' lang='lat' dir='ltr'><strong>caro</strong></span> <span class='ocrx_word' id='word_1_386' title='bbox 2652 1082 2723 1133; x_wconf 88' lang='lat' dir='ltr'><strong>sit</strong></span> <span class='ocrx_word' id='word_1_387' title='bbox 2758 1095 2999 1150; x_wconf 67' lang='lat' dir='ltr'><strong>egressa,</strong></span> <span class='ocrx_word' id='word_1_388' title='bbox 3052 1094 3160 1133; x_wconf 85' lang='lat' dir='ltr'><strong>non</strong></span> <span class='ocrx_word' id='word_1_389' title='bbox 3190 1078 3368 1132; x_wconf 79' lang='lat' dir='ltr'><strong>anima</strong></span> <span class='ocrx_word' id='word_1_390' title='bbox 3395 1093 3410 1129; x_wconf 91' lang='lat'><strong>:</strong></span> <span class='ocrx_word' id='word_1_391' title='bbox 3434 1076 3514 1131; x_wconf 87' lang='lat' dir='ltr'><strong>sic</strong></span> <span class='ocrx_word' id='word_1_392' title='bbox 3556 1074 3644 1129; x_wconf 78' lang='lat' dir='ltr'><strong>ille</strong></span> <span class='ocrx_word' id='word_1_393' title='bbox 3686 1070 3870 1145; x_wconf 87' lang='lat' dir='ltr'><strong>procul</strong></span> <span class='ocrx_word' id='word_1_394' title='bbox 3900 1070 4057 1127; x_wconf 88' lang='lat' dir='ltr'><strong>dubio</strong></span> 
     </span>
    </p>
   </div>
   <div class='ocr_carea' id='block_1_57' title="bbox 2488 1167 4057 1238">
    <p class='ocr_par' dir='ltr' id='par_1_57' title="bbox 2488 1167 4057 1238">
     <span class='ocr_line' id='line_1_57' title="bbox 2488 1167 4057 1238; baseline -0.006 -11"><span class='ocrx_word' id='word_1_395' title='bbox 2488 1174 2749 1228; x_wconf 84' lang='lat' dir='ltr'><strong>dicendus</strong></span> <span class='ocrx_word' id='word_1_396' title='bbox 2800 1182 2883 1226; x_wconf 83' lang='lat' dir='ltr'><strong>est</strong></span> <span class='ocrx_word' id='word_1_397' title='bbox 2925 1183 3201 1226; x_wconf 79' lang='lat' dir='ltr'><strong>mercator</strong></span> <span class='ocrx_word' id='word_1_398' title='bbox 3250 1168 3522 1233; x_wconf 64' lang='lat' dir='ltr'><strong>Ecclesia.</strong></span> <span class='ocrx_word' id='word_1_399' title='bbox 3553 1167 3644 1238; x_wconf 89' lang='lat' dir='ltr'><strong>qui</strong></span> <span class='ocrx_word' id='word_1_400' title='bbox 3684 1181 3781 1238; x_wconf 88' lang='lat' dir='ltr'><strong>per</strong></span> <span class='ocrx_word' id='word_1_401' title='bbox 3824 1174 4057 1228; x_wconf 88' lang='lat' dir='ltr'><strong>terrena,</strong></span> 
     </span>
    </p>
   </div>
   <div class='ocr_carea' id='block_1_58' title="bbox 2486 1256 4061 1334">
    <p class='ocr_par' dir='ltr' id='par_1_58' title="bbox 2486 1256 4061 1334">
     <span class='ocr_line' id='line_1_58' title="bbox 2486 1256 4061 1334; baseline -0.006 -17"><span class='ocrx_word' id='word_1_402' title='bbox 2486 1281 2605 1334; x_wconf 71' lang='lat' dir='ltr'><strong>quae</strong></span> <span class='ocrx_word' id='word_1_403' title='bbox 2652 1266 2903 1328; x_wconf 84' lang='lat' dir='ltr'><strong>redemit,</strong></span> <span class='ocrx_word' id='word_1_404' title='bbox 2937 1264 3001 1318; x_wconf 88' lang='lat' dir='ltr'><strong>ad</strong></span> <span class='ocrx_word' id='word_1_405' title='bbox 3050 1264 3278 1317; x_wconf 82' lang='lat' dir='ltr'><strong>honoris</strong></span> <span class='ocrx_word' id='word_1_406' title='bbox 3317 1261 3531 1315; x_wconf 81' lang='lat' dir='ltr'><strong>culmen</strong></span> <span class='ocrx_word' id='word_1_407' title='bbox 3570 1256 3838 1321; x_wconf 76' lang='lat' dir='ltr'><strong>ascendit,</strong></span> <span class='ocrx_word' id='word_1_408' title='bbox 3883 1262 3939 1310; x_wconf 88' lang='lat' dir='ltr'><strong>et</strong></span> <span class='ocrx_word' id='word_1_409' title='bbox 3965 1264 4061 1324; x_wconf 87' lang='lat' dir='ltr'><strong>per</strong></span> 
     </span>
    </p>
   </div>
   <div class='ocr_carea' id='block_1_59' title="bbox 2487 1344 4060 1426">
    <p class='ocr_par' dir='ltr' id='par_1_59' title="bbox 2487 1344 4060 1426">
     <span class='ocr_line' id='line_1_59' title="bbox 2487 1344 4060 1426; baseline -0.008 -15"><span class='ocrx_word' id='word_1_410' title='bbox 2487 1356 2786 1426; x_wconf 82' lang='lat' dir='ltr'><strong>corporalis</strong></span> <span class='ocrx_word' id='word_1_411' title='bbox 2816 1355 3201 1411; x_wconf 81' lang='lat' dir='ltr'><strong>commercium</strong></span> <span class='ocrx_word' id='word_1_412' title='bbox 3229 1354 3387 1417; x_wconf 85' lang='lat' dir='ltr'><strong>lucri,</strong></span> <span class='ocrx_word' id='word_1_413' title='bbox 3414 1360 3626 1420; x_wconf 81' lang='lat' dir='ltr'><strong>emptor</strong></span> <span class='ocrx_word' id='word_1_414' title='bbox 3660 1347 3891 1404; x_wconf 64' lang='lat' dir='ltr'><strong>eﬂcitnr</strong></span> <span class='ocrx_word' id='word_1_415' title='bbox 3928 1344 4060 1399; x_wconf 85' lang='lat' dir='ltr'><strong>nihi-</strong></span> 
     </span>
    </p>
   </div>
   <div class='ocr_carea' id='block_1_60' title="bbox 2488 1434 4060 1512">
    <p class='ocr_par' dir='ltr' id='par_1_60' title="bbox 2488 1434 4060 1512">
     <span class='ocr_line' id='line_1_60' title="bbox 2488 1434 4060 1512; baseline -0.008 -12"><span class='ocrx_word' id='word_1_416' title='bbox 2488 1447 2722 1500; x_wconf 82' lang='lat' dir='ltr'><strong>lominus</strong></span> <span class='ocrx_word' id='word_1_417' title='bbox 2751 1446 3101 1501; x_wconf 86' lang='lat' dir='ltr'><strong>sacramenti.</strong></span> <span class='ocrx_word' id='word_1_418' title='bbox 3131 1445 3223 1498; x_wconf 83' lang='lat' dir='ltr'><strong>Dic</strong></span> <span class='ocrx_word' id='word_1_419' title='bbox 3268 1444 3449 1512; x_wconf 86' lang='lat' dir='ltr'><strong>itaque</strong></span> <span class='ocrx_word' id='word_1_420' title='bbox 3472 1439 3719 1510; x_wconf 87' lang='lat' dir='ltr'><strong>quisquis</strong></span> <span class='ocrx_word' id='word_1_421' title='bbox 3745 1452 3829 1500; x_wconf 89' lang='lat' dir='ltr'><strong>es,</strong></span> <span class='ocrx_word' id='word_1_422' title='bbox 3867 1434 3961 1506; x_wconf 88' lang='lat' dir='ltr'><strong>qui</strong></span> <span class='ocrx_word' id='word_1_423' title='bbox 4012 1442 4060 1488; x_wconf 85' lang='lat' dir='ltr'><strong>te</strong></span> 
     </span>
    </p>
   </div>
   <div class='ocr_carea' id='block_1_61' title="bbox 2486 1532 4060 1606">
    <p class='ocr_par' dir='ltr' id='par_1_61' title="bbox 2486 1532 4060 1606">
     <span class='ocr_line' id='line_1_61' title="bbox 2486 1532 4060 1606; baseline -0.006 -13"><span class='ocrx_word' id='word_1_424' title='bbox 2486 1539 2659 1606; x_wconf 86' lang='lat' dir='ltr'><strong>iactas</strong></span> <span class='ocrx_word' id='word_1_425' title='bbox 2704 1550 2935 1593; x_wconf 66' lang='lat' dir='ltr'><strong>terrena</strong></span> <span class='ocrx_word' id='word_1_426' title='bbox 2993 1534 3363 1592; x_wconf 78' lang='lat' dir='ltr'><strong>tantummodo</strong></span> <span class='ocrx_word' id='word_1_427' title='bbox 3417 1532 3687 1588; x_wconf 80' lang='lat' dir='ltr'><strong>facultatis</strong></span> <span class='ocrx_word' id='word_1_428' title='bbox 3741 1538 4060 1599; x_wconf 81' lang='lat' dir='ltr'><strong>emptorem.</strong></span> 
     </span>
    </p>
   </div>
   <div class='ocr_carea' id='block_1_62' title="bbox 2488 1621 4061 1703">
    <p class='ocr_par' dir='ltr' id='par_1_62' title="bbox 2488 1621 4061 1703">
     <span class='ocr_line' id='line_1_62' title="bbox 2488 1621 4061 1703; baseline -0.007 -16"><span class='ocrx_word' id='word_1_429' title='bbox 2488 1649 2585 1703; x_wconf 90' lang='lat' dir='ltr'><strong>per</strong></span> <span class='ocrx_word' id='word_1_430' title='bbox 2611 1649 2774 1703; x_wconf 90' lang='lat' dir='ltr'><strong>qnam</strong></span> <span class='ocrx_word' id='word_1_431' title='bbox 2806 1643 2986 1685; x_wconf 85' lang='lat' dir='ltr'><strong>tamen</strong></span> <span class='ocrx_word' id='word_1_432' title='bbox 3036 1632 3251 1701; x_wconf 84' lang='lat' dir='ltr'><strong>aspiras</strong></span> <span class='ocrx_word' id='word_1_433' title='bbox 3278 1630 3347 1683; x_wconf 90' lang='lat' dir='ltr'><strong>ad</strong></span> <span class='ocrx_word' id='word_1_434' title='bbox 3390 1626 3707 1699; x_wconf 85' lang='lat' dir='ltr'><strong>episcopalis</strong></span> <span class='ocrx_word' id='word_1_435' title='bbox 3732 1621 4061 1679; x_wconf 61' lang='lat' dir='ltr'><strong>excellentia</strong></span> 
     </span>
    </p>
   </div>
   <div class='ocr_carea' id='block_1_63' title="bbox 2488 1712 4065 1790">
    <p class='ocr_par' dir='ltr' id='par_1_63' title="bbox 2488 1712 4065 1790">
     <span class='ocr_line' id='line_1_63' title="bbox 2488 1712 4065 1790; baseline -0.008 -12"><span class='ocrx_word' id='word_1_436' title='bbox 2488 1725 2857 1779; x_wconf 85' lang='lat' dir='ltr'><strong>conscendere</strong></span> <span class='ocrx_word' id='word_1_437' title='bbox 2886 1723 3237 1790; x_wconf 64' lang='lat' dir='ltr'><strong>dignitatem;</strong></span> <span class='ocrx_word' id='word_1_438' title='bbox 3260 1731 3315 1775; x_wconf 89' lang='lat' dir='ltr'><strong>et</strong></span> <span class='ocrx_word' id='word_1_439' title='bbox 3354 1721 3479 1775; x_wconf 89' lang='lat' dir='ltr'><strong>dum</strong></span> <span class='ocrx_word' id='word_1_440' title='bbox 3522 1727 3575 1773; x_wconf 88' lang='lat' dir='ltr'><strong>te</strong></span> <span class='ocrx_word' id='word_1_441' title='bbox 3602 1717 3737 1772; x_wconf 90' lang='lat' dir='ltr'><strong>dicis</strong></span> <span class='ocrx_word' id='word_1_442' title='bbox 3763 1731 3792 1769; x_wconf 93' lang='lat' dir='ltr'><strong>a</strong></span> <span class='ocrx_word' id='word_1_443' title='bbox 3825 1712 4065 1785; x_wconf 82' lang='lat' dir='ltr'><strong>principe</strong></span> 
     </span>
    </p>
   </div>
   <div class='ocr_carea' id='block_1_64' title="bbox 2410 1806 4063 1879">
    <p class='ocr_par' dir='ltr' id='par_1_64' title="bbox 2410 1806 4063 1879">
     <span class='ocr_line' id='line_1_64' title="bbox 2410 1806 4063 1879; baseline -0.004 -12"><span class='ocrx_word' id='word_1_444' title='bbox 2410 1806 2459 1867; x_wconf 81' lang='grc' dir='ltr'><strong><em>Β</em></strong></span> <span class='ocrx_word' id='word_1_445' title='bbox 2489 1826 2703 1871; x_wconf 84' lang='lat' dir='ltr'><strong>terrena</strong></span> <span class='ocrx_word' id='word_1_446' title='bbox 2768 1818 3032 1871; x_wconf 77' lang='lat' dir='ltr'><strong>duntaxat</strong></span> <span class='ocrx_word' id='word_1_447' title='bbox 3087 1814 3340 1869; x_wconf 66' lang='lat' dir='ltr'><strong>Ecclesia</strong></span> <span class='ocrx_word' id='word_1_448' title='bbox 3393 1813 3673 1867; x_wconf 89' lang='lat' dir='ltr'><strong>commoda</strong></span> <span class='ocrx_word' id='word_1_449' title='bbox 3719 1806 4063 1879; x_wconf 83' lang='lat' dir='ltr'><strong>percepisse,</strong></span> 
     </span>
    </p>
   </div>
   <div class='ocr_carea' id='block_1_65' title="bbox 2486 1894 4065 1976">
    <p class='ocr_par' dir='ltr' id='par_1_65' title="bbox 2486 1894 4065 1976">
     <span class='ocr_line' id='line_1_65' title="bbox 2486 1894 4065 1976; baseline -0.008 -14"><span class='ocrx_word' id='word_1_450' title='bbox 2486 1909 2693 1964; x_wconf 87' lang='lat' dir='ltr'><strong>asseris</strong></span> <span class='ocrx_word' id='word_1_451' title='bbox 2733 1919 2785 1962; x_wconf 83' lang='lat' dir='ltr'><strong>te</strong></span> <span class='ocrx_word' id='word_1_452' title='bbox 2810 1906 3209 1976; x_wconf 83' lang='lat' dir='ltr'><strong>quodammodo</strong></span> <span class='ocrx_word' id='word_1_453' title='bbox 3237 1904 3493 1963; x_wconf 88' lang='lat' dir='ltr'><strong>villicum.</strong></span> <span class='ocrx_word' id='word_1_454' title='bbox 3520 1916 3627 1956; x_wconf 90' lang='lat' dir='ltr'><strong>non</strong></span> <span class='ocrx_word' id='word_1_455' title='bbox 3658 1910 3717 1953; x_wconf 90' lang='lat' dir='ltr'><strong>ut</strong></span> <span class='ocrx_word' id='word_1_456' title='bbox 3741 1894 4065 1954; x_wconf 82' lang='lat' dir='ltr'><strong>sacerdotali</strong></span> 
     </span>
    </p>
   </div>
   <div class='ocr_carea' id='block_1_66' title="bbox 2486 1984 4067 2070">
    <p class='ocr_par' dir='ltr' id='par_1_66' title="bbox 2486 1984 4067 2070">
     <span class='ocr_line' id='line_1_66' title="bbox 2486 1984 4067 2070; baseline -0.008 -18"><span class='ocrx_word' id='word_1_457' title='bbox 2486 1998 2735 2070; x_wconf 74' lang='lat' dir='ltr'><strong>fungaris</strong></span> <span class='ocrx_word' id='word_1_458' title='bbox 2780 1997 2977 2059; x_wconf 73' lang='lat' dir='ltr'><strong>cilicio,</strong></span> <span class='ocrx_word' id='word_1_459' title='bbox 3030 1996 3407 2051; x_wconf 88' lang='lat' dir='ltr'><strong>constitutum.</strong></span> <span class='ocrx_word' id='word_1_460' title='bbox 3458 1992 3573 2056; x_wconf 89' lang='lat' dir='ltr'><strong>Dic,</strong></span> <span class='ocrx_word' id='word_1_461' title='bbox 3621 1992 3859 2060; x_wconf 85' lang='lat' dir='ltr'><strong>inquam.</strong></span> <span class='ocrx_word' id='word_1_462' title='bbox 3914 1984 4067 2053; x_wconf 86' lang='lat' dir='ltr'><strong>cujus</strong></span> 
     </span>
    </p>
   </div>
   <div class='ocr_carea' id='block_1_67' title="bbox 2486 2081 4067 2164">
    <p class='ocr_par' dir='ltr' id='par_1_67' title="bbox 2486 2081 4067 2164">
     <span class='ocr_line' id='line_1_67' title="bbox 2486 2081 4067 2164; baseline -0.009 -17"><span class='ocrx_word' id='word_1_463' title='bbox 2486 2103 2603 2147; x_wconf 88' lang='lat' dir='ltr'><strong>erat</strong></span> <span class='ocrx_word' id='word_1_464' title='bbox 2633 2094 2841 2164; x_wconf 62' lang='lat' dir='ltr'><strong>ﬁgura,</strong></span> <span class='ocrx_word' id='word_1_465' title='bbox 2870 2107 3035 2161; x_wconf 83' lang='lat' dir='ltr'><strong>quam</strong></span> <span class='ocrx_word' id='word_1_466' title='bbox 3067 2103 3198 2143; x_wconf 86' lang='lat' dir='ltr'><strong>sane</strong></span> <span class='ocrx_word' id='word_1_467' title='bbox 3230 2087 3465 2141; x_wconf 88' lang='lat' dir='ltr'><strong>habebat</strong></span> <span class='ocrx_word' id='word_1_468' title='bbox 3490 2084 3725 2157; x_wconf 82' lang='lat' dir='ltr'><strong>speciem</strong></span> <span class='ocrx_word' id='word_1_469' title='bbox 3752 2081 4067 2137; x_wconf 86' lang='lat' dir='ltr'><strong>investitura</strong></span> 
     </span>
    </p>
   </div>
   <div class='ocr_carea' id='block_1_68' title="bbox 2487 2168 4068 2253">
    <p class='ocr_par' dir='ltr' id='par_1_68' title="bbox 2487 2168 4068 2253">
     <span class='ocr_line' id='line_1_68' title="bbox 2487 2168 4068 2253; baseline -0.009 -15"><span class='ocrx_word' id='word_1_470' title='bbox 2487 2184 2621 2247; x_wconf 69' lang='lat' dir='ltr'><strong>haec,</strong></span> <span class='ocrx_word' id='word_1_471' title='bbox 2654 2199 2818 2253; x_wconf 86' lang='lat' dir='ltr'><strong>quam</strong></span> <span class='ocrx_word' id='word_1_472' title='bbox 2866 2183 2922 2235; x_wconf 89' lang='lat' dir='ltr'><strong>in</strong></span> <span class='ocrx_word' id='word_1_473' title='bbox 2962 2180 3211 2235; x_wconf 86' lang='lat' dir='ltr'><strong>manibus</strong></span> <span class='ocrx_word' id='word_1_474' title='bbox 3242 2180 3348 2232; x_wconf 82' lang='lat' dir='ltr'><strong>tuis</strong></span> <span class='ocrx_word' id='word_1_475' title='bbox 3385 2177 3637 2246; x_wconf 87' lang='lat' dir='ltr'><strong>princeps</strong></span> <span class='ocrx_word' id='word_1_476' title='bbox 3675 2173 3760 2228; x_wconf 88' lang='lat' dir='ltr'><strong>ille</strong></span> <span class='ocrx_word' id='word_1_477' title='bbox 3788 2168 4068 2243; x_wconf 72' lang='lat' dir='ltr'><strong>deposuit?</strong></span> 
     </span>
    </p>
   </div>
   <div class='ocr_carea' id='block_1_69' title="bbox 2485 2261 4068 2340">
    <p class='ocr_par' dir='ltr' id='par_1_69' title="bbox 2485 2261 4068 2340">
     <span class='ocr_line' id='line_1_69' title="bbox 2485 2261 4068 2340; baseline -0.009 -11"><span class='ocrx_word' id='word_1_478' title='bbox 2485 2274 2657 2329; x_wconf 84' lang='lat' dir='ltr'><strong>Porro</strong></span> <span class='ocrx_word' id='word_1_479' title='bbox 2690 2275 2734 2328; x_wconf 90' lang='lat' dir='ltr'><strong>si</strong></span> <span class='ocrx_word' id='word_1_480' title='bbox 2773 2272 3043 2333; x_wconf 86' lang='lat' dir='ltr'><strong>surculus,</strong></span> <span class='ocrx_word' id='word_1_481' title='bbox 3073 2271 3119 2325; x_wconf 88' lang='lat' dir='ltr'><strong>si</strong></span> <span class='ocrx_word' id='word_1_482' title='bbox 3170 2269 3278 2340; x_wconf 68' lang='grc' dir='ltr'><strong>ιε</strong></span> <span class='ocrx_word' id='word_1_483' title='bbox 3320 2268 3545 2335; x_wconf 74' lang='lat' dir='ltr'><strong>simplex</strong></span> <span class='ocrx_word' id='word_1_484' title='bbox 3589 2263 3830 2326; x_wconf 85' lang='lat' dir='ltr'><strong>baculus,</strong></span> <span class='ocrx_word' id='word_1_485' title='bbox 3873 2261 4068 2317; x_wconf 85' lang='lat' dir='ltr'><strong>merito</strong></span> 
     </span>
    </p>
   </div>
   <div class='ocr_carea' id='block_1_70' title="bbox 2490 2352 4066 2435">
    <p class='ocr_par' dir='ltr' id='par_1_70' title="bbox 2490 2352 4066 2435">
     <span class='ocr_line' id='line_1_70' title="bbox 2490 2352 4066 2435; baseline -0.01 -14"><span class='ocrx_word' id='word_1_486' title='bbox 2490 2370 2585 2421; x_wconf 88' lang='lat' dir='ltr'><strong>tibi</strong></span> <span class='ocrx_word' id='word_1_487' title='bbox 2620 2368 2774 2421; x_wconf 63' lang='lat' dir='ltr'><strong>laetus</strong></span> <span class='ocrx_word' id='word_1_488' title='bbox 2802 2364 3100 2435; x_wconf 84' lang='lat' dir='ltr'><strong>applaude;</strong></span> <span class='ocrx_word' id='word_1_489' title='bbox 3134 2362 3263 2431; x_wconf 85' lang='lat' dir='ltr'><strong>quia</strong></span> <span class='ocrx_word' id='word_1_490' title='bbox 3308 2360 3452 2413; x_wconf 83' lang='lat' dir='ltr'><strong>sicut</strong></span> <span class='ocrx_word' id='word_1_491' title='bbox 3490 2356 3709 2416; x_wconf 84' lang='lat' dir='ltr'><strong>asseris,</strong></span> <span class='ocrx_word' id='word_1_492' title='bbox 3736 2368 3841 2408; x_wconf 90' lang='lat' dir='ltr'><strong>non</strong></span> <span class='ocrx_word' id='word_1_493' title='bbox 3879 2352 3949 2407; x_wconf 87' lang='lat' dir='ltr'><strong>ad</strong></span> <span class='ocrx_word' id='word_1_494' title='bbox 3978 2365 4066 2407; x_wconf 83' lang='lat' dir='ltr'><strong>sa-</strong></span> 
     </span>
    </p>
   </div>
   <div class='ocr_carea' id='block_1_71' title="bbox 2489 2447 4070 2522">
    <p class='ocr_par' dir='ltr' id='par_1_71' title="bbox 2489 2447 4070 2522">
     <span class='ocr_line' id='line_1_71' title="bbox 2489 2447 4070 2522; baseline -0.01 -7"><span class='ocrx_word' id='word_1_495' title='bbox 2489 2460 2727 2515; x_wconf 88' lang='lat' dir='ltr'><strong>cerdotis</strong></span> <span class='ocrx_word' id='word_1_496' title='bbox 2771 2457 3029 2519; x_wconf 71' lang='lat' dir='ltr'><strong>ndicium,</strong></span> <span class='ocrx_word' id='word_1_497' title='bbox 3059 2456 3153 2511; x_wconf 89' lang='lat' dir='ltr'><strong>sed</strong></span> <span class='ocrx_word' id='word_1_498' title='bbox 3202 2454 3270 2508; x_wconf 89' lang='lat' dir='ltr'><strong>ad</strong></span> <span class='ocrx_word' id='word_1_499' title='bbox 3310 2449 3677 2522; x_wconf 86' lang='lat' dir='ltr'><strong>procuratoris</strong></span> <span class='ocrx_word' id='word_1_500' title='bbox 3718 2447 3963 2501; x_wconf 84' lang='lat' dir='ltr'><strong>initiatus</strong></span> <span class='ocrx_word' id='word_1_501' title='bbox 4011 2459 4070 2501; x_wconf 87' lang='lat' dir='ltr'><strong>es</strong></span> 
     </span>
    </p>
   </div>
   <div class='ocr_carea' id='block_1_72' title="bbox 2490 2534 4069 2619">
    <p class='ocr_par' dir='ltr' id='par_1_72' title="bbox 2490 2534 4069 2619">
     <span class='ocr_line' id='line_1_72' title="bbox 2490 2534 4069 2619; baseline -0.009 -16"><span class='ocrx_word' id='word_1_502' title='bbox 2490 2552 2812 2615; x_wconf 74' lang='lat' dir='ltr'><strong>villicatum,</strong></span> <span class='ocrx_word' id='word_1_503' title='bbox 2840 2560 3007 2619; x_wconf 87' lang='lat' dir='ltr'><strong>atque</strong></span> <span class='ocrx_word' id='word_1_504' title='bbox 3049 2548 3172 2602; x_wconf 90' lang='lat' dir='ltr'><strong>ideo</strong></span> <span class='ocrx_word' id='word_1_505' title='bbox 3215 2558 3439 2599; x_wconf 86' lang='lat' dir='ltr'><strong>necesse</strong></span> <span class='ocrx_word' id='word_1_506' title='bbox 3460 2542 3572 2612; x_wconf 84' lang='lat' dir='ltr'><strong>jam</strong></span> <span class='ocrx_word' id='word_1_507' title='bbox 3618 2554 3723 2595; x_wconf 88' lang='lat' dir='ltr'><strong>non</strong></span> <span class='ocrx_word' id='word_1_508' title='bbox 3760 2546 3845 2594; x_wconf 91' lang='lat' dir='ltr'><strong>est</strong></span> <span class='ocrx_word' id='word_1_509' title='bbox 3868 2545 3926 2591; x_wconf 88' lang='lat' dir='ltr'><strong>ut</strong></span> <span class='ocrx_word' id='word_1_510' title='bbox 3956 2534 4069 2606; x_wconf 89' lang='lat' dir='ltr'><strong>epi-</strong></span> 
     </span>
    </p>
   </div>
   <div class='ocr_carea' id='block_1_73' title="bbox 2489 2626 4068 2713">
    <p class='ocr_par' dir='ltr' id='par_1_73' title="bbox 2489 2626 4068 2713">
     <span class='ocr_line' id='line_1_73' title="bbox 2489 2626 4068 2713; baseline -0.01 -15"><span class='ocrx_word' id='word_1_511' title='bbox 2489 2658 2679 2713; x_wconf 86' lang='lat' dir='ltr'><strong>scopo,</strong></span> <span class='ocrx_word' id='word_1_512' title='bbox 2713 2642 2805 2711; x_wconf 90' lang='lat' dir='ltr'><strong>qui</strong></span> <span class='ocrx_word' id='word_1_513' title='bbox 2833 2641 2928 2695; x_wconf 88' lang='lat' dir='ltr'><strong>tibi</strong></span> <span class='ocrx_word' id='word_1_514' title='bbox 2961 2637 3334 2709; x_wconf 64' lang='lat' dir='ltr'><strong>preferendus</strong></span> <span class='ocrx_word' id='word_1_515' title='bbox 3357 2643 3462 2698; x_wconf 85' lang='lat' dir='ltr'><strong>est,</strong></span> <span class='ocrx_word' id='word_1_516' title='bbox 3504 2633 3579 2687; x_wconf 89' lang='lat' dir='ltr'><strong>sis</strong></span> <span class='ocrx_word' id='word_1_517' title='bbox 3606 2630 3897 2700; x_wconf 81' lang='lat' dir='ltr'><strong>subjectus.</strong></span> <span class='ocrx_word' id='word_1_518' title='bbox 3925 2628 4003 2684; x_wconf 75' lang='lat' dir='ltr'><strong>At</strong></span> <span class='ocrx_word' id='word_1_519' title='bbox 4024 2626 4068 2683; x_wconf 85' lang='lat' dir='ltr'><strong>si</strong></span> 
     </span>
    </p>
   </div>
   <div class='ocr_carea' id='block_1_74' title="bbox 2488 2722 4067 2801">
    <p class='ocr_par' dir='ltr' id='par_1_74' title="bbox 2488 2722 4067 2801">
     <span class='ocr_line' id='line_1_74' title="bbox 2488 2722 4067 2801; baseline -0.011 -9"><span class='ocrx_word' id='word_1_520' title='bbox 2488 2735 2768 2791; x_wconf 65' lang='lat' dir='ltr'><strong>saecularis</strong></span> <span class='ocrx_word' id='word_1_521' title='bbox 2809 2734 2897 2787; x_wconf 91' lang='lat' dir='ltr'><strong>ille</strong></span> <span class='ocrx_word' id='word_1_522' title='bbox 2921 2733 3197 2801; x_wconf 80' lang='lat' dir='ltr'><strong>princeps,</strong></span> <span class='ocrx_word' id='word_1_523' title='bbox 3234 2736 3455 2796; x_wconf 87' lang='lat' dir='ltr'><strong>accepta</strong></span> <span class='ocrx_word' id='word_1_524' title='bbox 3487 2723 3571 2778; x_wconf 89' lang='lat' dir='ltr'><strong>vel</strong></span> <span class='ocrx_word' id='word_1_525' title='bbox 3602 2722 3867 2792; x_wconf 87' lang='lat' dir='ltr'><strong>promissa</strong></span> <span class='ocrx_word' id='word_1_526' title='bbox 3903 2734 4067 2792; x_wconf 87' lang='lat' dir='ltr'><strong>pecu-</strong></span> 
     </span>
    </p>
   </div>
   <div class='ocr_carea' id='block_1_75' title="bbox 2490 2814 4071 2900">
    <p class='ocr_par' dir='ltr' id='par_1_75' title="bbox 2490 2814 4071 2900">
     <span class='ocr_line' id='line_1_75' title="bbox 2490 2814 4071 2900; baseline -0.009 -15"><span class='ocrx_word' id='word_1_527' title='bbox 2490 2832 2604 2894; x_wconf 86' lang='lat' dir='ltr'><strong>nia,</strong></span> <span class='ocrx_word' id='word_1_528' title='bbox 2638 2827 2970 2900; x_wconf 84' lang='lat' dir='ltr'><strong>pastoralem</strong></span> <span class='ocrx_word' id='word_1_529' title='bbox 3026 2825 3122 2881; x_wconf 88' lang='lat' dir='ltr'><strong>tibi</strong></span> <span class='ocrx_word' id='word_1_530' title='bbox 3170 2824 3388 2879; x_wconf 87' lang='lat' dir='ltr'><strong>tradidit</strong></span> <span class='ocrx_word' id='word_1_531' title='bbox 3428 2818 3697 2883; x_wconf 87' lang='lat' dir='ltr'><strong>baculum,</strong></span> <span class='ocrx_word' id='word_1_532' title='bbox 3749 2831 3855 2887; x_wconf 89' lang='lat' dir='ltr'><strong>qua</strong></span> <span class='ocrx_word' id='word_1_533' title='bbox 3892 2814 4071 2870; x_wconf 88' lang='lat' dir='ltr'><strong>fronte</strong></span> 
     </span>
    </p>
   </div>
   <div class='ocr_carea' id='block_1_76' title="bbox 2490 2906 4073 2995">
    <p class='ocr_par' dir='ltr' id='par_1_76' title="bbox 2490 2906 4073 2995">
     <span class='ocr_line' id='line_1_76' title="bbox 2490 2906 4073 2995; baseline -0.013 -14"><span class='ocrx_word' id='word_1_534' title='bbox 2490 2924 2698 2995; x_wconf 79' lang='lat' dir='ltr'><strong>poteris</strong></span> <span class='ocrx_word' id='word_1_535' title='bbox 2733 2919 3061 2995; x_wconf 82' lang='lat' dir='ltr'><strong>episcopalis</strong></span> <span class='ocrx_word' id='word_1_536' title='bbox 3104 2918 3315 2973; x_wconf 87' lang='lat' dir='ltr'><strong>ordinis</strong></span> <span class='ocrx_word' id='word_1_537' title='bbox 3354 2926 3616 2970; x_wconf 81' lang='lat' dir='ltr'><strong>excusare</strong></span> <span class='ocrx_word' id='word_1_538' title='bbox 3652 2906 4073 2965; x_wconf 69' lang='lat' dir='ltr'><strong>commercium?</strong></span> 
     </span>
    </p>
   </div>
   <div class='ocr_carea' id='block_1_77' title="bbox 2489 2998 4066 3082">
    <p class='ocr_par' dir='ltr' id='par_1_77' title="bbox 2489 2998 4066 3082">
     <span class='ocr_line' id='line_1_77' title="bbox 2489 2998 4066 3082; baseline -0.011 -11"><span class='ocrx_word' id='word_1_539' title='bbox 2489 3017 2786 3071; x_wconf 79' lang='lat' dir='ltr'><strong>Enimvero</strong></span> <span class='ocrx_word' id='word_1_540' title='bbox 2830 3014 2935 3069; x_wconf 90' lang='lat' dir='ltr'><strong>nisi</strong></span> <span class='ocrx_word' id='word_1_541' title='bbox 2972 3027 3071 3082; x_wconf 89' lang='lat' dir='ltr'><strong>per</strong></span> <span class='ocrx_word' id='word_1_542' title='bbox 3098 3010 3240 3066; x_wconf 83' lang='lat' dir='ltr'><strong>hanc</strong></span> <span class='ocrx_word' id='word_1_543' title='bbox 3270 3007 3644 3063; x_wconf 89' lang='lat' dir='ltr'><strong>investituram</strong></span> <span class='ocrx_word' id='word_1_544' title='bbox 3694 3000 3782 3056; x_wconf 92' lang='lat' dir='ltr'><strong>ille</strong></span> <span class='ocrx_word' id='word_1_545' title='bbox 3825 2998 4066 3057; x_wconf 84' lang='lat' dir='ltr'><strong>secuturi</strong></span> 
     </span>
    </p>
   </div>
   <div class='ocr_carea' id='block_1_78' title="bbox 2491 3089 4077 3172">
    <p class='ocr_par' dir='ltr' id='par_1_78' title="bbox 2491 3089 4077 3172">
     <span class='ocr_line' id='line_1_78' title="bbox 2491 3089 4077 3172; baseline -0.011 -11"><span class='ocrx_word' id='word_1_546' title='bbox 2491 3104 2785 3161; x_wconf 85' lang='lat' dir='ltr'><strong>sacerdotii</strong></span> <span class='ocrx_word' id='word_1_547' title='bbox 2842 3103 2940 3158; x_wconf 89' lang='lat' dir='ltr'><strong>tibi</strong></span> <span class='ocrx_word' id='word_1_548' title='bbox 2992 3102 3146 3172; x_wconf 88' lang='lat' dir='ltr'><strong>prius</strong></span> <span class='ocrx_word' id='word_1_549' title='bbox 3202 3098 3538 3170; x_wconf 85' lang='lat' dir='ltr'><strong>imprimeret</strong></span> <span class='ocrx_word' id='word_1_550' title='bbox 3572 3092 3809 3157; x_wconf 87' lang='lat' dir='ltr'><strong>titulum,</strong></span> <span class='ocrx_word' id='word_1_551' title='bbox 3856 3089 4077 3145; x_wconf 81' lang='lat' dir='ltr'><strong>futurus</strong></span> 
     </span>
    </p>
   </div>
   <div class='ocr_carea' id='block_1_79' title="bbox 2486 3184 4074 3266">
    <p class='ocr_par' dir='ltr' id='par_1_79' title="bbox 2486 3184 4074 3266">
     <span class='ocr_line' id='line_1_79' title="bbox 2486 3184 4074 3266; baseline -0.011 -13"><span class='ocrx_word' id='word_1_552' title='bbox 2486 3199 2769 3253; x_wconf 85' lang='lat' dir='ltr'><strong>ordinator</strong></span> <span class='ocrx_word' id='word_1_553' title='bbox 2796 3207 3141 3266; x_wconf 79' lang='lat' dir='ltr'><strong>nequaquam</strong></span> <span class='ocrx_word' id='word_1_554' title='bbox 3188 3206 3287 3262; x_wconf 90' lang='lat' dir='ltr'><strong>per</strong></span> <span class='ocrx_word' id='word_1_555' title='bbox 3312 3203 3503 3261; x_wconf 84' lang='lat' dir='ltr'><strong>manus</strong></span> <span class='ocrx_word' id='word_1_556' title='bbox 3532 3184 3952 3256; x_wconf 86' lang='lat' dir='ltr'><strong>impositionem,</strong></span> <span class='ocrx_word' id='word_1_557' title='bbox 3986 3194 4074 3237; x_wconf 81' lang='lat' dir='ltr'><strong>sa-</strong></span> 
     </span>
    </p>
   </div>
   <div class='ocr_carea' id='block_1_80' title="bbox 2487 3273 4074 3349">
    <p class='ocr_par' dir='ltr' id='par_1_80' title="bbox 2487 3273 4074 3349">
     <span class='ocr_line' id='line_1_80' title="bbox 2487 3273 4074 3349; baseline -0.013 -1"><span class='ocrx_word' id='word_1_558' title='bbox 2487 3291 2713 3349; x_wconf 88' lang='lat' dir='ltr'><strong>cerdotii</strong></span> <span class='ocrx_word' id='word_1_559' title='bbox 2763 3288 2860 3345; x_wconf 80' lang='lat' dir='ltr'><strong>tibi</strong></span> <span class='ocrx_word' id='word_1_560' title='bbox 2905 3286 3147 3342; x_wconf 79' lang='lat' dir='ltr'><strong>traderet</strong></span> <span class='ocrx_word' id='word_1_561' title='bbox 3190 3288 3608 3339; x_wconf 62' lang='lat' dir='ltr'><strong>sacramentum</strong></span> <span class='ocrx_word' id='word_1_562' title='bbox 3654 3275 3756 3332; x_wconf 86' lang='lat' dir='ltr'><strong>Per</strong></span> <span class='ocrx_word' id='word_1_563' title='bbox 3784 3275 3891 3331; x_wconf 83' lang='lat' dir='ltr'><strong>hoc</strong></span> <span class='ocrx_word' id='word_1_564' title='bbox 3927 3273 4074 3330; x_wconf 79' lang='lat' dir='ltr'><strong>enim</strong></span> 
     </span>
    </p>
   </div>
   <div class='ocr_carea' id='block_1_81' title="bbox 2487 3362 4075 3454">
    <p class='ocr_par' dir='ltr' id='par_1_81' title="bbox 2487 3362 4075 3454">
     <span class='ocr_line' id='line_1_81' title="bbox 2487 3362 4075 3454; baseline -0.014 -14"><span class='ocrx_word' id='word_1_565' title='bbox 2487 3383 2632 3454; x_wconf 76' lang='lat' dir='ltr'><strong>quod</strong></span> <span class='ocrx_word' id='word_1_566' title='bbox 2662 3380 2932 3437; x_wconf 85' lang='lat' dir='ltr'><strong>venaliter</strong></span> <span class='ocrx_word' id='word_1_567' title='bbox 2965 3374 3251 3446; x_wconf 83' lang='lat' dir='ltr'><strong>accepisti,</strong></span> <span class='ocrx_word' id='word_1_568' title='bbox 3296 3376 3693 3439; x_wconf 74' lang='lat' dir='ltr'><strong>wnsequenter</strong></span> <span class='ocrx_word' id='word_1_569' title='bbox 3718 3368 3785 3421; x_wconf 89' lang='lat' dir='ltr'><strong>ad</strong></span> <span class='ocrx_word' id='word_1_570' title='bbox 3820 3362 4075 3421; x_wconf 86' lang='lat' dir='ltr'><strong>sacerdo-</strong></span> 
     </span>
    </p>
   </div>
   <div class='ocr_carea' id='block_1_82' title="bbox 2489 3458 4071 3548">
    <p class='ocr_par' dir='ltr' id='par_1_82' title="bbox 2489 3458 4071 3548">
     <span class='ocr_line' id='line_1_82' title="bbox 2489 3458 4071 3548; baseline -0.015 -14"><span class='ocrx_word' id='word_1_571' title='bbox 2489 3480 2624 3534; x_wconf 89' lang='lat' dir='ltr'><strong>tium</strong></span> <span class='ocrx_word' id='word_1_572' title='bbox 2656 3474 3026 3548; x_wconf 81' lang='lat' dir='ltr'><strong>promoveris;</strong></span> <span class='ocrx_word' id='word_1_573' title='bbox 3058 3480 3223 3539; x_wconf 87' lang='lat' dir='ltr'><strong>atque</strong></span> <span class='ocrx_word' id='word_1_574' title='bbox 3246 3467 3368 3523; x_wconf 87' lang='lat' dir='ltr'><strong>ideo</strong></span> <span class='ocrx_word' id='word_1_575' title='bbox 3396 3465 3523 3519; x_wconf 90' lang='lat' dir='ltr'><strong>licet</strong></span> <span class='ocrx_word' id='word_1_576' title='bbox 3553 3462 3644 3517; x_wconf 88' lang='lat' dir='ltr'><strong>illa</strong></span> <span class='ocrx_word' id='word_1_577' title='bbox 3675 3473 3866 3516; x_wconf 86' lang='lat' dir='ltr'><strong>manus</strong></span> <span class='ocrx_word' id='word_1_578' title='bbox 3894 3458 4071 3530; x_wconf 89' lang='lat' dir='ltr'><strong>impo-</strong></span> 
     </span>
    </p>
   </div>
   <div class='ocr_carea' id='block_1_83' title="bbox 2489 3556 4073 3630">
    <p class='ocr_par' dir='ltr' id='par_1_83' title="bbox 2489 3556 4073 3630">
     <span class='ocr_line' id='line_1_83' title="bbox 2489 3556 4073 3630; baseline -0.014 -5"><span class='ocrx_word' id='word_1_579' title='bbox 2489 3570 2614 3625; x_wconf 91' lang='lat' dir='ltr'><strong>sitio</strong></span> <span class='ocrx_word' id='word_1_580' title='bbox 2642 3582 2749 3622; x_wconf 90' lang='lat' dir='ltr'><strong>non</strong></span> <span class='ocrx_word' id='word_1_581' title='bbox 2794 3564 2999 3620; x_wconf 88' lang='lat' dir='ltr'><strong>venalis</strong></span> <span class='ocrx_word' id='word_1_582' title='bbox 3029 3561 3124 3627; x_wconf 86' lang='lat' dir='ltr'><strong>sit,</strong></span> <span class='ocrx_word' id='word_1_583' title='bbox 3172 3560 3268 3615; x_wconf 87' lang='lat' dir='ltr'><strong>sed</strong></span> <span class='ocrx_word' id='word_1_584' title='bbox 3312 3556 3569 3630; x_wconf 66' lang='lat' dir='ltr'><strong>gratuita,</strong></span> <span class='ocrx_word' id='word_1_585' title='bbox 3609 3564 3952 3625; x_wconf 85' lang='lat' dir='ltr'><strong>nequaquam</strong></span> <span class='ocrx_word' id='word_1_586' title='bbox 3992 3557 4073 3604; x_wconf 87' lang='lat' dir='ltr'><strong>ta-</strong></span> 
     </span>
    </p>
   </div>
   <div class='ocr_carea' id='block_1_84' title="bbox 2490 3640 4077 3729">
    <p class='ocr_par' dir='ltr' id='par_1_84' title="bbox 2490 3640 4077 3729">
     <span class='ocr_line' id='line_1_84' title="bbox 2490 3640 4077 3729; baseline -0.012 -13"><span class='ocrx_word' id='word_1_587' title='bbox 2490 3676 2634 3725; x_wconf 89' lang='lat' dir='ltr'><strong>men,</strong></span> <span class='ocrx_word' id='word_1_588' title='bbox 2662 3666 2924 3729; x_wconf 90' lang='lat' dir='ltr'><strong>quantum</strong></span> <span class='ocrx_word' id='word_1_589' title='bbox 2952 3656 3022 3711; x_wconf 89' lang='lat' dir='ltr'><strong>ad</strong></span> <span class='ocrx_word' id='word_1_590' title='bbox 3061 3663 3117 3708; x_wconf 90' lang='lat' dir='ltr'><strong>te</strong></span> <span class='ocrx_word' id='word_1_591' title='bbox 3142 3659 3373 3723; x_wconf 84' lang='lat' dir='ltr'><strong>spectat,</strong></span> <span class='ocrx_word' id='word_1_592' title='bbox 3409 3664 3440 3703; x_wconf 92' lang='lat' dir='ltr'><strong>a</strong></span> <span class='ocrx_word' id='word_1_593' title='bbox 3463 3644 3767 3703; x_wconf 85' lang='lat' dir='ltr'><strong>venalitatis</strong></span> <span class='ocrx_word' id='word_1_594' title='bbox 3789 3652 3875 3700; x_wconf 86' lang='lat' dir='ltr'><strong>est</strong></span> <span class='ocrx_word' id='word_1_595' title='bbox 3899 3640 4077 3699; x_wconf 78' lang='lat' dir='ltr'><strong>sordi-</strong></span> 
     </span>
    </p>
   </div>
   <div class='ocr_carea' id='block_1_85' title="bbox 2488 3730 4072 3806">
    <p class='ocr_par' dir='ltr' id='par_1_85' title="bbox 2488 3730 4072 3806">
     <span class='ocr_line' id='line_1_85' title="bbox 2488 3730 4072 3806; baseline -0.012 0"><span class='ocrx_word' id='word_1_596' title='bbox 2488 3751 2590 3806; x_wconf 90' lang='lat' dir='ltr'><strong>bus</strong></span> <span class='ocrx_word' id='word_1_597' title='bbox 2612 3751 2812 3805; x_wconf 88' lang='lat' dir='ltr'><strong>aliena.</strong></span> <span class='ocrx_word' id='word_1_598' title='bbox 2844 3745 3122 3801; x_wconf 76' lang='lat' dir='ltr'><strong>Venalitas</strong></span> <span class='ocrx_word' id='word_1_599' title='bbox 3145 3743 3290 3797; x_wconf 88' lang='lat' dir='ltr'><strong>enim</strong></span> <span class='ocrx_word' id='word_1_600' title='bbox 3314 3740 3360 3796; x_wconf 90' lang='lat' dir='ltr'><strong>si</strong></span> <span class='ocrx_word' id='word_1_601' title='bbox 3387 3738 3492 3796; x_wconf 79' lang='lat' dir='ltr'><strong>sibi</strong></span> <span class='ocrx_word' id='word_1_602' title='bbox 3514 3745 3639 3794; x_wconf 85' lang='lat' dir='ltr'><strong>nota</strong></span> <span class='ocrx_word' id='word_1_603' title='bbox 3671 3743 3778 3801; x_wconf 87' lang='lat' dir='ltr'><strong>est,</strong></span> <span class='ocrx_word' id='word_1_604' title='bbox 3803 3730 4072 3791; x_wconf 85' lang='lat' dir='ltr'><strong>contami-</strong></span> 
     </span>
    </p>
   </div>
   <div class='ocr_carea' id='block_1_86' title="bbox 2487 3823 4076 3905">
    <p class='ocr_par' dir='ltr' id='par_1_86' title="bbox 2487 3823 4076 3905">
     <span class='ocr_line' id='line_1_86' title="bbox 2487 3823 4076 3905; baseline -0.012 -10"><span class='ocrx_word' id='word_1_605' title='bbox 2487 3850 2582 3895; x_wconf 92' lang='lat' dir='ltr'><strong>nat</strong></span> <span class='ocrx_word' id='word_1_606' title='bbox 2627 3845 3083 3899; x_wconf 82' lang='lat' dir='ltr'><strong>consecrautem,</strong></span> <span class='ocrx_word' id='word_1_607' title='bbox 3137 3832 3376 3905; x_wconf 63' lang='lat' dir='ltr'><strong>gratuita</strong></span> <span class='ocrx_word' id='word_1_608' title='bbox 3424 3827 3760 3885; x_wconf 72' lang='lat' dir='ltr'><strong>conscendo</strong></span> <span class='ocrx_word' id='word_1_609' title='bbox 3812 3823 4076 3879; x_wconf 85' lang='lat' dir='ltr'><strong>mundare</strong></span> 
     </span>
    </p>
   </div>
   <div class='ocr_carea' id='block_1_87' title="bbox 2489 3913 4075 4000">
    <p class='ocr_par' dir='ltr' id='par_1_87' title="bbox 2489 3913 4075 4000">
     <span class='ocr_line' id='line_1_87' title="bbox 2489 3913 4075 4000; baseline -0.015 -9"><span class='ocrx_word' id='word_1_610' title='bbox 2489 3952 2595 3991; x_wconf 89' lang='lat' dir='ltr'><strong>non</strong></span> <span class='ocrx_word' id='word_1_611' title='bbox 2657 3933 2807 3988; x_wconf 89' lang='lat' dir='ltr'><strong>valet</strong></span> <span class='ocrx_word' id='word_1_612' title='bbox 2853 3938 3179 4000; x_wconf 87' lang='lat' dir='ltr'><strong>emptorem.</strong></span> <span class='ocrx_word' id='word_1_613' title='bbox 3235 3921 3555 3981; x_wconf 84' lang='lat' dir='ltr'><strong>Obscenitas</strong></span> <span class='ocrx_word' id='word_1_614' title='bbox 3614 3916 3877 3989; x_wconf 82' lang='lat' dir='ltr'><strong>immundi</strong></span> <span class='ocrx_word' id='word_1_615' title='bbox 3928 3913 4075 3969; x_wconf 79' lang='lat' dir='ltr'><strong>fceda</strong></span> 
     </span>
    </p>
   </div>
   <div class='ocr_carea' id='block_1_88' title="bbox 2486 4009 4077 4088">
    <p class='ocr_par' dir='ltr' id='par_1_88' title="bbox 2486 4009 4077 4088">
     <span class='ocr_line' id='line_1_88' title="bbox 2486 4009 4077 4088; baseline -0.014 -3"><span class='ocrx_word' id='word_1_616' title='bbox 2486 4026 2803 4085; x_wconf 87' lang='lat' dir='ltr'><strong>commercii</strong></span> <span class='ocrx_word' id='word_1_617' title='bbox 2833 4022 3080 4079; x_wconf 88' lang='lat' dir='ltr'><strong>sordidat</strong></span> <span class='ocrx_word' id='word_1_618' title='bbox 3109 4017 3392 4081; x_wconf 88' lang='lat' dir='ltr'><strong>mundum,</strong></span> <span class='ocrx_word' id='word_1_619' title='bbox 3418 4014 3655 4088; x_wconf 72' lang='lat' dir='ltr'><strong>gratuita</strong></span> <span class='ocrx_word' id='word_1_620' title='bbox 3680 4024 3873 4068; x_wconf 84' lang='lat' dir='ltr'><strong>manus</strong></span> <span class='ocrx_word' id='word_1_621' title='bbox 3902 4009 4077 4081; x_wconf 86' lang='lat' dir='ltr'><strong>impo-</strong></span> 
     </span>
    </p>
   </div>
   <div class='ocr_carea' id='block_1_89' title="bbox 2488 4107 3601 4187">
    <p class='ocr_par' dir='ltr' id='par_1_89' title="bbox 2488 4107 3601 4187">
     <span class='ocr_line' id='line_1_89' title="bbox 2488 4107 3601 4187; baseline -0.014 -11"><span class='ocrx_word' id='word_1_622' title='bbox 2488 4123 2612 4176; x_wconf 86' lang='lat' dir='ltr'><strong>sitio</strong></span> <span class='ocrx_word' id='word_1_623' title='bbox 2640 4134 2748 4174; x_wconf 87' lang='lat' dir='ltr'><strong>non</strong></span> <span class='ocrx_word' id='word_1_624' title='bbox 2772 4124 2953 4187; x_wconf 87' lang='lat' dir='ltr'><strong>potest</strong></span> <span class='ocrx_word' id='word_1_625' title='bbox 2977 4112 3289 4169; x_wconf 88' lang='lat' dir='ltr'><strong>emaculare</strong></span> <span class='ocrx_word' id='word_1_626' title='bbox 3318 4107 3601 4179; x_wconf 89' lang='lat' dir='ltr'><strong>pollutum.</strong></span> 
     </span>
    </p>
   </div>
   <div class='ocr_carea' id='block_1_90' title="bbox 2560 4193 4075 4274">
    <p class='ocr_par' dir='ltr' id='par_1_90' title="bbox 2560 4193 4075 4274">
     <span class='ocr_line' id='line_1_90' title="bbox 2560 4193 4075 4274; baseline -0.013 -3"><span class='ocrx_word' id='word_1_627' title='bbox 2560 4214 2827 4271; x_wconf 72' lang='lat' dir='ltr'><strong>Iendacii</strong></span> <span class='ocrx_word' id='word_1_628' title='bbox 2881 4211 3113 4266; x_wconf 90' lang='lat' dir='ltr'><strong>forsitan</strong></span> <span class='ocrx_word' id='word_1_629' title='bbox 3150 4221 3371 4274; x_wconf 71' lang='lat' dir='ltr'><strong>arguor,</strong></span> <span class='ocrx_word' id='word_1_630' title='bbox 3420 4203 3466 4257; x_wconf 89' lang='lat' dir='ltr'><strong>si</strong></span> <span class='ocrx_word' id='word_1_631' title='bbox 3508 4199 3653 4270; x_wconf 90' lang='lat' dir='ltr'><strong>quod</strong></span> <span class='ocrx_word' id='word_1_632' title='bbox 3697 4198 3890 4268; x_wconf 82' lang='lat' dir='ltr'><strong>loquor</strong></span> <span class='ocrx_word' id='word_1_633' title='bbox 3929 4193 4075 4252; x_wconf 75' lang='lat' dir='ltr'><strong>sacri</strong></span> 
     </span>
    </p>
   </div>
   <div class='ocr_carea' id='block_1_91' title="bbox 2486 4297 4077 4387">
    <p class='ocr_par' dir='ltr' id='par_1_91' title="bbox 2486 4297 4077 4387">
     <span class='ocr_line' id='line_1_91' title="bbox 2486 4297 4077 4387; baseline -0.019 -13"><span class='ocrx_word' id='word_1_634' title='bbox 2486 4316 2687 4387; x_wconf 78' lang='lat' dir='ltr'><strong>eloquii</strong></span> <span class='ocrx_word' id='word_1_635' title='bbox 2715 4308 3027 4368; x_wconf 85' lang='lat' dir='ltr'><strong>testimonio</strong></span> <span class='ocrx_word' id='word_1_636' title='bbox 3058 4320 3165 4360; x_wconf 90' lang='lat' dir='ltr'><strong>non</strong></span> <span class='ocrx_word' id='word_1_637' title='bbox 3187 4300 3412 4358; x_wconf 62' lang='grc' dir='ltr'><strong>πωπω.</strong></span> <span class='ocrx_word' id='word_1_638' title='bbox 3439 4298 3543 4353; x_wconf 83' lang='lat' dir='ltr'><strong>Per</strong></span> <span class='ocrx_word' id='word_1_639' title='bbox 3566 4297 3819 4387; x_wconf 65' lang='lat' dir='ltr'><strong>Ausum</strong></span> <span class='ocrx_word' id='word_1_640' title='bbox 3841 4304 4077 4363; x_wconf 86' lang='lat' dir='ltr'><strong>namque</strong></span> 
     </span>
    </p>
   </div>
   <div class='ocr_carea' id='block_1_92' title="bbox 2488 4385 4076 4482">
    <p class='ocr_par' dir='ltr' id='par_1_92' title="bbox 2488 4385 4076 4482">
     <span class='ocr_line' id='line_1_92' title="bbox 2488 4385 4076 4482; baseline -0.019 -14"><span class='ocrx_word' id='word_1_641' title='bbox 2488 4385 2808 4482; x_wconf 85' lang='lat' dir='ltr'><strong>prophetam</strong></span> <span class='ocrx_word' id='word_1_642' title='bbox 2834 4403 3066 4459; x_wconf 71' lang='lat' dir='ltr'><strong>dicitur:</strong></span> <span class='ocrx_word' id='word_1_643' title='bbox 3089 4419 3108 4450; x_wconf 76' lang='grc' dir='ltr'>ι</span> <span class='ocrx_word' id='word_1_644' title='bbox 3140 4395 3264 4452; x_wconf 65' lang='lat' dir='ltr'><strong>Haec</strong></span> <span class='ocrx_word' id='word_1_645' title='bbox 3292 4392 3424 4449; x_wconf 89' lang='lat' dir='ltr'><strong>dicit</strong></span> <span class='ocrx_word' id='word_1_646' title='bbox 3452 4391 3708 4482; x_wconf 87' lang='lat' dir='ltr'><strong>Dominus</strong></span> <span class='ocrx_word' id='word_1_647' title='bbox 3744 4385 3889 4482; x_wconf 56' lang='lat' dir='ltr'><strong>tiens</strong></span> <span class='ocrx_word' id='word_1_648' title='bbox 3916 4398 4076 4482; x_wconf 58' lang='lat' dir='ltr'><strong>exet:</strong></span> 
     </span>
    </p>
   </div>
   <div class='ocr_carea' id='block_1_93' title="bbox 814 4470 4075 4587">
    <p class='ocr_par' dir='ltr' id='par_1_93' title="bbox 814 4470 4075 4587">
     <span class='ocr_line' id='line_1_93' title="bbox 814 4470 4075 4587; baseline -0 -60"><span class='ocrx_word' id='word_1_649' title='bbox 814 4474 979 4587; x_wconf 48' lang='lat' dir='ltr'><strong>aiqnt.</strong></span> <span class='ocrx_word' id='word_1_650' title='bbox 1012 4476 1153 4533; x_wconf 79' lang='lat' dir='ltr'><strong>unde</strong></span> <span class='ocrx_word' id='word_1_651' title='bbox 1180 4480 1289 4587; x_wconf 78' lang='lat' dir='ltr'><strong>sint</strong></span> <span class='ocrx_word' id='word_1_652' title='bbox 1307 4482 1536 4541; x_wconf 82' lang='lat' dir='ltr'><strong>divites:</strong></span> <span class='ocrx_word' id='word_1_653' title='bbox 1570 4491 1741 4560; x_wconf 67' lang='lat' dir='ltr'><strong>gratis</strong></span> <span class='ocrx_word' id='word_1_654' title='bbox 1777 4494 2068 4566; x_wconf 88' lang='lat' dir='ltr'><strong>accipiunt,</strong></span> <span class='ocrx_word' id='word_1_655' title='bbox 2098 4470 2240 4557; x_wconf 86' lang='lat' dir='ltr'><strong>unde</strong></span> <span class='ocrx_word' id='word_1_656' title='bbox 2264 4500 2384 4557; x_wconf 79' lang='lat' dir='ltr'><strong>ﬁeri</strong></span> <span class='ocrx_word' id='word_1_657' title='bbox 2414 4527 2465 4587; x_wconf 72' lang='grc' dir='ltr'>ο</span> <span class='ocrx_word' id='word_1_658' title='bbox 2490 4470 2696 4559; x_wconf 66' lang='lat' dir='ltr'><strong>ciuium</strong></span> <span class='ocrx_word' id='word_1_659' title='bbox 2727 4517 2740 4552; x_wconf 87' lang='lat'>:</span> <span class='ocrx_word' id='word_1_660' title='bbox 2775 4495 3055 4562; x_wconf 67' lang='lat' dir='ltr'><strong>Interroga</strong></span> <span class='ocrx_word' id='word_1_661' title='bbox 3112 4486 3441 4587; x_wconf 58' lang='lat' dir='ltr'><strong>sacerdotes</strong></span> <span class='ocrx_word' id='word_1_662' title='bbox 3477 4481 3726 4587; x_wconf 32' lang='lat' dir='ltr'><strong>legem‘,‘</strong></span> 
     </span>
    </p>
   </div>
   <div class='ocr_carea' id='block_1_94' title="bbox 812 4566 1392 4633">
    <p class='ocr_par' dir='ltr' id='par_1_94' title="bbox 812 4566 1392 4633">
     <span class='ocr_line' id='line_1_94' title="bbox 812 4566 1392 4633; baseline 0.019 -11"><span class='ocrx_word' id='word_1_663' title='bbox 812 4566 1038 4623; x_wconf 77' lang='lat' dir='ltr'><strong>debeant</strong></span> <span class='ocrx_word' id='word_1_664' title='bbox 1064 4574 1392 4633; x_wconf 80' lang='lat' dir='ltr'><strong>sacerdotes.</strong></span> 
     </span>
    </p>
   </div>
   <div class='ocr_carea' id='block_1_95' title="bbox 2485 4561 4074 4653">
    <p class='ocr_par' dir='ltr' id='par_1_95' title="bbox 2485 4561 4074 4653">
     <span class='ocr_line' id='line_1_95' title="bbox 2485 4561 4074 4653; baseline -0.023 0"><span class='ocrx_word' id='word_1_665' title='bbox 2485 4590 2669 4653; x_wconf 83' lang='lat' dir='ltr'><strong>tulerit</strong></span> <span class='ocrx_word' id='word_1_666' title='bbox 2700 4589 2862 4644; x_wconf 86' lang='lat' dir='ltr'><strong>homo</strong></span> <span class='ocrx_word' id='word_1_667' title='bbox 2891 4561 3111 4638; x_wconf 86' lang='lat' dir='ltr'><strong>carnem</strong></span> <span class='ocrx_word' id='word_1_668' title='bbox 3143 4572 3536 4632; x_wconf 77' lang='lat' dir='ltr'><strong>sanctiﬁcatam</strong></span> <span class='ocrx_word' id='word_1_669' title='bbox 3564 4569 3616 4623; x_wconf 91' lang='lat' dir='ltr'><strong>in</strong></span> <span class='ocrx_word' id='word_1_670' title='bbox 3638 4581 3732 4623; x_wconf 88' lang='lat' dir='ltr'><strong>ora</strong></span> <span class='ocrx_word' id='word_1_671' title='bbox 3760 4561 4074 4621; x_wconf 84' lang='lat' dir='ltr'><strong>vestimenti</strong></span> 
     </span>
    </p>
   </div>
   <div class='ocr_carea' id='block_1_96' title="bbox 880 4654 4056 4761">
    <p class='ocr_par' dir='ltr' id='par_1_96' title="bbox 880 4654 4056 4761">
     <span class='ocr_line' id='line_1_96' title="bbox 880 4654 4056 4761; baseline -0.004 -45"><span class='ocrx_word' id='word_1_672' title='bbox 880 4660 924 4716; x_wconf 92' lang='lat'><strong>0</strong></span> <span class='ocrx_word' id='word_1_673' title='bbox 950 4678 1143 4719; x_wconf 87' lang='lat' dir='ltr'><strong>novum</strong></span> <span class='ocrx_word' id='word_1_674' title='bbox 1168 4668 1632 4731; x_wconf 84' lang='lat' dir='ltr'><strong>achismaticorum</strong></span> <span class='ocrx_word' id='word_1_675' title='bbox 1660 4693 1848 4750; x_wconf 68' lang='lat' dir='ltr'><strong>genus,</strong></span> <span class='ocrx_word' id='word_1_676' title='bbox 1877 4692 1933 4739; x_wconf 90' lang='lat' dir='ltr'><strong>et</strong></span> <span class='ocrx_word' id='word_1_677' title='bbox 1966 4700 2027 4742; x_wconf 89' lang='lat' dir='ltr'><strong>os</strong></span> <span class='ocrx_word' id='word_1_678' title='bbox 2054 4688 2378 4761; x_wconf 67' lang='lat' dir='ltr'><strong>sacrilegum</strong></span> <span class='ocrx_word' id='word_1_679' title='bbox 2480 4689 2588 4753; x_wconf 83' lang='lat' dir='ltr'><strong>sui,</strong></span> <span class='ocrx_word' id='word_1_680' title='bbox 2618 4693 2675 4741; x_wconf 84' lang='lat' dir='ltr'><strong>et</strong></span> <span class='ocrx_word' id='word_1_681' title='bbox 2704 4677 2948 4751; x_wconf 69' lang='lat' dir='ltr'><strong>tetigerit</strong></span> <span class='ocrx_word' id='word_1_682' title='bbox 2973 4675 3041 4730; x_wconf 89' lang='lat' dir='ltr'><strong>de</strong></span> <span class='ocrx_word' id='word_1_683' title='bbox 3080 4669 3393 4761; x_wconf 87' lang='lat' dir='ltr'><strong>summitate</strong></span> <span class='ocrx_word' id='word_1_684' title='bbox 3418 4663 3536 4733; x_wconf 77' lang='lat' dir='ltr'><strong>eius</strong></span> <span class='ocrx_word' id='word_1_685' title='bbox 3564 4674 3783 4732; x_wconf 87' lang='lat' dir='ltr'><strong>panem,</strong></span> <span class='ocrx_word' id='word_1_686' title='bbox 3815 4654 4056 4761; x_wconf 45' lang='lat' dir='ltr'><strong>aut-put.</strong></span> 
     </span>
    </p>
   </div>
   <div class='ocr_carea' id='block_1_97' title="bbox 811 4755 2382 4852">
    <p class='ocr_par' dir='ltr' id='par_1_97' title="bbox 811 4755 2382 4852">
     <span class='ocr_line' id='line_1_97' title="bbox 811 4755 2382 4852; baseline 0.022 -48"><span class='ocrx_word' id='word_1_687' title='bbox 811 4755 997 4852; x_wconf 46' lang='grc' dir='ltr'><strong>ξιεωί</strong></span> <span class='ocrx_word' id='word_1_688' title='bbox 1038 4756 1234 4813; x_wconf 62' lang='lat' dir='ltr'><strong>silentii</strong></span> <span class='ocrx_word' id='word_1_689' title='bbox 1264 4775 1489 4819; x_wconf 87' lang='lat' dir='ltr'><strong>censura</strong></span> <span class='ocrx_word' id='word_1_690' title='bbox 1534 4766 1928 4828; x_wconf 83' lang='lat' dir='ltr'><strong>damnandum!</strong></span> <span class='ocrx_word' id='word_1_691' title='bbox 1962 4775 2016 4831; x_wconf 91' lang='lat' dir='ltr'><strong>In</strong></span> <span class='ocrx_word' id='word_1_692' title='bbox 2060 4793 2166 4834; x_wconf 85' lang='lat' dir='ltr'><strong>una</strong></span> <span class='ocrx_word' id='word_1_693' title='bbox 2209 4755 2382 4852; x_wconf 69' lang='lat' dir='ltr'><strong>siqui-</strong></span> 
     </span>
    </p>
   </div>
   <div class='ocr_carea' id='block_1_98' title="bbox 814 4844 2380 4933">
    <p class='ocr_par' dir='ltr' id='par_1_98' title="bbox 814 4844 2380 4933">
     <span class='ocr_line' id='line_1_98' title="bbox 814 4844 2380 4933; baseline 0.023 -37"><span class='ocrx_word' id='word_1_694' title='bbox 814 4844 935 4899; x_wconf 85' lang='lat' dir='ltr'><strong>dem</strong></span> <span class='ocrx_word' id='word_1_695' title='bbox 964 4846 1197 4904; x_wconf 87' lang='lat' dir='ltr'><strong>bominis</strong></span> <span class='ocrx_word' id='word_1_696' title='bbox 1215 4866 1443 4921; x_wconf 88' lang='lat' dir='ltr'><strong>persona</strong></span> <span class='ocrx_word' id='word_1_697' title='bbox 1465 4858 1599 4917; x_wconf 80' lang='lat' dir='ltr'><strong>duos</strong></span> <span class='ocrx_word' id='word_1_698' title='bbox 1617 4876 1737 4921; x_wconf 82' lang='lat' dir='ltr'><strong>esse</strong></span> <span class='ocrx_word' id='word_1_699' title='bbox 1753 4870 2090 4926; x_wconf 89' lang='lat' dir='ltr'><strong>constituunt</strong></span> <span class='ocrx_word' id='word_1_700' title='bbox 2115 4891 2127 4927; x_wconf 94' lang='lat'>:</span> <span class='ocrx_word' id='word_1_701' title='bbox 2156 4884 2212 4929; x_wconf 89' lang='lat' dir='ltr'><strong>ut</strong></span> <span class='ocrx_word' id='word_1_702' title='bbox 2238 4844 2380 4933; x_wconf 78' lang='lat' dir='ltr'><strong>unus</strong></span> 
     </span>
    </p>
   </div>
   <div class='ocr_carea' id='block_1_99' title="bbox 812 4936 2379 5026">
    <p class='ocr_par' dir='ltr' id='par_1_99' title="bbox 812 4936 2379 5026">
     <span class='ocr_line' id='line_1_99' title="bbox 812 4936 2379 5026; baseline 0.021 -36"><span class='ocrx_word' id='word_1_703' title='bbox 812 4936 882 4992; x_wconf 90' lang='lat' dir='ltr'><strong>sit</strong></span> <span class='ocrx_word' id='word_1_704' title='bbox 922 4940 1176 4996; x_wconf 83' lang='lat' dir='ltr'><strong>sacerdos</strong></span> <span class='ocrx_word' id='word_1_705' title='bbox 1208 4945 1309 4999; x_wconf 89' lang='lat' dir='ltr'><strong>sub</strong></span> <span class='ocrx_word' id='word_1_706' title='bbox 1344 4961 1569 5017; x_wconf 84' lang='lat' dir='ltr'><strong>peccato</strong></span> <span class='ocrx_word' id='word_1_707' title='bbox 1608 4957 1964 5026; x_wconf 84' lang='lat' dir='ltr'><strong>venundatus,</strong></span> <span class='ocrx_word' id='word_1_708' title='bbox 2005 4962 2144 5019; x_wconf 88' lang='lat' dir='ltr'><strong>alter</strong></span> <span class='ocrx_word' id='word_1_709' title='bbox 2194 4974 2379 5021; x_wconf 88' lang='lat' dir='ltr'><strong>autem</strong></span> 
     </span>
    </p>
   </div>
   <div class='ocr_carea' id='block_1_100' title="bbox 813 5027 2383 5125">
    <p class='ocr_par' dir='ltr' id='par_1_100' title="bbox 813 5027 2383 5125">
     <span class='ocr_line' id='line_1_100' title="bbox 813 5027 2383 5125; baseline 0.019 -43"><span class='ocrx_word' id='word_1_710' title='bbox 813 5027 961 5125; x_wconf 77' lang='lat' dir='ltr'><strong>dives</strong></span> <span class='ocrx_word' id='word_1_711' title='bbox 980 5031 1088 5125; x_wconf 71' lang='lat' dir='ltr'><strong>sub</strong></span> <span class='ocrx_word' id='word_1_712' title='bbox 1118 5035 1390 5093; x_wconf 80' lang='lat' dir='ltr'><strong>taxatione</strong></span> <span class='ocrx_word' id='word_1_713' title='bbox 1418 5044 1659 5110; x_wconf 67' lang='lat' dir='ltr'><strong>pecuniae</strong></span> <span class='ocrx_word' id='word_1_714' title='bbox 1691 5061 2050 5119; x_wconf 83' lang='lat' dir='ltr'><strong>comparatus.</strong></span> <span class='ocrx_word' id='word_1_715' title='bbox 2084 5053 2205 5125; x_wconf 83' lang='lat' dir='ltr'><strong>Ipse</strong></span> <span class='ocrx_word' id='word_1_716' title='bbox 2233 5055 2383 5112; x_wconf 85' lang='lat' dir='ltr'><strong>velut</strong></span> 
     </span>
    </p>
   </div>
   <div class='ocr_carea' id='block_1_101' title="bbox 812 5121 2384 5204">
    <p class='ocr_par' dir='ltr' id='par_1_101' title="bbox 812 5121 2384 5204">
     <span class='ocr_line' id='line_1_101' title="bbox 812 5121 2384 5204; baseline 0.02 -30"><span class='ocrx_word' id='word_1_717' title='bbox 812 5122 947 5177; x_wconf 87' lang='lat' dir='ltr'><strong>alter</strong></span> <span class='ocrx_word' id='word_1_718' title='bbox 976 5121 1376 5201; x_wconf 86' lang='lat' dir='ltr'><strong>Sardanapalus</strong></span> <span class='ocrx_word' id='word_1_719' title='bbox 1415 5133 1557 5189; x_wconf 90' lang='lat' dir='ltr'><strong>inter</strong></span> <span class='ocrx_word' id='word_1_720' title='bbox 1582 5137 1806 5197; x_wconf 87' lang='lat' dir='ltr'><strong>delicias</strong></span> <span class='ocrx_word' id='word_1_721' title='bbox 1851 5155 2059 5201; x_wconf 86' lang='lat' dir='ltr'><strong>eructet</strong></span> <span class='ocrx_word' id='word_1_722' title='bbox 2088 5121 2384 5204; x_wconf 81' lang='lat' dir='ltr'><strong>convivan-</strong></span> 
     </span>
    </p>
   </div>
   <div class='ocr_carea' id='block_1_102' title="bbox 813 5216 2382 5309">
    <p class='ocr_par' dir='ltr' id='par_1_102' title="bbox 813 5216 2382 5309">
     <span class='ocr_line' id='line_1_102' title="bbox 813 5216 2382 5309; baseline 0.018 -40"><span class='ocrx_word' id='word_1_723' title='bbox 813 5216 976 5282; x_wconf 87' lang='lat' dir='ltr'><strong>tium;</strong></span> <span class='ocrx_word' id='word_1_724' title='bbox 1007 5216 1096 5273; x_wconf 88' lang='lat' dir='ltr'><strong>ille</strong></span> <span class='ocrx_word' id='word_1_725' title='bbox 1135 5229 1388 5293; x_wconf 88' lang='lat' dir='ltr'><strong>tanquam</strong></span> <span class='ocrx_word' id='word_1_726' title='bbox 1414 5228 1690 5298; x_wconf 87' lang='lat' dir='ltr'><strong>apostolus</strong></span> <span class='ocrx_word' id='word_1_727' title='bbox 1714 5230 1769 5287; x_wconf 91' lang='lat' dir='ltr'><strong>in</strong></span> <span class='ocrx_word' id='word_1_728' title='bbox 1805 5237 2064 5306; x_wconf 73' lang='lat' dir='ltr'><strong>regimine</strong></span> <span class='ocrx_word' id='word_1_729' title='bbox 2094 5239 2382 5309; x_wconf 68' lang='lat' dir='ltr'><strong>praesideat</strong></span> 
     </span>
    </p>
   </div>
   <div class='ocr_carea' id='block_1_103' title="bbox 814 5311 2378 5403">
    <p class='ocr_par' dir='ltr' id='par_1_103' title="bbox 814 5311 2378 5403">
     <span class='ocr_line' id='line_1_103' title="bbox 814 5311 2378 5403; baseline 0.015 -38"><span class='ocrx_word' id='word_1_730' title='bbox 814 5311 1136 5367; x_wconf 86' lang='lat' dir='ltr'><strong>animarum.</strong></span> <span class='ocrx_word' id='word_1_731' title='bbox 1188 5313 1302 5373; x_wconf 77' lang='lat' dir='ltr'><strong>Hoc</strong></span> <span class='ocrx_word' id='word_1_732' title='bbox 1330 5332 1460 5390; x_wconf 68' lang='lat' dir='ltr'><strong>ergo</strong></span> <span class='ocrx_word' id='word_1_733' title='bbox 1502 5322 1661 5379; x_wconf 83' lang='lat' dir='ltr'><strong>modo</strong></span> <span class='ocrx_word' id='word_1_734' title='bbox 1705 5326 1796 5396; x_wconf 90' lang='lat' dir='ltr'><strong>qui</strong></span> <span class='ocrx_word' id='word_1_735' title='bbox 1851 5340 2131 5401; x_wconf 88' lang='lat' dir='ltr'><strong>comparat</strong></span> <span class='ocrx_word' id='word_1_736' title='bbox 2163 5348 2378 5403; x_wconf 77' lang='lat' dir='ltr'><strong>agrum,</strong></span> 
     </span>
    </p>
   </div>
   <div class='ocr_carea' id='block_1_104' title="bbox 812 5403 2383 5490">
    <p class='ocr_par' dir='ltr' id='par_1_104' title="bbox 812 5403 2383 5490">
     <span class='ocr_line' id='line_1_104' title="bbox 812 5403 2383 5490; baseline 0.017 -37"><span class='ocrx_word' id='word_1_737' title='bbox 812 5403 1109 5473; x_wconf 88' lang='lat' dir='ltr'><strong>pulverem,</strong></span> <span class='ocrx_word' id='word_1_738' title='bbox 1136 5414 1294 5463; x_wconf 63' lang='lat' dir='ltr'><strong>terra</strong></span> <span class='ocrx_word' id='word_1_739' title='bbox 1326 5418 1535 5467; x_wconf 89' lang='lat' dir='ltr'><strong>tantum</strong></span> <span class='ocrx_word' id='word_1_740' title='bbox 1572 5429 1677 5470; x_wconf 90' lang='lat' dir='ltr'><strong>non</strong></span> <span class='ocrx_word' id='word_1_741' title='bbox 1724 5428 1964 5490; x_wconf 74' lang='lat' dir='ltr'><strong>segetum</strong></span> <span class='ocrx_word' id='word_1_742' title='bbox 1994 5420 2256 5479; x_wconf 82' lang='lat' dir='ltr'><strong>dicendus</strong></span> <span class='ocrx_word' id='word_1_743' title='bbox 2295 5432 2383 5479; x_wconf 88' lang='lat' dir='ltr'><strong>est</strong></span> 
     </span>
    </p>
   </div>
   <div class='ocr_carea' id='block_1_105' title="bbox 812 5504 2377 5586">
    <p class='ocr_par' dir='ltr' id='par_1_105' title="bbox 812 5504 2377 5586">
     <span class='ocr_line' id='line_1_105' title="bbox 812 5504 2377 5586; baseline 0.016 -39"><span class='ocrx_word' id='word_1_744' title='bbox 812 5506 1152 5565; x_wconf 81' lang='lat' dir='ltr'><strong>comparasse</strong></span> <span class='ocrx_word' id='word_1_745' title='bbox 1192 5512 1532 5571; x_wconf 90' lang='lat' dir='ltr'><strong>proventum.</strong></span> <span class='ocrx_word' id='word_1_746' title='bbox 1580 5504 1876 5578; x_wconf 67' lang='lat' dir='ltr'><strong>Plagiarius</strong></span> <span class='ocrx_word' id='word_1_747' title='bbox 1918 5512 2079 5567; x_wconf 89' lang='lat' dir='ltr'><strong>etiam</strong></span> <span class='ocrx_word' id='word_1_748' title='bbox 2132 5516 2223 5586; x_wconf 89' lang='lat' dir='ltr'><strong>qui</strong></span> <span class='ocrx_word' id='word_1_749' title='bbox 2262 5516 2377 5572; x_wconf 83' lang='lat' dir='ltr'><strong>dis-</strong></span> 
     </span>
    </p>
   </div>
   <div class='ocr_carea' id='block_1_106' title="bbox 815 5588 2377 5669">
    <p class='ocr_par' dir='ltr' id='par_1_106' title="bbox 815 5588 2377 5669">
     <span class='ocr_line' id='line_1_106' title="bbox 815 5588 2377 5669; baseline 0.019 -31"><span class='ocrx_word' id='word_1_750' title='bbox 815 5588 977 5641; x_wconf 67' lang='lat' dir='ltr'><strong>trahit</strong></span> <span class='ocrx_word' id='word_1_751' title='bbox 1013 5590 1317 5659; x_wconf 76' lang='lat' dir='ltr'><strong>honinem,</strong></span> <span class='ocrx_word' id='word_1_752' title='bbox 1370 5611 1476 5653; x_wconf 89' lang='lat' dir='ltr'><strong>non</strong></span> <span class='ocrx_word' id='word_1_753' title='bbox 1509 5598 1745 5656; x_wconf 88' lang='lat' dir='ltr'><strong>animam</strong></span> <span class='ocrx_word' id='word_1_754' title='bbox 1769 5600 2095 5669; x_wconf 73' lang='lat' dir='ltr'><strong>iudicandus</strong></span> <span class='ocrx_word' id='word_1_755' title='bbox 2126 5618 2211 5665; x_wconf 88' lang='lat' dir='ltr'><strong>est</strong></span> <span class='ocrx_word' id='word_1_756' title='bbox 2242 5625 2377 5666; x_wconf 86' lang='lat' dir='ltr'><strong>ven-</strong></span> 
     </span>
    </p>
   </div>
   <div class='ocr_carea' id='block_1_107' title="bbox 815 5677 2378 5775">
    <p class='ocr_par' dir='ltr' id='par_1_107' title="bbox 815 5677 2378 5775">
     <span class='ocr_line' id='line_1_107' title="bbox 815 5677 2378 5775; baseline 0.019 -45"><span class='ocrx_word' id='word_1_757' title='bbox 815 5677 1035 5775; x_wconf 73' lang='lat' dir='ltr'><strong>didissc,</strong></span> <span class='ocrx_word' id='word_1_758' title='bbox 1064 5683 1157 5739; x_wconf 88' lang='lat' dir='ltr'><strong>sed</strong></span> <span class='ocrx_word' id='word_1_759' title='bbox 1178 5700 1415 5743; x_wconf 86' lang='lat' dir='ltr'><strong>carnem.</strong></span> <span class='ocrx_word' id='word_1_760' title='bbox 1446 5689 1559 5746; x_wconf 88' lang='lat' dir='ltr'><strong>lmo</strong></span> <span class='ocrx_word' id='word_1_761' title='bbox 1586 5707 1710 5748; x_wconf 89' lang='lat' dir='ltr'><strong>cum</strong></span> <span class='ocrx_word' id='word_1_762' title='bbox 1732 5693 1991 5765; x_wconf 71' lang='lat' dir='ltr'><strong>legamus,</strong></span> <span class='ocrx_word' id='word_1_763' title='bbox 2023 5702 2148 5771; x_wconf 83' lang='lat' dir='ltr'><strong>quia</strong></span> <span class='ocrx_word' id='word_1_764' title='bbox 2179 5718 2378 5775; x_wconf 88' lang='lat' dir='ltr'><strong>corpus</strong></span> 
     </span>
    </p>
   </div>
   <div class='ocr_carea' id='block_1_108' title="bbox 817 5769 2378 5864">
    <p class='ocr_par' dir='ltr' id='par_1_108' title="bbox 817 5769 2378 5864">
     <span class='ocr_line' id='line_1_108' title="bbox 817 5769 2378 5864; baseline 0.016 -36"><span class='ocrx_word' id='word_1_765' title='bbox 817 5769 1122 5834; x_wconf 80' lang='lat' dir='ltr'><strong>hominibus</strong></span> <span class='ocrx_word' id='word_1_766' title='bbox 1152 5778 1565 5854; x_wconf 63' lang='lat' dir='ltr'><strong>quadragesimo</strong></span> <span class='ocrx_word' id='word_1_767' title='bbox 1614 5796 1768 5845; x_wconf 77' lang='lat' dir='ltr'><strong>sexto</strong></span> <span class='ocrx_word' id='word_1_768' title='bbox 1816 5787 1905 5848; x_wconf 87' lang='lat' dir='ltr'><strong>die</strong></span> <span class='ocrx_word' id='word_1_769' title='bbox 1950 5769 2074 5864; x_wconf 74' lang='lat' dir='ltr'><strong>post</strong></span> <span class='ocrx_word' id='word_1_770' title='bbox 2119 5769 2378 5853; x_wconf 66' lang='lat' dir='ltr'><strong>matr-rure</strong></span> 
     </span>
    </p>
   </div>
   <div class='ocr_carea' id='block_1_109' title="bbox 2481 4752 4070 4841">
    <p class='ocr_par' dir='ltr' id='par_1_109' title="bbox 2481 4752 4070 4841">
     <span class='ocr_line' id='line_1_109' title="bbox 2481 4752 4070 4841; baseline -0.021 -2"><span class='ocrx_word' id='word_1_771' title='bbox 2481 4752 2751 4841; x_wconf 88' lang='lat' dir='ltr'><strong>mentum,</strong></span> <span class='ocrx_word' id='word_1_772' title='bbox 2783 4780 2878 4827; x_wconf 89' lang='lat' dir='ltr'><strong>aut</strong></span> <span class='ocrx_word' id='word_1_773' title='bbox 2907 4771 3116 4831; x_wconf 87' lang='lat' dir='ltr'><strong>vinum,</strong></span> <span class='ocrx_word' id='word_1_774' title='bbox 3157 4774 3253 4820; x_wconf 90' lang='lat' dir='ltr'><strong>aut</strong></span> <span class='ocrx_word' id='word_1_775' title='bbox 3279 4760 3480 4827; x_wconf 88' lang='lat' dir='ltr'><strong>oleum,</strong></span> <span class='ocrx_word' id='word_1_776' title='bbox 3506 4764 3601 4813; x_wconf 89' lang='lat' dir='ltr'><strong>aut</strong></span> <span class='ocrx_word' id='word_1_777' title='bbox 3624 4766 3840 4812; x_wconf 83' lang='lat' dir='ltr'><strong>omnem</strong></span> <span class='ocrx_word' id='word_1_778' title='bbox 3866 4752 4070 4814; x_wconf 84' lang='lat' dir='ltr'><strong>cibum,</strong></span> 
     </span>
    </p>
   </div>
   <div class='ocr_carea' id='block_1_110' title="bbox 2484 4851 4077 4950">
    <p class='ocr_par' dir='ltr' id='par_1_110' title="bbox 2484 4851 4077 4950">
     <span class='ocr_line' id='line_1_110' title="bbox 2484 4851 4077 4950; baseline -0.027 -17"><span class='ocrx_word' id='word_1_779' title='bbox 2484 4870 2731 4945; x_wconf 87' lang='lat' dir='ltr'><strong>nunquid</strong></span> <span class='ocrx_word' id='word_1_780' title='bbox 2750 4858 3221 4925; x_wconf 75' lang='lat' dir='ltr'><strong>sanctiﬂeahitur?</strong></span> <span class='ocrx_word' id='word_1_781' title='bbox 3245 4851 3654 4950; x_wconf 75' lang='lat' dir='ltr'><strong>Respondentes</strong></span> <span class='ocrx_word' id='word_1_782' title='bbox 3679 4853 3858 4950; x_wconf 39' lang='lat' dir='ltr'><strong>aunt-em</strong></span> <span class='ocrx_word' id='word_1_783' title='bbox 3890 4857 4077 4950; x_wconf 56' lang='lat' dir='ltr'><strong>sincerj</strong></span> 
     </span>
    </p>
   </div>
   <div class='ocr_carea' id='block_1_111' title="bbox 2486 4937 4076 5042">
    <p class='ocr_par' dir='ltr' id='par_1_111' title="bbox 2486 4937 4076 5042">
     <span class='ocr_line' id='line_1_111' title="bbox 2486 4937 4076 5042; baseline -0.024 -15"><span class='ocrx_word' id='word_1_784' title='bbox 2486 4937 2664 5033; x_wconf 69' lang='lat' dir='ltr'><strong>dotes,</strong></span> <span class='ocrx_word' id='word_1_785' title='bbox 2695 4964 2993 5021; x_wconf 76' lang='lat' dir='ltr'><strong>dixerunt:</strong></span> <span class='ocrx_word' id='word_1_786' title='bbox 3026 4954 3167 5011; x_wconf 77' lang='lat' dir='ltr'><strong>Non.</strong></span> <span class='ocrx_word' id='word_1_787' title='bbox 3198 4952 3265 5008; x_wconf 84' lang='lat' dir='ltr'><strong>Et</strong></span> <span class='ocrx_word' id='word_1_788' title='bbox 3293 4948 3431 5005; x_wconf 77' lang='lat' dir='ltr'><strong>dixit</strong></span> <span class='ocrx_word' id='word_1_789' title='bbox 3453 4946 3700 5042; x_wconf 51' lang='lat' dir='ltr'><strong>apsens.</strong></span> <span class='ocrx_word' id='word_1_790' title='bbox 3732 4937 3792 5042; x_wconf 67' lang='lat' dir='ltr'><strong>si</strong></span> <span class='ocrx_word' id='word_1_791' title='bbox 3818 4937 4076 5042; x_wconf 48' lang='lat' dir='ltr'><strong>tetigerit</strong></span> 
     </span>
    </p>
   </div>
   <div class='ocr_carea' id='block_1_112' title="bbox 2486 5029 4074 5131">
    <p class='ocr_par' dir='ltr' id='par_1_112' title="bbox 2486 5029 4074 5131">
     <span class='ocr_line' id='line_1_112' title="bbox 2486 5029 4074 5131; baseline -0.023 -16"><span class='ocrx_word' id='word_1_792' title='bbox 2486 5029 2723 5131; x_wconf 79' lang='lat' dir='ltr'><strong>pollutus</strong></span> <span class='ocrx_word' id='word_1_793' title='bbox 2751 5055 2806 5110; x_wconf 88' lang='lat' dir='ltr'><strong>in</strong></span> <span class='ocrx_word' id='word_1_794' title='bbox 2844 5050 3030 5106; x_wconf 79' lang='lat' dir='ltr'><strong>anima</strong></span> <span class='ocrx_word' id='word_1_795' title='bbox 3059 5060 3128 5102; x_wconf 78' lang='lat' dir='ltr'><strong>ex</strong></span> <span class='ocrx_word' id='word_1_796' title='bbox 3165 5040 3419 5099; x_wconf 87' lang='lat' dir='ltr'><strong>omnibus</strong></span> <span class='ocrx_word' id='word_1_797' title='bbox 3454 5036 3559 5099; x_wconf 87' lang='lat' dir='ltr'><strong>bis,</strong></span> <span class='ocrx_word' id='word_1_798' title='bbox 3591 5029 3832 5131; x_wconf 65' lang='lat' dir='ltr'><strong>nunquid</strong></span> <span class='ocrx_word' id='word_1_799' title='bbox 3875 5037 4074 5084; x_wconf 80' lang='lat' dir='ltr'><strong>conta-</strong></span> 
     </span>
    </p>
   </div>
   <div class='ocr_carea' id='block_1_113' title="bbox 2487 5122 4071 5222">
    <p class='ocr_par' dir='ltr' id='par_1_113' title="bbox 2487 5122 4071 5222">
     <span class='ocr_line' id='line_1_113' title="bbox 2487 5122 4071 5222; baseline -0.022 -15"><span class='ocrx_word' id='word_1_800' title='bbox 2487 5122 2830 5206; x_wconf 75' lang='lat' dir='ltr'><strong>minabitur?</strong></span> <span class='ocrx_word' id='word_1_801' title='bbox 2867 5142 2935 5199; x_wconf 83' lang='lat' dir='ltr'><strong>Et</strong></span> <span class='ocrx_word' id='word_1_802' title='bbox 2980 5136 3374 5211; x_wconf 85' lang='lat' dir='ltr'><strong>respondentes</strong></span> <span class='ocrx_word' id='word_1_803' title='bbox 3420 5125 3730 5185; x_wconf 85' lang='lat' dir='ltr'><strong>sacerdotes</strong></span> <span class='ocrx_word' id='word_1_804' title='bbox 3773 5122 4071 5222; x_wconf 60' lang='lat' dir='ltr'><strong>dixerunt:</strong></span> 
     </span>
    </p>
   </div>
   <div class='ocr_carea' id='block_1_114' title="bbox 2486 5210 4075 5319">
    <p class='ocr_par' dir='ltr' id='par_1_114' title="bbox 2486 5210 4075 5319">
     <span class='ocr_line' id='line_1_114' title="bbox 2486 5210 4075 5319; baseline -0.023 -19"><span class='ocrx_word' id='word_1_805' title='bbox 2486 5238 2983 5299; x_wconf 89' lang='lat' dir='ltr'><strong>Contaminabitur.</strong></span> <span class='ocrx_word' id='word_1_806' title='bbox 3012 5231 3084 5287; x_wconf 79' lang='lat' dir='ltr'><strong>Et</strong></span> <span class='ocrx_word' id='word_1_807' title='bbox 3110 5224 3395 5319; x_wconf 85' lang='lat' dir='ltr'><strong>respondit</strong></span> <span class='ocrx_word' id='word_1_808' title='bbox 3419 5222 3668 5319; x_wconf 54' lang='lat' dir='ltr'><strong>Aunus:</strong></span> <span class='ocrx_word' id='word_1_809' title='bbox 3698 5223 3753 5319; x_wconf 73' lang='lat' dir='ltr'><strong>et</strong></span> <span class='ocrx_word' id='word_1_810' title='bbox 3776 5213 3913 5270; x_wconf 79' lang='lat' dir='ltr'><strong>dixit</strong></span> <span class='ocrx_word' id='word_1_811' title='bbox 3982 5210 4075 5266; x_wconf 87' lang='lat' dir='ltr'><strong>Sic</strong></span> 
     </span>
    </p>
   </div>
   <div class='ocr_carea' id='block_1_115' title="bbox 2487 5306 4072 5407">
    <p class='ocr_par' dir='ltr' id='par_1_115' title="bbox 2487 5306 4072 5407">
     <span class='ocr_line' id='line_1_115' title="bbox 2487 5306 4072 5407; baseline -0.023 -14"><span class='ocrx_word' id='word_1_812' title='bbox 2487 5335 2718 5407; x_wconf 87' lang='lat' dir='ltr'><strong>populus</strong></span> <span class='ocrx_word' id='word_1_813' title='bbox 2764 5334 2889 5394; x_wconf 86' lang='lat' dir='ltr'><strong>iste,</strong></span> <span class='ocrx_word' id='word_1_814' title='bbox 2935 5336 2991 5383; x_wconf 89' lang='lat' dir='ltr'><strong>et</strong></span> <span class='ocrx_word' id='word_1_815' title='bbox 3032 5324 3113 5380; x_wconf 89' lang='lat' dir='ltr'><strong>sic</strong></span> <span class='ocrx_word' id='word_1_816' title='bbox 3150 5334 3283 5393; x_wconf 71' lang='lat' dir='ltr'><strong>gens</strong></span> <span class='ocrx_word' id='word_1_817' title='bbox 3328 5318 3431 5372; x_wconf 87' lang='lat' dir='ltr'><strong>ista</strong></span> <span class='ocrx_word' id='word_1_818' title='bbox 3461 5322 3588 5368; x_wconf 89' lang='lat' dir='ltr'><strong>ante</strong></span> <span class='ocrx_word' id='word_1_819' title='bbox 3628 5306 3820 5365; x_wconf 83' lang='lat' dir='ltr'><strong>faciem</strong></span> <span class='ocrx_word' id='word_1_820' title='bbox 3867 5318 4072 5383; x_wconf 20' lang='lat' dir='ltr'><strong>meatui,</strong></span> 
     </span>
    </p>
   </div>
   <div class='ocr_carea' id='block_1_116' title="bbox 2488 5409 4072 5483">
    <p class='ocr_par' dir='ltr' id='par_1_116' title="bbox 2488 5409 4072 5483">
     <span class='ocr_line' id='line_1_116' title="bbox 2488 5409 4072 5483; baseline -0.023 1"><span class='ocrx_word' id='word_1_821' title='bbox 2488 5427 2617 5483; x_wconf 85' lang='lat' dir='ltr'><strong>dicit</strong></span> <span class='ocrx_word' id='word_1_822' title='bbox 2656 5424 2941 5483; x_wconf 81' lang='lat' dir='ltr'><strong>Dominus;</strong></span> <span class='ocrx_word' id='word_1_823' title='bbox 2971 5428 3027 5472; x_wconf 90' lang='lat' dir='ltr'><strong>et</strong></span> <span class='ocrx_word' id='word_1_824' title='bbox 3067 5415 3148 5469; x_wconf 86' lang='lat' dir='ltr'><strong>sic</strong></span> <span class='ocrx_word' id='word_1_825' title='bbox 3188 5423 3352 5467; x_wconf 88' lang='lat' dir='ltr'><strong>omne</strong></span> <span class='ocrx_word' id='word_1_826' title='bbox 3398 5419 3535 5476; x_wconf 89' lang='lat' dir='ltr'><strong>opus</strong></span> <span class='ocrx_word' id='word_1_827' title='bbox 3568 5414 3821 5456; x_wconf 86' lang='lat' dir='ltr'><strong>manuum</strong></span> <span class='ocrx_word' id='word_1_828' title='bbox 3853 5409 4072 5459; x_wconf 84' lang='lat' dir='ltr'><strong>eorum,</strong></span> 
     </span>
    </p>
   </div>
   <div class='ocr_carea' id='block_1_117' title="bbox 2488 5490 4075 5597">
    <p class='ocr_par' dir='ltr' id='par_1_117' title="bbox 2488 5490 4075 5597">
     <span class='ocr_line' id='line_1_117' title="bbox 2488 5490 4075 5597; baseline -0.025 -20"><span class='ocrx_word' id='word_1_829' title='bbox 2488 5529 2544 5575; x_wconf 91' lang='lat' dir='ltr'><strong>et</strong></span> <span class='ocrx_word' id='word_1_830' title='bbox 2589 5516 2771 5573; x_wconf 87' lang='lat' dir='ltr'><strong>omnia</strong></span> <span class='ocrx_word' id='word_1_831' title='bbox 2824 5526 2946 5583; x_wconf 76' lang='lat' dir='ltr'><strong>qua:</strong></span> <span class='ocrx_word' id='word_1_832' title='bbox 2993 5504 3314 5564; x_wconf 89' lang='lat' dir='ltr'><strong>obtulerunt</strong></span> <span class='ocrx_word' id='word_1_833' title='bbox 3356 5498 3449 5561; x_wconf 88' lang='lat' dir='ltr'><strong>ibi,</strong></span> <span class='ocrx_word' id='word_1_834' title='bbox 3496 5490 3863 5597; x_wconf 71' lang='lat' dir='ltr'><strong>contaminata</strong></span> <span class='ocrx_word' id='word_1_835' title='bbox 3887 5493 4075 5597; x_wconf 35' lang='lat' dir='ltr'><strong>ierunt</strong></span> 
     </span>
    </p>
   </div>
   <div class='ocr_carea' id='block_1_118' title="bbox 2486 5578 4072 5685">
    <p class='ocr_par' dir='ltr' id='par_1_118' title="bbox 2486 5578 4072 5685">
     <span class='ocr_line' id='line_1_118' title="bbox 2486 5578 4072 5685; baseline -0.023 -17"><span class='ocrx_word' id='word_1_836' title='bbox 2486 5610 2689 5685; x_wconf 63' lang='lat' dir='ltr'><strong>(Aegei</strong></span> <span class='ocrx_word' id='word_1_837' title='bbox 2724 5608 2811 5677; x_wconf 82' lang='grc' dir='ltr'><strong>ιι).</strong></span> <span class='ocrx_word' id='word_1_838' title='bbox 2844 5578 2866 5656; x_wconf 69' lang='lat' dir='ltr'><strong>i</strong></span> <span class='ocrx_word' id='word_1_839' title='bbox 2900 5604 2956 5658; x_wconf 90' lang='lat' dir='ltr'><strong>lu</strong></span> <span class='ocrx_word' id='word_1_840' title='bbox 3000 5600 3088 5655; x_wconf 87' lang='lat' dir='ltr'><strong>his</strong></span> <span class='ocrx_word' id='word_1_841' title='bbox 3134 5611 3265 5666; x_wconf 69' lang='lat' dir='ltr'><strong>ergo</strong></span> <span class='ocrx_word' id='word_1_842' title='bbox 3311 5584 3666 5685; x_wconf 77' lang='lat' dir='ltr'><strong>propheticis,</strong></span> <span class='ocrx_word' id='word_1_843' title='bbox 3700 5578 4072 5685; x_wconf 30' lang='lat' dir='ltr'><strong>imo‘divinis</strong></span> 
     </span>
    </p>
   </div>
   <div class='ocr_carea' id='block_1_119' title="bbox 2485 5679 4074 5759">
    <p class='ocr_par' dir='ltr' id='par_1_119' title="bbox 2485 5679 4074 5759">
     <span class='ocr_line' id='line_1_119' title="bbox 2485 5679 4074 5759; baseline -0.019 -4"><span class='ocrx_word' id='word_1_844' title='bbox 2485 5679 2669 5759; x_wconf 75' lang='lat' dir='ltr'><strong>verbis</strong></span> <span class='ocrx_word' id='word_1_845' title='bbox 2715 5700 2998 5756; x_wconf 87' lang='lat' dir='ltr'><strong>evidenter</strong></span> <span class='ocrx_word' id='word_1_846' title='bbox 3039 5687 3367 5749; x_wconf 85' lang='lat' dir='ltr'><strong>ostenditur,</strong></span> <span class='ocrx_word' id='word_1_847' title='bbox 3406 5680 3660 5752; x_wconf 84' lang='lat' dir='ltr'><strong>quoniam</strong></span> <span class='ocrx_word' id='word_1_848' title='bbox 3714 5680 3929 5745; x_wconf 81' lang='lat' dir='ltr'><strong>emptor</strong></span> <span class='ocrx_word' id='word_1_849' title='bbox 3967 5679 4074 5727; x_wconf 83' lang='lat' dir='ltr'><strong>iste</strong></span> 
     </span>
    </p>
   </div>
   <div class='ocr_carea' id='block_1_120' title="bbox 2484 5763 4077 5862">
    <p class='ocr_par' dir='ltr' id='par_1_120' title="bbox 2484 5763 4077 5862">
     <span class='ocr_line' id='line_1_120' title="bbox 2484 5763 4077 5862; baseline -0.019 -9"><span class='ocrx_word' id='word_1_850' title='bbox 2484 5795 2757 5858; x_wconf 77' lang='lat' dir='ltr'><strong>videlicet,</strong></span> <span class='ocrx_word' id='word_1_851' title='bbox 2799 5791 2890 5862; x_wconf 88' lang='lat' dir='ltr'><strong>qui</strong></span> <span class='ocrx_word' id='word_1_852' title='bbox 2917 5796 3001 5845; x_wconf 83' lang='lat' dir='ltr'><strong>est</strong></span> <span class='ocrx_word' id='word_1_853' title='bbox 3026 5783 3266 5858; x_wconf 85' lang='lat' dir='ltr'><strong>pollutus</strong></span> <span class='ocrx_word' id='word_1_854' title='bbox 3299 5777 3354 5834; x_wconf 87' lang='lat' dir='ltr'><strong>in</strong></span> <span class='ocrx_word' id='word_1_855' title='bbox 3386 5774 3588 5838; x_wconf 86' lang='lat' dir='ltr'><strong>anima,</strong></span> <span class='ocrx_word' id='word_1_856' title='bbox 3619 5766 3856 5839; x_wconf 81' lang='lat' dir='ltr'><strong>suscepti</strong></span> <span class='ocrx_word' id='word_1_857' title='bbox 3878 5763 4077 5838; x_wconf 75' lang='lat' dir='ltr'><strong>polluit</strong></span> 
     </span>
    </p>
   </div>
  </div>
