4260 6372
354 339 444 396 81
1502 328 1710 385 LIBER
1746 327 2029 394 PRIMUS.
2072 326 2292 384 EPIST.
2327 326 2466 385 XIII.
3549 323 3682 383 δτι

355 446 542 507 ordinis
570 445 916 517 dignitatem.
962 439 1209 512 Dignitas
1243 454 1374 495 vero
1415 439 1548 497 licet
1593 455 1690 511 per
1738 456 1933 495 manus
1960 442 2013 505 Α
2042 444 2169 511 quia
2220 442 2608 499 inexcusabilis
2693 444 2802 501 erit
2876 442 3060 500 omnis
3107 441 3203 515 qui
3245 459 3278 499 a
3323 441 3559 499 Domino
3604 454 3661 500 et

352 541 740 613 tmpositionem
768 535 1005 607 gratuito
1034 534 1105 589 sit
1151 544 1399 605 accepta,
1442 550 1789 605 nequaquam
1846 542 1932 589 ta-
2040 536 2287 593 Ecclesia
2326 539 2413 593 cui
2446 548 2786 609 competunt,
2827 539 3028 603 aufert,
3070 548 3276 606 vastat,
3321 539 3535 595 invadit
3577 539 3662 595 vel

354 652 462 693 men
497 630 718 687 nmndat
748 638 1068 701 emptorem.
2039 630 2224 700 eripit,
2260 645 2435 701 usque
2463 632 2529 686 ad
2552 632 3021 698 emendationem,
3048 632 3419 702 Ecclesiteque
3444 630 3665 688 satisfa-

414 728 591 783 Adhuc
632 732 816 778 autem
858 722 925 776 ad
954 720 1330 775 investituram
1371 718 1554 783 redeo,
1583 726 1640 772 et
1670 732 1700 771 a
1734 726 1806 783 te,
1839 718 1935 788 qui
2039 724 2305 791 ctionem,
2346 736 2407 779 ut
2438 724 2747 795 sacrilegus
2783 725 3148 796 dijudicetur;
3182 734 3239 779 et
3274 724 3321 780 si
3358 724 3659 779 emendare

352 835 447 875 non
475 814 790 878 Ecclesium,
834 816 929 869 sed
972 810 1230 866 Ecclesia:
1262 810 1466 881 praedia
1495 818 1548 865 te
1574 824 1930 880 comparasse
2040 813 2298 877 noluerit,
2349 798 2882 899 exconununiceénr.
2934 815 3233 871 Anacletus
3281 824 3466 869 autem
3513 812 3660 884 Papa

350 910 603 980 gloriaris,
648 908 885 978 inquiro.
921 905 1066 960 Sane
1094 920 1220 960 cum
1264 904 1516 959 baculum
1562 902 1655 958 ille
1681 904 1789 958 tuis
1818 918 1934 958 ma-
2042 905 2203 975 longe
2243 914 2371 960 ante
2405 906 2550 961 inter
2579 906 2683 961 alia
2731 906 2901 961 multa
2957 906 3233 962 subinfert
3259 924 3280 960 τ
3306 923 3325 958 ι
3364 905 3468 973 Qui
3516 906 3660 959 enim

350 1005 493 1060 uilius
540 1002 782 1060 tradidit.
834 1000 1084 1056 dixitne:
1128 1018 1146 1049 ι
1176 998 1377 1068 Accipe
1422 986 1619 1063 terras,
1663 1006 1829 1067 atque
1853 997 1934 1053 di-
2041 1016 2131 1055 res
2164 1000 2421 1056 Ecclesiae
2452 1001 2765 1066 abstulerit,
2814 1002 3169 1074 sacrilegium
3198 1000 3355 1068 facit,
3406 1011 3461 1055 et
3493 1001 3653 1056 sacriv

350 1099 496 1152 vitias
528 1096 672 1153 illius
694 1095 947 1150 Ecclesia:
976 1112 990 1147 :
1026 1113 1043 1145 1
1078 1110 1146 1147 an
1174 1094 1375 1163 potius,
1404 1092 1547 1163 quod
1576 1101 1787 1146 certum
1815 1100 1929 1146 est:
2043 1092 2194 1163 Iegus
2221 1095 2567 1163 deputandus
2595 1103 2697 1150 est.
2732 1114 2751 1146 1

352 1208 368 1240 ι
397 1189 583 1259 Accipe
629 1187 970 1244 Ecclesium?
1004 1206 1022 1238 1
1058 1185 1212 1253 Quod
1258 1186 1302 1240 si
1339 1185 1479 1240 bona
1524 1184 1785 1240 Ecclesia:
1814 1183 1932 1240 sine
2111 1186 2257 1256 l’apa
2295 1201 2512 1258 quoque
2536 1186 2738 1241 Lucius
2768 1188 2822 1240 in
2852 1186 3076 1242 decreto
3104 1202 3205 1242 suo
3230 1186 3312 1241 sic
3342 1186 3459 1240 ait:
3492 1204 3510 1236 ι
3544 1184 3658 1239 Rc-

347 1281 569 1337 Ecclesia
618 1282 932 1351 suscepisti,
963 1279 1351 1334 scbisnnaticus
1380 1295 1438 1334 es
1490 1288 1657 1349 atque
1699 1277 1931 1333 sacrile-
2042 1295 2164 1333 rum
2207 1278 2735 1342 ecclesiasticarum,
2768 1289 2821 1333 et
2874 1277 3200 1333 facultatum
3239 1287 3491 1348 raptores
3523 1293 3553 1331 a
3601 1276 3664 1331 li-

344 1390 466 1445 gus,
497 1373 585 1444 qui
618 1374 762 1427 bona
796 1372 1054 1428 Ecclesia:
1082 1372 1151 1426 ab
1179 1371 1423 1427 Ecclesia
1458 1370 1679 1438 dividis,
1711 1379 1765 1425 et
1788 1369 1933 1441 quod
2042 1371 2283 1425 minibus
2316 1380 2521 1425 sancta:
2546 1370 2806 1427 Ecclesia:
2841 1370 3403 1435 auatbematizantes,
3440 1374 3667 1440 aposto-

342 1467 561 1523 aliemnn
606 1476 712 1531 est,
756 1466 1025 1521 violenter
1073 1460 1126 1520 iii
1176 1466 1252 1519 tui
1300 1462 1579 1533 usnsjnra
1632 1464 1931 1520 convertis.
2047 1464 2147 1517 lica
2181 1465 2514 1519 auctoritate
2544 1464 2799 1533 pcllimus
2829 1472 2884 1518 et
2915 1463 3265 1525 damnamus,
3297 1471 3465 1533 atque
3490 1460 3663 1516 sacri-

342 1562 483 1626 Qnod
521 1559 563 1615 si
608 1559 910 1615 Ecclesiam
963 1558 1273 1629 suscepisti,
1302 1559 1447 1629 quod
1474 1559 1699 1613 omnino
1730 1570 1937 1629 negare
2042 1556 2191 1629 legos
2218 1572 2337 1612 esse
2360 1556 2691 1625 iudicamus.
2726 1575 2746 1608 ι
2793 1555 3085 1611 Possemus
3114 1566 3170 1609 et
3201 1554 3307 1609 alia
3348 1570 3514 1625 quam
3540 1552 3662 1626 plu-

340 1668 436 1707 non
477 1659 650 1723 potes,
694 1651 883 1721 procul
916 1651 1081 1705 dubio
1118 1649 1294 1706 factus
1336 1665 1397 1704 es
1457 1649 1790 1704 simuniacns
1830 1668 1843 1702 :
1880 1655 1937 1703 et
2044 1654 2183 1705 rima
2208 1650 2609 1705 catholicorum
2643 1649 2868 1704 Patrum
2896 1648 3147 1719 exempla
3185 1661 3511 1719 congerere,
3552 1646 3661 1702 nisi

340 1744 478 1813 prius
533 1752 584 1799 te
633 1743 902 1797 venalitas
952 1742 1079 1799 fecit
1123 1742 1467 1807 Inrreticum,
1524 1757 1690 1812 quam
1739 1756 1934 1796 manus
2040 1746 2329 1815 pct'Spicuc
2369 1757 2835 1815 cognosceremus
2863 1742 3345 1812 nequaquam-hoc
3372 1736 3660 1811 epistulari

337 1834 599 1903 impositio
631 1834 886 1890 redderet
924 1843 1324 1889 consecratum.
1359 1831 1512 1888 Tunc
1542 1834 1690 1888 enim
1735 1848 1927 1889 consc—
1957 1825 2007 1886 Β
2037 1839 2366 1908 compendio
2390 1838 2710 1893 convenire.

336 1926 620 1981 crationem
653 1926 1063 1981 evidentissime
1093 1926 1369 1988 coemisti,
1415 1941 1539 1980 cum
1586 1926 1664 1987 id,
1706 1934 1930 1995 propter
2109 1931 2206 1986 llis
2234 1932 2419 2000 itaque
2451 1935 2772 1986 sanctorum
2801 1926 3150 1999 pontificum,
3183 1926 3416 1999 aliisque
3435 1934 3661 1981 senten-

332 2022 465 2089 quod
500 2023 565 2076 ad
592 2024 1064 2077 consecrationem
1102 2023 1507 2093 promovendos
1542 2036 1688 2087 eras,
1723 2022 1928 2078 venali-
2038 2026 2128 2079 tiis
2173 2023 2467 2078 manifeste
2510 2020 2885 2086 convinceris,
2930 2020 3192 2090 quoniam
3236 2027 3333 2073 aut
3390 2015 3671 2079 Ecclesiae,

333 2120 409 2164 ter
436 2112 712 2183 accepisti.
770 2112 861 2167 Sic
894 2113 1040 2168 enim
1086 2128 1255 2168 unum
1304 2114 1479 2183 pende
1529 2128 1595 2172 ex
1637 2114 1832 2177 altero,
1869 2125 1928 2171 ut
2035 2117 2182 2172 bona
2224 2118 2343 2173 sine
2396 2116 2641 2171 Ecclesia
2695 2114 3012 2186 suscepisti,
3059 2124 3115 2170 et
3153 2113 3360 2169 idcirco
3394 2122 3657 2182 tanquam

333 2205 413 2271 qui
444 2214 655 2261 terrena
689 2205 944 2260 Ecclesia:
979 2207 1118 2260 bona
1152 2209 1401 2278 suscipit,
1436 2208 1503 2262 ad
1536 2210 1767 2281 gratiam
1794 2225 1929 2265 con-
2034 2218 2225 2279 raptor
2249 2219 2413 2279 atque
2440 2208 2743 2279 sacrilegus
2766 2207 3252 2273 anatliematizari,
3277 2216 3335 2261 et
3365 2206 3435 2261 ab
3465 2204 3657 2261 Eccle-

335 2298 651 2354 sccrationis
686 2297 924 2367 aspiret;
955 2308 1011 2353 et
1042 2300 1133 2368 qui
1175 2300 1593 2357 consecratione
1619 2300 1923 2371 perficitur,
2033 2305 2129 2360 Sim
2175 2304 2460 2359 liminibus
2503 2303 2672 2360 debes
2700 2302 2904 2375 expelli
2938 2322 2950 2357 :
2988 2313 3085 2357 aut
3119 2313 3293 2366 certe,
3343 2303 3488 2373 quod
3538 2316 3659 2373 peo-

332 2390 462 2445 buna
494 2388 757 2444 Ecclesia:
786 2389 840 2443 in
886 2404 1016 2445 usus
1042 2390 1334 2461 egentium.
1369 2402 1424 2446 et
1454 2401 1652 2450 czetera
1699 2393 1925 2462 pictatis
2032 2402 2285 2468 spicuum
2324 2409 2433 2464 est,
2463 2407 2518 2454 et
2557 2413 2760 2468 negare
2792 2412 2902 2453 non
2938 2407 3117 2469 potes,
3158 2395 3464 2453 Ecclesium
3490 2393 3657 2451 simul

331 2484 483 2549 o'pera
507 2481 873 2551 dispensanda
902 2490 1213 2538 conservet.
1248 2481 1362 2539 Hoc
1395 2484 1578 2552 itaque
1607 2485 1769 2540 modo
1796 2484 1925 2541 licet
2030 2506 2160 2545 cum
2196 2492 2356 2545 bonis
2407 2489 2667 2547 Ecclesia:
2706 2490 2893 2561 pretio
2939 2488 3249 2554 redemisti,
3296 2487 3532 2557 ideoque
3572 2486 3657 2541 di-

331 2574 711 2631 ccclesiastica:
746 2574 854 2645 ιθ
877 2574 1151 2632 facultatis
1210 2578 1414 2634 mentio
1458 2578 1514 2632 in
1562 2579 1677 2651 ipsa
1726 2593 1925 2636 manus
2028 2597 2197 2655 gnum
2228 2594 2315 2639 est
2363 2592 2435 2649 te,
2466 2593 2525 2640 ut
2572 2598 2767 2640 revera
2822 2583 3190 2640 simoniacum
3236 2592 3293 2639 et
3330 2582 3656 2637 haereticum

332 2665 669 2736 impositione
723 2680 829 2721 non
882 2666 1011 2733 fiat,
1073 2668 1119 2723 is
1170 2678 1349 2724 tamen
1406 2672 1495 2741 qui
1544 2683 1922 2740 consecratur,
2029 2676 2287 2732 canonici
2361 2676 2567 2748 vigoris
2622 2676 2878 2733 examine
2942 2674 3321 2731 condenmari.
3376 2672 3656 2729 Canonica

330 2755 585 2811 bonorum
651 2755 911 2812 Ecclesia:
969 2757 1316 2828 dispensator
1368 2757 1635 2827 elIicitur;
1701 2770 1757 2817 ct
1796 2778 1920 2817 cum

2028 2773 2289 2827 nimirum
2338 2771 2615 2826 sententia
2655 2777 2743 2826 est
2772 2768 2887 2835 illa,
2920 2785 3029 2840 qua
3082 2768 3329 2824 dicitur:
3368 2786 3385 2818 ι
3426 2765 3484 2821 Si
3530 2765 3656 2835 quis

331 2845 617 2904 I'Ieclesiam
668 2848 920 2919 suscipit,
952 2849 1205 2919 quamvis
1252 2849 1326 2905 uil
1356 2858 1485 2906 tunc
1527 2850 1595 2906 de
1626 2868 1922 2909 consecra-

2028 2867 2339 2935 episcopus,
2379 2864 2491 2935 20
2516 2870 2613 2918 aut
2658 2862 2968 2935 presbyter,
3018 2871 3115 2915 aut
3154 2860 3325 2916 abbas
3359 2873 3459 2930 per
3490 2871 3655 2929 pecu-

332 2939 468 2994 tione
491 2940 725 2999 dicatur.
757 2942 822 2995 ad
852 2944 955 2998 hoc
980 2952 1160 2998 tamen
1197 2953 1254 2998 ιιι
1284 2955 1641 3001 consecretur
1674 2947 1917 3020 eligitur.

2028 2962 2175 3015 niam
2212 2960 2357 3015 banc
2382 2958 2685 3013 obtinuerit
2712 2957 3068 3027 dignitatem,
3107 2953 3402 3021 dejiciatur
3447 2952 3565 3023 ipse
3596 2958 3655 3005 et

393 3030 471 3086 Ab
498 3032 618 3100 ipso
656 3032 817 3101 plane
847 3034 1121 3105 principio
1153 3038 1431 3091 ιιεεροιιιίς
1478 3036 1741 3095 Ecclesiae
1769 3040 1915 3096 salu-
2025 3066 2075 3107 υι

2025 3051 2310 3107 ordinatur
2335 3050 2475 3122 ejus,
2497 3058 2553 3104 et
2583 3065 2613 3102 a
2635 3048 3028 3105 communione
3055 3056 3243 3101 sancta
3270 3046 3450 3101 modis
3476 3042 3651 3099 omni-

329 3123 432 3177 bris
461 3126 572 3181 lucc
595 3128 766 3196 carpit
790 3130 1129 3182 consuetudo
1157 3130 1418 3193 fidelium,
1445 3141 1503 3186 ut
1547 3148 1644 3187 sua
1686 3149 1919 3205 qua-que

2027 3146 2130 3200 bus
2192 3144 2592 3211 abscindatur,
2644 3154 2699 3199 et
2748 3143 2821 3197 sit
2868 3141 3192 3205 anathema,
3257 3140 3401 3195 sicut
3454 3138 3648 3193 Simon

334 3217 636 3316 renidentes,
672 3218 739 3272 ad
772 3220 936 3289 pedes
966 3220 1357 3290 apostolorum.
1388 3223 1921 3297 apostolicorumque
1946 3214 1996 3281 Ο
2032 3237 2223 3310 uagus
2253 3256 2283 3291 ιι
2326 3235 2489 3294 Petro
2514 3236 2655 3307 (Act.
2687 3235 2834 3307 vni).
2864 3253 2883 3287 ι

327 3306 554 3361 virorum
596 3312 858 3378 pecunias
892 3322 1175 3381 INDIICI‘t‘nI,
1211 3314 1411 3381 quibus
1447 3314 1520 3369 illi
1573 3318 1919 3374 necessitati-

2109 3306 2207 3385 ὖὺί
2238 3306 2565 3391 notandum,
2598 3327 2744 3398 quod
2785 3306 2893 3382 non
2926 3326 3003 3382 ait
3035 3344 3047 3381 :
3083 3324 3142 3381 Si
3166 3324 3291 3397 quis
3329 3322 3474 3378 hanc
3515 3319 3656 3377 οὶ)ιῆ
3740 3306 3742 3309 ’

326 3397 418 3451 bus
452 3415 752 3469 pauperum
795 3402 1041 3459 subsidia
1074 3405 1465 3462 ‘lninistrarcnt
1487 3407 1625 3478 (Act.
1658 3411 1755 3473 tv).
1792 3409 1923 3468 Post

2028 3422 2213 3477 nuerit
2240 3419 2727 3476 consecrationem
2749 3458 2764 3484 ,
2794 3418 2913 3475 sive
2951 3433 3150 3472 manus
3201 3413 3650 3487 impositionem;

329 3499 496 3588 autem
534 3492 713 3588 visum
758 3502 849 3588 t‘st
886 3496 1093 3549 sanctis
1126 3496 1402 3563 Pall'ibtls,
1437 3502 1530 3570 qui
1559 3502 1769 3557 scilicet
1813 3502 1921 3561 illis
2025 3515 2125 3570 sed
2148 3514 2330 3585 potius
2362 3530 2374 3565 :
2405 3511 2463 3567 Si
2488 3512 2635 3583 quis,
2670 3511 2873 3581 inquit,
2908 3527 3007 3582 per
3045 3511 3336 3581 pecuniam
3379 3508 3523 3562 hanc
3546 3504 3649 3560 0b-

329 3584 374 3630 iu
410 3584 548 3636 sacri
600 3586 886 3655 regimiuis
921 3588 1114 3645 ordine
1155 3602 1561 3657 successerunt,
1619 3605 1675 3649 ut
1736 3596 1769 3651 ii
1821 3597 1917 3669 qui

2028 3584 2255 3663 tinuerit
2292 3608 2643 3679 dignitatem.
2673 3606 3017 3662 Canonicnm
3067 3615 3124 3659 et
3172 3602 3309 3659 illud
3354 3600 3651 3667 asseritur,

327 3684 762 3731 converterentur
800 3679 866 3732 ad
916 3678 1225 3745 INmiinnm,
1259 3700 1602 3754 nequaquam
1646 3689 1917 3744 distrahe-

2024 3702 2171 3773 quod
2218 3678 2626 3773 promulgatum
2685 3716 2717 3755 a
2757 3701 2967 3756 sanctis
3010 3697 3271 3754 Patribns
3314 3697 3368 3751 in
3414 3694 3653 3752 concilia

329 3773 435 3862 ΨΜ
461 3769 683 3873 ¹ξ⁹²⁶¹ί²ξ⁴
720 3770 815 3873 ⁸ξ⁵⁴¹
842 3785 905 3825 (τί
937 3772 1147 3873 ξί¹ξ¹⁰¹ί⁸
1177 3773 1437 3830 Ε⁰θ¹θ⁸Ῐί⁸
1471 3777 1771 3845 "Nam":
1805 3794 1915 3835 "0"
2025 3769 2299 3867 reperiiur
2328 3815 2340 3850 :
2367 3769 2711 3862 Cavendum,
2743 3805 2801 3851 et
2823 3809 3177 3864 summopere
3200 3789 3651 3864 praecavendum,

324 3870 425 3922 jam
479 3866 817 3927 transitorie,
878 3866 971 3918 sed
1006 3866 1131 3935 jure
1184 3877 1449 3940 perpetuo
1498 3873 1918 3929 necessitatibus

2024 3903 2090 3944 ac
2141 3902 2239 3958 per
2289 3887 2553 3943 virtutem
2597 3888 2808 3943 Christi
2861 3884 3149 3959 sanguinis
3204 3881 3650 3939 interdicendum

328 3949 671 4019 indigentium
708 3954 1009 4024 profutura.
1040 3958 1104 4014 Et
1134 3971 1287 4017 certe
1328 3978 1425 4032 per
1456 3963 1676 4036 Moysen
1710 3967 1765 4021 in
1798 3966 1918 4038 lege

2022 3949 2333 4056 episcopis,
2393 3994 2452 4040 et
2510 3984 2769 4055 regibus,
2823 3990 2881 4038 et
2928 3949 3189 4039 omnibus
3235 3978 3652 4037 sublimioribus

326 4047 625 4113 przecipitur
670 4066 681 4098 .
722 4065 739 4097 ι
770 4047 966 4115 Omne,
1012 4053 1207 4123 inquit,
1258 4054 1403 4123 quod
1457 4055 1687 4111 Domino
1724 4074 1918 4117 conse-

2024 4080 2415 4151 potestatibus,
2445 4090 2613 4151 atque
2634 4078 2853 4135 cunctis
2881 4076 3194 4135 fautoribus
3219 4085 3274 4131 et
3311 4073 3650 4131 electoribus

324 4146 514 4245 enim}
558 4144 1065 4245 θίνεᾞθξξκξυ-δίῖίξ
1120 4166 1273 4245 δευτξ
1318 4167 1445 4245 ξιυηγ
1477 4154 1766 4223 vemlelur.
1813 4171 1917 4215 "ec
2022 4144 2709 4245 quorumcunquepatque
2730 4172 3187 4237 eonseusoribus,
3231 4184 3331 4227 seu
3367 4168 3650 4223 ordinato-

327 4234 501 4286 redimi
530 4236 754 4304 poterit.
788 4236 1061 4307 Quidquid
1095 4242 1265 4297 semel
1311 4241 1476 4299 fuerit
1507 4258 1913 4318 consecratum,
2023 4234 2177 4323 ιῖίιιυε
2212 4268 2267 4323 in
2297 4234 2468 4341 gra'du
2494 4234 2917 4333 ecclesiastico;
2951 4275 3012 4322 ut
3045 4234 3211 4321 nemo
3249 4278 3348 4336 per
3382 4260 3649 4317 simonia-

324 4334 557 4381 sanctum
605 4339 926 4385 sancmrum
976 4336 1081 4387 crit
1133 4334 1361 4392 Domino
1410 4337 1602 4409 (Leuit.
1655 4346 1851 4410 xxvii).
1890 4363 1910 4397 1

2021 4375 2143 4413 cam
2186 4334 2439 4414 haeresim
2474 4358 2762 4429 regiminis
2798 4358 2977 4413 locum
3015 4334 3285 4418 obtineat,
3318 4362 3649 4423 quacunque

326 4415 452 4472 Ecce
495 4420 584 4475 hic
633 4424 1082 4483 manifestissime
1152 4431 1474 4500 prohibetur
1517 4451 1603 4502 ea,
1646 4452 1768 4506 qua:
1814 4437 1915 4493 Do-

2022 4453 2280 4516 factione,
2311 4451 2635 4513 calliditate.
2667 4451 3056 4522 promissione,
3087 4464 3183 4505 seu
3225 4443 3643 4504 commoditate.

325 4526 457 4564 mmo
497 4527 918 4584 consecrantur,
950 4520 1031 4574 vel
1077 4524 1234 4578 vcudi
1281 4525 1503 4592 debere,
1540 4528 1621 4584 vel
1676 4529 1909 4597 redimi;

1894 4546 1909 4597 ἓ
1944 4601 1987 4616 __
2020 4555 2114 4601 aut
2142 4546 2438 4600 donatione
2466 4561 2565 4616 per
2597 4560 2677 4610 se,
2709 4553 2797 4599 aut
2827 4559 2927 4614 per
2953 4542 3214 4597 emissam
3249 4553 3565 4610 personam.

322 4602 630 4668 V'llttssutn
662 4618 746 4662 est
788 4625 849 4664 ea
897 4622 1085 4669 sancta
1116 4627 1431 4673 sanctorum
1452 4618 1661 4691 jt'tgiter
1692 4636 1911 4691 perma-
1942 4601 1993 4662 Ῐ)

1958 4601 1993 4661 D
2096 4634 2196 4689 llic
2244 4649 2463 4705 quoque
2515 4633 2847 4697 notandum,
2890 4631 3035 4701 quod
3096 4644 3221 4684 cum
3254 4628 3640 4698 pnemisissct,

322 4708 456 4745 tto-re.
488 4700 599 4751 Cur
623 4714 759 4771 ergo
788 4700 1039 4772 gloriaris
1070 4719 1259 4762 sam-ta
1309 4720 1626 4767 sanctorum
1659 4723 1710 4768 te
1737 4715 1916 4784 pretio

2020 4714 2310 4797 episcopis,
2358 4724 2506 4781 illico
2547 4725 2810 4786 subdidit,
2852 4724 3095 4791 regibus,
3148 4730 3206 4777 et
3238 4720 3498 4775 omnibus
3549 4735 3637 4775 su-

324 4786 630 4865 rt‘tlt‘mim,
660 4803 715 4846 ct
745 4811 857 4848 rem
888 4796 979 4853 Dei
1010 4811 1198 4855 contra
1232 4802 1405 4874 legem
1437 4804 1553 4870 Dei,
1592 4824 1715 4878 qua:
1742 4809 1915 4880 gratis
2022 4819 2369 4873 ΙιΙὶιιιὶυι·ἰ1ιιιε
2398 4818 2799 4887 potestatibus;
2849 4826 2909 4870 ιιι
2941 4832 3048 4870 non
3101 4814 3266 4869 modo
3293 4813 3536 4869 cavenda
3576 4813 3648 4868 sit

322 4904 392 4982 ἶνα
412 4892 650 4961 ipicnda,
679 4899 853 4968 gratis
882 4901 1057 4957 danda
1109 4914 1215 4967 est,
1262 4906 1529 4963 venaliter
1560 4909 1916 4981 percepisse?
2022 4914 2253 4970 lneresis
2284 4912 2374 4968 illa
2403 4912 2538 4968 solis
2558 4913 2829 4967 duntaxat
2857 4910 3156 4982 episcopis.
3189 4909 3281 4980 (Ιυί
3316 4923 3648 4964 εοηεουηῒισ

322 4977 585 5083 Ϊωικιιιειιιι
610 5005 719 5043 non
752 4990 824 5043 sit
851 5003 1156 5062 peccatum,
1189 4998 1315 5066 quia
1344 4999 1464 5055 sine
1490 5004 1913 5060 consecratione
2019 5007 2105 5061 dis
2156 5022 2352 5062 manus
2402 5006 2719 5076 imponunt;
2774 5005 2868 5059 sed
2919 5012 2973 5059 et
3022 5002 3384 5059 szccularilms
3423 5015 3644 5071 quoque

324 5075 374 5172 ’ξι
429 5075 532 5132 “le
591 5084 1023 5139 eo""‘N‘l’t‘itllll‘.’
1092 5089 1196 5143 Sed
1248 5089 1455 5147 idcirco
1509 5090 1748 5150 fortasse
1802 5112 1911 5153 non
2020 5100 2383 5170 principibus,
2422 5075 2515 5168 qui
2571 5097 2699 5154 licet
2746 5098 2971 5167 injuste,
3022 5097 3208 5165 aliquo
3255 5096 3415 5149 modo
3462 5106 3645 5148 tamen

322 5174 487 5235 “mel.
516 5172 647 5242 quia
689 5174 771 5227 lex
813 5175 901 5229 illa
933 5187 1088 5234 vetns
1124 5182 1378 5251 prohibet
1407 5185 1630 5256 quidem
1668 5188 1909 5260 culpam,
2020 5192 2301 5249 Ecclesias
2334 5193 2535 5249 futuris
2566 5193 2879 5249 rectoribus
2924 5192 3171 5246 tradunt.
3209 5189 3345 5244 Nam
3382 5205 3507 5244 cum
3549 5186 3647 5242 ali-

324 5262 404 5358 eni
438 5279 542 5358 non
572 5269 779 5339 irroga!
820 5285 1058 5341 paruam.
1107 5276 1306 5345 Accipe
1357 5280 1541 5350 igitur,
1567 5282 1701 5351 quid
1747 5297 1912 5354 super
2016 5287 2149 5358 quid
2180 5288 2283 5343 sub
2323 5287 2621 5343 venalitate
2659 5286 2980 5357 suscipitur,
3005 5294 3060 5341 et
3088 5284 3219 5339 illud
3250 5282 3440 5355 procul
3476 5282 3645 5338 dubio

450 5354 709 5456 ﬂuuiana:
740 5363 935 5431 pt'arsul
987 5364 1245 5423 Ecclesiae
1294 5367 1609 5428 Bonifacius
1638 5372 1915 5430 inDecre-
2017 5387 2395 5447 comparatur,
2453 5379 2599 5449 quod
2642 5394 2707 5433 ex
2754 5378 3084 5433 necessitate
3133 5376 3514 5443 subsequitur.
3561 5374 3643 5429 Ad

326 5444 404 5546 ul?
430 5451 627 5505 Wil'm
659 5455 888 5524 ⁸⁷1⁵⁵⁵⁸⁰¹³¹
920 5476 931 5510 ³
963 5477 979 5509 ⁶
1009 5457 1175 5526 Nm",
1206 5460 1590 5533 ί¹³⁴1¹²ίιν1ίορειι
1628 5466 1906 5537 ignorare,
2020 5472 2124 5527 hoc
2170 5472 2318 5527 enim
2363 5471 2658 5542 pastoralis
2710 5470 2954 5527 Ecclesia
2997 5470 3197 5540 cuique
3249 5468 3641 5528 coiiimittitur,

325 5550 436 5635 quia
480 5561 642 5600 omne
687 5549 832 5617 quod
881 5551 1109 5607 Domino
1152 5566 1527 5622 consecratur,
1585 5560 1703 5615 sive
1744 5559 1911 5616 fuerit
2019 5575 2079 5621 ut
2119 5566 2186 5620 ad
2228 5566 2347 5635 ejus
2400 5566 2642 5635 regimen
2689 5565 3051 5621 obtinemlum
3097 5563 3515 5619 consecratione
3548 5560 3641 5615 flr-

327 5629 489 5700 """‘".
517 5639 633 5691 Si"?
681 5640 907 5708 animal.
940 5643 1055 5698 sive
1100 5662 1252 5719 ager,
1296 5648 1377 5703 vel
1431 5652 1697 5721 quidquid
1735 5654 1905 5709 semel

2018 5670 2228 5725 tuetur;
2268 5670 2321 5713 et
2362 5662 2429 5713 ad
2482 5662 2584 5715 hoc
2615 5660 2733 5715 sine
2766 5660 2932 5713 dubio
2964 5658 3178 5715 collata
3210 5658 3456 5730 pecunia:
3486 5671 3638 5710 com-

329 5728 470 5784 fucrit
511 5744 931 5799 conscendam,
981 5751 1230 5793 sanctum
1275 5754 1591 5799 sanctorum
1637 5747 1738 5800 erit
1796 5746 1903 5803 Do-
2017 5752 2283 5807 mercium
2313 5760 2543 5820 spectat.
2578 5752 2644 5804 ad
2688 5751 2833 5821 quod
2880 5751 2923 5806 is
2964 5750 3055 5820 qui
3088 5757 3173 5804 est
3203 5728 3635 5821 promovendus,

328 5825 473 5891 mino,
502 5836 554 5881 et
581 5829 651 5883 ad
668 5827 762 5899 ius
781 5831 1017 5899 pertinet
1036 5832 1403 5890 sacerdotum.
1432 5854 1451 5889 1
1482 5834 1711 5910 Propter
1733 5838 1900 5910 quod,
2014 5843 2239 5913 aspirat.
2275 5839 2412 5897 IIiuc
2457 5851 2541 5895 est
2580 5840 2765 5910 plane,
2795 5840 2940 5911 quod
2974 5855 3083 5895 non
3110 5840 3287 5896 solum
3318 5839 3411 5910 qui
3456 5836 3632 5909 majo-
