4260 6368
776 337 883 395 223

1306 338 1363 395 S.
1387 337 1592 394 PETRI
1628 335 1913 391 DAMIANI
1936 326 2087 393 OPP.‘
2120 334 2300 393 PARS
2337 333 2469 397 SEU
2510 334 2744 399 TOMUS
2772 337 2814 397 I.
2847 369 2917 381 -—
2952 336 3173 395 EPIST.
3201 335 3333 393 LIB.
3375 334 3508 392 VIII.

3934 331 4044 396 εει

775 450 929 507 ribus
953 448 1309 521 praeferuntur
1338 449 1611 515 Ecclesiis,
1654 436 1752 504 sed
1780 456 1836 503 et
1873 447 1979 502 illis
2016 462 2231 519 quoque
2257 450 2347 518 qui
2380 459 2425 518 Α
2525 453 2674 521 Quod
2700 453 2975 522 Eugubina
2997 452 3259 519 Ecclesia,
3277 467 3399 523 qua
3425 450 3559 506 mihi
3576 449 3775 505 dudum
3794 450 4045 507 avestris

776 541 863 596 vel
896 540 1077 611 plebes
1104 554 1375 610 agrorum,
1410 539 1493 594 vel
1518 540 1861 595 canonicales
1896 539 2216 610 praebendas
2253 556 2354 611 per

777 632 1137 688 interventum
1164 632 1403 702 pecuniae
1428 632 1742 707 pestilentcr
1772 633 2064 701 accipiunt,
2096 633 2356 688 simonia-

781 739 859 779 ca:
885 724 1154 783 haereseos
1179 723 1481 779 tendiculas
1531 738 1635 779 non
1668 724 1919 779 evadunt.
1951 723 2054 777 Per
2104 720 2159 781 id
2206 725 2354 778 enim

781 814 923 885 quod
963 814 1224 869 venaliter
1255 824 1636 885 assequuntur,
1673 816 1738 869 ad
1786 829 2065 869 sacrorum
2091 814 2352 884 graduum

778 908 996 963 ordines
1027 908 1283 973 tendunt;
1330 916 1384 962 et
1423 907 1687 976 tuncjam
1719 908 2061 962 destinantur
2101 907 2167 960 ad
2208 906 2358 962 ordi-

778 1013 894 1065 nes,
936 1014 1059 1055 cunt
1099 998 1179 1052 illi
1216 998 1539 1067 suscipiunt.
1579 1014 1676 1070 per
1713 1014 1832 1068 qum
1859 998 2069 1054 scilicet
2113 997 2178 1051 ad
2217 996 2357 1051 obti—

782 1092 957 1144 nenda
1002 1104 1279 1145 sacrorum
1328 1090 1589 1160 graduum
1638 1089 1970 1144 incrementa
2020 1089 2354 1160 pertingant.

789 1180 1039 1235 Initiatur
1078 1180 1221 1234 enim
1254 1180 1321 1234 ad
1364 1179 1640 1251 dignitatis
1677 1179 1945 1245 ordinem,
1985 1179 2076 1249 qui
2112 1178 2177 1231 ad
2217 1177 2357 1233 obti-

786 1272 1014 1326 nendam
1046 1270 1253 1327 ordinis
1289 1270 1633 1326 constituitur
1658 1270 1992 1339 dignitatem.

855 1361 979 1417 llaec
1018 1376 1104 1417 me
1141 1361 1379 1417 breviter
1424 1362 1684 1417 adversus
1713 1376 1806 1416 eos
1836 1364 2071 1418 dictasse
2100 1358 2354 1429 sufﬁciat,

780 1453 873 1524 qui
934 1453 1051 1508 sine
1111 1468 1302 1507 manus
1354 1454 1698 1523 impositione
1742 1454 2005 1508 venaliter
2055 1453 2356 1509 Ecclesiam

782 1544 1119 1623 acquisiisse,
1144 1559 1251 1598 non
1283 1558 1402 1599 esse
1447 1545 1802 1599 simoniacam
1834 1545 2220 1614 dogmatizant.
2255 1544 2357 1613 Qui

784 1636 1036 1692 nimirum
1066 1635 1113 1691 si
1136 1637 1238 1691 hoc
1266 1637 1605 1708 simpliciter,
1636 1648 1793 1707 prout
1815 1639 1915 1691 sibi
1942 1638 2235 1704 videretur,
2264 1654 2361 1692 ex-

782 1727 1100 1797 primerent,
1129 1725 1282 1782 stulti
1306 1728 1388 1784 vel
1418 1729 1639 1783 hebetes
1664 1728 1858 1783 merito
1882 1728 2195 1782 dicerentur
2224 1728 2358 1784 :sed

2457 547 2832 603 decessorilnts
2862 554 2946 602 est
2988 545 3301 611 commissa,
3335 559 3511 609 nunc,
3549 544 3685 613 proh
3716 542 3905 599 dolor!
3959 551 4049 599 est

2457 640 2676 697 omnino
2703 638 2948 705 confusa,
2979 647 3036 693 et
3065 638 3210 693 velut
3236 651 3363 692 area
3410 651 3533 705 qua:
3560 634 3790 706 pedibus
3818 634 4048 690 concul-

2458 743 2630 798 catur,
2664 733 2896 804 abjeeta,
2926 731 3165 803 peccatis
3193 730 3328 785 meis
3369 729 3421 783 id
3446 728 3791 798 exigentibus
3819 728 4047 799 deputo.

2459 842 2564 881 non
2591 824 2743 889 vitio,
2774 824 2917 893 quod
2947 824 3110 885 absit,
3140 830 3335 878 vestra:
3378 818 3667 891 parvitatis
3698 816 3764 890 [f.
3795 818 4045 890 palemi-

2459 914 2611 986 tatisl
2649 914 2881 969 ascribo.
2914 913 3200 968 Multitudo
3244 912 3444 983 quippe
3477 924 3724 967 meorum
3772 908 4046 965 scelerum

2458 1006 2645 1076 exigit,
2678 1014 2737 1060 ut
2781 1005 2826 1059 is
2878 1004 3041 1059 etiam
3089 1003 3323 1073 propriis
3376 1001 3631 1058 manibus
3676 1013 3802 1056 meo
3834 996 4048 1069 pectori

2457 1096 2652 1151 vulnus
2680 1095 2900 1167 inﬂigat,
2933 1111 3033 1167 pro
3056 1110 3165 1166 quo
3195 1111 3300 1149 non
3336 1093 3609 1151 enerviter
3656 1100 3809 1149 stans
3836 1092 4037 1147 adver-

2459 1203 2551 1244 sus
2600 1194 2767 1243 totum
2832 1187 3089 1241 mundum
3142 1195 3415 1242 certamen
3483 1183 3787 1254 assumpsi;
3853 1194 4051 1251 meque

2459 1279 2670 1350 gladiis,
2700 1294 2763 1334 ac
2782 1279 2993 1350 sagittis
3017 1278 3184 1333 totius
3212 1277 3326 1333 fere
3376 1276 3598 1331 humani
3631 1276 3852 1346 generis
3880 1278 4053 1329 durus

2459 1382 2515 1443 et
2561 1370 2943 1441 insuperabilis
2991 1370 3314 1425 colluctator
3359 1368 3552 1437 obieci.
3606 1366 3843 1423 IIoceine
3893 1363 4051 1425 mihi.

2461 1463 2786 1519 venerabilis
2828 1462 3009 1527 I’ater,
3044 1462 3298 1517 meritum
3337 1459 3644 1527 reddidisti,
3687 1458 3834 1525 quod
3874 1471 4054 1512 causa:

2463 1564 2566 1608 tum
2623 1564 2910 1624 perorator
2966 1554 3018 1608 in
3068 1561 3381 1608 sanctorum
3436 1550 3755 1622 pontificum
3804 1544 4059 1603 conciliis

2462 1646 2621 1703 toties
2669 1645 2852 1700 exstiti
2887 1663 2899 1698 :
2932 1644 3076 1715 quod
3128 1645 3182 1699 in
3233 1643 3521 1714 legationis
3570 1649 3674 1697 tua)
3703 1638 3853 1695 curis
3888 1646 4059 1708 atque

2463 1738 2715 1809 negotiis,
2767 1738 3082 1809 frequenter
3133 1739 3188 1793 itt
3238 1737 3623 1803 saecularium,
3679 1735 4058 1804 laicorumque

780 1815 1036 1885 quoniam
1069 1816 1311 1871 ηοηηυηί
1350 1817 1533 1871 mium
1564 1816 1615 1870 Id
1658 1818 1959 1886 lll‘ocacilel'
1989 1826 2260 1883 ειεῑηιιιηιν
2302 1828 2359 1875 el
2386 1816 2434 1877 Β
2464 1840 2752 1893 conventu,
2782 1830 2937 1899 quasi
2964 1830 3185 1899 quidam
3208 1829 3518 1886 causidicus
3544 1826 4059 1884 declamaviiﬂiec-

742 1942 747 1948 .
783 1907 1105 1976 quibusdam
1128 1907 1551 1972 cavillationum,
1589 1919 2137 1979 argumentorumque
2169 1927 2358 1966 versu-

785 1998 872 2054 tiis
911 2000 1270 2070 pervicaciter
1319 2001 1552 2072 allegare
1601 2003 1953 2067 contendunt,
2015 2020 2121 2058 non
2171 2005 2361 2058 innue-

785 2090 912 2156 rito,
948 2092 1091 2161 quod
1140 2093 1291 2148 inviti
1322 2093 1575 2159 dicimus,
1620 2095 1995 2149 luereticorum
2038 2110 2231 2150 nomen
2278 2096 2359 2150 in-

784 2188 1029 2234 currunt.
1076 2180 1192 2235 Non
1220 2182 1361 2236 enim
1399 2198 1572 2248 error,
1602 2183 1939 2249 haeretieum,
1971 2184 2065 2239 sed
2102 2186 2356 2255 pervicax

784 2274 1078 2331 obstinatio
1117 2276 1263 2333 facit.
1312 2277 1422 2333 Nec
1452 2293 1640 2334 omnes
1681 2279 1920 2334 haeretici
1971 2278 2181 2334 dicendi
2232 2286 2359 2335 sunt

783 2367 877 2435 qui
903 2366 1193 2436 opinantur
1218 2382 1484 2431 errorem,
1521 2369 1615 2424 sed
1642 2369 1731 2439 qui
1771 2366 2145 2440 pertinaciter,
2179 2378 2233 2425 et
2262 2385 2361 2423 au-

786 2458 973 2513 dacter
1001 2459 1298 2529 praedicant
1320 2458 1629 2515 falsitatem.

859 2548 954 2604 His
997 2550 1182 2620 itaque
1223 2552 1672 2621 praedicatoribus
1717 2561 1939 2614 satanas.
1991 2561 2047 2609 et
2102 2554 2361 2625 apostolis

786 2642 1130 2707 antichristi,
1168 2651 1224 2697 tn
1270 2644 1594 2699 venerabilis
1634 2643 1827 2710 Pater,
1875 2645 2111 2701 caelestis
2158 2645 2357 2716 eloquii

785 2734 963 2805 gladio
990 2737 1317 2805 pnecinetus
1340 2754 1588 2803 occurre,
1642 2747 1693 2795 et
1727 2748 1982 2810 tanquam
2012 2740 2151 2795 alter
2173 2740 2355 2805 Iosue,

786 2826 1113 2883 Amaleeitas
1152 2841 1523 2899 Oppugnantes
1554 2828 1717 2886 Israel
1747 2828 1946 2904 (Exod.
1974 2834 2134 2905 xvu),
2181 2833 2363 2904 evagi-

788 2928 915 2972 nato
954 2920 1200 2975 canonici
1241 2921 1444 2989 vigoris
1470 2936 1747 2983 mucrone.
1779 2933 2083 2993 prosterne.
2117 2922 2363 2981 Tollatur

786 3023 818 3063 e
864 3008 1043 3065 medio
1090 3012 1415 3081 quantocius
1466 3020 1718 3068 tartareze
1759 3015 2137 3071 amaritudinis
2178 3017 2365 3073 aconi-

787 3107 919 3166 tum,
963 3116 1031 3156 ne
1071 3102 1211 3171 quod
1258 3103 1415 3168 absit,
1466 3104 1634 3160 ferale
1662 3106 1764 3176 ει
1801 3121 2067 3161 venenum
2114 3106 2361 3165 faucibus

2461 1924 2617 1993 eine,
2649 1924 2927 1993 inquam,~
2951 1923 3083 1977 mibi
3124 1938 3349 1979 munera
3392 1922 3771 1987 redhibentur,
3808 1919 3956 1990 quod
4001 1918 4059 1974 in

2463 2014 2646 2069 hostes
2698 2024 2817 2070 tuos
2871 2015 3138 2069 violenter
3194 2016 3459 2080 invectus,
3498 2028 3593 2069 eos
3642 2011 4061 2067 mordacissime

2465 2104 2731 2173 loquendo
2779 2114 2833 2159 et
2892 2106 3183 2161 scribendo
3217 2106 3486 2171 destrttxi,
3528 2115 3688 2175 teque
3718 2118 3817 2174 per
3867 2100 4057 2157 multi-

2463 2198 2637 2250 modo:
2686 2196 3000 2265 scriptionis
3036 2195 3297 2251 articulos
3343 2195 3533 2262 extuli,
3570 2206 3824 2265 tuamque
3853 2205 4062 2247 memo-

2463 2288 2597 2341 riam
2630 2297 2686 2343 et
2710 2287 2938 2358 egregia:
2962 2287 3137 2342 laudis
3169 2286 3319 2359 [(ιάά.
3363 2287 3406 2356 Ῑ.
3434 2284 3759 2357 praeconia],
3792 2292 4062 2356 quantum

2463 2378 2517 2433 in
2566 2396 2651 2435 me
2683 2379 2804 2442 fuit,
2853 2384 3019 2433 etiam
3057 2383 3197 2448 apud
3246 2389 3493 2449 posteros
3538 2376 3865 2451 propagavi?
3920 2372 4065 2441 Quid

2464 2477 2644 2544 itaque
2678 2474 2785 2543 22
2818 2474 3072 2542 fecerim,
3133 2474 3335 2542 quidve
3383 2471 3698 2542 pertulerint
3726 2512 3741 2537 ,
3779 2471 4059 2529 examinis

2466 2571 2632 2625 vestri
2668 2585 2901 2623 censura
2942 2568 3217 2632 discutiat,
3254 2582 3321 2624 ne
3352 2568 3576 2625 coaetus
3624 2569 3783 2640 digna
3832 2567 4059 2640 querela

2463 2659 2758 2729 compellar
2784 2660 3023 2723 ellluete,
3053 2658 3197 2730 quod
3226 2658 3404 2714 adhuc
3433 2657 3653 2715 silentio
3680 2660 4058 2728 supprimens,

2463 2756 2554 2808 vix
2584 2769 2803 2824 possunt
2861 2751 3090 2806 ulterius
3135 2749 3431 2806 occultare.
3485 2749 3597 2806 IIoe
3642 2750 3789 2806 enim
3824 2749 4064 2806 necdum

2466 2850 2636 2904 Roma
2692 2863 2780 2901 me
2837 2845 3203 2911 referentem,
3250 2845 3333 2900 vel
3379 2846 3707 2902 scribentem
3765 2851 4063 2916 cognovit.

2468 2938 2697 2994 necdum
2728 2939 2849 2994 aliis
2882 2953 2977 3009 per
3000 2954 3085 2994 me
3118 2954 3203 2995 res
3233 2939 3357 3005 ista,
3388 2954 3511 3009 quae
3539 2939 3845 2995 sanctitatis
3865 2948 4068 2996 vestra:

2465 3032 2667 3087 famam
2698 3032 2985 3097 laceraret,
3014 3033 3265 3088 innotuit.
3293 3033 3429 3105 Agat
3456 3048 3589 3104 ergo
3616 3033 3708 3103 qui
3732 3033 3890 3099 laesit,
3922 3034 4069 3088 sicut

2466 3124 2687 3195 dignum
2732 3132 2834 3188 est,
2872 3124 3287 3192 ptenitentiam:
3322 3133 3381 3178 ut
3408 3124 3454 3180 is
3496 3127 3588 3196 qui
3630 3123 3788 3180 laesus
3816 3133 3927 3189 est,
3954 3139 4065 3181 non

786 3190 973 3247 inﬂuat
1028 3196 1392 3263 parvulorum.
1448 3195 1582 3251 Tuis
1630 3206 1888 3265 praeterea
1938 3199 2186 3255 manibus
2240 3199 2358 3256 talis

2468 3190 2825 3287 compellatur
2863 3190 3080 3287 dignam
3133 3232 3464 3288 exaggerare
3510 3190 3807 3287 querelam.
3858 3216 4069 3286 Blitiget

788 3286 1071 3340 aromatici
1102 3285 1358 3355 pigmenti
1384 3288 1684 3358 quibusque
1705 3288 2084 3360 languentibus
2110 3291 2365 3362 propine-

789 3384 876 3428 tur
924 3374 1216 3444 antidotus,
1264 3378 1355 3447 qui
1401 3388 1456 3433 et
1497 3380 1747 3435 venenati
1787 3381 1992 3437 erroris
2041 3379 2193 3437 tollat
2242 3381 2366 3437 illu-

785 3471 949 3539 viem,
988 3482 1045 3529 et
1090 3490 1235 3530 same
1260 3484 1420 3547 atque
1460 3478 1689 3535 sincerae
1728 3481 1850 3536 lldei
1882 3483 2134 3538 restituat
2160 3483 2370 3553 purita-

788 3575 917 3621 tem.
952 3566 1129 3623 Unum
1156 3570 1211 3624 in
1257 3570 1404 3626 calce
1442 3571 1603 3641 hujus
1651 3574 1891 3644 epistola:
1919 3576 2095 3633 sacris
2132 3576 2369 3633 clemen-

788 3657 876 3712 tia:
902 3668 1093 3714 vestrae
1119 3661 1337 3717 auribus
1362 3678 1624 3735 suggero;
1658 3674 1717 3721 ut
1748 3667 1798 3721 in
1830 3678 2096 3737 quantum
2136 3668 2368 3726 facultas

787 3750 1041 3819 suppetit,
1077 3768 1352 3821 nunquam
1384 3756 1466 3809 vel
1504 3755 1643 3820 fieri,
1673 3758 1758 3813 vel
1800 3773 1919 3815 esse
1947 3762 2227 3829 permittat
2256 3762 2369 3831 epi-

786 3856 1031 3912 scopum,
1070 3859 1229 3913 quem
1258 3846 1323 3900 ad
1359 3846 1580 3904 honoris
1604 3850 1814 3904 culmen
1840 3852 2146 3910 constiterit
2173 3870 2367 3910 ascen-

787 3929 931 3986 disse
973 3947 1069 4002 per
1108 3937 1386 4004 praemium
1417 3954 1430 3993 :
1456 3939 1541 3993 vel
1588 3941 1771 4007 etiam,
1822 3944 1966 4012 quod
2010 3944 2368 4001 damnabilius

786 4032 891 4088 est,
928 4040 1024 4094 per
1048 4027 1270 4083 curialis
1297 4030 1540 4101 obsequii
1567 4032 1903 4088 famulatum.
1940 4036 2095 4091 Absit
2122 4037 2267 4091 enim
2309 4046 2369 4093 ut

788 4117 880 4187 qui
910 4118 1241 4188 praelationis
1278 4123 1479 4177 ambitu
1505 4126 1819 4181 smeularem
1850 4126 2018 4182 coluit
2046 4128 2365 4199 principem,

786 4208 1086 4279 spiritalem
1117 4211 1467 4269 ecclesiastici
1495 4215 1745 4271 culminis
1769 4218 2009 4275 obtineat
2032 4219 2367 4291 dignitatem.

1311 4328 1642 4387 EPISTULA
1692 4332 1832 4391 XIV.

1416 4440 1479 4478 ΑΙ)
1518 4441 1756 4482 ΕυΜῐὶῐίὶΙ.

787 4512 1472 4586 Ancuunruu.—Iltjuria
1516 4517 1743 4586 quadam
1788 4518 2011 4576 affectus
2040 4522 2107 4575 ab
2138 4521 2370 4578 Alexan-

858 4585 956 4661 dro
1000 4601 1211 4639 sunnno
1246 4585 1544 4655 pontiﬁce,
1568 4597 1623 4641 et
1654 4589 1895 4645 Ecclesia
1944 4592 2248 4661 Engubina,
2281 4596 2370 4649 cui

860 4655 973 4725 ipse
995 4666 1237 4732 praeerat,
1258 4671 1579 4732 magnOpere
1600 4662 1934 4732 perturbata,
1959 4655 2147 4716 leviter
2169 4655 2368 4732 potius,

860 4741 1018 4800 quam
1044 4726 1237 4780 acerbe
1260 4726 1565 4797 expostulat
1589 4726 1992 4798 exprobrans’ei
2028 4748 2121 4786 sua
2150 4726 2366 4800 merita,

861 4805 917 4873 et
950 4795 1158 4849 labores
1204 4812 1301 4873 pro
1331 4795 1456 4852 sede
1490 4795 1781 4873 apostolica
1815 4803 2139 4865 exanllatos.
2170 4795 2369 4873 quibus

865 4867 1382 4947 imparent‘gratia‘m
1434 4867 1655 4947 relatam
1704 4876 2075 4947 conqueritur.
2121 4867 2369 4932 Postulat

859 4952 1008 5012 ergo,
1038 4944 1095 4989 ut
1117 4938 1217 4991 sibi
1260 4938 1438 5007 aliquo
1477 4944 1632 4994 modo
1664 4938 1912 5012 satisfiat,
1944 4961 2009 5000 ne
2036 4962 2188 5001 suam
2230 4948 2367 5002 indi-

863 5009 1187 5084 gnationem,
1225 5020 1281 5064 et
1325 5011 1526 5078 justum
1579 5012 1841 5079 dolorem,
1898 5009 2056 5084 quem
2102 5020 2367 5075 hactenus

863 5078 1245 5159 occultaverat,
1295 5092 1519 5159 cogatur
1557 5084 1677 5138 aliis
1693 5086 1888 5159 .palam
1918 5078 2137 5159 'l'accre.
2172 5089 2367 5159 Depre-

861 5158 1017 5227 catur
1052 5162 1269 5227 qunque
1296 5152 1825 5227 bro“Ilavennatnut
1874 5158 2149 5227 epiSCOpo,
2200 5152 2263 5213 ut
2302 5161 2369 5216 ab

866 5220 1223 5299 anathematis
1261 5220 1489 5299 vinculis
1536 5226 1796 5299 solvatur,
1828 5220 1921 5281 ne'
1945 5220 2163 5299 propter
2212 5232 2369 5287 unius

862 5289 1072 5367 culpant
1132 5293 1378 5367 universa
1429 5297 1634 5367 civitas
1682 5289 2061 5367 periclitetur:
2095 5301 2254 5355 I’lura
2310 5318 2369 5357 se

864 5363 940 5443 ad
960 5377 1080 5415 eum
1112 5364 1378 5443 _mandata
1411 5364 1620 5422 dedisse
1649 5363 1837 5424 scribit
1863 5370 2105 5437 homini,
2146 5373 2238 5443 qui
2271 5373 2370 5429 has

866 5432 1070 5486 litteras
1112 5433 1319 5488 laturus
1344 5444 1486 5490 erat.

866 5523 1068 5579 Donmo
1107 5528 1432 5582 ALEXANDRD
1458 5544 1683 5587 summa:
1710 5532 1854 5591 sedis
1881 5534 2134 5605 antistiti,
2152 5535 2369 5596 Pramus

793 5627 1047 5690 peccator
1076 5622 1371 5677 monachus
1400 5625 1733 5682 servitutem.

866 5759 979 5838 (78)
1005 5760 1367 5836 Aposiopesis.

2467 3309 2572 3366 olei
2603 3313 2845 3367 suavitas
2875 3313 3013 3367 aceti
3044 3312 3342 3367 mordentis
3374 3324 3619 3376 acorem,
3665 3318 3721 3364 et
3752 3306 4066 3365 tumefaetis

2470 3402 2773 3471 asperrima
2804 3402 3189 3457 verberatione
3218 3382 3505 3465 vibicibus,
3542 3399 3689 3455 mitis
3720 3414 3784 3454 ac
3833 3397 4066 3455 blandus

2469 3492 2856 3548 benelieiorum
2884 3494 3061 3564 liquor
3094 3493 3281 3549 inﬂuat
3321 3493 3629 3555 lenitatem;
3687 3491 3927 3556 alioquin
3971 3508 4070 3548 ne-

2470 3598 2623 3640 cesse
2643 3584 2754 3653 jam
2780 3586 2884 3640 erit
2929 3595 3007 3641 tot
3037 3586 3237 3641 ictuum
3268 3584 3491 3641 verbera
3517 3582 3830 3655 perferenli,
3864 3591 3924 3637 ut
3955 3582 4069 3652 ipse

2470 3695 2686 3752 quoque
2709 3679 2892 3753 (78)...
2923 3680 3029 3736 Sed
3046 3676 3162 3748 jam
3192 3677 3419 3734 fraenum
3452 3677 3709 3746 libertati,
3732 3676 4068 3749 procacitate

2468 3780 2666 3854 lingua:
2693 3792 2962 3847 repressa,
2996 3775 3244 3839 adhibeo,
3279 3773 3434 3829 labiis
3474 3772 3698 3845 digitum
3732 3784 4066 3842 superpono,

2470 3884 2525 3930 et
2550 3874 2644 3944 qui
2674 3870 2951 3927 miseriam
2994 3880 3185 3938 passus
3238 3880 3381 3932 sum,
3428 3863 3860 3921 misericordiam
3910 3874 4068 3918 versa

2472 3966 2591 4021 vice
2639 3964 2893 4034 deposco.

2562 4054 2829 4109 Prreterea
2890 4054 2956 4106 de
3010 4048 3386 4105 infelicissimo
3443 4047 3759 4103 Ravennate
3811 4044 4069 4115 episeopo

2472 4146 2816 4203 clementiam
2862 4155 3057 4198 vestra:
3108 4139 3417 4195 sanctitatis
3463 4136 3693 4209 imploro
3721 4176 3735 4202 ,
3795 4146 3962 4206 atque
4012 4143 4074 4192 ut

2472 4254 2619 4303 eum,
2645 4238 2787 4292 sicut
2812 4235 2938 4289 olim
2970 4234 3307 4297 decrevistis,
3347 4231 3557 4287 solvere
3591 4230 3908 4299 dignemini,
3942 4246 4071 4300 sup-

2472 4331 2688 4403 pliciter
2735 4330 2981 4385 obsecro.
3032 4326 3313 4398 Indignum
3350 4325 3549 4396 quippe
3588 4332 3692 4387 est,
3736 4330 3794 4377 ut
3846 4332 4071 4393 propter

2474 4424 2635 4478 unius
2684 4420 3062 4477 homuncionis
3122 4416 3426 4483 oll'ensam,
3487 4425 3598 4469 tam
3651 4412 4072 4468 innumerabilis

2474 4513 2762 4569 multitudo
2812 4510 3092 4566 hominum
3151 4508 3443 4577 depereat;
3503 4513 3559 4560 et
3599 4513 3809 4559 tantum
3864 4501 4071 4558 Christi

2475 4604 2735 4668 laborent,
2769 4618 2867 4672 pro
2891 4616 2998 4671 quo
3030 4600 3328 4671 pretiosum
3354 4595 3675 4667 sanguinem
3701 4593 3868 4659 fudit,
3898 4608 3964 4648 ac
3996 4603 4075 4649 tot

2475 4696 2825 4750 innocentum
2869 4692 3080 4746 animas
3108 4687 3614 4746 miserandteunius
3637 4700 3885 4757 persona:
3913 4685 4071 4755 culpa

2473 4791 2779 4847 subvertat.

2545 4880 2807 4935 Nolumus
2848 4890 3030 4937 autem
3082 4887 3305 4935 sanctos
3356 4876 3542 4935 oculos
3580 4885 3791 4932 vestros
3835 4891 4076 4933 onerare

2472 4974 2714 5045 pluribus
2746 4974 2964 5037 litteris,
3010 4972 3104 5027 sed
3133 4972 3315 5027 omnia
3338 4986 3459 5041 qum
3482 4971 3710 5025 dicenda
3738 4978 3891 5036 sunt,
3917 4986 4074 5024 corn-

2473 5067 2741 5122 tnittimus
2764 5064 3119 5137 experientize
3161 5062 3466 5133 portitoris.
3501 5060 3653 5115 llnnc
3686 5060 3850 5130 igitur
3880 5068 4072 5115 sancta

2466 5159 2758 5215 clementia
2816 5168 3033 5223 vestra,
3080 5157 3236 5227 quasi
3291 5170 3377 5209 me
3421 5153 3732 5224 loquentem
3781 5152 4073 5223 diligenter

2472 5251 2750 5316 intendat,
2791 5251 2980 5321 sicque
3029 5250 3240 5304 duabus
3285 5247 3638 5319 petitionibus
3689 5246 3893 5300 nosuis
3932 5260 4073 5316 quas

2474 5343 2561 5398 hic
2641 5342 2995 5397 transcursim
3046 5339 3411 5409 celeriterque
3456 5335 3919 5408 perstrinximus,
3974 5350 4071 5391 anc

2474 5446 2606 5490 nuat
2634 5454 2646 5489 :
2677 5444 2737 5490 ut
2769 5448 2823 5491 et
2852 5451 2951 5490 nos
2980 5435 3199 5489 nuntios
3228 5450 3292 5487 ac
3320 5430 3565 5487 vehicula
3622 5429 3835 5499 misisse
3866 5444 3968 5500 per
3992 5438 4072 5486 tot

2476 5537 2740 5583 terrarum
2766 5527 2940 5596 spatia
2971 5543 3075 5581 non
3106 5525 3389 5596 pceniteat,
3419 5531 3475 5579 et
3507 5538 3661 5578 mens
3706 5530 3922 5586 nostra,
3951 5535 4073 5594 qua:

2475 5621 2617 5678 circa
2651 5636 2764 5692 vos,
2798 5635 2905 5677 non
2949 5620 3127 5677 dicam
3181 5626 3455 5689 tepescere
3481 5659 3495 5684 ,
3542 5618 3636 5673 sed
3692 5618 3876 5690 potius
3910 5618 4072 5692 [νῖκαι
