4260 6376
381 377 476 435 2-25
1563 349 1770 408 LIBER
1806 341 2093 410 PRIMUS,
2131 339 2354 397 EPIST.
2413 337 2536 396 XV.

3574 333 3689 390 226

386 500 521 546 ποτε
550 484 815 555 numerat,
848 476 900 534 in
927 473 1164 544 antiquae
1190 465 1496 526 dilectionis
1519 475 1722 523 vestrae
1753 459 1968 519 deside-
1996 472 2046 532 Α
2077 457 2258 527 itaque
2307 452 2539 555 vallatus
2565 449 2858 555 angusti-is
2899 448 3072 555 nitor,
3123 461 3363 555 moxque
3385 445 3682 553 Ocellabor;

387 585 508 642 rium
552 576 870 634 recalescat.

908 677 1243 738 EPISTOLA
1297 674 1414 730 XV.

986 791 1055 831 ΔΙ)
1103 787 1344 830 ευιυειι.

385 887 766 940 Διςυιηιιτωι.
795 903 867 914 -
902 867 1216 940 Respondet
1259 859 1506 934 pontiﬁci
1553 857 1826 940 maxime,
1876 854 1969 940 qui

449 927 883 1018 eum-rogaverat
928 927 1031 1012 per:
1064 927 1295 1018 litteras,
1325 949 1392 1018 n_e
1422 940 1575 1018 tanto
1615 927 1968 1018 contempla-

446 999 824 1077 tionis—sihmo
865 999 1163 1084 teneretur,
1205 999 1362 1084 utiad
1413 1019 1472 1060 se
1520 1002 1768 1084 scribere
1821 999 1966 1084 ebli-

447 1070 776 1152 vivs-cere‘tur;
834 1083 928 1140 sed
973 1082 1111 1152 adeo
1151 1070 1313 1152 curis
1348 1084 1404 1132 et
1435 1073 1670 1144 negotiis
1716 1070 1969 1152 profanis

447 1143 708 1232 iiilpédi'ri.
744 1143 805 1212 ut
846 1149 1247 1223 contemplandi
1297 1143 1662 1232 teiupuslnon
1716 1143 1924 1232 habeat
1943 1157 1964 1232 ξ

446 1217 701 1305 praeterea
731 1241 802 1305 _se_
820 1241 927 1281 non
957 1217 1116 1295 posse
1145 1217 1446 1305 tranquillo
1467 1227 1761 1305 Ietosecuro
1784 1217 1969 1305 animo

447 1285 605 1359 rebus
635 1299 836 1355 divinis
864 1285 1088 1368 operam
1125 1293 1262 1368 dare
1271 1285 1341 1368 in
1371 1289 1439 1344 iis
1467 1287 1627 1368 locis,
1673 1287 1770 1368 ubi
1794 1285 1967 1368 latro-

447 1373 622 1436 ciniis,
655 1369 861 1441 rapinis
890 1359 946 1441 et
973 1362 1372 1441 direptionibus
1396 1360 1582 1416 omnia
1614 1359 1810 1441 infesta
1833 1359 1962 1441 sint.

447 1427 555 1499 liae
579 1427 866 1500 occasione
895 1427 1200 1508 digreditur
1226 1433 1296 1508 ad
1320 1430 1721 1508 dinumeranda
1752 1427 1965 1508 scelera

442 1527 494 1572 et
542 1512 770 1584 ﬂagitia,
800 1523 920 1584 qua:
948 1500 1017 1584 ab
1057 1505 1369 1584 hominibus
1418 1501 1564 1557 iliius
1616 1500 1963 1584 tempestatis

446 1571 658 1642 assidue
707 1571 1212 1653 committebantur.
1259 1575 1431 1630 Erant
1463 1586 1602 1653 sane
1645 1571 1966 1653 calamitosa

441 1641 804 1723 eaitempora,
835 1650 1034 1722 quibus
1074 1648 1246 1723 armis
1275 1655 1333 1702 et
1371 1645 1618 1723 audacia:
1658 1642 1844 1723 ottinia
1897 1641 1962 1696 li-

442 1711 665 1806 cebant;
713 1711 924 1806 legibus
957 1735 1090 1776 vero
1131 1718 1337 1806 nullust:
1385 1724 1489 1806 aut.
1533 1711 1966 1806 exig'eusdocus

441 1807 572 1856 erat.
614 1786 743 1851 Haec
767 1786 978 1850 idcirco
1018 1798 1269 1847 recenset
1297 1790 1358 1844 Β.
1397 1787 1592 1843 Petrus
1640 1786 1961 1856 Damianus,

441 1854 499 1925 ut
548 1865 792 1939 pontifex
825 1879 914 1929 ea,
961 1873 1126 1935 prout
1168 1873 1382 1932 tempus
1411 1858 1672 1939 locusque
1717 1854 1967 1939 postula-

441 1929 577 2005 rent',
613 1937 806 1994 tollere
858 1945 913 1991 et
964 1929 1221 2005 coercere
1279 1929 1594 2005 conaretur.
1646 1929 1795 1984 Inter
1848 1929 1967 2005 haec

441 1997 577 2066 mala
628 2023 736 2064 non
758 2007 1068 2082 mediocri,
1098 2004 1208 2068 ait,
1241 2018 1300 2059 se
1326 2001 1435 2073 23
1474 1997 1970 2082 voluptateﬁperfu-

440 2097 554 2138 sum
573 2119 588 2144 ,
627 2078 773 2149 quod
799 2077 1004 2133 certior
1032 2075 1212 2149 factus
1233 2069 1380 2130 «τε»εᾶ
1393 2069 1703 2149 comitatus
1743 2069 1970 2149 Ostien-

441 2153 513 2208 sis
549 2142 738 2206 curam
777 2164 808 2204 a
858 2163 917 2204 se
961 2147 1232 2204 sublatam
1259 2185 1274 2211 ,
1329 2155 1385 2201 et
1438 2143 1529 2198 alii
1557 2142 1969 2209 ;demandatam

439 2238 575 2280 esse.
626 2220 804 2289 Rogat
841 2219 970 2290 quin
1000 2219 1211 2290 etiam_,
1254 2215 1708 2290 utuepiseopatus
1749 2227 1971 2290 quoque

441 2309 577 2350 onus
607 2307 639 2347 a
665 2284 741 2348 se'
771 2284 1138 2347 removeatur.
1172 2287 1370 2358 Subdit
1393 2284 1690 2358 postremo
1739 2284 1973 2340 nonnul-

441 2364 518 2420 los
545 2359 880 2426 versiculos,
920 2362 1012 2432 qui
1040 2358 1284 2430 pontiﬁci
1305 2356 1426 2414 loco
1454 2356 1663 2414 oraculi
1688 2370 1811 2413 esse
1840 2370 1969 2428 pos-

440 2445 582 2491 sunt.

441 2537 648 2593 Domno
671 2537 1004 2592 humano
1031 2547 1260 2590 summm
1285 2531 1432 2588 sedis
1461 2531 1714 2598 antistiti,
1749 2528 1970 2586 Psrnus

373 2637 622 2699 peccator
643 2629 944 2684 monachus
977 2625 1321 2682 servitutem.

440 2721 702 2777 Redditas
731 2719 866 2774 mihi
901 2717 1214 2775 sanctitatis
1258 2726 1456 2773 vestrae
1486 2716 1725 2783 litteras,
1762 2715 1972 2773 discolo

373 2811 600 2884 quodam
655 2808 938 2865 deferente
985 2809 1331 2880 presbytero,
1362 2807 1518 2864 laztus
1548 2804 1780 2879 arripui,
1815 2823 1972 2865 oscu-

375 2903 509 2959 latus
537 2895 794 2973 explicu'i,
832 2901 1000 2959 celeri
1029 2901 1132 2958 sub
1159 2901 1422 2958 aviditate
1452 2901 1679 2974 perlegi.
1706 2902 1813 2958 Sed
1843 2918 1970 2959 cun

374 3004 575 3050 tantum
605 2993 950 3050 auctoritatis
985 3001 1182 3048 vestra:
1233 2993 1306 3049 sit
1344 2994 1581 3063 pondus,
1625 3002 1685 3048 ut
1713 2995 1849 3051 satis
1898 2996 1972 3050 sit

375 3087 531 3143 etiam
560 3087 607 3142 si
636 3087 740 3143 sub
770 3085 963 3158 paucis
1007 3085 1259 3157 apicibus
1288 3085 1545 3154 cuiquam
1591 3093 1793 3141 vestra:
1837 3100 1969 3140 sano

374 3179 564 3236 ctionis
595 3180 867 3253 dirigatur
896 3179 1200 3246 indiculus;
1231 3178 1343 3236 illic
1371 3188 1452 3236 tot
1486 3188 1614 3236 sunt
1644 3180 1970 3252 eloquentia.-

374 3270 563 3339 ﬂores,
609 3281 690 3329 tot
730 3287 836 3329 non
868 3273 1048 3329 dicam
1099 3273 1313 3340 herilis,
1363 3273 1459 3329 sed
1495 3281 1739 3344 paternae
1789 3274 1974 3344 potius

371 3367 555 3438 gratiae
583 3366 909 3434 suavitates,
936 3374 997 3422 ut
1034 3368 1180 3438 quod
1227 3365 1563 3436 pauperculo
1611 3365 1839 3421 missum
1890 3374 1976 3421 est

375 3459 613 3527 homini,
665 3461 832 3531 regiae
907 3458 1182 3516 suﬂieeret
1251 3459 1526 3532 dignitati.
1578 3459 1973 3516 Verumtamen

371 3552 472 3609 duo
495 3552 604 3610 illic
634 3553 842 3610 inserta
883 3553 1088 3624 reperi,
1113 3567 1236 3623 quae
1268 3567 1379 3618 me,
1407 3551 1610 3618 fateor,
1642 3553 1974 3608 erubescere

370 3647 764 3717 compulerunt.
816 3646 1042 3702 Dixistis
1087 3646 1257 3712 enim,
1307 3652 1364 3700 et
1402 3645 1448 3701 si
1504 3660 1612 3701 non
1649 3645 1737 3700 his
1764 3645 1970 3712 verbis,

369 3739 489 3811 quia
520 3748 745 3812 prepter
765 3738 1248 3808 contemplationis
1269 3737 1535 3804 studium,
1561 3737 1652 3793 cui
1677 3737 1975 3809 vigilanter

371 3830 604 3886 inhaereo
627 3871 643 3897 ,
693 3846 800 3886 non
853 3830 1109 3884 deberem
1154 3832 1392 3898 prorsus
1418 3827 1675 3883 omittere
1715 3827 1848 3898 quin
1876 3843 1974 3884 vos

369 3921 654 3993 aliquando
710 3921 1100 3979 dictaminibus
1151 3919 1455 3976 visitarem.
1512 3919 1628 3989 Ego
1698 3919 1972 3990 siquidem

368 4025 625 4086 quantum
673 4014 740 4069 ad
768 4022 840 4078 te,
873 4010 1201 4068 venerabilis
1248 4012 1442 4078 Pater,
1488 4011 1580 4082 qui
1617 4011 1683 4066 de
1714 4010 1976 4082 ponderis

369 4105 690 4178 episcopalis
731 4103 942 4174 abjectu
975 4117 1188 4159 mecum
1216 4102 1557 4158 unanimiter
1599 4103 1972 4170 concordasti,

369 4197 764 4270 contemplandi
795 4195 1042 4266 quidem,
1069 4203 1236 4266 atque
1263 4194 1505 4251 dictandi
1555 4193 1810 4267 perfruor
1835 4196 1973 4263 otio,

369 4291 460 4348 sed
501 4290 755 4348 molestis
809 4288 1248 4351 adventantium,
1281 4303 1688 4360 causarumque
1741 4290 1974 4363 negotiis

371 4383 747 4454 ingruentibus
781 4396 889 4436 non
941 4380 1172 4448 respiro.
1207 4379 1380 4435 Porro
1431 4389 1614 4436 autem
1651 4381 1781 4437 dum
1829 4381 1974 4438 intra

369 4475 570 4531 cellulae
605 4490 696 4531 me
724 4484 879 4544 septa
908 4473 1198 4540 concludo,
1227 4472 1375 4528 velut
1414 4474 1469 4529 in
1501 4482 1694 4545 portus
1719 4474 1864 4540 sinu,
1887 4473 1974 4530 vel

369 4568 418 4623 in
448 4569 670 4624 littorea
695 4567 936 4623 statione
964 4567 1230 4623 consisto.
1259 4564 1368 4622 Sed
1391 4567 1521 4638 quid
1549 4566 1815 4638 prodest?
1835 4565 1973 4622 Nam

368 4659 486 4714 dum
518 4659 630 4714 illic
649 4658 766 4728 jam
810 4656 967 4728 quasi
1015 4671 1243 4714 securus
1292 4656 1631 4728 quiescentis
1668 4657 1766 4714 otii
1806 4657 1976 4728 potiri

368 4751 761 4827 tranquillitate
806 4750 1058 4807 desidero
1086 4791 1101 4819 ,
1150 4765 1280 4808 ecce
1326 4751 1600 4807 saevientis
1653 4752 1846 4808 mundi
1886 4767 1976 4810 me

367 4843 529 4902 ﬂabra
583 4846 929 4910 concutiunt,
981 4860 1276 4902 causarum.
1324 4846 1713 4903 inundantium
1769 4847 1973 4907 ﬂuctus

368 4938 662 4994 ferventius
704 4940 1105 5004 intumescunt;
1155 4938 1321 4996 illatis
1350 4939 1680 5012 injuriarum
1712 4941 1970 5012 procellis

369 5028 580 5096 illidor,
631 5029 871 5086 violenta
930 5031 1298 5100 praediorum,
1371 5032 1456 5087 vel
1513 5047 1970 5106 quorumeunque

369 5132 728 5192 proventuum
749 5121 1111 5181 diminutione
1132 5125 1446 5195 perturbor,
1473 5126 1660 5184 dicens
1691 5143 1817 5184 cum
1843 5144 1974 5201 pro-

370 5216 569 5286 pheta:
617 5214 1050 5288 Exspcctavimtts
1099 5235 1320 5288 pacem,
1376 5229 1424 5274 et
1472 5235 1579 5274 non
1612 5231 1687 5275 est
1739 5221 1972 5289 bonum;

372 5318 561 5379 tempus
588 5309 905 5375 curationis,
935 5318 982 5364 et
1009 5325 1125 5363 ecce
1151 5309 1384 5364 turbatio
1419 5309 1556 5382 (Jer.
1585 5315 1726 5385 vut).
1757 5313 1970 5370 Interea

373 5414 472 5457 non
509 5399 737 5466 desunt,
766 5401 856 5472 qui
889 5400 956 5457 de
984 5402 1291 5458 animarum
1338 5419 1558 5476 quoque
1604 5421 1825 5461 suarum
1858 5407 1972 5462 exi-

374 5504 494 5565 gant
520 5495 702 5550 salute
723 5495 1043 5561 consilium;
1075 5504 1129 5550 ct
1177 5497 1419 5570 insuper,
1467 5501 1612 5569 quod
1645 5501 1836 5556 durius
1863 5510 1971 5568 est,

374 5600 404 5642 a
425 5602 524 5644 non
555 5588 818 5661 pontifice
841 5588 1152 5659 pontiﬁcale
1179 5591 1432 5647 nituntur
1457 5601 1792 5664 extorquere
1817 5593 1969 5664 judi-

374 5681 530 5737 cium.
569 5683 635 5738 Et
662 5683 771 5738 hoc
811 5683 994 5749 modo,
1017 5684 1109 5754 qui
1151 5686 1522 5758 episeOpatum
1555 5688 1719 5761 fugio,
1762 5690 1972 5761 episco-

376 5787 495 5844 pum
517 5789 623 5830 non
653 5775 850 5841 evado,
872 5786 928 5831 et
950 5777 1051 5832 sub
1074 5777 1398 5834 sacerdotali
1425 5779 1629 5851 fatigor
1654 5797 1822 5837 onere
1841 5821 1855 5849 ,
1878 5783 1970 5853 qui

379 5868 699 5928 sacerdotali
753 5869 874 5926 solii
937 5869 1312 5929 detroniaatus
1368 5888 1489 5932 sum
1535 5875 1818 5944 dignitate.
1875 5875 1974 5933 llis

2071 558 2245 612 tento,
2281 549 2376 602 sed
2413 553 2616 618 praesto
2663 544 2896 608 deﬁcio;
2951 541 3432 613 contemplationis
3471 557 3685 596 summa

2073 656 2178 698 non
2203 651 2451 712 penetro,
2470 640 2524 693 in
2549 636 2987 709 compunctionis
3010 636 3285 707 lacrymns
3308 650 3414 690 non
3437 650 3689 706 erumpo.

2071 733 2225 790 Mens
2255 732 2402 789 enim
2432 731 2668 787 terrenis
2698 729 3062 784 obtenebrata
3095 727 3355 800 negotiis,
3396 726 3602 786 frustra
3630 743 3692 785 se

2072 831 2127 888 in
2168 825 2644 898 contemplationis
2701 823 2920 880 culmen
2971 821 3223 878 attollere
3270 821 3506 888 nititur,
3559 821 3690 878 dum

2071 921 2350 976 actionum
2370 917 2719 975 saecularium
2739 916 2965 982 merito,
2980 915 3140 986 quasi
3156 915 3432 986 congestis
3449 914 3691 985 lapidum

2073 1014 2363 1072 ruderibus
2387 1021 2739 1084 aggravatur.
2775 1010 2930 1067 Sicut
2963 1011 3111 1066 enim
3154 1008 3307 1065 aluta
3330 1009 3500 1067 calcei
3532 1019 3685 1083 post-

2072 1121 2237 1176 quam
2269 1119 2368 1175 per
2416 1103 2608 1159 limosa
2644 1101 2744 1156 ltiti
2771 1100 2980 1156 ﬂuenta
3015 1101 3323 1169 transierit,
3351 1117 3464 1158 non
3493 1101 3693 1158 admit-

2073 1196 2140 1252 tit
2163 1196 2412 1251 arvinam
2445 1214 2457 1250 :
2487 1195 2570 1250 sic
2602 1208 2759 1250 mens
2796 1193 3041 1249 humana
3081 1193 3189 1250 nisi
3218 1195 3288 1250 ab
3315 1193 3550 1251 humore
3578 1195 3697 1253 fue-

2072 1289 2146 1344 rit
2171 1303 2318 1344 cura:
2338 1286 2620 1344 saecularis
2643 1296 2832 1351 exuta,
2866 1301 2978 1342 non
3021 1286 3260 1358 percipit
3286 1301 3542 1359 superna:
3569 1287 3696 1359 pin-

2071 1380 2322 1453 guedinis
2382 1381 2638 1454 gratiam.
2692 1377 2858 1434 Pellis
2915 1378 3065 1434 enim
3115 1379 3263 1435 sicca
3308 1379 3697 1452 pinguedinem

2073 1475 2357 1541 combibit,
2395 1474 2710 1530 bumefacta
2740 1473 2977 1547 repellit.
3013 1473 3082 1530 Et
3111 1475 3416 1532 humanum
3454 1491 3575 1544 cor,
3603 1477 3701 1533 do-

2072 1582 2177 1623 nec
2210 1582 2469 1623 curarum
2498 1567 2847 1623 saecularium
2887 1567 3115 1624 madore
3147 1568 3436 1641 turgescit,
3471 1570 3701 1642 saginas

2073 1662 2306 1718 interna:
2344 1663 2536 1734 gratiae
2559 1678 2669 1719 non
2711 1663 2976 1718 admittit.
3007 1661 3174 1720 Unde
3213 1673 3271 1719 et
3299 1663 3389 1719 lex
3421 1663 3476 1720 in
3509 1672 3698 1721 monte

2072 1751 2255 1810 Horeb
2282 1753 2408 1810 data
2439 1753 2638 1826 legitur
2661 1752 2864 1826 (Exod.
2887 1755 3008 1826 xx),
3038 1754 3184 1826 quod
3210 1755 3469 1814 videlicet
3486 1756 3701 1813 siccitas

1996 1850 2044 1912 Β
2072 1848 2488 1921 interpretatur.
2514 1849 2608 1905 llla
2655 1851 2893 1921 denique
2935 1865 3112 1917 mens,
3150 1866 3276 1924 quae
3301 1866 3404 1924 per
3451 1867 3702 1910 amorem

2080 1943 2307 2013 spiritus
2356 1959 2387 1997 τι
2422 1943 2658 1999 terrenis
2685 1942 2740 1998 in
2792 1943 2902 1999 alta
2941 1943 3256 2001 sustollitur
3297 1943 3478 2019 (Psal.
3517 1949 3704 2020 xvm),

2080 2048 2239 2091 mons
2266 2044 2372 2102 est,
2405 2036 2458 2092 in
2496 2051 2605 2107 quo
2640 2035 2726 2092 lex
2771 2035 2993 2094 Domini
3035 2037 3147 2113 24
3173 2038 3703 2112 irreprehensibilis,

2079 2142 2203 2198 quae
2235 2129 2617 2198 proculdubio
2655 2130 2903 2187 charitas
2931 2143 3050 2200 est,
3083 2133 3349 2192 divinitus
3391 2136 3708 2212 promulga-

2081 2231 2192 2278 tur.
2234 2222 2304 2278 Et
2349 2223 2439 2278 hic
2467 2238 2625 2282 mons
2655 2225 2932 2281 veraciter
2976 2234 3061 2282 est
3105 2226 3310 2296 Horeb,
3335 2230 3431 2300 qui
3477 2231 3706 2290 siccitas

2080 2312 2311 2379 dicitur;
2356 2313 2409 2370 in
2441 2329 2552 2385 quo
2585 2314 2843 2372 videlicet
2881 2317 3129 2373 omnium
3174 2318 3437 2376 vitiorum
3492 2322 3695 2380 humor

2079 2406 2426 2477 excoquitur,
2446 2416 2499 2464 et
2530 2409 2598 2464 ad
2617 2409 2801 2465 radios
2823 2409 2956 2466 solis
2975 2409 3207 2480 justitia:
3227 2423 3489 2470 cunctum
3513 2414 3700 2473 libidi-

2080 2501 2166 2556 nis
2199 2511 2365 2573 atque
2405 2503 2645 2560 carnalis
2681 2503 2958 2562 illecebrae
3009 2506 3235 2563 rheuma
3260 2509 3523 2565 siccatur.
3561 2509 3703 2567 Hinc

2080 2603 2166 2652 est
2212 2597 2358 2667 quod
2389 2612 2517 2653 vasa
2567 2598 2756 2670 templi
2786 2598 3046 2671 argillosa
3079 2608 3252 2667 terra,
3279 2615 3402 2674 quae
3444 2600 3705 2660 videlicet

2081 2701 2282 2757 aquam
2330 2687 2584 2745 sitienter
2631 2690 2868 2757 imbibit,
2901 2689 3090 2747 Hiram
3132 2692 3201 2749 ad
3252 2691 3568 2751 Salomonis
3607 2695 3708 2752 im-

2079 2779 2292 2848 perium
2325 2777 2616 2836 fabricavit
2645 2780 2769 2851 (III
2794 2779 2925 2854 Reg.
2960 2789 3084 2856 vn).
3114 2782 3194 2839 Ex
3214 2785 3415 2856 quibus
3441 2787 3704 2844 nimirum

2081 2872 2229 2927 vasis
2254 2880 2311 2927 et
2347 2871 2477 2927 illud
2531 2885 2637 2939 est,
2671 2875 2819 2945 quod
2867 2875 3046 2931 imbre
3106 2875 3325 2934 caelesti
3363 2881 3711 2952 concupiscit

2081 2963 2320 3035 impleri,
2367 2980 2492 3019 cum
2527 2965 2663 3021 dicit
2692 2979 2707 3019 :
2743 2983 2761 3017 ι
2798 2964 3000 3022 Anima
3033 2968 3177 3025 sicut
3209 2978 3360 3025 terra
3404 2970 3528 3027 sine
3565 2987 3707 3044 aqua

2081 3057 2180 3114 tibi
2209 3057 2604 3131 (Ρειιι.(;ηιι);
2630 3079 2647 3112 ι
2672 3070 2838 3132 atque
2867 3059 2994 3117 ideo
3010 3070 3253 3120 aestuans
3277 3063 3510 3120 clamat:
3532 3084 3552 3118 ι
3577 3066 3707 3122 Siti-

2081 3151 2160 3206 vit
2179 3151 2359 3206 anima
2378 3166 2499 3207 mea
2519 3152 2585 3207 ad
2613 3151 2782 3211 Deum
2800 3151 3230 3221 fontemvivum,
3247 3157 3468 3227 quando
3490 3158 3710 3214 veniam

2001 3228 2048 3294 C
2081 3251 2136 3297 et
2163 3244 2437 3314 apparebo
2475 3251 2603 3299 ante
2651 3242 2852 3300 faciem
2891 3245 3035 3301 Dei?
3069 3265 3087 3298 ι
3129 3245 3306 3318 (Ρεαι.
3346 3247 3486 3321 xu.)
3516 3248 3591 3304 De
3622 3249 3712 3308 bis

2082 3336 2252 3407 igitur
2293 3338 2444 3392 vasis
2488 3338 2654 3394 tertio
2686 3338 2899 3412 Regum
2929 3337 3072 3396 libro
3103 3340 3310 3397 dicitur
3350 3359 3365 3397 :
3406 3361 3423 3393 ι
3461 3341 3600 3412 Quia
3655 3344 3708 3400 in

2081 3430 2374 3498 campestri
2409 3430 2639 3502 regione
2664 3429 2925 3488 Jordanis
2963 3431 3106 3489 fudit
3132 3449 3202 3490 ex
3231 3450 3297 3491 ea
3331 3451 3425 3492 rex
3461 3438 3516 3493 in
3543 3439 3711 3512 argil-
3757 3431 3768 3444 ⁸

2079 3517 2195 3574 losa
2224 3529 2371 3576 terra
2409 3521 2555 3577 inter
2585 3521 2817 3590 Sochot,
2852 3532 2907 3578 et
2949 3522 3191 3581 Sarthan
3220 3525 3347 3592 (III
3375 3527 3505 3600 Reg.
3539 3529 3661 3602 vn).
3685 3550 3705 3584 ι

2083 3612 2290 3671 Sochot
2316 3615 2463 3670 enim
2492 3615 2844 3672 tabernacula
2877 3618 3149 3685 vertitur;
3191 3619 3433 3676 Sarthan
3458 3637 3591 3678 vero
3622 3624 3709 3679 in-

2082 3719 2420 3781 terpretatur
2445 3709 2725 3766 tribulatio
2755 3728 2962 3779 eorum,
2994 3713 3113 3770 sive
3153 3712 3548 3773 demolitorum
3569 3759 3585 3786 ,
3616 3727 3714 3775 aut

2081 3803 2583 3874 coangustantium.
2617 3803 2760 3872 Quid
2812 3805 3000 3876 itaque
3043 3821 3144 3878 per
3185 3807 3417 3877 Sochot,
3450 3813 3598 3883 quod
3629 3812 3713 3869 in-

2082 3900 2376 3969 terpretari
2419 3899 2770 3957 tabernacula
2819 3903 3084 3971 diximus,
3138 3906 3245 3962 nisi
3300 3918 3528 3966 sanctos
3560 3909 3714 3969 viros

2080 3994 2414 4062 accepimus,
2461 3995 2554 4065 qui
2605 3994 2865 4052 videlicet
2915 3997 3154 4056 dicunt:
3203 4019 3221 4054 ι
3265 3999 3384 4058 Νοη
3433 4002 3708 4062 habemus

2083 4084 2172 4140 hic
2196 4095 2512 4143 manentem
2547 4087 2857 4156 civitatem,
2889 4092 2986 4147 sed
3018 4091 3259 4150 futuram
3293 4097 3703 4168 inquirimus?»

2082 4175 2274 4248 (Hebr.
2305 4180 2452 4249 aut.)
2485 4176 2642 4236 Unde
2665 4191 2722 4238 et
2749 4181 2947 4240 Petrus
2976 4201 2988 4239 :
3028 4203 3047 4238 ι
3080 4184 3283 4245 Certus
3313 4205 3434 4246 sum
3459 4232 3474 4258 ,
3505 4192 3706 4264 inquit,

2081 4275 2226 4344 quod
2256 4274 2418 4331 velox
2443 4287 2529 4333 est
2569 4279 2848 4350 depositio
2904 4281 3244 4340 tabernaculi
3294 4286 3401 4343 mei
3432 4287 3523 4360 (ΙΙ
3555 4288 3708 4346 Patr.

2079 4364 2141 4438 ι).
2181 4385 2200 4419 ι
2246 4366 2388 4436 Quid
2420 4384 2548 4425 vero
2595 4383 2694 4441 per
2726 4371 2988 4442 Sarthan,
3036 4391 3160 4448 quae
3192 4377 3482 4437 tribulatio
3511 4397 3710 4442 eorum

2081 4458 2303 4524 dicitur.
2335 4461 2438 4517 nisi
2477 4466 2841 4534 reprobormn
2887 4469 3276 4528 tribulantium
3314 4489 3417 4531 nos
3446 4492 3710 4548 persecu-

2085 4551 2162 4607 tio
2211 4553 2569 4625 designatur?
2601 4557 2639 4612 li
2671 4559 2933 4616 nimirum
2982 4570 3039 4618 et
3067 4564 3422 4625 demolitores
3450 4579 3508 4627 et
3536 4586 3708 4630 coan-

2086 4655 2370 4716 gustantes
2398 4658 2558 4715 sunt,
2603 4651 2734 4722 quia
2764 4652 2893 4708 dum
2923 4653 3179 4713 demoliri
3223 4669 3389 4732 atque
3419 4661 3713 4723 destruere

2083 4738 2208 4795 fidei
2241 4751 2444 4796 nostra:
2472 4742 2558 4798 vel
2588 4742 2717 4798 boni
2757 4745 2944 4816 Operis
2995 4748 3289 4807 aediﬁcium
3323 4762 3563 4824 tentant,
3615 4759 3713 4816 duc

2081 4833 2159 4890 ris
2217 4834 2546 4904 injuriarum
2605 4852 2671 4893 ac
2717 4853 3106 4910 pressurarum
3155 4861 3258 4903 nos
3299 4848 3714 4913 calamitatibus

2079 4937 2465 4999 coangustant.
2505 4927 2643 4985 Vasa
2671 4947 2803 5003 ergo
2836 4935 3044 5006 templi,
3082 4936 3135 4992 id
3167 4947 3276 5008 est,
3302 4955 3498 5001 omnes
3525 4946 3710 5014 electi.

2079 5021 2385 5077 funduntur
2412 5023 2468 5078 in
2502 5027 2802 5096 campestri
2847 5029 3074 5100 regione
3103 5029 3384 5103 Jordanis,
3415 5037 3470 5094 id
3501 5052 3609 5110 est,
3651 5045 3709 5102 in

2078 5115 2393 5171 humilitate
2442 5118 2724 5188 baptismi,
2769 5119 2914 5175 inter
2967 5122 3178 5180 Sochot
3227 5136 3285 5183 et
3342 5128 3607 5202 Sarthan,
3650 5135 3707 5193 id

2079 5219 2186 5273 est,
2227 5209 2370 5265 inter
2399 5210 2576 5284 justos
2619 5220 2785 5282 atque
2841 5229 3171 5284 perversos;
3225 5230 3287 5276 ut
3337 5230 3392 5279 et
3431 5223 3704 5284 bonorum

2082 5303 2258 5361 forma
2287 5316 2626 5376 proponatur
2668 5307 2774 5361 illis
2801 5309 2866 5363 ad
2895 5309 3221 5366 imitandum
3267 5324 3436 5373 recta:
3473 5333 3709 5376 conver-

2081 5403 2314 5460 sationis
2342 5403 2686 5473 exemplum,
2719 5413 2776 5461 et
2824 5419 3122 5476 pravorum
3155 5412 3472 5479 persecutio
3505 5415 3573 5470 ad
3604 5431 3704 5472 cu-

2081 5495 2286 5552 mulum
2317 5496 2422 5553 illis
2457 5497 2708 5568 proficiat
2735 5499 3083 5554 meritorum.
3141 5521 3159 5552 ι
3198 5500 3342 5559 Vasa
3378 5525 3398 5558 ι
3428 5508 3702 5578 siquidem

2085 5607 2103 5641 ι
2145 5588 2290 5660 ﬁguli
2333 5590 2528 5660 probat
2575 5588 2794 5653 fornax,
2828 5601 2883 5645 et
2917 5591 3170 5648 homines
3221 5592 3404 5663 justos
3468 5602 3705 5658 tentatio

2082 5683 2452 5738 tribulationis
2508 5681 2700 5753 (Eccli.
2759 5686 2954 5745 xxvu).
3010 5703 3028 5735 ›
3078 5683 3133 5738 In
3177 5687 3329 5742 arida
3378 5702 3511 5758 ergo
3553 5701 3704 5750 terra

2080 5778 2267 5849 templi
2322 5794 2452 5835 vasa
2490 5776 2816 5842 funduntur,
2867 5778 2995 5848 quia
3040 5795 3196 5836 mens
3230 5781 3470 5838 hominis
3495 5786 3565 5842 ad
3605 5804 3699 5843 su-

2080 5871 2421 5942 scipiendum
2476 5883 2727 5941 superna:
2771 5872 2962 5942 gratia:
3023 5887 3223 5929 .nunus
3269 5888 3378 5932 non
3425 5885 3512 5932 est
3563 5892 3694 5936 con-
