4238 6302
735 320 842 381 127

1278 318 1337 375 S.
1379 314 1586 375 PETRI
1616 313 1906 372 DAMIANI
1943 314 2099 373 OPP.
2146 314 2323 373 PARS

2428 315 2498 373 ευ
2534 313 2771 373 TOIUS
2793 312 2835 370 ι.
2868 344 2938 401 -τ-
2976 313 3196 373 εριετ.
3234 313 3363 371 LIB.
3400 311 3535 372 vm.

734 453 867 512 grua
890 478 905 504 ,
953 434 1056 491 nisi
1112 434 1264 506 prius
1305 432 1375 485 ab
1422 431 1571 486 omni
1616 429 1854 486 carnalis
1893 428 2165 485 illecebrae
2214 428 2329 485 fue-
2359 434 2407 495 Α
2437 428 2646 502 gladius
2674 427 2912 499 Spiritus
2939 437 3022 483 est
3049 428 3274 482 verbum
3303 428 3398 484 Dei
3429 425 3646 501 (Ephea.
3677 428 3790 500 vi);
3822 440 3915 488 iet
3941 448 4025 491 πο.

734 532 808 587 rit
860 530 1083 585 humore
1128 527 1352 580 siccata.
1411 523 1566 578 Sicca
1612 522 1813 592 quippe
1860 522 2062 578 chorda
2120 522 2327 576 clarum

732 620 1032 677 harmonia:
1070 614 1332 680 sonitum,
1366 614 1588 669 humida
1635 612 1812 667 reddit
1837 613 2110 667 obtusum.
2164 610 2329 682 Tym-

730 726 928 785 panum
952 723 1169 781 quoque
1196 706 1419 763 surdum
1460 713 1640 769 sonat,
1664 705 1708 759 si
1735 702 1963 774 quilibet
1985 717 2110 757 eum
2150 701 2330 771 liquor

731 804 1026 860 humectat.
1058 798 1150 855 Sic
1197 812 1421 853 necesse
1466 805 1572 859 est,
1604 804 1664 848 ut
1695 808 1848 848 mens
1878 792 2114 847 hominis
2144 805 2173 845 a
2204 806 2327 845 car-

727 894 814 951 nis
842 891 1117 962 voluptate
1168 888 1241 945 sit
1289 886 1462 951 arida,
1509 895 1780 955 quatenus
1830 884 1885 939 in
1932 884 2026 939 Dei
2078 880 2327 953 omnipo-

729 985 892 1040 tentis
940 982 1165 1039 auribus
1212 980 1331 1051 ejus
1379 978 1555 1032 oratio
1606 976 1679 1031 sit
1729 986 1941 1047 arguta.
1995 974 2322 1039 Enimvero,

724 1076 867 1132 sicut
893 1073 1083 1129 oculus
1114 1072 1241 1128 dum
1273 1070 1405 1125 solis
1444 1082 1503 1124 se
1552 1067 1719 1122 radiis
1749 1065 1966 1136 objicit,
1999 1065 2182 1121 videre
2212 1062 2327 1121 fru-

723 1178 838 1228 stra
871 1167 1173 1231 contendit,
1214 1174 1269 1222 et
1306 1178 1472 1219 cavos
1517 1162 1737 1232 quidem
1789 1161 1974 1224 orbes,
2007 1174 2072 1213 ac
2121 1171 2325 1212 vacuas

723 1259 941 1333 pupillis
969 1257 1256 1329 palpebras
1296 1255 1536 1327 pandere
1567 1254 1783 1317 nititur,
1813 1252 1907 1307 sed
1953 1250 2321 1321 splendorem,

722 1367 832 1423 quo
861 1349 1226 1421 perfunditur,
1261 1346 1568 1402 nullatenus
1597 1346 1870 1407 intuetur;
1903 1342 1984 1397 sic
2012 1342 2077 1395 ad
2101 1338 2322 1411 conspi-

722 1442 972 1501 c1endam
1013 1439 1490 1511 contemplationis
1516 1437 1691 1492 lucem
1723 1448 1843 1491 sese
1874 1434 2114 1488 inaniter
2136 1432 2318 1503 erigit,

720 1536 813 1606 qui
848 1549 946 1607 per
970 1532 1250 1589 secularis
1272 1531 1394 1585 vitae
1424 1530 1677 1585 meritum
1709 1528 1882 1582 aciem
1911 1524 2095 1581 cordis
2119 1524 2318 1579 amisit.

720 1626 857 1682 Nam
906 1626 952 1681 si
991 1625 1221 1696 quilibet
1250 1625 1467 1694 ignotus
1509 1620 1816 1677 cubiculum
1862 1618 2005 1689 regis
2034 1618 2318 1685 irrumpat,

718 1719 881 1788 eique
903 1732 1148 1790 presens
1177 1726 1432 1786 tanquam
1467 1712 1751 1767 familiaris
1780 1711 2037 1775 assistat,
2067 1708 2211 1778 regis
2236 1715 2321 1760 ta-

2437 535 2559 576 vera
2594 529 2702 573 tam
2728 518 2980 574 immanis
3008 532 3277 589 pressurae
3305 518 3587 575 calamitas
3626 521 3887 578 incumbit
3922 524 4025 582 Ec.

2431 612 2629 675 clesiis,
2656 620 2714 664 ut
2752 620 3008 680 tauquam
3057 608 3404 680 Babylonica:
3449 609 3678 684 legionis
3731 613 3877 670 acies
3922 616 4029 670 cir-

2430 702 2701 769 cumfusa,
2740 712 2797 758 et
2830 700 3132 758 Jerusalem
3186 717 3310 757 curn
3368 701 3579 759 civibus
3630 705 3744 760 suis
3783 705 4029 765 videatur

2428 801 2668 856 obsessa.
2700 796 3009 854 Szculares
3035 797 3179 851 enim
3213 794 3443 866 quilibet
3469 796 3845 855 ecclesiastica
3899 799 4026 870 jura

2428 891 2749 956 corradunt,
2788 889 2989 946 salaria
3034 888 3366 950 subtrahunt
3393 931 3410 955 ,
3458 892 3834 962 possessiones
3878 895 4032 950 inva-

2426 985 2583 1050 dunt,
2610 984 2763 1041 etsic
2801 982 3076 1055 stipendia
3127 982 3452 1053 panplrum,
3487 983 3639 1040 velut
3691 984 3929 1042 hostium
3972 1001 4033 1045 se

2426 1085 2708 1147 reportare
2739 1076 3027 1131 manubias
3056 1074 3378 1147 gloriantur.
3422 1075 3529 1147 Ipsi
3558 1090 3774 1148 quoque
3802 1079 4031 1133 saecula-

2427 1183 2517 1224 res
2547 1168 2903 1223 nihilominus
2929 1166 3069 1222 inter
3091 1180 3153 1222 se
3177 1167 3384 1238 proprii
3400 1166 3544 1236 juris
3574 1168 3716 1224 bona
3739 1168 4027 1242 diripiunt,

2427 1259 2566 1314 alter
2596 1260 2751 1316 alteri
2783 1260 3263 1331 supergredientes
3289 1260 3627 1332 impingunt,
3675 1270 3730 1317 et
3776 1264 3831 1317 in
3882 1278 4031 1320 com-

2426 1356 2576 1411 muni
2601 1355 2802 1410 muudo
2831 1355 3093 1421 conclusi,
3118 1356 3247 1426 quia
3279 1354 3379 1412 soli
3413 1370 3537 1412 esse
3570 1367 3869 1428 nequeunt,
3911 1374 4031 1413 ntu-

2428 1457 2517 1504 tua
2548 1463 2607 1503 se
2642 1448 2967 1519 pervasione
2997 1448 3280 1504 collidunt.
3336 1447 3458 1505 Mox
3488 1451 3815 1508 arundineas
3865 1454 4033 1511 rusti-

2425 1556 2613 1597 eorum
2646 1534 2851 1612 tégetcs
2874 1542 3267 1613 aggrediuntur
3290 1557 3549 1609 exurere,
3583 1553 3638 1599 et
3688 1544 3761 1600 fel
3804 1547 4034 1601 atrocis-

2426 1632 2547 1687 simi
2606 1632 2830 1696 livoris,
2893 1632 3039 1701 quod
3095 1633 3211 1688 suis
3246 1633 3433 1704 utique
3480 1644 3754 1705 nequeunt
3800 1635 4030 1693 inimicis

2427 1725 2729 1791 inveniere,
2756 1726 3069 1782 imbellibus
3100 1741 3208 1781 non
3250 1726 3582 1782 erubescunt
3631 1728 3849 1784 rusticis
3906 1745 4035 1801 pro-

721 1823 848 1866 men
890 1807 1127 1878 alloquio
1151 1822 1257 1861 non
1283 1804 1611 1876 perimitur;
1638 1803 1764 1873 quia
1800 1817 1960 1857 carus
1981 1801 2030 1856 ei
2057 1815 2153 1871 per
2174 1808 2323 1853 ante-

2433 1819 2644 1889 pinare.
2686 1818 2753 1873 Et
2784 1828 2911 1873 tunc
2934 1819 3006 1873 sit
3038 1806 3115 1873 ad
3163 1818 3426 1885 litteram,
3481 1820 3626 1890 quod
3673 1820 3891 1876 canitur
3930 1836 4031 1893 per

718 1903 884 1959 rioris
907 1902 1114 1957 notitia
1145 1901 1377 1972 gratiam
1409 1913 1515 1952 non
1550 1898 1779 1952 habetur
1808 1915 1821 1951 :
1854 1898 1928 1951 ita
1954 1911 2052 1951 nos
2075 1894 2320 1950 infelices

717 2006 775 2052 et
822 1996 1049 2061 miseri,
1083 1994 1227 2064 quod
1272 1990 1492 2063 quidem
1536 1991 1603 2045 de
1649 1991 1753 2045 mei
1803 1988 2073 2045 similibus
2104 1988 2319 2057 loquor,

716 2100 862 2157 sape
884 2085 984 2141 soli
1018 2086 1070 2139 in
1104 2092 1348 2155 angusta:
1374 2080 1583 2137 cellula:
1610 2081 1910 2135 remotione
1946 2078 2318 2141 consistimus,

717 2177 848 2235 solis
871 2178 1067 2234 divinae
1094 2173 1399 2243 majestatis
1424 2173 1703 2229 obtutibus
1731 2181 2023 2227 trementes
2038 2181 2316 2236 astamus;

719 2270 959 2342 peccatis
1018 2283 1196 2323 tamen
1258 2266 1624 2328 obstantibus,
1673 2262 1754 2319 vel
1801 2263 1976 2317 intimi
2016 2262 2322 2332 splendoris

718 2360 1037 2431 igniculum,
1067 2358 1149 2412 vel
1172 2356 1605 2427 compunctionis
1629 2355 1857 2424 gratiam
1885 2371 1990 2408 non
2020 2369 2316 2409 meremur.

718 2450 845 2523 ,5.
905 2450 999 2505 Sic
1044 2450 1227 2519 itaque
1271 2447 1419 2502 velut
1470 2458 1595 2500 ante
1654 2446 1795 2515 regis
1842 2446 2089 2499 videmur
2136 2453 2323 2499 astare

715 2539 1084 2612 pmetitiaui,
1109 2539 1202 2593 sed
1229 2537 1354 2605 quia
1387 2550 1484 2606 per
1505 2537 1627 2589 vitae
1656 2535 2035 2605 rectitudine-ni
2073 2535 2174 2589 sibi
2206 2535 2323 2588 nuti

714 2648 821 2688 non
858 2646 1066 2694 sumus,
1102 2627 1479 2684 collocutionis
1531 2628 1759 2681 interna:
1815 2625 2160 2680 dulcedinem
2211 2639 2321 2679 non

714 2732 1016 2796 gustamus.
1044 2720 1179 2784 Sed,
1202 2734 1235 2773 ο
1256 2717 1487 2773 dulcedo
1512 2714 1790 2779 mellillua,
1822 2731 1946 2771 cum
1973 2714 2239 2769 Dominus
2265 2715 2322 2770 in

714 2828 896 2878 servo,
929 2821 984 2867 et
1012 2826 1205 2866 servus
1234 2809 1536 2864 delectatur
1562 2809 1616 2863 iu
1660 2809 1925 2862 Domino!
1960 2807 2113 2863 Unde
2166 2806 2321 2863 Psal-

715 2908 877 2963 mista
914 2924 926 2958 :
963 2922 981 2955 ι
1014 2903 1211 2960 Suavis
1246 2903 1341 2967 sit,
1394 2901 1589 2971 inquit,
1647 2902 1697 2956 ei
1755 2900 1993 2957 laudatio
2039 2915 2181 2965 mea,
2226 2914 2326 2972 ego

713 3008 844 3051 vero
866 2992 1181 3049 delectabar
1202 2994 1258 3047 in
1287 2992 1517 3048 Domino
1546 2988 1723 3062 (Psal.
1749 2994 1890 3062 cm).
1924 3011 1942 3043 ι
1974 2991 2101 3046 Mihi
2143 3001 2324 3046 autem

717 3088 917 3141 misero
944 3084 1081 3140 velle
1110 3084 1334 3155 quidem
1378 3082 1613 3153 adjacet,
1657 3082 1923 3153 perlicere
1969 3094 2152 3139 autem
2213 3098 2323 3139 non

714 3178 929 3234 invenio
959 3175 1133 3249 (Rom.
1163 3176 1283 3245 vn).
1316 3174 1431 3230 Non
1454 3174 1599 3231 enim
1630 3174 1850 3229 invenio
1876 3176 1928 3229 iu
1980 3190 2147 3231 carne
2194 3190 2317 3231 mea
2347 3159 2395 3223 ο

713 3267 931 3321 bonum.
967 3266 1033 3320 Et
1061 3266 1179 3321 haec
1211 3265 1430 3336 quidem
1456 3265 1733 3330 desidero,
1770 3266 1835 3320 ad
1870 3267 1987 3321 haec
2009 3276 2123 3323 toto
2153 3268 2321 3323 corde

714 3359 948 3428 suspiro,
980 3357 1075 3414 sed
1105 3358 1171 3412 ad
1214 3358 1331 3413 haec
1359 3358 1739 3427 consequenda
1772 3360 1983 3415 meritis
2029 3360 2321 3431 prohiben-

718 3452 861 3505 tibus
887 3465 995 3506 non
1026 3464 1271 3522 assurgo.
1309 3448 1483 3517 Quem
1509 3450 1761 3506 videlicet
1791 3458 1847 3506 et
1871 3451 2322 3520 reprehensibilis

712 3542 841 3596 vitae
873 3554 1056 3595 reatus
1083 3540 1403 3611 impediunt,
1431 3549 1486 3596 et
1513 3541 1788 3597 exteriora
1814 3544 2029 3614 negotia
2053 3541 2323 3612 fulgorem

717 3632 853 3689 lucis
885 3632 1090 3687 intimae
1111 3632 1435 3702 conspicere
1463 3646 1570 3687 non
1599 3632 1942 3702 permittunt.
1971 3634 2037 3688 Et
2079 3636 2192 3689 haec
2232 3649 2327 3691 ca-

714 3722 835 3778 dem
861 3731 1075 3776 terrena
1102 3720 1363 3786 turbatio,
1391 3735 1513 3793 qua.
1540 3722 1795 3778 videlicet
1820 3738 1851 3776 a
1904 3724 2325 3795 contemplatio-

714 3814 799 3868 nis
823 3813 1021 3868 intuitu
1063 3814 1262 3869 mentis
1308 3813 1493 3869 obruit
1545 3816 1743 3880 aciem,
1784 3814 2059 3870 scribendi
2106 3831 2326 3887 quoque

715 3906 845 3962 mihi
871 3906 1225 3962 nihilominus
1253 3906 1446 3962 adimit
1492 3907 1829 3965 facultatem.
1899 3908 2014 3964 lluc
2064 3911 2274 3967 accedit
2305 3952 2320 3977 ,

713 4000 969 4069 quoniam
998 3998 1126 4055 licet
1153 4014 1252 4070 ego
1273 3999 1480 4055 dictare
1511 3998 1652 4054 forte
1705 4000 1839 4069 quid
1891 4000 2123 4065 valeam,
2172 4001 2325 4056 deest

715 4090 1059 4160 antiquarios
1103 4092 1196 4161 qui
1250 4091 1598 4145 transcribat.
1659 4089 1765 4145 Sed
1822 4107 1919 4145 cur
1969 4106 2069 4163 ego
2117 4103 2325 4163 negatae

715 4182 1155 4252 transcriptionis
1183 4196 1383 4253 queror
1408 4182 1700 4249 incuriam,
1728 4199 1851 4239 cum
1874 4200 1980 4239 non
2002 4186 2161 4240 tnudo
2178 4186 2326 4255 quis-

713 4272 881 4343 piam,
911 4286 1032 4342 qua:
1056 4271 1256 4336 scribo,
1300 4270 1618 4339 transferre,
1649 4274 1745 4329 sed
1791 4290 1857 4329 ne
1898 4275 2059 4331 celeri
2104 4278 2325 4347 quidem

712 4376 868 4419 vacet
890 4364 1119 4420 lectione
1150 4367 1506 4432 percurrere?
1550 4365 1917 4423 Ecclesiarum
1969 4369 2132 4439 plane
2189 4384 2327 4438 quo-

714 4468 821 4524 que
851 4463 1114 4521 rectores,
1139 4455 1337 4525 quibus
1359 4457 1697 4525 potissimm"
1734 4458 1891 4527 hujus
1919 4460 1993 4514 rei
2047 4476 2175 4515 cura
2227 4461 2321 4517 de-

715 4545 926 4603 buisset
955 4546 1293 4612 incumbere,
1335 4556 1486 4602 tanto
1522 4550 1809 4604 mundana:
1858 4553 2145 4620 vertiginis
2183 4569 2323 4623 quo-

716 4636 847 4693 tidie
871 4645 1121 4693 rotantur
1143 4639 1399 4709 impulsu,
1434 4650 1491 4694 ut
1520 4655 1616 4696 eos
1641 4656 1670 4695 a
1703 4641 2052 4698 saecularibus
2075 4646 2318 4701 liarbira-

716 4728 857 4785 sium
881 4729 1098 4799 quidem
1128 4730 1350 4795 dividat,
1377 4732 1473 4787 sed
1514 4734 1660 4789 actio
1714 4750 1821 4790 non
1879 4735 2174 4801 discernat,
2216 4752 2319 4794 nec

718 4837 997 4880 sacrarum
1065 4824 1394 4879 nreditautur
1452 4826 1666 4896 eloquia
1729 4826 2159 4897 Scripturarum,
2222 4832 2318 4887 sed

716 4912 854 4967 scita
877 4911 1076 4983 legum,
1103 4922 1157 4968 et
1187 4913 1401 4969 forense
1423 4914 1673 4987 litigium.
1706 4917 2033 4974 Multitudini
2062 4924 2319 4979 sacerdo-

718 5010 833 5058 tum
865 5018 971 5057 non
1006 5001 1279 5058 sul'liciunt
1311 5004 1605 5062 tribunalia
1625 5005 1870 5075 judicum
1895 5019 1952 5065 et
1974 5011 2113 5065 aula:
2140 5015 2321 5086 regize,

722 5094 850 5149 dum
879 5093 1201 5150 clericorum
1225 5111 1290 5152 ac
1336 5098 1728 5155 monachorum
1783 5116 2041 5157 evomunt
2090 5107 2279 5165 turbas
2302 5158 2318 5183 ,

718 5185 1002 5242 brevitatis
1024 5201 1133 5241 suae
1158 5200 1567 5257 conquerantur
1593 5191 1889 5262 angustias.
1926 5192 2176 5251 Claustra
2215 5214 2315 5253 va-

719 5284 869 5339 cant,
894 5273 1243 5345 Evangelium
1275 5276 1565 5345 clauditur,
1606 5289 1661 5335 et
1691 5295 1790 5351 per
1818 5296 1914 5337 ora
1968 5284 2323 5346 ecclesiastici

718 5367 927 5422 ordinis
960 5364 1339 5437 forensiajura
1359 5372 1676 5428 decurrunt.
1728 5374 1838 5431 Sed
1879 5377 2093 5433 utinam
2130 5380 2321 5453 legalis

721 5460 882 5516 edicti
907 5460 1173 5515 duntaxat
1203 5477 1449 5519 essemus
1477 5464 1571 5520 lite
1594 5471 1855 5524 contenti.
1899 5470 2065 5527 Arma
2115 5475 2323 5545 potius,

722 5566 873 5605 arma
904 5551 1250 5623 corripimus,
1282 5555 1555 5611 vibrantia
1590 5558 1713 5615 telis
1748 5561 1851 5617 tela
1876 5566 2240 5634 conserimus,
2264 5578 2321 5625 et

725 5660 829 5699 non
863 5648 1044 5711 verbo,
1071 5651 1163 5703 sed
1189 5648 1336 5705 ferro
1366 5660 1559 5706 contra
1610 5655 1781 5709 nostri
1824 5657 2029 5714 ordinis
2077 5662 2321 5733 regulam

725 5738 1065 5799 dimicamus.
1103 5741 1309 5812 Quibus
1334 5746 1591 5802 nimirum
1621 5747 1753 5805 dicit
1780 5753 2107 5823 Apostolus:
2138 5776 2154 5808 ι
2180 5757 2317 5827 Quia

2424 1909 2751 1981 Prophetam
2783 1928 2795 1963 :
2828 1928 2846 1961 ι
2875 1908 3013 1964 Dum
3042 1910 3288 1981 superbit
3309 1911 3527 1981 impius,
3558 1912 3868 1968 incenditur
3894 1928 4030 1984 pau-

2424 2017 2524 2073 per
2560 2000 2734 2073 (Psal.
2767 2004 2864 2072 ix).
2910 2021 2928 2054 ι
2965 2002 3021 2057 In
3047 2018 3155 2073 quo
3200 2001 3458 2058 nimirum
3510 2002 3742 2058 nobilior
3796 2013 3879 2060 est
3915 2020 4035 2061 ser-

2424 2095 2648 2165 pentina
2664 2094 3409 2163 virulentia,quamhumana
3437 2093 3751 2150 crudelitas.
3786 2095 4031 2167 Serpens

2426 2188 2569 2241 enim
2598 2186 2736 2259 fugit
2757 2188 3033 2243 hominem
3057 2190 3281 2253 nudum,
3331 2189 3643 2259 aggreditur
3669 2205 3793 2246 eum
3837 2192 4033 2248 morsi-

2426 2277 2549 2344 bus,
2568 2294 2727 2349 quem
2743 2278 3200 2335 cernitiudulum.
3230 2279 3298 2334 Et
3340 2277 3500 2335 fortis
3513 2295 3577 2337 ac
3593 2281 3857 2353 ingenuus
3885 2285 4032 2355 quis-

2426 2383 2531 2437 que
2556 2368 2789 2424 bellator
2812 2370 2947 2424 vitat
2979 2371 3262 2433 inermem,
3293 2371 3510 2441 impetit
3534 2372 3819 2429 adversum
3848 2390 3904 2429 se
3927 2375 4033 2432 tela

2426 2459 2755 2514 vibrantem.
2800 2460 3077 2531 Accipiter
3125 2463 3294 2515 etiam
3336 2462 3428 2517 ubi
3467 2461 3735 2529 nidiﬁcat,
3768 2464 3821 2519 in
3854 2466 4031 2536 amplo

2427 2550 2663 2621 quodam
2689 2552 2923 2607 circuitu
2958 2552 3163 2606 nullam
3189 2551 3445 2623 dignatur
3466 2568 3726 2609 exercere
3753 2556 4029 2625 rapinam;

2426 2653 2623 2713 utqua:
2650 2642 2827 2698 facilia
2844 2652 2991 2709 sunt,
3018 2653 3070 2698 et
3100 2643 3153 2697 in
3179 2654 3435 2715 promptu
3462 2644 3720 2703 nobiliter
3748 2656 4030 2703 transeat:

2426 2737 2537 2810 26
2563 2738 2614 2791 in
2647 2737 2845 2808 quibus
2872 2752 3000 2792 vero
3032 2736 3207 2805 major
3232 2738 3480 2795 victorire
3506 2738 3661 2794 labor
3680 2747 3786 2805 est,
3820 2739 4030 2812 longin-

2428 2845 2533 2899 qua
2563 2830 2863 2899 perqttirat.
2897 2827 2993 2883 Isti
3021 2842 3153 2883 vero
3177 2830 3438 2885 adversus
3467 2830 3705 2886 inermes
3729 2846 3879 2886 arma
3909 2847 4034 2889 cor-

2430 2921 2672 2991 ripinnt;
2708 2932 2766 2975 et
2796 2921 2921 2975 dum
2953 2919 3125 2977 lluant
3155 2922 3365 2989 hostes,
3401 2923 3658 2993 vapulant
3689 2925 4027 2985 innocentes.

2428 3012 2601 3068 Porro
2631 3022 2815 3069 autem
2842 3014 2972 3069 ilum
2998 3013 3085 3070 hic
3113 3016 3262 3086 prior
3300 3015 3461 3070 laedit.
3517 3018 3763 3087 protinus
3790 3018 3927 3074 alter
3952 3021 4035 3076 in-

2428 3106 2603 3176 surgit
2632 3123 2647 3170 ;
2686 3114 2741 3161 et
2764 3121 2871 3162 non
2896 3106 3114 3161 oculum
3137 3123 3235 3178 pro
3259 3110 3441 3175 oculo,
3458 3111 3616 3181 juxta
3637 3111 3808 3184 legem
3831 3112 4030 3186 (Exod.

2428 3200 2567 3265 ιιι).
2601 3198 2695 3252 sed
2722 3195 2889 3253 refert
2917 3214 3039 3254 cum
3069 3199 3280 3258 faenore
3311 3201 3604 3259 Lesionem.
3639 3203 3793 3263 Talio
3812 3208 4031 3279 quippe,

2428 3302 2549 3356 qua:
2580 3284 2829 3342 Tulliana
2885 3288 3002 3359 lege
3035 3291 3379 3358 decernitur,
3442 3295 3648 3351 nostris
3696 3300 4030 3368 temporibus

2430 3379 2734 3449 ignoratur,
2786 3390 2840 3435 et
2870 3382 3157 3452 disciplina
3194 3384 3469 3450 vindictae,
3518 3402 3641 3457 qua:
3694 3390 3795 3445 sub
3842 3390 4033 3463 gentili

2430 3468 2631 3526 dutltun
2670 3472 2993 3526 servabatur
3026 3474 3277 3542 imperio,
3326 3493 3469 3534 nunc
3499 3478 3793 3551 Evangelio
3819 3484 4033 3540 veniam

2431 3558 2747 3614 terribiliter
2784 3561 3090 3627 intonante,
3142 3567 3402 3622 nescitur.
3460 3570 3692 3641 Ideoque
3744 3589 3839 3642 pro
3879 3576 4033 3646 virga

2434 3660 2715 3715 tauream,
2764 3669 2861 3722 pro
2903 3656 3108 3711 scutica
3162 3657 3395 3721 clavem.
3451 3678 3550 3733 pro
3602 3666 3769 3720 verbo
3808 3666 4033 3735 ferrum,

2430 3758 2529 3813 pro
2559 3753 2713 3798 recte
2738 3747 3023 3802 rcdliibent
3048 3749 3307 3820 gladium.
3359 3752 3699 3811 Erubescunt
3732 3773 3837 3813 non
3870 3774 4033 3815 exce-

2430 3832 2649 3888 dentem
2697 3833 2913 3903 injuria:
2944 3838 3140 3903 vicem,
3194 3842 3562 3913 dedignantur
3608 3844 3738 3900 illati
3768 3848 4036 3904 discrimi-

2431 3927 2516 3982 nis
2542 3928 2877 3997 aequitatem.
2931 3929 3111 3985 Videri
3138 3934 3371 3989 victores
3402 3945 3567 4005 atque
3615 3939 3889 3994 terribiles
3920 3958 4036 3997 am-

2429 4019 2604 4084 biunt,
2642 4021 2989 4089 triumphalis
3026 4023 3211 4093 gloria:
3266 4026 3451 4082 titulos
3498 4031 3907 4101 concupiscunt.
3944 4032 4037 4090 Sic

2430 4111 2634 4180 itaque.
2666 4112 2793 4166 dum
2841 4128 2981 4169 unus
3011 4115 3285 4181 irascitur,
3316 4118 3458 4173 alter
3501 4121 3567 4175 ad
3601 4122 3864 4177 insaniam
3904 4139 4035 4195 pro-

2434 4210 2658 4253 vocatur
2684 4220 2697 4255 :
2728 4211 2781 4255 et
2804 4203 2981 4257 rabies
3014 4204 3219 4261 rabiem
3249 4219 3498 4277 generat,
3524 4227 3587 4266 ac
3612 4212 3851 4270 furorem
3884 4213 4036 4272 furor

2433 4291 2752 4348 inﬂammat.
2788 4294 2878 4349 Sic
2914 4307 2969 4351 et
3000 4298 3101 4353 hoc
3132 4302 3507 4371 experimento
3526 4305 3881 4378 dignoscitur,
3906 4309 4035 4379 quia

2430 4383 2475 4438 si
2518 4385 2740 4440 rabidus
2786 4389 2940 4444 canis
2972 4390 3248 4445 hominem
3300 4391 3439 4449 forte
3470 4398 3846 4463 momonlerit,
3881 4408 4034 4457 tanta

2428 4476 2479 4528 vi
2514 4477 2692 4532 rabies
2730 4476 2847 4546 ejus
2878 4480 2932 4533 in
2964 4482 3176 4537 viscera
3205 4486 3454 4554 protinus
3486 4488 3723 4545 humana
3759 4492 4034 4547 transfun-

2426 4566 2599 4633 ditur,
2646 4576 2707 4622 ut
2745 4585 2865 4624 mox
2899 4571 3014 4641 ipso
3048 4573 3220 4629 urinae
3254 4578 3643 4647 conceptaculo
3680 4582 3844 4636 catuli
3870 4598 4034 4654 gene-

2429 4668 2641 4717 rentur.
2702 4660 2859 4729 Quod
2922 4664 3177 4721 nimirum
3218 4668 3321 4724 hoc
3372 4670 3609 4727 evidenti
3647 4675 4035 4746 comprobatur

2428 4750 2654 4817 indicio,
2687 4755 2813 4837 quia
2853 4755 2898 4808 si
2927 4756 2994 4821 is,
3051 4759 3143 4827 qui
3175 4761 3375 4816 canino
3406 4778 3592 4818 morsu
3618 4776 3899 4836 correptus
3923 4776 4031 4837 est,

2430 4834 2764 4907 cantalenas.
2796 4847 2938 4915 quod
2986 4864 3296 4906 muscarum
3341 4868 3515 4925 genus
3538 4865 3649 4924 est,
3679 4857 3733 4913 in
3763 4834 3900 4929 aqua
3928 4834 4029 4916 tri;

2431 4943 2513 4991 tas
2537 4938 2790 5005 ebiberit,
2834 4956 2964 4998 mox
2996 4957 3119 4999 cum
3148 4948 3307 5003 urina
3360 4949 3532 5005 simul
3564 4966 3671 5008 non
3705 4953 3821 5010 sine
3848 4955 4031 5029 magni

2433 5031 2635 5089 doloris
2662 5036 2864 5104 gemitu
2894 5037 3101 5094 catulos
3130 5038 3323 5096 fundit.
3378 5043 3447 5099 Et
3481 5055 3631 5101 certe
3660 5064 3766 5104 non
3788 5059 4033 5106 contem-

2434 5126 2613 5181 nenda
2651 5142 2737 5181 res
2766 5127 2926 5199 digna
2980 5133 3318 5199 spectaculo,
3366 5136 3602 5205 qualiter
3630 5157 3697 5195 ex
3725 5140 3872 5197 sicco
3897 5143 4032 5198 den-

2434 5217 2566 5271 tium
2597 5232 2720 5273 osse
2749 5218 2965 5285 soboles
2990 5222 3262 5293 gignitur,
3321 5227 3373 5282 in
3403 5244 3510 5299 quo
3554 5230 3808 5301 videlicet
3836 5234 4032 5291 humor

2432 5309 2656 5364 seminis
2695 5323 2804 5365 non
2837 5310 3110 5380 habetur;
3162 5318 3389 5388 etquod
3448 5334 3547 5390 per
3578 5322 3813 5394 genitale
3862 5340 4030 5381 mem-

2433 5401 2589 5456 brum
2620 5398 2781 5458 facile
2811 5410 3005 5461 natura
3034 5419 3143 5461 non
3172 5418 3409 5479 poterat,
3461 5427 3561 5482 per
3586 5415 3866 5472 traducem
3900 5419 4029 5473 den-

2429 5490 2563 5545 tium
2587 5491 2821 5548 similem
2848 5494 2903 5549 in
2932 5495 3147 5554 diverso
3175 5511 3378 5571 genere
3421 5504 3662 5573 speciem
3706 5507 3921 5563 format.
3948 5508 4030 5564 'Et

2427 5580 2565 5637 forte
2598 5598 2703 5639 non
2732 5585 2851 5641 sine
2881 5589 3145 5658 mysterio
3173 5589 3255 5659 fit,
3283 5598 3342 5647 ut
3374 5608 3472 5665 per
3506 5598 3609 5653 hoc
3635 5598 3857 5667 animal,
3883 5600 4028 5673 quod

2426 5674 2712 5731 cantalena
2737 5676 2959 5745 dicitur,
2996 5682 3168 5750 virus,
3221 5687 3368 5755 quod
3397 5703 3465 5744 ex
3492 5692 3687 5748 canina
3728 5694 3876 5751 rabie
3899 5711 4028 5752 con-

2426 5775 2641 5835 ceptum
2686 5779 2791 5837 est,
2826 5783 3095 5844 egeratur.
3129 5774 3443 5836 lncantator
3496 5783 3665 5851 enim,
3703 5786 4027 5855 praubcator
