4260 6398
367 375 456 436 229

1523 370 1723 429 LIBER
1769 365 2060 442 PRIMUS,
2101 371 2328 432 EPIST.
2369 373 2486 432 XV.

3581 371 3699 433 230

367 503 411 555 in
432 492 600 550 divino
621 488 930 562 perhibetur
971 486 1208 559 eloquio,
1238 488 1381 545 unde
1406 498 1463 545 et
1495 490 1546 545 in
1578 489 1790 562 psalmo
1816 488 1957 552 dici-
1983 495 2038 556 Α
2064 490 2298 549 lentiora
2346 491 2635 550 domestici
2681 501 2978 566 apparatus
3041 492 3221 550 edulia
3268 492 3553 560 deserunt,
3599 489 3695 565 qui

368 603 476 647 tur:
508 607 523 637 ι
553 584 710 639 Sicut
734 581 936 653 aspidis
962 582 1142 637 surda:
1169 591 1225 637 et
1265 582 1579 638 obturantis
1608 597 1778 646 aures
1806 602 1959 654 suas.

364 701 469 756 quae
493 695 593 737 non
646 678 870 733 exaudit
900 689 1060 733 voces
1117 677 1538 741 incantantium,
1586 686 1645 739 et
1677 681 1961 749 veneﬁcia,

365 791 468 848 quae
505 773 853 826 incantantur
904 785 934 824 a
981 769 1230 840 sapiente
1280 766 1458 840 (Psal.
1527 776 1684 848 mn).
1721 795 1740 829 ι
1779 774 1848 831 Et
1895 774 1964 831 de

362 865 703 940 praedicatore
771 861 1100 916 intrinsecus
1176 861 1426 923 sauciata
1503 867 1633 923 alibi
1699 866 1958 939 legitur:

368 985 382 1016 ι
411 958 530 1027 Quis
560 956 867 1013 medebitur
891 955 1222 1016 incantatori
1253 977 1282 1016 a
1314 971 1565 1033 serpente
1594 961 1905 1032 percusso?
1936 981 1956 1014 ι

361 1050 537 1126 (Ec-cli.
570 1050 695 1120 xu.)
727 1049 790 1103 Et
816 1049 868 1102 in
891 1048 1240 1110 Proverbiis:
1287 1073 1305 1105 ‹
1347 1053 1501 1110 Sicut
1542 1063 1755 1110 acetum
1789 1055 1843 1110 in
1872 1053 1959 1111 ni-

361 1159 457 1212 tro,
509 1146 578 1200 ita
617 1145 708 1214 qui
771 1157 961 1204 cantat
997 1150 1242 1204 carmina
1291 1149 1441 1204 cordi
1476 1165 1736 1220 perverso
1769 1147 1960 1222 (Prov.

359 1222 509 1319 xxv):
533 1259 552 1298 ι
594 1237 753 1300 Sicut
778 1259 911 1314 ergo
937 1259 1034 1315 per
1060 1243 1374 1300 cantalenas
1406 1245 1579 1300 rabidi
1632 1243 1837 1301 furoris
1879 1244 1964 1300 vi-

361 1357 447 1398 rus
476 1338 734 1412 egeritur,
766 1337 839 1391 ita
871 1352 966 1408 per
1001 1336 1444 1392 exhortationem
1489 1340 1661 1393 sancti
1691 1336 1959 1408 praedica-

362 1434 485 1492 toris
512 1431 759 1502 concepti
793 1430 981 1486 livoris
1026 1430 1306 1485 iracundia
1343 1431 1644 1501 mitigatur.

423 1526 490 1585 Ut
517 1526 681 1599 igitur
700 1526 768 1581 ad
800 1539 885 1589 ea,
925 1539 1045 1595 quae
1069 1527 1237 1594 cmpit
1265 1541 1466 1590 sermo,
1517 1534 1787 1582 recurrat.
1838 1523 1958 1591 His.

356 1630 406 1676 et
429 1616 732 1690 huiusmodi
762 1617 996 1671 mundus
1040 1615 1198 1672 furiis
1229 1616 1598 1672 inflammatus
1618 1659 1631 1683 ,
1662 1626 1716 1671 et
1737 1631 1962 1687 compu-

357 1713 640 1788 gnantibus
668 1711 908 1781 undique
937 1710 1200 1768 membris
1228 1711 1494 1766 alterutra
1547 1710 1961 1767 concertatione

355 1809 620 1874 divulsus,
655 1821 757 1864 nos
781 1805 972 1872 etiam,
1027 1815 1082 1862 et
1109 1807 1308 1876 quibus
1332 1804 1514 1861 libello
1551 1805 1760 1876 repudii
1793 1805 1962 1860 dona-

2063 583 2206 656 juris
2248 587 2482 657 adiposi,
2528 602 2667 658 quas
2695 588 2955 659 opiparor
2998 587 3284 644 ultroneus
3313 586 3544 656 obtulit,
3601 586 3696 644 de-

2066 676 2223 734 licias
2263 679 2710 750 parvipendunt?
2755 690 2810 736 et
2861 696 2962 753 per
3019 681 3397 738 horrescentia
3447 681 3693 749 dumeta,

2067 771 2451 844 montiumque
2490 780 2790 844 praerupta,
2826 773 2974 829 feras
3004 782 3253 843 agrestes
3291 772 3578 831 venabulis
3610 773 3698 830 in-

2066 874 2384 933 sectantur;
2434 865 2672 922 cellariis
2728 867 3051 938 deprompta
3104 864 3418 937 fastidiunt,
3463 875 3518 922 et
3557 881 3698 939 vaga

2068 974 2172 1030 per
2216 974 2401 1015 aerem
2470 959 2654 1016 missis
2717 960 3075 1030 accipitribus
3125 958 3516 1031 aucupantur?
3557 959 3698 1015 Dum

2066 1053 2364 1126 tranquilla
2397 1053 2725 1125 plerumque
2753 1053 2973 1108 valeant
3005 1068 3142 1125 pace
3174 1054 3484 1124 quiescere,
3507 1050 3702 1120 jucun-

2066 1150 2194 1206 dum
2226 1150 2490 1220 deputant
2543 1161 2598 1204 et
2650 1164 2930 1205 alumnum
2963 1151 3284 1220 equitandi,
3333 1148 3418 1206 vel
3453 1149 3702 1221 litigandi

2073 1241 2360 1300 laboribus
2456 1243 2731 1300 insudare.
2803 1242 3118 1300 Flaccidum
3183 1244 3437 1318 judicant
3499 1245 3703 1316 quietis

2064 1337 2256 1404 otium,
2303 1336 2499 1401 hebes.
2538 1337 2774 1409 ignobile
2812 1335 3057 1393 fatentur
3111 1344 3168 1394 et
3197 1337 3548 1393 dissolutum.
3608 1337 3704 1395 Sic

2066 1440 2122 1485 et
2161 1429 2392 1501 populus
2427 1429 2516 1484 ille
2547 1431 2766 1486 dicebat
2798 1445 2813 1485 :
2863 1448 2882 1483 ι
2911 1431 3112 1486 Anima
3166 1441 3354 1487 nostra
3387 1431 3542 1486 arida
3595 1439 3702 1488 est.

2066 1520 2211 1577 Nihil
2236 1522 2379 1578 aliud
2404 1525 2712 1596 respiciunt
2735 1525 2879 1582 oculi
2906 1525 3084 1582 nostri
3109 1525 3212 1581 nisi
3234 1541 3434 1582 manna
3447 1524 3700 1600 (Ibid.).r

2067 1612 2213 1670 Alibi
2248 1629 2468 1687 quoque
2525 1628 2942 1675 murmurantes
2994 1620 3220 1675 dicunt:
3264 1639 3281 1672 ‹
3314 1618 3480 1675 Deest
3523 1621 3707 1690 panis,

2068 1723 2174 1765 non
2207 1719 2335 1764 sunt
2360 1725 2534 1780 aqua.
2565 1712 2762 1767 Anima
2789 1722 2979 1770 nostra
3006 1725 3238 1769 nauseat
3265 1729 3429 1785 super
3448 1715 3572 1771 cibo
3598 1715 3709 1772 isto

2067 1801 2347 1858 levissimo
2376 1802 2572 1875 (Num.
2625 1805 2766 1877 xxi).
2801 1825 2819 1858 ι
2868 1805 3235 1863 Levissimum
3284 1807 3490 1879 quippe
3533 1806 3708 1877 depu-

356 1914 436 1960 tus
464 1910 565 1968 est,
587 1899 857 1965 concutit,
885 1907 941 1955 et
970 1914 1002 1954 a
1029 1898 1346 1955 dictaniinis
1365 1899 1448 1954 vel
1477 1899 1684 1954 intimce
1719 1908 1964 1953 contem-
1996 1880 2042 1942 Β
2075 1904 2189 1951 tant
2231 1895 2436 1960 cibum,
2504 1897 2550 1952 si
2605 1897 2822 1969 pondus
2877 1907 3046 1969 atque
3111 1898 3371 1954 duritiam
3427 1898 3712 1971 contingat

354 1995 600 2068 plationis
655 1993 856 2048 intuitu
907 1992 1110 2048 mentis
1179 2006 1410 2047 acumen
1473 1990 1752 2046 obtundit.
1810 1989 1964 2046 Adde

352 2087 486 2158 quod
525 2085 744 2141 etiamsi
791 2085 866 2140 sit
922 2083 1065 2140 forte
1100 2083 1192 2156 qui
1243 2083 1469 2150 scribat,
1503 2082 1646 2137 sicut
1668 2081 1782 2152 jam
1824 2083 1962 2138 dixi-

353 2195 485 2243 nius,
537 2179 695 2234 deest
737 2177 964 2234 omnino
988 2177 1080 2248 qui
1121 2174 1460 2241 transferat;
1506 2175 1662 2230 deest
1681 2183 1962 2246 postremo

351 2275 435 2344 qui
471 2272 636 2328 celeri
668 2272 862 2328 saltem
899 2271 1136 2328 lectione
1176 2279 1485 2343 percurrat.

418 2367 710 2423 Enimvero
764 2381 886 2422 cum
941 2365 1251 2421 furentibus
1289 2366 1471 2421 ventis
1522 2373 1820 2435 tempestas
1866 2365 1962 2420 ob-

349 2460 536 2526 oritur,
569 2469 626 2516 et
664 2459 1032 2531 procellarum
1077 2459 1238 2515 turbo
1273 2457 1598 2530 fluctivagus
1631 2459 1683 2512 in
1713 2457 1964 2514 cumulos

350 2557 616 2623 elevatur,
672 2565 802 2612 tunc
829 2571 982 2611 mare
1013 2555 1067 2610 in
1098 2557 1214 2626 ipsa
1257 2553 1340 2610 sui
1382 2553 1558 2626 pelagi
1590 2553 1965 2625 profunditate

351 2650 528 2716 mitius
556 2657 775 2714 :estuat,
800 2648 946 2704 circa
987 2648 1140 2703 littus
1169 2657 1350 2703 autem
1394 2656 1549 2702 tanto
1577 2662 1635 2701 se
1660 2645 1963 2702 ferventius

349 2741 520 2812 erigit.
551 2750 612 2795 ut
643 2755 812 2796 naves
835 2755 1073 2810 quoque,
1107 2738 1152 2795 si
1181 2739 1510 2811 appulerint,
1535 2737 1785 2812 frangat;
1821 2741 1964 2796 unde

350 2831 404 2887 fit
427 2841 485 2886 ut
514 2833 754 2904 remiges
805 2841 932 2886 tunc
961 2831 1238 2888 littoribus
1267 2831 1385 2886 loca
1414 2833 1667 2904 contigua
1701 2841 1962 2903 tanquam

351 2925 586 2999 Syrtium
629 2927 927 2983 discrimen
982 2925 1302 2994 aufugiam,
1374 2934 1429 2980 et
1489 2926 1781 2996 quietioris
1834 2935 1964 2982 tunc

347 3021 515 3095 pelagi
557 3019 830 3092 profunda
889 3023 1304 3078 conscendant:
1368 3022 1446 3077 sic
1498 3022 1780 3087 nimirum,
1837 3038 1962 3077 cum

345 3114 447 3184 jam
479 3114 644 3185 hujus
666 3113 776 3185 2⁸1
809 3113 992 3169 saeculi
1024 3113 1294 3168 terminus
1329 3113 1749 3184 appropinquat,
1806 3114 1963 3184 quasi

347 3209 483 3264 circa
517 3209 674 3264 littus
711 3223 871 3263 suum
918 3207 1229 3262 mundanus
1273 3206 1454 3262 fervor
1479 3206 1688 3272 ebullit,
1730 3222 1964 3278 seseque

352 3300 400 3354 in
451 3301 891 3371 perturbationis
946 3310 1112 3370 atque
1160 3301 1430 3370 superbiae
1466 3301 1715 3356 cumulos
1753 3302 1960 3374 erigit;

345 3402 397 3448 et
417 3395 508 3465 qui
533 3395 588 3450 in
623 3396 920 3464 praeteritis
968 3394 1209 3459 saeculis,
1256 3393 1403 3449 velut
1432 3394 1485 3449 in
1529 3393 1708 3464 pelagi
1739 3391 1965 3466 profun-

350 3484 514 3541 ditate
578 3485 994 3558 quodammodo
1043 3487 1370 3558 tranquillus
1423 3486 1748 3550 exstiterat,
1820 3501 1966 3542 num

346 3578 484 3635 circa
518 3579 645 3637 finis
681 3579 769 3636 sui
815 3579 968 3636 littus
1008 3579 1331 3652 pestilenter
1361 3587 1654 3644 exatstuat,
1698 3589 1757 3633 ut
1787 3579 1952 3651 appli-

347 3681 529 3728 cantes
551 3688 777 3743 quoque
802 3672 1099 3728 discrimen
1156 3670 1427 3742 naufragii
1454 3669 1580 3739 jure
1609 3671 1864 3726 evadant.
1897 3671 1966 3726 Et

348 3764 454 3820 haec
499 3766 813 3836 quassatio.
841 3782 904 3822 ac
941 3765 1285 3837 perturbatio
1313 3765 1380 3824 de
1415 3763 1628 3819 luxuria
1683 3764 1963 3832 nascitur;

347 3858 562 3926 etquod
597 3867 814 3913 natura!
849 3858 1185 3913 contrarium
1209 3865 1315 3922 est,
1344 3856 1413 3914 de
1443 3855 1722 3927 voluptate
1745 3855 1967 3919 afllictio

348 3961 662 4020 generatur.
701 3950 858 4009 Unde
903 3961 958 4008 et
990 3949 1250 4008 Salomon
1285 3968 1299 4004 :
1348 3969 1367 4002 ι
1405 3943 1580 4018 Hanc,
1635 3950 1836 4021 inquit,
1875 3966 1970 4008 oc-

347 4056 694 4115 cupationem
730 4044 1026 4117 pessimam
1071 4044 1220 4101 dedit
1243 4043 1389 4100 Deus
1418 4043 1544 4100 filiis
1574 4044 1878 4111 hominum,
1908 4056 1968 4102 ut

345 4145 751 4207 occuparentur
783 4137 836 4190 in
865 4153 950 4192 ea.
983 4136 1107 4192 Vidi
1143 4145 1342 4192 cuncta
1367 4151 1492 4208 qua:
1521 4135 1659 4191 fiunt
1696 4138 1799 4194 sub
1830 4137 1966 4205 sole,

347 4242 397 4285 et
427 4247 556 4286 ecce
595 4233 854 4288 universa
885 4231 1120 4296 vanitas,
1146 4241 1201 4288 et
1227 4229 1448 4288 afllictio
1486 4231 1716 4304 spiritus
1757 4231 1960 4304 (Ecclc.

345 4325 403 4392 ι).
433 4343 450 4374 ι
491 4324 706 4380 Omnes
737 4324 884 4378 enim
918 4326 1044 4377 dum
1099 4323 1361 4379 anhelant
1388 4339 1475 4390 ea,
1509 4324 1561 4378 in
1592 4323 1792 4395 quibus
1819 4323 1967 4378 dele-

347 4423 578 4481 ctantur,
621 4419 936 4486 acquirere,
970 4424 1024 4470 et
1054 4417 1368 4472 necessario
1394 4415 1799 4489 compelluntur
1836 4413 1970 4472 allii-

346 4511 520 4565 ctione
577 4511 816 4582 spiritus
866 4510 1148 4577 laborare;
1205 4520 1261 4566 et
1300 4511 1428 4567 dum
1468 4511 1521 4566 in
1553 4524 1619 4566 eo
1668 4511 1812 4583 quod
1867 4512 1969 4566 iste

2074 1989 2264 2044 deesse
2319 1987 2595 2043 laborum.
2651 1988 2788 2044 Nam
2835 1988 3119 2046 laboribus
3166 1989 3544 2060 resolvuntur,
3591 1990 3711 2048 otio

2074 2078 2400 2152 fatigantur.

2144 2172 2313 2229 Planc
2342 2173 2475 2231 libet
2505 2173 2801 2247 diligenter
2852 2176 3132 2248 inspicere
3160 2191 3328 2248 quam
3359 2178 3548 2236 brevis
3579 2191 3710 2251 pars

2073 2269 2322 2340 corporis
2358 2268 2450 2335 sit,
2478 2269 2566 2326 cui
2600 2271 2911 2327 substantia
2937 2273 3125 2328 mundi
3166 2281 3278 2329 tota
3320 2289 3432 2328 non
3473 2275 3699 2345 sufficit,

2073 2375 2194 2432 quae
2225 2370 2424 2416 cuncta
2453 2373 2685 2461 terre'te
2711 2360 2990 2420 facultatis
3021 2364 3297 2436 impendia
3339 2366 3704 2438 concupiscit.

2075 2453 2208 2508 Nam
2259 2469 2385 2510 cum
2433 2453 2637 2511 caetera
2685 2456 2936 2528 corporis
2998 2457 3245 2513 membra
3297 2458 3712 2528 quodammodo

2071 2547 2233 2603 bruta
2271 2547 2563 2603 videantur
2612 2557 2667 2605 et
2695 2548 2913 2615 stolida,
2937 2551 3029 2604 vix
3057 2550 3278 2606 cubitus
3307 2551 3476 2607 semis
3504 2553 3714 2625 reperi-

2075 2651 2162 2697 tur
2193 2642 2246 2696 in
2275 2657 2529 2714 corpore,
2559 2658 2721 2714 quem
2756 2659 2943 2699 rerum
2967 2644 3217 2700 omnium
3251 2645 3587 2703 universitas
3613 2662 3714 2710 ne-

2071 2745 2240 2807 queat
2269 2737 2497 2792 satiare.
2553 2737 2637 2791 Ab
2663 2737 2840 2794 oculis
2873 2738 3149 2810 siquidem
3177 2755 3352 2810 usque
3380 2741 3449 2798 ad
3488 2742 3710 2814 genita-

2073 2827 2143 2882 lia
2181 2836 2373 2900 regnat
2429 2828 2611 2884 omnis
2661 2830 2903 2886 humana
2961 2830 3435 2900 concupiscentia.
3491 2832 3562 2889 Et
3607 2835 3717 2893 hoc

2073 2922 2298 2993 quidem
2325 2935 2560 2995 angusto
2590 2923 2922 2996 compendio
2959 2924 3198 2981 naturali
3222 2926 3556 2984 necessitate
3577 2944 3713 2986 con-

2081 3015 2335 3083 cluditur,
2389 3019 2484 3073 sed
2518 3017 2789 3074 naturalis
2837 3027 3001 3075 meta:
3047 3018 3264 3091 legibus
3303 3036 3412 3077 non
3451 3031 3713 3084 tenetur:

2075 3127 2201 3166 nam
2243 3126 2341 3182 per
2390 3114 2671 3174 exteriora
2733 3123 2936 3170 cuncta
2967 3113 3294 3170 diffunditur
3328 3132 3344 3183 ;
3401 3127 3460 3172 et
3495 3133 3618 3190 qua:
3643 3133 3716 3178 ue

2076 3203 2298 3261 modica
2362 3205 2548 3262 radice
2609 3205 2882 3276 procedit,
2938 3220 3047 3262 non
3106 3206 3343 3263 modicis
3411 3211 3715 3282 paucisque

2071 3305 2354 3362 contenta,
2398 3299 2658 3354 omnibus
2706 3298 2928 3356 inhiat:
2982 3299 3051 3354 ad
3093 3299 3309 3366 omnia,
3365 3310 3426 3356 ut
3473 3301 3558 3358 eis
3589 3318 3716 3375 per-
3764 3308 3767 3309 ⁷

2070 3386 2292 3444 fruatur
2352 3405 2418 3445 ac
2487 3389 2811 3462 saginetur,
2902 3395 3147 3453 anhelat.
3215 3396 3374 3455 Oculi
3443 3401 3715 3473 siquidem

2072 3491 2378 3553 pascuntur
2431 3483 2848 3555 pulchritudine
2903 3503 3116 3558 rerum,
3176 3492 3495 3550 mulcentur
3549 3511 3716 3555 aures

2073 3573 2304 3629 tinnulis
2370 3573 2676 3631 harmoniae
2742 3579 3038 3646 sonitibus,
3109 3581 3197 3637 vel
3261 3582 3704 3643 lenocinantium

2071 3669 2184 3742 28
2212 3671 2587 3727 assentatione
2631 3675 2956 3741 verborum;
2991 3691 3157 3734 nares
3188 3678 3549 3738 odoramenta
3583 3697 3716 3740 con-

2072 3764 2301 3833 cipiunt,
2334 3761 2525 3820 fauces
2550 3765 2839 3836 epularqu
2872 3771 3168 3840 saporibus
3206 3772 3579 3842 obiectantur.
3619 3791 3718 3834 cor

2072 3855 2470 3925 cogitationum
2498 3867 2996 3928 versatarcanum,
3049 3862 3236 3937 lingua
3268 3864 3557 3937 profundit
3594 3868 3714 3925 elo-

2073 3948 2285 4018 quium,
2315 3950 2538 4018 etquod
2558 3965 2663 4006 cor.
2685 3952 3008 4021 meditatur,
3033 3955 3148 4012 oris
3173 3957 3241 4013 ad
3266 3959 3512 4015 medium
3538 3960 3716 4018 inter-

2073 4041 2382 4111 pretatione
2457 4044 2800 4111 producitur.
2856 4066 2875 4100 ι
2933 4048 3011 4103 Ex
3058 4050 3444 4109 abundantia»
3499 4056 3718 4114 scilicet

2079 4149 2098 4184 ι
2129 4133 2312 4189 cordis
2342 4150 2405 4190 os
2432 4134 2677 4207 loquitur
2725 4137 2950 4210 (Matth.
2974 4143 3101 4214 ιιι).
3137 4163 3158 4197 ι
3201 4143 3325 4200 1am
3387 4161 3517 4203 vero
3556 4149 3717 4221 geni-

2075 4226 2205 4281 talia
2238 4235 2393 4283 tanto
2420 4230 2711 4287 ardentius
2743 4233 2812 4287 ad
2847 4234 3056 4290 coitum
3083 4250 3485 4308 provocamur,
3501 4251 3716 4313 quanto

2075 4319 2249 4390 magis
2274 4322 2598 4376 stomachus
2627 4323 2712 4378 vel
2740 4325 2993 4381 ciborum
3028 4329 3214 4399 copia,
3269 4331 3358 4387 vel
3412 4341 3574 4402 potus
3627 4336 3714 4392 in-

2073 4410 2446 4486 gurgitatione
2468 4414 2730 4486 repletur.
2777 4416 3040 4476 Edacitas
3071 4423 3277 4494 quippe
3302 4427 3555 4496 quedam
3580 4445 3714 4486 san-

2075 4505 2305 4576 guisuga
2340 4515 2445 4573 est,
2476 4508 2563 4562 cui
2595 4509 2715 4564 duae
2742 4520 2872 4566 sunt
2895 4511 3044 4581 filiae,
3088 4515 3334 4574 ebrietas
3385 4520 3599 4579 scilicet
3643 4533 3718 4582 at-

348 4603 559 4671 quzerit,
602 4603 755 4657 alter
775 4602 1053 4673 olijicitur,
1087 4603 1154 4657 ad
1179 4602 1232 4657 id
1255 4603 1402 4675 quod
1426 4601 1687 4670 oblectat,
1717 4619 1822 4658 non
1851 4606 1972 4658 sine
1999 4638 2051 4698 Ι)
2074 4599 2525 4698 ’(ιιιϐιιιιυνὶοἱάυ
2543 4604 2746 4673 fidibus
2760 4606 2952 4676 utique
2967 4605 3262 4665 Salomon:
3287 4629 3306 4663 ι
3332 4610 3716 4690 Sanguisugre,

347 4693 547 4751 laboris
592 4696 763 4750 taedio
812 4696 1149 4766 pervenitur.
1198 4695 1338 4751 Hinc
1369 4713 1562 4754 rursus
1591 4698 1707 4754 ait:
1749 4720 1766 4752 ‹
1800 4700 1966 4756 Cum-

348 4802 446 4856 que
497 4803 588 4842 me
614 4787 1020 4842 convertissem
1054 4787 1120 4842 ad
1152 4788 1407 4844 universa
1437 4804 1606 4861 opera
1628 4832 1641 4856 ,
1673 4806 1792 4862 qua:
1819 4791 1970 4848 fece-

350 4893 469 4936 runt
501 4898 710 4938 manus
741 4896 916 4948 metr;
960 4892 1015 4938 et
1043 4881 1111 4937 ad
1142 4881 1381 4952 labores,
1427 4884 1482 4940 in
1523 4886 1724 4956 quibus
1769 4885 1974 4944 frustra

356 4981 701 5044 sudaveram,
761 4980 874 5035 vidi
902 4980 958 5035 in
988 4981 1245 5038 omnibus
1297 4983 1600 5039 vanitatem
1641 4991 1698 5040 et
1724 4981 1975 5042 afﬂictio-

350 5086 468 5126 nem
489 5069 667 5126 animi
703 5068 910 5141 (Eccle.
942 5069 1005 5141 ι).
1042 5089 1060 5123 ι
1094 5068 1226 5139 Quae
1261 5080 1443 5129 tamen
1469 5070 1693 5130 afﬂictio
1717 5075 1884 5132 duras
1911 5093 1977 5134 ac

354 5164 609 5233 reprobas
654 5169 879 5218 mentes
928 5170 983 5218 et
1014 5163 1132 5235 ipsa
1165 5164 1432 5232 delectat,
1490 5167 1615 5223 dum
1647 5183 1754 5224 non
1813 5171 1976 5228 modo

355 5258 670 5316 deliciarum
711 5251 1038 5324 'suavitate,
1099 5258 1194 5316 sed
1253 5268 1310 5316 et
1364 5259 1570 5317 laboris
1630 5262 1977 5320 obiectantur

358 5352 624 5408 acredine.
663 5349 814 5407 Hinc
842 5359 927 5405 est
955 5349 1099 5422 quod
1123 5351 1402 5417 Israelitte,
1433 5352 1655 5408 stimulo
1681 5355 1820 5425 gula:
1849 5371 1979 5425 pru-

357 5442 552 5499 riemes
583 5442 784 5506 illecti,
820 5457 929 5498 non
967 5443 1128 5498 modo
1166 5445 1268 5500 sibi
1328 5445 1518 5501 deesse
1548 5447 1797 5501 carnium
1839 5447 1975 5503 ollas

359 5530 701 5604 pisciumque
729 5531 986 5600 delicias,
1025 5533 1120 5589 sed
1151 5543 1206 5591 et
1235 5549 1430 5606 porros
1452 5551 1517 5592 ac
1543 5553 1706 5609 cepas
1738 5554 1977 5609 conque-

362 5636 545 5680 runtur
574 5636 632 5681 et
663 5623 803 5681 allia
847 5621 1041 5697 (Num.
1090 5625 1191 5697 ιι).
1233 5626 1366 5696 Qua:
1415 5630 1675 5686 nimirum
1743 5634 1974 5703 species,

361 5717 480 5774 dum
504 5722 554 5775 vi
591 5719 868 5776 naturalis
890 5721 1161 5777 acredinis
1187 5724 1440 5779 mordent
1467 5724 1704 5780 faucium
1729 5736 1971 5798 gustum,

363 5809 623 5885 lacrymas
653 5822 967 5886 provocant
1018 5813 1320 5872 oculorum.
1371 5819 1454 5878 An
1483 5834 1590 5876 non
1622 5835 1880 5891 ceparum
1921 5830 1979 5878 et

365 5903 606 5963 uitiorum
660 5907 922 5964 esurlunt
965 5907 1344 5978 acrimoniam,
1395 5913 1489 5983 qui
1531 5911 1788 5969 videlicet
1817 5928 1977 5973 escu-

2082 4694 2278 4765 inquit.
2311 4697 2430 4751 dua:
2454 4707 2580 4753 Sillll
2618 4699 2764 4764 filim,
2799 4701 3049 4758 dicentes
3081 4723 3094 4758 :
3125 4703 3298 4772 Aﬂ‘er,
3350 4706 3484 4763 affer
3527 4709 3716 4780 (Prov.

2082 4787 2298 4858 xxxvi).
2344 4808 2361 4840 ι
2409 4788 2541 4844 Nam
2571 4805 2680 4860 quo
2709 4792 2951 4863 quisque
2993 4794 3418 4855 immoderatius
3454 4803 3719 4875 vescitur,

2085 4894 2151 4936 eo
2185 4896 2409 4937 necesse
2440 4893 2524 4939 est
2558 4893 2617 4937 ut
2639 4885 2704 4938 ad
2734 4895 2924 4955 potum
2975 4890 3304 4947 estuantius
3355 4897 3717 4954 accendatur.

2089 4974 2153 5028 Et
2181 4974 2307 5028 dum
2340 4987 2600 5048 congesta
2650 4977 2758 5034 cibi
2809 4979 2986 5036 moles
3033 4980 3384 5041 fervescente
3443 4971 3719 5048 stomachi

2090 5066 2266 5124 lebete
2289 5069 2635 5140 decoquitur,
2663 5073 2874 5129 crebris
2904 5089 3136 5132 necesse
3158 5087 3246 5134 est
3274 5078 3570 5140 haustibus
3594 5085 3713 5140 irri-

2082 5168 2260 5230 getur.
2304 5158 2410 5215 Sed
2442 5177 2565 5216 cum
2591 5163 2730 5219 cibis
2759 5174 2954 5220 venter
2985 5181 3050 5222 ac
3083 5169 3310 5239 potibus
3358 5172 3719 5244 intumescat,

2083 5272 2430 5328 consequens
2465 5271 2571 5323 est,
2626 5271 2685 5315 ut
2729 5261 2958 5319 alternis
3006 5263 3272 5337 utrinque
3319 5269 3619 5339 meatibus,
3663 5279 3722 5328 et

2085 5351 2245 5408 faeces
2270 5367 2366 5424 per
2397 5353 2647 5423 podicem
2673 5355 2730 5409 in
2758 5355 3044 5412 cuniculos
3070 5367 3278 5430 egerat,
3324 5369 3382 5416 et
3427 5361 3721 5420 humorem

2081 5447 2149 5501 de
2205 5446 2428 5518 genitali
2485 5451 2886 5521 conceptaculo
2935 5465 3037 5522 per
3084 5453 3338 5524 pudenda
3393 5454 3716 5527 profundat.

2090 5538 2244 5596 Sicut
2274 5541 2419 5595 enim
2455 5541 2510 5596 in
2537 5542 2910 5598 torcularibus
2933 5543 3210 5601 vinarium
3241 5561 3271 5600 a
3312 5547 3478 5613 vino;
3537 5547 3620 5603 sic
3659 5548 3718 5604 in

2090 5635 2251 5690 ilibus
2297 5645 2512 5692 stercus
2560 5646 2853 5708 separatur
2881 5654 2910 5693 a
2941 5639 3085 5693 viru.
3143 5638 3506 5712 Sanguisuga:
3556 5657 3715 5714 ergo,

2087 5743 2207 5798 qua:
2232 5727 2475 5784 edacitas
2502 5738 2605 5796 est,
2637 5730 2758 5786 dua:
2784 5741 2912 5786 sunt
2950 5730 3074 5786 filia:
3103 5751 3116 5785 :
3149 5733 3393 5789 ebrietas
3434 5744 3489 5788 et
3511 5733 3713 5803 libido;

2087 5820 2216 5890 quia
2241 5820 2368 5876 dum
2399 5838 2504 5878 una
2546 5824 2718 5894 pestis
2777 5823 3176 5880 delectabiliter
3229 5827 3491 5898 concipit,
3539 5827 3716 5900 gemi-

2090 5928 2218 5970 nam
2248 5915 2564 5973 necessario
2584 5913 2825 5973 sobolem
2861 5917 3024 5987 parit.
3053 5916 3187 5982 Quae
3212 5919 3472 5976 nimirum
3491 5907 3735 5981 dicuutzi
