4260 6366
1330 345 1387 401 S.
1428 343 1630 400 PETRI
1672 336 1957 397 DAMlANl
1987 336 2139 395 OPP.
2179 333 2383 393 PARS.
2425 330 2557 392 SEU
2601 329 2836 388 TOMUS
2873 331 2914 385 l.
2955 359 3026 371 —
3055 327 3274 387 EPIST.
3307 329 3438 386 LIB.
3464 327 3599 387 Vill.

3964 322 4078 379 252

803 484 822 519 ι
856 461 1022 534 Aﬂ‘er,
1050 460 1212 526 alter;
1247 457 1421 528 i-qnia
1454 470 1576 510 cum
1607 453 1714 508 sint
1744 449 2098 513 insatiabiles,
2136 447 2394 503 violentae-
2412 457 2460 517 Α
2489 445 2602 502 sine
2627 442 2992 514 temperantia
3019 443 3352 500 discretione
3381 445 3643 508 reﬁcitur,
3692 441 3783 500 illa
3819 441 4077 514 protinus

802 546 1021 630 quoque
1043 561 1166 608 sunt
1191 549 1508 608 exactrices.
1539 546 1665 601 Haec
1711 546 1889 615 itaque
1936 556 2062 613 pars
2117 541 2383 611 corporis,

801 663 832 702 a
864 644 1122 716 pudendis
1147 639 1395 696 videlicet
1423 651 1591 706 usque
1623 638 1687 689 ad
1714 635 1900 690 oculos
1919 673 1932 698 ,
1968 642 2136 688 totum
2169 632 2386 702 perimit

805 740 1094 801 hominem,
1119 749 1181 789 ac
1207 731 1499 804 prorsus'in
1524 745 1589 784 eo
1608 728 1872 782 naturalis
1896 724 2227 782 excellentia:
2253 725 2384 780 sub-

803 830 906 887 ruil
942 828 1280 897 dignitatem.
1308 824 1410 878 Per
1433 823 1549 877 haec
1586 820 1730 876 enim
1761 817 2058 888 spiramina
2104 828 2380 877 sensuum,

803 919 984 976 infelix
1011 920 1239 972 humana
1265 914 1529 976 conditio,
1550 920 1607 966 et
1631 911 1772 980 quod
1800 908 1990 964 salutis
2027 915 2130 971 est,
2183 903 2382 970 efﬂuit;

803 1021 856 1067 et
887 1010 1026 1080 quod
1051 1020 1133 1064 est
1169 1005 1506 1078 perditionis,
1531 1001 1784 1058 admittit.
1816 999 1943 1054 Haec
1969 996 2152 1054 omnia
2207 995 2388 1050 brevi-

805 1113 888 1157 ter
911 1100 1146 1155 Joannes
1169 1093 1571 1166 comprehendit
1592 1090 1897 1162 Apostolus,
1911 1104 2034 1145 cum
2050 1089 2154 1142 ait:
2177 1105 2195 1139 ι
2215 1085 2388 1142 Omne

805 1191 947 1262 quod
975 1199 1056 1244 est
1085 1190 1135 1243 in
1171 1188 1366 1241 mundo
1395 1181 1827 1252 concupiscentia
1857 1178 2037 1235 carnis
2054 1185 2159 1244 est,
2186 1184 2242 1233 et
2261 1190 2389 1232 con-

808 1281 1138 1351 Cttpisccnlia
1172 1276 1468 1338 oculorum,
1498 1284 1553 1330 et
1579 1273 1829 1344 superbia
1853 1269 2040 1342 vita:(l
2056 1269 2218 1325 Joan.
2239 1268 2324 1340 ιι).
2360 1287 2380 1322 ι

805 1371 1245 1444 Concupiscentia
1277 1369 1484 1425 scilicet
1510 1367 1691 1422 carnis
1742 1363 1808 1420 ad
1855 1363 2097 1435 corporis
2140 1360 2389 1431 volupta-

809 1475 936 1530 teni,
969 1460 1404 1532 concupiscentia
1445 1456 1728 1516 oculorum
1759 1455 1826 1511 ad
1871 1453 2164 1511 visibilium
2206 1466 2389 1508 rerum

805 1555 1038 1626 pertinet
1065 1550 1552 1624 pulchritudinem:
1582 1546 1832 1618 superbia
1862 1559 1991 1601 vero
2017 1545 2164 1610 vitae,
2188 1541 2387 1598 terreni

809 1645 1028 1700 honoris
1055 1653 1216 1713 atque
1237 1641 1432 1713 fastigii
1451 1639 1706 1710 exprimit
1724 1636 2130 1692 sublimitatem.
2155 1634 2258 1690 Per
2273 1634 2390 1689 hac

809 1737 952 1793 enim
983 1736 1188 1807 primus
1223 1732 1382 1786 homo
1415 1736 1650 1784 tentatus
1673 1726 2009 1796 agnoscitur,
2039 1725 2179 1780 sicut
2233 1722 2389 1779 Scri-

2485 537 2552 592 ad
2582 535 2934 592 contumelias
2957 536 3286 591 excitantur.
3335 535 3452 591 Cibi
3495 536 3706 592 scilicet
3749 535 3906 592 ilices
3946 539 4080 588 sunt

2484 628 2787 694 libidinum,
2817 637 2869 684 et
2904 627 3261 683 immoderate
3296 629 3536 699 percepti
3567 628 3774 699 proprii
3826 624 4080 683 humoﬁs

2484 721 2891 777 exuberantiam
2933 735 3052 776 mox
3095 722 3162 774 ad
3211 719 3462 791 pudenda
3517 719 3916 782 transmittunt.
3972 715 4079 784 Qui

2485 811 2735 868 videlicet
2764 811 3021 868 humores
3041 811 3170 867 dum
3198 810 3441 881 congesti
3467 812 3721 882 pruriunt
3747 820 3804 865 et
3829 809 4078 875 titillant,

2487 906 2845 978 importunius
2871 914 3134 975 expetunt
3155 913 3215 960 ut
3245 918 3342 977 per
3368 905 3569 960 coitum
3612 904 3905 978 profluam.
3939 903 4082 961 Hinc

2487 1007 2570 1052 est
2602 999 2746 1068 quod
2769 997 2990 1068 plurimi
3024 998 3154 1052 dum
3183 996 3300 1068 lege
3330 997 3653 1074 permissam
3692 997 3918 1054 ineundi
3945 1011 4084 1054 eon-

2483 1085 2842 1158 jugiinovere
2873 1085 3175 1151 licentiam,
3212 1085 3412 1141 nullam
3463 1086 3724 1143 reddendi
3775 1087 4082 1159 coniugalis

2489 1177 2656 1233 debiti
2691 1178 2952 1234 exhibent
2986 1178 3363 1249 disciplinam;
3401 1192 3505 1235 nec
3529 1194 3634 1234 usu
3681 1179 4084 1237 commistionis

2489 1270 2695 1326 uxoriae
2729 1280 3099 1343 temperanter
3149 1280 3400 1337 utuntur,
3463 1272 3592 1326 dum
3637 1285 3746 1328 non
3797 1273 4080 1345 gignenda

2489 1361 2655 1432 proli,
2703 1362 2800 1418 sed
2835 1363 3094 1434 ingenita:
3125 1363 3445 1419 deserviunt
3469 1363 3758 1435 voluptati.
3809 1363 3850 1420 li
3897 1363 4082 1435 plane,

2490 1469 2599 1510 non
2627 1454 2806 1510 dicam
2835 1456 3044 1522 mariti,
3096 1455 3190 1512 sed
3240 1455 3586 1527 prolectarii;
3640 1472 3749 1514 non
3798 1457 4085 1530 coniuges.

2490 1545 2587 1601 sed
2615 1545 2796 1615 potius
2824 1556 3128 1602 amatores:
3157 1547 3238 1603 sic
3270 1547 3338 1603 ad
3379 1547 3858 1619 intemperantiam
3908 1548 4088 1606 coitus

2496 1640 2710 1708 tempus
2754 1651 2918 1692 omne
2960 1638 3301 1702 continuant,
3354 1648 3414 1694 ut
3445 1639 3710 1696 uxoribus
3753 1639 3888 1706 suis,
3942 1640 4087 1711 quod

2495 1737 2652 1800 turpe
2680 1728 2825 1785 dictu
2861 1739 2964 1795 est,
2995 1745 3097 1786 nec
3117 1732 3522 1802 praegnantibus
3547 1741 3808 1803 parcant;
3835 1741 3894 1789 et
3922 1733 4092 1789 casti-

807 1839 964 1902 ptura
999 1835 1229 1882 testatur
1251 1823 1403 1896 (Gen.
1430 1820 1512 1891 Ill)
1543 1835 1557 1873 :
1589 1836 1608 1870 ι
1637 1816 2014 1887 Vidit,inquit,
2044 1812 2396 1886 mulierquod
2421 1821 2472 1885 Β
2502 1821 2630 1876 tatis
2677 1820 2918 1893 regulam
2955 1821 3162 1878 violare
3199 1838 3544 1894 nequaquam
3589 1824 3840 1880 homines
3889 1825 4089 1882 erube-

809 1922 1006 1977 bonum
1035 1926 1177 1974 esset
1206 1917 1409 1987 lignum
1441 1912 1506 1967 ad
1550 1909 1916 1966 vescendum:
1950 1925 1970 1961 ι
2021 1919 2148 1964 ecce
2192 1921 2392 1963 concu-

813 2014 1076 2088 piscentia
1107 2010 1318 2075 carnis;
1367 2004 1560 2063 deinde
1607 2003 1898 2074 sequitur:
1940 2019 1958 2054 ι
1986 1999 2053 2056 Et
2105 2002 2392 2073 pulchrum

810 2112 1002 2175 oculis,
1035 2119 1364 2179 aspectuque
1391 2100 1706 2159 delectabile
1735 2117 1749 2153 :
1784 2117 1804 2152 ι
1833 2111 1960 2155 ecce
1989 2095 2237 2168 superbia
2264 2111 2395 2152 ocuo

810 2204 1005 2260 lorum.
1037 2201 1140 2256 Per
1160 2197 1345 2254 oculos
1372 2197 1514 2252 enim
1544 2194 1827 2266 superbire
1854 2192 2220 2259 convincitur,
2242 2193 2396 2266 quis-

811 2293 932 2366 quis
959 2295 1009 2346 in
1038 2291 1122 2346 bis
1151 2305 1268 2360 qua:
1295 2289 1436 2343 Deus
1465 2287 1734 2358 prohibet,
1763 2285 2082 2342 delectatur.
2116 2285 2387 2358 Superbia

814 2401 941 2440 vero
968 2386 1088 2439 vita:
1117 2381 1238 2448 fuit,
1263 2397 1385 2436 cum
1415 2379 1609 2436 mulier
1633 2379 1821 2436 eadem
1867 2394 1933 2434 ex
1975 2393 2073 2435 ore
2123 2381 2394 2451 serpentis

814 2478 1042 2533 libenter
1067 2477 1271 2530 audivit
1299 2489 1313 2528 :
1350 2493 1368 2526 ι
1402 2473 1569 2528 Eritis
1596 2471 1857 2537 sicutdii,
1908 2471 2143 2528 scientes
2194 2471 2394 2530 bonum

814 2581 867 2623 et
894 2567 1094 2620 malum
1119 2560 1361 2636 (lbid.).i

885 2658 1054 2714 Totus
1077 2659 1258 2727 itaque
1286 2654 1516 2711 mundus
1543 2655 1648 2711 hoc
1673 2661 1915 2726 tempore
1942 2651 2078 2708 nihil
2120 2659 2205 2709 est
2250 2649 2396 2707 aliud

815 2752 915 2807 nisi
944 2750 1086 2822 gula,
1125 2747 1372 2813 avaritia,
1421 2755 1584 2817 atque
1611 2745 1799 2800 libido.
1864 2743 1933 2800 Et
1965 2744 2104 2800 sicut
2137 2743 2266 2799 olim
2298 2741 2395 2797 tri-

815 2842 1006 2897 fariam
1030 2839 1231 2895 divisus
1254 2848 1339 2894 est
1367 2838 1538 2900 orbis,
1561 2845 1620 2890 ut
1647 2836 1822 2891 tribus
1848 2834 2009 2890 simul
2056 2832 2396 2906 principibus

819 2933 1121 3003 subjaceret
1145 2946 1159 2995 ;
1189 2929 1260 2982 2ta
1292 2943 1433 2984 nunc
1460 2942 1630 2998 genus
1658 2927 1972 2992 humanum,
2007 2924 2114 2981 heu
2142 2924 2277 2995 proh
2299 2923 2396 2979 do-

2499 1922 2683 1980 scunt,
2737 1928 2904 1984 quam
2961 1915 3110 1972 circa
3155 1927 3503 1989 praegnantes
3549 1932 3680 1973 suas
3729 1928 3788 1974 et
3832 1917 4090 1975 animalia

2498 2013 2645 2060 muta
2675 2003 3005 2060 custodiunt.
3035 2007 3190 2074 Vide,
3223 2022 3256 2063 o
3283 2009 3467 2075 homo,
3525 2023 3738 2076 canem,
3777 2009 3823 2066 si
3875 2010 4091 2066 canicu-

2494 2095 2625 2162 lam,
2658 2107 2946 2168 postquam
2977 2100 3249 2171 concepit,
3287 2099 3635 2172 aggreditur;
3686 2101 3871 2172 aspice
3924 2101 4092 2156 bucu-

2494 2185 2626 2252 lam,
2651 2187 2734 2242 vel
2758 2199 2908 2244 certe
2932 2202 3154 2259 equam,
3178 2189 3224 2244 si
3250 2201 3374 2259 post
3397 2199 3719 2262 conceptum
3736 2207 3766 2245 a
3789 2190 3905 2247 suis
3934 2190 4091 2246 mari-

2495 2280 2598 2335 bus
2621 2280 2984 2336 insectantur.
3012 2281 3267 2352 lgnorant
3295 2283 3494 2355 quippe
3527 2283 3759 2340 coeundi
3786 2284 4090 2353 libitinem,

2495 2385 2621 2427 cum
2669 2371 2860 2429 deesse
2900 2374 3003 2429 sibi
3048 2375 3301 2446 gignendi
3340 2378 3688 2447 conspiciunt
3741 2379 4081 2434 facultatem.

2497 2461 2633 2518 Cum
2653 2476 2785 2535 ergo
2825 2464 2990 2529 tauri,
3013 2481 3198 2531 canes,
3249 2475 3305 2521 et
3335 2475 3535 2522 caetera
3561 2466 3860 2524 bestiarum
3885 2483 4087 2540 genera

2497 2550 2698 2608 fetibus
2759 2554 2872 2608 suis
2920 2556 3282 2610 reverentiam
3333 2557 3645 2626 praebeant;
3683 2557 3781 2613 soli
3813 2557 4088 2628 homines,

2495 2659 2726 2714 quorum
2759 2646 2961 2703 Doctor
2995 2645 3062 2702 de
3089 2647 3311 2720 Virgine
3343 2659 3505 2704 natus
3551 2658 3658 2716 est,
3707 2659 3766 2704 ut
3814 2659 3944 2706 vota
3989 2666 4088 2707 sua

2496 2735 2737 2792 libidinis
2763 2737 3036 2808 expleant,
3072 2739 3326 2809 parvulos
3378 2756 3527 2806 suos,
3575 2742 3668 2813 qui
3711 2743 3780 2798 ad
3827 2742 3924 2799 Dei
3974 2744 4090 2800 for-

2499 2837 2717 2884 mantur
2744 2830 3052 2901 imaginem,
3079 2842 3339 2890 necantes
3358 2836 3606 2891 obterere
3631 2852 3742 2891 non
3771 2835 4086 2893 formidant.

2496 2917 2639 2975 Hinc
2665 2930 2749 2975 est
2773 2925 2917 2991 quod
2942 2923 3214 2979 nonnulla:
3242 2925 3499 2982 mulieres
3533 2936 3658 2984 ante
3682 2929 3928 2999 pariendi
3957 2938 4092 2984 tem-

814 3025 926 3082 lor!
957 3025 1039 3078 his
1069 3023 1240 3077 tribus
1266 3021 1414 3075 vitiis
1434 3019 1652 3074 servilia
1679 3018 1817 3074 colla
1845 3017 2401 3083 substernit,eorum-
2500 3025 2603 3081 pus
2631 3014 2929 3077 abortiunt,
2959 3022 3053 3068 aut
3075 3025 3225 3070 certe
3255 3017 3543 3086 multilata,
3586 3018 3669 3074 vel
3700 3020 3825 3075 laesa
3873 3034 4094 3076 eorum-

813 3131 919 3188 que
947 3117 1099 3186 quasi
1131 3113 1351 3169 totidem
1381 3121 1733 3185 tyrannorum
1763 3110 1970 3182 legibus
2018 3110 2400 3182 obtemperan-
2503 3102 2624 3156 dem
2647 3103 2999 3172 parvulorum
3033 3115 3217 3162 tenera
3247 3107 3425 3164 adhuc
3459 3111 3746 3167 niembella
3781 3113 4089 3182 reperiunt.

817 3219 899 3264 ter
920 3208 1120 3263 obedit.
1155 3225 1172 3258 ι
1193 3204 1392 3262 Omnes
1412 3205 1579 3270 enim,
1608 3203 1749 3260 sicut
1786 3202 2066 3273 Scriptura
2087 3202 2241 3270 dicit,
2267 3216 2400 3256 ava-
2428 3191 2476 3256 C
2506 3192 2576 3247 Ει
2597 3192 2701 3248 hoc
2726 3195 2888 3250 modo
2908 3195 3036 3250 dum
3060 3197 3128 3253 ad
3144 3198 3381 3256 libidinis
3393 3199 3643 3258 feruntur
3664 3204 3932 3260 incentiva
3956 3221 4095 3277 pra-

817 3299 1200 3362 ritiastudent,
1229 3298 1496 3352 aminimo
1522 3309 1694 3367 usque
1719 3295 1786 3350 ad
1815 3295 2109 3351 maximum
2132 3294 2398 3366 (tamur,

813 3390 927 3446 δεῖ.
950 3390 1047 3460 vt).
1085 3409 1103 3442 ›
1140 3390 1214 3444 De
1242 3387 1363 3460 gula
1392 3401 1521 3443 vero
1569 3386 1698 3457 quid
1742 3387 1942 3454 dicam,
1994 3401 2116 3442 cum
2160 3387 2400 3457 opulenti

813 3482 1015 3553 quique
1036 3482 1280 3537 nesciant
1301 3481 1523 3545 famem,
1549 3495 1824 3550 nunquam
1859 3479 2241 3551 praestolentur
2275 3494 2401 3536 mu-

815 3574 985 3629 riem?
1022 3571 1314 3628 Tumentcs
1346 3579 1582 3638 ventres,
1625 3571 1727 3627 nisi
1768 3571 1927 3627 citius
1963 3586 2059 3643 per
2105 3582 2398 3641 utrumque

815 3666 1089 3735 spiramen
1127 3663 1395 3719 elfolleant
1421 3704 1435 3726 ,
1475 3663 1739 3734 crepitum
1789 3663 1949 3718 ilibus
1999 3663 2398 3728 reformidant,

814 3767 868 3812 et
906 3759 984 3812 sic
1021 3757 1077 3811 in
1114 3755 1360 3810 manibus
1387 3753 1578 3808 fistula
1604 3754 1856 3809 consistit
1881 3753 2225 3808 incolumitas
2255 3754 2397 3808 vitae.

814 3850 919 3906 Ora
958 3846 1288 3901 llainntantia
1351 3845 1745 3915 crapulantur,
1806 3858 1904 3900 nec
1953 3853 2132 3900 tamen
2185 3844 2399 3900 dicendi

816 3951 976 4004 sunt,
1021 3938 1234 3994 fastidio
1271 3937 1591 4008 prohibente
1625 3979 1638 4002 ,
1680 3938 1963 3993 comedere
1996 3978 2010 4004 ,
2068 3940 2162 3994 sed
2221 3940 2400 4008 potius

816 4036 924 4106 29
943 4034 1182 4105 ligurire.
1205 4034 1377 4103 Atque
1398 4033 1517 4088 ideo
1541 4034 1665 4088 dum
1684 4031 1902 4087 afﬂictio
1924 4031 2105 4088 carnis
2128 4045 2157 4083 a
2183 4031 2398 4084 cunctis

812 4125 1200 4197 pmnitcntibus
1227 4137 1363 4194 pene
1385 4125 1680 4193 respuitur,
1709 4125 1763 4177 in
1791 4121 2132 4192 praeligeudis
2162 4122 2395 4192 poenitu-

817 4217 1005 4272 dinum
1057 4211 1277 4286 iudiciis
1335 4215 1484 4287 vigor
1510 4231 1775 4270 canonum
1808 4215 2048 4268 funditus
2085 4225 2394 4268 enervatur.

815 4310 1178 4380 Quamobrem
1206 4320 1298 4365 aut
1322 4310 1459 4365 liber
1488 4311 1709 4366 omnino
1729 4310 2058 4364 claudendus
2108 4318 2190 4364 est
2237 4324 2402 4364 cano-

814 4419 967 4465 num,
991 4412 1084 4456 aut
1109 4418 1137 4456 a
1168 4401 1475 4473 delegandaa
1500 4403 1828 4471 poenitentia
1867 4403 2139 4456 taxatione
2179 4414 2398 4457 cessano

819 4497 968 4549 dum.
999 4495 1131 4560 Quis
1160 4495 1299 4548 enim
1322 4495 1662 4550 saecularium
1691 4495 1852 4555 ferat.
1891 4495 1936 4549 si
1969 4494 2050 4548 vel
2081 4495 2258 4548 triduo
2308 4511 2403 4564 per

820 4583 1212 4640 hebdomadam
1268 4583 1509 4652 jejunare
1560 4584 1874 4653 pnecipias?
1932 4583 2085 4638 Modo
2135 4586 2400 4640 stomachi

819 4675 1088 4730 Iasionem
1112 4675 1383 4736 simulant.
1410 4675 1567 4730 modo
1596 4675 1810 4744 splenii,
1837 4675 1949 4728 sive
1974 4677 2166 4730 vesica:
2205 4676 2403 4732 lamen-

821 4775 1003 4820 tantur
1031 4765 1273 4828 exitium,
1304 4766 1461 4820 modo
1501 4766 1725 4820 marcidi
1756 4766 2024 4835 pulmonis
2055 4767 2184 4822 vitio
2232 4769 2399 4823 inter-

819 4857 962 4913 cludi
991 4858 1208 4912 sibimet
1233 4857 1526 4913 anhelitum
1553 4870 1983 4928 conqueruntur.
2033 4859 2170 4916 Hinc
2216 4863 2397 4918 multi-

819 4947 988 5017 plices
1015 4947 1090 5001 rei
1119 4945 1404 5001 familiaris
1456 4965 1616 5003 curas
1673 4947 1950 5017 objiciunt,
2012 4950 2162 5006 illinc
2212 4952 2395 5010 herilis

820 5035 1108 5092 famulatus
1127 5036 1382 5104 obsequia
1409 5037 1672 5093 laboriosa
1700 5040 2055 5107 prtetendunt.
2083 5042 2219 5107 Quid
2246 5045 2396 5112 plura

818 5127 1029 5181 dicam?
1069 5125 1461 5195 Labyrintheas
1489 5137 1926 5199 argumentorum
1950 5146 2140 5186 scenas
2161 5142 2396 5198 struunt,

823 5213 1110 5270 Prothetnn
1139 5216 1390 5280 induunt,
1421 5226 1475 5270 et
1502 5219 1553 5272 in
1584 5220 1794 5273 diversa
1822 5235 1881 5274 se
1916 5219 2215 5277 formarum
2242 5239 2396 5279 mou-

822 5316 932 5362 atra
965 5317 1300 5372 convertunt,
1329 5318 1521 5364 cuncta
1550 5310 1864 5382 lauguorum
1895 5328 2091 5383 genera
2119 5316 2396 5384 simulant,

819 5413 883 5454 ut
903 5401 1043 5469 quod
1071 5401 1407 5469 potissimum
1440 5412 1703 5469 metuunt,
1739 5404 2054 5476 languorem
2075 5407 2266 5477 jejunii
2292 5427 2396 5467 non

823 5494 1120 5547 incurrant.
1157 5492 1260 5546 Sed
1300 5509 1421 5548 cum
1456 5505 1732 5566 tantopere
1757 5513 1861 5551 non
1894 5500 2122 5569 exigenti
2173 5513 2398 5569 natura,

825 5587 922 5639 sed
953 5586 1252 5654 impatienti
1279 5586 1415 5655 gula:
1441 5589 1773 5652 deserviunt,
1797 5588 1979 5652 velint,
2018 5593 2202 5656 nolint.
2233 5596 2399 5652 libera

823 5676 1062 5730 libidinis
1097 5676 1246 5732 frena
1276 5678 1540 5734 laxantur.
1571 5680 1770 5738 Venter
1791 5683 2132 5753 enim,atqne
2154 5690 2400 5757 pudenda

827 5768 1076 5838 contigua
1116 5768 1214 5824 sibi
1254 5781 1378 5825 sunt
1406 5770 1660 5828 albuitate
1687 5775 2045 5843 contermina,
2077 5787 2130 5833 et
2167 5793 2287 5835 cum
2315 5780 2403 5837 ille

2506 3285 2722 3354 cipites,
2753 3296 2878 3344 ante
2905 3289 3193 3360 parricida:
3218 3302 3344 3348 sunt
3375 3309 3537 3364 quam
3559 3307 3846 3367 parentes;
3870 3311 3926 3356 et
3946 3302 4097 3372 quod

2504 3375 2661 3432 valde
2683 3379 3053 3447 periculosum
3074 3392 3180 3450 est,
3207 3385 3334 3439 dum
3358 3387 3475 3442 haec
3495 3387 3628 3444 vitio
3650 3400 3857 3446 natura!
3869 3406 4098 3464 peccan-

2504 3467 2576 3521 tis
2608 3469 2911 3536 ascribunt,
2934 3487 3056 3528 sese
3083 3482 3191 3528 tam
3218 3474 3464 3548 flagitiosi
3496 3489 3678 3537 reatus
3703 3482 3966 3542 obnoxios
3989 3499 4096 3542 non

2505 3573 2826 3630 agnoscunt.
2851 3565 3256 3624 Verumtamem
3284 3581 3339 3626 et
3366 3573 3468 3628 hoc
3498 3573 3792 3644 aliquando
3808 3593 3913 3632 non
3941 3577 4097 3649 igno-

2505 3666 2663 3721 rant;
2698 3657 2792 3712 sed
2820 3659 2946 3713 dum
2975 3659 3259 3717 lucrantur
3312 3665 3674 3736 ignorantiam
3703 3669 3909 3740 populi,
3934 3671 4100 3728 dissi-

2504 3747 2711 3802 mulant
2735 3749 2837 3805 hoc
2863 3753 3239 3810 sacerdotibus
3266 3757 3532 3814 confiteri.
3552 3759 3775 3827 Barrus,
3791 3763 3882 3832 qui
3905 3773 3961 3818 et
3985 3764 4099 3822 ble-

2500 3837 2637 3927 phas
2657 3839 2874 3906 dicitur,
2913 3843 3069 3898 unice
3089 3844 3312 3916 diligere
3335 3850 3606 3905 castitatis
3634 3853 3956 3909 munditiam
3972 3872 4100 3927 per-

2502 3925 2741 3996 hibetur,
2765 3940 2819 3984 et
2839 3943 3064 3988 eatenus
3086 3947 3403 3993 exsecratur
3431 3940 3669 3997 obscena
3701 3943 3938 4000 libidinu.
3974 3925 4011 4014 v,
4041 3959 4100 4003 ut

2502 4034 2623 4074 cum
2639 4022 2704 4075 ad
2730 4025 3138 4094 propagandum
3157 4042 3328 4098 genus
3340 4033 3489 4087 coire
3503 4034 3866 4104 compellitur,
3883 4039 4096 4096 vultum

2500 4124 2623 4182 post
2677 4125 2824 4187 terga
2868 4128 3213 4189 retorqueat;
3240 4132 3296 4177 et
3329 4124 3404 4178 ita
3429 4127 3825 4196 quodammodo
3887 4141 4098 4190 natura

2501 4205 2610 4275 30
2626 4202 2848 4263 coactus
2871 4210 3120 4279 imperio,
3144 4213 3285 4268 nolle
3307 4231 3385 4282 se,
3408 4226 3572 4289 atque
3597 4221 3922 4280 erubescere
3947 4227 4094 4294 quod

2504 4300 2612 4368 agit
2642 4301 2912 4354 ostendat.
2955 4303 3134 4359 Bestia
3181 4320 3311 4376 ergo
3337 4309 3590 4378 qualibet
3636 4313 3702 4367 ad
3746 4313 3848 4385 hoc
3889 4316 4095 4372 solum-

2504 4388 2664 4444 modo
2694 4391 2823 4456 coit,
2850 4401 2910 4446 ut
2940 4396 3147 4462 gignat,
3191 4398 3354 4453 homo
3380 4399 3528 4455 solus
3568 4403 3635 4457 ad
3676 4401 3778 4459 hoc
3806 4406 4002 4477 gignit,
4040 4419 4100 4463 ut

2507 4491 2682 4536 coeat.
2726 4482 3020 4540 Pecoribus
3055 4487 3239 4558 itaque
3286 4505 3496 4548 summa
3541 4498 3936 4554 concumbeudi
3971 4517 4096 4572 par.-

2509 4583 2616 4639 tus,
2669 4576 2976 4634 hominibus
3024 4581 3155 4637 vero
3205 4598 3416 4640 summa
3457 4587 3708 4659 gignendi
3750 4593 4097 4653 concubitus.

2507 4663 2666 4720 Vultu
2676 4682 2761 4722 res
2775 4670 3016 4738 pariunt,
3035 4686 3157 4726 cum
3179 4688 3238 4729 se
3255 4689 3350 4745 per
3369 4677 3568 4734 coitum
3586 4694 3694 4735 non
3721 4695 4093 4756 corrumpant.

2503 4756 2647 4848 Apes
2689 4758 2927 4814 sobolem
2972 4777 3305 4821 successum
3345 4768 4014 4848 posteritatis‘enutriunt,
4041 4787 4098 4833 ut

2503 4845 2744 4916 virgines
2780 4864 3155 4919 perseverent.
3182 4855 3366 4926 Itaque
3395 4859 3622 4916 rationis
3647 4864 3890 4931 expertia
3925 4845 4096 4924 lilium

2507 4936 2740 5010 Virginis
2769 4942 3088 5011 imitantur;
3121 4957 3176 5002 et
3212 4949 3480 5017 homines,
3512 4954 3707 5023 quibus
3729 4957 3918 5028 utique
3940 4971 4098 5018 natus

2507 5041 2607 5096 est,
2637 5033 2863 5092 luxuria:
2903 5039 3183 5096 volutabra
3214 5042 3569 5100 delectantur.
3609 5047 3742 5116 Quis
3769 5050 3912 5106 enim
3938 5055 4097 5116 semi-

2507 5127 2662 5182 nibus
2707 5133 2911 5186 semina
2955 5133 3317 5204 superjactat?
3364 5139 3485 5210 quis
3516 5156 3704 5212 agrum
3746 5147 4093 5203 vernantium

2505 5218 2712 5274 scilicet
2740 5232 2982 5292 segetum
3020 5226 3217 5282 decore
3251 5231 3527 5296 vestitum,
3567 5231 3881 5289 sulcandum
3914 5251 4096 5294 vome-

2507 5317 2654 5371 ribus
2701 5317 2947 5387 judicat?
2999 5321 3159 5377 Mittit
3213 5326 3362 5394 prius
3414 5326 3625 5394 falcem,
3673 5338 3732 5384 ut
3798 5345 3920 5385 cum
3965 5347 4095 5406 ager

2505 5420 2696 5474 vacat,
2753 5414 2889 5467 satio
2942 5431 3067 5470 mox
3127 5429 3337 5488 segetes
3391 5422 3757 5491 gertninatura
3804 5426 4091 5495 succedat;

2504 5504 2743 5574 alioquin
2779 5507 2825 5560 si
2867 5511 3056 5564 semini
3100 5527 3284 5567 semen
3315 5513 3601 5584 ingeritur,
3632 5517 3768 5573 forte
3793 5521 4090 5594 continget,

2505 5602 2562 5648 ut
2593 5609 2694 5648 non
2727 5595 2902 5650 dicam
2934 5614 2999 5652 ex
3026 5611 3281 5671 utroque.
3327 5605 3422 5658 sed
3470 5621 3536 5661 ne
3579 5607 3645 5662 de
3689 5608 3946 5666 utrolibet
3974 5629 4095 5684 qut-

2507 5688 2627 5742 dem
2656 5702 2950 5759 proventus
2979 5695 3134 5762 cepis
3164 5696 3468 5764 colligatur.
3515 5699 3745 5758 Attende
3776 5705 3982 5776 iisque,
4013 5707 4097 5765 vir

2507 5788 2742 5852 enervis,
2776 5784 2886 5844 imo
2919 5787 3004 5844 vir
3037 5789 3261 5856 evirate,
3293 5793 3420 5864 quid
3469 5796 3696 5868 ambias,
3723 5800 3939 5859 et'scito
3965 5803 4092 5874 quia
