4260 6370
385 410 486 468 233

1539 423 1740 480 LIBER
1785 426 2064 496 PRIMUS,
2105 430 2322 488 EPIST.
2361 434 2476 488 XV.

3555 448 3661 505 εδδ

381 524 557 597 pulvis
586 535 642 583 et
669 529 806 585 cinis
832 539 933 595 est,
960 531 1026 585 ad
1055 547 1215 602 quem
1244 532 1472 591 luxuria:
1502 537 1712 595 facibus
1753 541 1964 597 inllam-
1992 551 2041 608 Α
2069 545 2209 600 diem
2248 558 2304 602 et
2349 559 2562 604 noctem
2611 550 2822 607 videtur
2869 563 3062 610 nutare
3103 557 3507 626 crepusculum,
3536 563 3663 619 dum

379 627 556 675 matus
603 623 846 687 anhelas,
901 625 1149 681 videlicet
1191 639 1250 682 ut
1300 646 1422 684 cum
1475 633 1766 690 muliebres
1813 648 1963 694 artus

378 709 743 780 amplecteris,
768 729 997 783 vermes,
1023 719 1248 785 saniem,
1281 721 1778 795 intolerabilemque
1801 729 1960 785 ficto-

375 815 510 869 rem,
559 805 703 873 quod
759 806 918 874 paulo
959 819 1082 878 post
1109 809 1288 864 futura
1328 821 1432 878 est,
1465 820 1868 887 contempleris,
1902 831 1961 876 ut

372 895 734 952 consideratio
760 896 952 954 futura:
979 902 1284 970 putredinis
1316 905 1465 960 fucos
1500 922 1663 963 causa
1695 912 1960 980 despiciat

369 982 596 1038 scenica:
643 988 956 1042 venustatis.
1020 989 1290 1059 Sapientis
1338 994 1537 1062 quippe
1589 997 1793 1066 judicio
1849 1016 1956 1054 non

370 1071 529 1128 modo
554 1073 818 1143 subiacet,
861 1078 1005 1146 quod
1052 1079 1393 1138 lenocinatur
1431 1086 1602 1142 oculis
1631 1106 1642 1140 :
1675 1090 1770 1144 sed
1811 1091 1957 1159 quod

367 1161 499 1216 latet
523 1163 685 1218 etiam
708 1165 762 1219 in
793 1167 1019 1222 materia
1048 1170 1312 1226 veritatis.
1341 1172 1728 1234 Verumtamen
1764 1195 1955 1236 omnes

366 1253 483 1306 illas
508 1255 750 1322 delicias,
773 1272 907 1327 quas
935 1276 1080 1316 nunc
1111 1265 1381 1320 uxorcula:
1409 1267 1475 1322 de
1501 1269 1615 1323 suis
1638 1271 1952 1343 coniugibus

363 1343 639 1410 exhibent,
670 1347 792 1401 aliis
821 1365 1036 1420 quoque
1082 1354 1214 1408 viris
1245 1370 1469 1412 necesse
1515 1370 1599 1417 est
1636 1365 1948 1432 prmbeant;

361 1433 403 1488 si
429 1449 526 1489 eas
565 1445 686 1505 post
724 1452 910 1493 eorum
963 1441 1168 1498 obitum
1201 1445 1431 1512 biviras,
1467 1459 1525 1504 ut
1569 1454 1830 1521 assolent,
1858 1468 1952 1512 aut

359 1524 522 1580 etiam
549 1527 762 1585 triviras
800 1545 920 1586 esse
961 1536 1261 1607 contingat.
1291 1537 1404 1594 Non
1435 1551 1519 1596 est
1556 1545 1634 1598 eis
1667 1545 1799 1601 ﬁdes
1838 1549 1947 1602 ulla

357 1628 478 1688 post
501 1628 752 1686 mortem,
771 1623 864 1678 sed
884 1625 1010 1678 dum
1027 1623 1242 1696 placere
1263 1630 1395 1686 viris
1413 1636 1806 1701 posterioribus
1817 1656 1948 1696 eon-

357 1708 746 1778 cupiscibiliter
777 1723 1059 1782 appetunt,
1096 1719 1287 1774 audire
1318 1735 1535 1790 quoque
1569 1742 1762 1783 nomen
1797 1732 1946 1799 prio-

355 1813 470 1854 rum
495 1799 710 1856 suffusa
735 1803 933 1859 rubore
965 1805 1190 1873 vultum,
1223 1810 1564 1877 impudenter
1586 1819 1935 1875 erubescunt.

419 1885 557 1944 Novi
588 1889 747 1958 plane
774 1891 969 1958 virum,
1003 1896 1130 1950 dum
1182 1896 1388 1954 illatam
1426 1906 1580 1959 uxori
1623 1906 1810 1963 ulcisci
1854 1926 1943 1966 co-
1971 1882 2018 1941 Β

352 1988 574 2033 paretur
602 1979 872 2048 injuriam,
902 1983 1097 2053 gladiis
1146 1987 1554 2060 interemptum,
1591 2009 1711 2064 quae
1759 2007 1940 2055 tamen

355 2067 420 2121 ad
465 2068 733 2124 secundas
777 2071 1042 2142 migrasse
1096 2077 1315 2144 nuptias
1365 2078 1586 2147 dicitur,
1646 2095 1938 2156 antequam

351 2161 473 2214 anni
507 2161 739 2216 circulus
765 2163 1102 2233 impleretur.
1144 2168 1284 2222 Eant
1317 2185 1447 2240 ergo
1491 2173 1614 2238 viri,
1655 2185 1711 2230 et
1751 2180 1939 2237 relicto

349 2251 479 2316 Deo,
507 2266 654 2322 spem
688 2254 741 2308 in
788 2257 1048 2313 uxoribus
1106 2271 1330 2329 ponant,
1383 2278 1520 2332 quas
1566 2267 1754 2337 utique
1810 2274 1935 2328 dum

349 2347 797 2418 intemperantius
849 2353 1099 2425 diligunt,
1149 2373 1290 2427 szepe
1332 2375 1428 2429 per
1468 2377 1563 2418 eas
1614 2381 1722 2418 non
1776 2371 1937 2424 modo

349 2445 623 2500 extraneis
667 2446 818 2513 viris,
867 2451 962 2506 sed
1017 2463 1073 2507 et
1110 2455 1356 2512 hostibus
1403 2460 1517 2514 suis
1547 2465 1764 2533 propria
1795 2466 1936 2522 bona

346 2533 734 2592 transmittunt.
763 2539 875 2594 lluc
905 2545 1131 2607 accedit,
1163 2549 1286 2614 quia
1317 2550 1361 2602 si
1399 2551 1594 2606 mulier
1635 2559 1932 2612 thalamum

345 2625 529 2691 violat,
579 2643 700 2681 cum
735 2629 874 2682 fama
903 2630 1015 2698 jam
1056 2637 1507 2693 convicaueorum
1542 2645 1784 2699 omnium
1835 2662 1930 2702 ora

344 2716 654 2782 pervolitet;
699 2720 782 2772 vir
815 2730 991 2775 tamen
1041 2725 1218 2779 adhuc
1266 2729 1412 2784 solus
1464 2733 1700 2803 ignorat,
1747 2746 1802 2791 et
1839 2739 1930 2808 qui

343 2821 451 2861 sua
478 2807 672 2863 domus
701 2811 1050 2880 opprobrium
1092 2819 1316 2885 pertulit
1356 2821 1581 2889 primus,
1622 2825 1709 2879 vix
1742 2807 1932 2896 depre-

343 2899 530 2955 hendit
573 2913 868 2962 extremus.
901 2907 1072 2979 lgitur
1117 2913 1387 2969 incentiva
1427 2918 1664 2974 libidinis
1712 2921 1931 2980 fomites

340 3002 463 3048 sunt
495 2997 738 3052 avaritia:
757 3009 811 3053 et
843 3004 1069 3058 materia
1105 3008 1435 3076 cupiditatis.
1464 3009 1596 3065 Nam
1625 3031 1746 3068 eum
1775 3015 1931 3071 luxu-

339 3085 415 3138 ria
454 3087 638 3143 multis
685 3101 992 3162 sumptuum
1043 3097 1284 3166 indigere
1331 3115 1437 3155 non
1492 3105 1796 3172 ambigetur
1836 3126 1930 3165 ex-

337 3175 557 3243 pensis,
622 3179 724 3233 nisi
778 3183 1160 3253 multiplicibus
1214 3191 1516 3246 exuberent
1584 3199 1923 3264 commodis,

335 3265 501 3322 ﬂuere
537 3281 814 3340 nequeunt
863 3274 915 3327 in
970 3275 1427 3336 oblectationibus
1468 3284 1778 3355 voluptatis.
1823 3290 1932 3348 Sed

335 3355 471 3411 sicut
513 3358 551 3414 ii
599 3361 692 3430 qui
727 3363 909 3419 mundi
941 3365 1102 3436 hujus
1129 3370 1428 3438 probantur
1462 3389 1583 3431 esse
1625 3381 1930 3449 vernaculi,

333 3451 564 3506 terrenis
608 3467 669 3508 se
710 3455 870 3511 rebus
909 3459 1155 3515 ambiunt
1192 3476 1463 3531 onerare;
1511 3469 1592 3523 sic
1623 3485 1781 3526 versa
1813 3475 1931 3531 vice

331 3551 482 3594 mens
506 3541 818 3600 coelestibus
844 3546 1000 3603 hians
1029 3563 1087 3604 se
1125 3550 1389 3621 gloriatur
1411 3571 1635 3616 exuere.

395 3627 442 3684 0
471 3645 636 3702 quam
662 3632 980 3702 jucundum,
1023 3654 1184 3709 quam
1227 3658 1394 3700 suave
1439 3650 1713 3719 nuntium,
1762 3669 1927 3725 quam

330 3715 560 3789 denique
602 3721 776 3779 dulcis
813 3726 882 3781 ad
913 3742 1074 3785 aures
1099 3747 1246 3788 meas
1287 3750 1461 3805 nuper
1500 3737 1644 3795 fama
1683 3715 1925 3812 dev-enit,

328 3821 442 3874 quae
499 3825 598 3866 vos
655 3812 960 3872 Ostiensem
1013 3823 1328 3879 comitatum
1376 3829 1507 3883 mihi
1566 3832 1922 3900 subtraxisse,

328 3907 381 3950 et
414 3897 504 3955 alii
545 3903 829 3960 tradidisse
867 3911 1173 3977 perhibuit!
1211 3913 1487 3972 Romanus
1522 3923 1667 3976 enim
1703 3926 1923 3992 quidam

326 3986 469 4041 velut
517 4005 783 4050 accusans
815 4005 865 4050 te
893 4001 1033 4068 apud
1075 4018 1182 4067 me,
1227 4014 1282 4059 et
1334 4016 1590 4077 tanquam
1625 4015 1754 4068 mihi
1787 4032 1920 4071 con-

326 4080 506 4138 solens
530 4093 696 4154 atque
724 4093 1071 4161 compaticns,
1102 4099 1244 4166 quod
1275 4097 1478 4156 factum
1513 4115 1632 4160 erat
1662 4107 1916 4179 innotuit,

325 4172 413 4226 sed
457 4189 623 4244 quem
669 4194 925 4237 accusare
957 4200 1014 4239 se
1040 4188 1294 4254 credidit,
1341 4194 1593 4249 nesciens
1642 4212 1920 4256 commen-

323 4264 487 4319 davit.
525 4268 640 4339 Ego
675 4274 888 4342 quidem
939 4279 1114 4346 primo
1163 4284 1315 4350 quasi
1361 4288 1602 4355 graviter
1654 4292 1771 4358 tuli,
1822 4297 1917 4351 sed

321 4359 732 4426 erumpentibus
779 4365 1098 4432 quibusdam
1151 4373 1350 4428 lmtitizc
1394 4377 1582 4446 signis,
1618 4383 1702 4436 vel
1731 4400 1916 4452 super-

324 4443 602 4505 ﬁcietenus
622 4451 725 4523 31
754 4457 966 4524 quidem
994 4476 1282 4519 maerorem
1312 4443 1570 4527 simulare
1600 4490 1704 4530 non
1737 4481 1906 4546 potui.

323 4534 471 4594 Ultro
499 4543 667 4597 etiam
691 4546 926 4602 divinam
955 4550 1183 4621 imploro
1214 4555 1583 4628 clementiam,
1617 4575 1675 4619 ut
1701 4570 1908 4637 episco-

320 4634 500 4693 patum
551 4635 876 4701 quantocius
921 4642 1174 4699 ordinare
1213 4663 1318 4701 non
1362 4650 1597 4717 differas,
1633 4665 1686 4710 et
1721 4634 1904 4717 sterile

319 4720 530 4776 arenosi
583 4721 781 4780 littoris
827 4739 1067 4786 aratrum
1119 4737 1248 4790 mihi
1299 4740 1368 4794 de
1422 4746 1670 4801 manibus
1723 4750 1897 4808 tollas.

318 4804 428 4863 Non
457 4812 609 4866 enim
643 4825 727 4871 est
770 4817 930 4888 hujus
982 4827 1258 4894 temporis,
1306 4839 1366 4885 ut
1407 4835 1497 4902 qui
1547 4839 1798 4906 puritatis
1843 4855 1901 4905 et

318 4896 644 4960 innocentiae
703 4911 972 4967 tramitem
1034 4924 1218 4974 tenere
1276 4920 1587 4993 desiderat,
1645 4929 1901 4990 Ecclesia;

318 4986 554 5058 baiulare
598 4999 838 5067 regimen
882 5006 1193 5073 acquiescat
1222 5028 1233 5063 :
1264 5025 1384 5066 cum
1425 5016 1671 5074 videlicet
1710 5037 1902 5081 omnes

317 5093 444 5146 pene
471 5097 574 5151 per
617 5087 870 5144 vitiorum
911 5094 1135 5166 abrupta
1178 5102 1498 5173 praecipites,
1545 5117 1598 5164 et
1645 5119 1901 5184 tanquam

316 5166 556 5230 furentes
581 5179 707 5247 equi
734 5196 827 5249 per
849 5185 1180 5264 voluptatum
1216 5207 1434 5250 suarum
1466 5213 1686 5270 campos
1727 5205 1902 5262 feran-

320 5267 400 5314 tur
427 5261 687 5321 eil‘renes.
727 5268 793 5323 Et
823 5273 952 5342 quid
981 5259 1123 5332 aliud
1164 5281 1303 5335 inter
1328 5285 1442 5340 haec
1471 5298 1548 5343 tot
1572 5259 1898 5360 iiagitiorum

319 5352 449 5407 mala
496 5361 922 5429 perpendimus,
964 5368 1065 5422 nisi
1106 5371 1230 5440 quia
1274 5385 1500 5432 venturo
1550 5381 1710 5438 citius
1749 5387 1902 5442 Anti-

318 5443 514 5502 christo
541 5451 632 5503 via
674 5450 786 5518 jam
825 5459 1107 5523 sternitur,
1143 5476 1242 5533 per
1281 5481 1442 5536 quam
1489 5471 1764 5532 inoll‘ensis
1807 5496 1899 5536 ne-

318 5536 488 5601 quitia:
511 5555 631 5595 sua:
659 5546 896 5617 vestigiis
919 5552 1230 5621 gradiatur?
1259 5558 1389 5614 Nam
1428 5565 1565 5619 sicut
1594 5567 1724 5623 dicit
1751 5573 1895 5642 Apo-

319 5626 478 5682 stolus
519 5649 532 5683 :
588 5651 608 5684 c
652 5633 958 5704 Mysterium
1003 5642 1114 5710 jam
1165 5661 1417 5716 operatur
1461 5655 1762 5726 iniquitatis
1798 5626 1896 5733 .(II

322 5714 490 5773 Thus.
511 5727 599 5792 ιι).
621 5743 639 5775 ι
671 5725 894 5782 Μιηιάυς
923 5734 1182 5802 siquidem
1201 5714 1371 5796 lucem
1397 5714 1634 5802 tenebris
1662 5714 1890 5819 mutilat,

320 5821 428 5864 curn
451 5813 567 5882 ejus
599 5815 713 5885 jam
753 5822 1012 5878 terminus
1047 5830 1455 5900 appropinquat.
1488 5835 1552 5889 Et
1581 5839 1721 5894 velut
1753 5841 1892 5899 inter

631 5909 910 5972 Parnm.
967 5919 1240 5986 CXLIV.

2065 645 2420 698 occumbente
2463 646 2584 701 luce
2638 648 2942 713 virtutum,
2999 666 3102 705 nox
3146 652 3322 707 oritur
3385 655 3661 710 vitiorum.

2065 732 2217 798 Quod
2243 735 2499 789 nimirum
2526 727 2660 793 illud
2680 738 2911 793 Abralize
2936 742 3312 809 portendebat,
3341 746 3483 814 quod
3516 747 3664 801 Scri-

2062 831 2222 893 ptura
2253 827 2613 893 pronuntiat:
2662 848 2680 880 ‹
2717 829 2851 885 Cum
2905 831 3004 895 sol,
3052 833 3248 903 inquit,
3291 838 3662 904 occumberet,

2061 929 2225 982 sopor
2259 917 2416 972 irruit
2454 934 2616 989 super
2653 921 2956 986 Abraham,
3002 933 3056 978 et
3106 923 3303 982 horror
3338 944 3566 1000 magnus
3607 943 3664 986 et

2060 1006 2381 1063 tenebrosus
2402 1010 2601 1067 invasit
2626 1024 2750 1068 eum
2774 1012 2928 1086 (Gen.
2953 1017 3065 1087 xv).
3087 1037 3106 1069 ι
3135 1018 3267 1072 Nam
3292 1020 3423 1076 solis
3443 1026 3663 1080 occubi-

2060 1103 2148 1151 tus
2193 1098 2378 1154 mundi
2427 1101 2674 1170 designat
2706 1119 2994 1170 occasum;
3037 1109 3235 1162 horror
3261 1125 3392 1166 vero
3431 1129 3660 1186 magnus

2055 1193 2111 1239 et
2150 1183 2470 1244 tenebrosus
2509 1192 2762 1246 vitiorum
2804 1195 3002 1264 ﬁgurat
3037 1199 3436 1270 criminumque
3472 1206 3662 1276 caligi-

2055 1289 2223 1341 nem,
2289 1294 2411 1347 qua:
2455 1282 2696 1350 quotidie
2747 1286 3068 1354 pestilenter
3124 1290 3510 1349 inhorrescunt
3559 1313 3662 1366 per

2053 1375 2376 1425 aestuantem
2413 1375 2767 1443 reproborum
2809 1379 3087 1436 hominum
3120 1386 3466 1454 pravitatem.
3503 1390 3660 1447 Unde

2053 1465 2106 1511 et
2137 1458 2247 1515 illic
2280 1463 2442 1530 paulo
2467 1479 2589 1534 post
2634 1468 2890 1527 additur:
2921 1491 2939 1524 ι
2974 1473 3107 1528 Cum
3140 1493 3270 1548 ergo
3309 1483 3660 1540 occubuisset

2053 1551 2155 1617 sol,
2185 1551 2324 1608 iacta
2352 1567 2436 1611 est
2464 1559 2637 1629 caligo
2669 1565 2980 1628 tenebrosa,
3023 1578 3079 1635 et
3120 1574 3370 1639 apparuit
3407 1575 3658 1633 clibanus

2050 1641 2266 1700 fumans
2292 1647 2486 1718 ('ibid.).
2527 1672 2546 1703 ι
2579 1652 2734 1710 Sicut
2775 1657 2921 1711 enim
2967 1659 3149 1717 fumus
3188 1680 3251 1718 ex
3296 1666 3418 1735 igne
3455 1671 3658 1727 clibani

2050 1737 2363 1801 vaporantis
2389 1742 2693 1810 egreditur;
2745 1745 2821 1800 ita
2861 1748 3116 1806 vitiorum
3150 1758 3393 1810 omnium
3421 1759 3654 1829 flagitio-

2050 1837 2279 1894 rumque
2304 1829 2479 1900 caligo
2507 1834 2573 1888 de
2601 1836 2817 1891 camino
2843 1844 3126 1897 mstnantis
3156 1849 3400 1904 avaritia:
3429 1866 3654 1919 genera-

2049 1923 2156 1980 tur,
2205 1917 2350 1974 sicut
2393 1924 2526 1978 dieit
2569 1927 2907 1996 Apostolus:
2957 1953 2976 1985 ί
3013 1935 3148 2002 Quia
3199 1943 3354 1996 radix
3404 1917 3650 2002 omnium

2043 2005 2310 2063 malorum
2357 2016 2586 2070 avaritia
2634 2029 2718 2074 est
2763 2021 2851 2089 (II
2884 2024 3019 2081 Tim.
3049 2031 3147 2099 vi).
3185 2051 3203 2084 ι
3247 2032 3315 2087 Et
3354 2036 3461 2093 hoc
3501 2040 3652 2098 circa

2041 2094 2206 2150 linem
2231 2099 2360 2167 diei,
2401 2104 2506 2160 hoc
2533 2116 2636 2175 est,
2674 2110 2819 2167 circa
2852 2117 3146 2174 terminum
3175 2125 3382 2179 mundi.
3410 2127 3650 2186 Fumans

2041 2199 2171 2256 ergo
2214 2190 2462 2250 clibanus
2501 2199 2847 2259 tenebrosam
2897 2206 3187 2278 caliginem
3228 2227 3474 2285 generat,
3520 2223 3651 2290 quia

2040 2280 2292 2337 caminus
2321 2287 2586 2354 avaritire,
2614 2294 2705 2361 qui
2739 2295 2792 2349 in
2833 2312 3128 2366 pravorum
3158 2303 3439 2364 hominum
3464 2323 3651 2381 pecto-

2039 2369 2192 2424 ribus
2240 2383 2452 2442 acstuat,
2499 2382 2683 2438 multis
2736 2390 3152 2454 perversitatutn
3200 2369 3650 2460 tenebris-mun-

2038 2459 2166 2514 dum
2195 2466 2514 2533 pestilenter
2537 2473 2810 2531 obscurat.
2849 2479 2933 2535 An
2973 2497 3080 2538 non
3108 2499 3320 2545 mentes
3345 2493 3645 2552 infelicium

2037 2563 2225 2620 caecat,
2257 2573 2378 2626 qua:
2413 2562 2622 2619 scilicet
2646 2575 2701 2622 et
2742 2568 2901 2625 ﬁdem
2929 2574 3086 2638 tollit,
3112 2585 3167 2633 et
3199 2583 3444 2638 euntium
3474 2589 3645 2642 virtu-

2039 2653 2149 2698 tum
2201 2647 2256 2702 in
2301 2664 2489 2707 eorum
2539 2660 2796 2715 cordibus
2847 2662 3030 2721 lumen
3097 2673 3433 2743 exstinguit?
3491 2679 3644 2733 Unde

2038 2749 2160 2790 cum
2197 2739 2326 2794 illud
2355 2747 2708 2812 praemisisset
2734 2753 3046 2822 Apostolus,
3073 2739 3641 2829 prmsio'subintulit:

2041 2844 2058 2876 ι
2100 2827 2292 2896 Quam,
2325 2852 2344 2883 ι
2379 2836 2628 2894 videlicet
2662 2843 2970 2912 avaritiam,
3018 2867 3036 2899 ι
3075 2853 3294 2920 quidam
3325 2871 3644 2927 appetentes

2034 2931 2412 2979 erraverunta
2445 2926 2569 2992 fide,
2595 2939 2650 2985 et
2677 2932 3028 2993 inseruerunt
3068 2956 3128 2995 se
3169 2945 3451 3003 doloribus
3500 2951 3642 3006 mul-

2035 3009 2108 3065 tis
2155 3012 2353 3086 (ibid.).
2386 3038 2404 3071 ι
2442 3019 2622 3079 Multis
2665 3028 2864 3098 quippe
2908 3047 2967 3086 se
3014 3033 3295 3095 doloribus
3353 3042 3640 3113 inserunt,

2036 3101 2164 3157 dum
2208 3117 2428 3177 propter
2492 3118 2810 3185 temporalia
2864 3120 3012 3176 lucra
3067 3125 3433 3187 infmderabili
3496 3151 3524 3188 a
3581 3153 3643 3192 se

1961 3233 2003 3294 C
2040 3193 2274 3251 invicem
2300 3201 2575 3259 simultate
2623 3208 2888 3263 resiliunt.
2919 3212 2980 3266 Et
3015 3215 3332 3288 plerumque
3371 3223 3498 3279 dum
3544 3244 3644 3297 pro

2037 3290 2411 3356 corporalibus
2439 3295 2493 3349 in
2524 3315 2672 3353 arma
2699 3313 3052 3369 concurrunt,
3096 3323 3127 3362 e
3169 3315 3491 3381 corporibus
3522 3322 3644 3375 ani.

2034 3393 2151 3435 mas
2180 3395 2401 3440 exeunt.
2433 3387 2536 3456 Qui
2576 3406 2704 3446 vero
2735 3392 2864 3449 solis
2903 3397 3218 3456 caelestibus
3262 3403 3641 3477 inardescunt,

2030 3484 2131 3540 pro
2180 3473 2457 3533 doloribus
2502 3482 2960 3542 oblectationibus
3014 3492 3331 3563 potiuntur;
3394 3503 3519 3571 quia
3583 3505 3638 3560 in

2030 3561 2289 3623 fraternae
2342 3571 2634 3630 charitatis
2678 3576 2961 3634 dulcedine
3021 3584 3359 3643 unanimiter
3426 3593 3637 3651 vivunt.

2029 3653 2167 3711 Hinc
2216 3668 2322 3725 est,
2363 3665 2506 3732 quod
2555 3665 2606 3720 in
2651 3667 2743 3724 illo
2790 3667 3063 3730 sacrillcio
3106 3680 3440 3749 vespertino,
3490 3690 3637 3754 quod

2029 3754 2158 3804 tunc
2198 3747 2473 3810 Abraham
2523 3756 2741 3826 obtulit,
2792 3778 2988 3832 pecora
3024 3747 3246 3837 quidem
3290 3747 3523 3832 terrena-
3563 3782 3634 3835 ab

2028 3837 2259 3897 invicem
2309 3859 2648 3915 sequestrata
2699 3859 3026 3925 composuit,
3082 3861 3175 3916 sed
3228 3865 3465 3924 volatilia
3521 3887 3630 3926 non

2027 3929 2290 3998 abjunxit.
2346 3935 2499 3992 Unde
2556 3940 2892 4010 Scriptura:
2947 3967 2966 4000 ‹
3019 3949 3119 4016 Qui
3170 3954 3382 4022 tollens,
3432 3959 3631 4029 inquit,

2026 4021 2279 4076 universa
2330 4026 2462 4089 haec,
2503 4031 2685 4085 divisit
2731 4050 2793 4088 ea
2841 4053 2939 4105 per
2975 4042 3234 4105 medium,
3289 4055 3339 4100 et
3373 4059 3633 4120 utrasque

2024 4123 2208 4180 partes
2235 4125 2422 4171 contra
2460 4136 2516 4174 se
2549 4124 2874 4182 altrinsecus
2907 4134 3106 4199 posuit,
3150 4152 3278 4191 aves
3306 4151 3486 4196 autem
3522 4162 3631 4200 non

2023 4202 2374 4276 divisit(Cen.
2396 4210 2508 4281 xv).
2534 4232 2551 4263 ι
2573 4212 2810 4270 Terrena
2826 4221 3041 4286 quidem
3065 4227 3317 4282 animalia
3334 4243 3520 4287 contra
3544 4253 3626 4302 se,

2021 4300 2076 4346 et
2097 4292 2424 4354 altrinsecus
2449 4310 2958 4377 opponuntur,quia
2986 4316 3184 4370 terreni
3211 4319 3412 4389 quique
3435 4337 3626 4380 contra

2017 4386 2299 4452 proximos
2317 4387 2516 4462 jurgiis
2543 4404 2598 4449 et
2619 4401 3060 4459 contentionibus
3083 4410 3332 4473 szeviunt,
3367 4416 3447 4468 vel
3474 4427 3624 4474 certe

2015 4476 2246 4532 occultis
2268 4481 2534 4539 adversus
2559 4502 2654 4541 eos
2675 4488 2923 4546 odiorum
2949 4493 3228 4554 fomitibus
3248 4502 3621 4563 inardescunt.

1935 4592 1988 4658 υ
2015 4559 2086 4618 At
2113 4578 2302 4622 contra
2327 4571 2418 4640 qui
2448 4577 2648 4630 sesein
2693 4579 2859 4633 altqu
2884 4583 3123 4641 caelestis
3155 4592 3409 4647 desiderii
3440 4597 3622 4665 pluma

1994 4657 2326 4724 'sustollunt,
2357 4663 2484 4718 dum
2508 4669 2838 4726 sacrificium
2867 4673 2978 4730 Deo
3009 4683 3332 4750 semetipsos
3357 4685 3613 4756 offerunt,

2013 4763 2043 4801 a
2078 4759 2275 4805 mutua:
2298 4753 2605 4811 dilectionis
2637 4761 2847 4830 glutino
2880 4783 2984 4821 non
3020 4775 3298 4828 recedunt.

2081 4840 2188 4911 32
2217 4842 2338 4899 llaec
2353 4850 2492 4916 apud
2513 4859 2582 4915 te,
2601 4857 2932 4914 venerabilis
2954 4860 3133 4927 Pater,
3153 4866 3218 4920 de
3235 4873 3416 4925 mundi
3437 4873 3624 4932 furen-

2013 4929 2078 4984 tis
2094 4931 2300 4989 insania
2316 4953 2642 5007 conqueror,
2659 4961 2821 5012 quem
2847 4959 2900 5004 et
2923 4950 3092 5008 tolera
3103 4971 3156 5009 re
3172 4961 3482 5027 quotidieet
3505 4968 3622 5022 odi-

2010 5035 2070 5075 re
2091 5027 2403 5095 compellor.
2439 5029 2546 5085 Nec
2561 5042 3112 5099 accusatorisvereor
3136 5059 3344 5116 notam,
3379 5055 3505 5109 dum
3539 5059 3618 5114 illi

2006 5112 2430 5184 delinquentium
2459 5137 2671 5193 expono
2698 5127 3092 5203 ilagitium,qui
3111 5139 3419 5208 corrigendi
3443 5162 3613 5215 prava

2004 5217 2116 5272 prae
2139 5209 2353 5264 creteris
2371 5211 2977 5288 obtinctprincipatum.
3006 5225 3125 5282 Non
3155 5231 3303 5285 enim
3333 5231 3616 5293 detractor

2006 5294 2110 5350 iUe'
2145 5297 2406 5356 dicendus
2454 5315 2560 5368 est,
2613 5310 2704 5376 qui
2753 5313 2801 5366 ei
2856 5324 3012 5369 curat
3058 5323 3367 5378 errantium
3421 5341 3606 5386 reatus

2006 5401 2299 5458 exponere,
2324 5395 2416 5463 qui
2445 5397 2584 5451 valet
2614 5415 2698 5464 ea,
2723 5417 2844 5470 qua:
2873 5413 3074 5463 temere
3098 5425 3428 5485 praesumpta
3458 5429 3606 5481 Stllll,

2008 5480 2328 5536 emendare.-
2365 5483 2488 5540 llazc
2534 5504 2697 5558 porro
2744 5494 2876 5550 Elia:
2929 5499 3089 5553 verba
3137 5513 3270 5556 sunt
3315 5480 3436 5575 (ill
3467 5509 3602 5580 Reg.

2007 5571 2158 5639 xix):
2195 5592 2212 5623 ‹
2251 5573 2452 5628 Αἰιοτὶει
2486 5588 2594 5644 tua,
2645 5582 2891 5646 Domine,
2943 5571 3355 5656 destruxerunt,
3390 5607 3443 5649 et
3476 5615 3607 5666 pro-

2002 5661 2196 5729 phetas
2224 5675 2342 5719 tuos
2370 5669 2688 5725 occiderunt
2738 5673 2936 5742 gladio,
2967 5689 3020 5731 et
3055 5681 3274 5735 relictus
3319 5702 3439 5738 sum
3495 5704 3596 5759 ego

2003 5753 2167 5808 solus.
2211 5777 2228 5806 υ
2281 5758 2378 5812 Cui
2437 5760 2698 5815 Dominus
2745 5784 2757 5817 :
2819 5785 2836 5816 ι
2891 5767 3308 5838 Dereliuquam,
3383 5776 3592 5845 inquit,

1999 5846 2130 5901 mihi
2173 5858 2376 5917 septem
2435 5851 2596 5904 millia
2643 5854 2695 5907 in
2737 5853 2928 5920 Israel,
2981 5874 3210 5926 quorum
3259 5881 3430 5933 genua
3486 5885 3591 5923 non

3186 5957 3224 6017 8
