4260 6430
884 469 990 524 235

1444 472 1501 531 5.
1533 467 1731 526 PETRI
1768 472 2045 528 DAMlA-Nl
2072 471 2227 530 OI’P.
2260 472 2439 531 PARS
2476 478 2607 534 SEU
2641 476 2872 535 TOSICS
2900 476 2938 533 Ι.
2970 509 3040 523 -
3076 480 3293 537 εριδτ.
3332 481 3457 538 LIB.
3502 482 3634 539 VIII.

3996 485 4089 543 236

884 614 1009 661 sunt
1031 614 1245 660 curvata
1270 614 1391 659 ante
1421 605 1458 657 Β
1496 606 1561 659 al.
1606 627 1623 656 ι
1656 604 1788 661 Cum
1812 622 1937 677 ergo
1968 606 2229 675 propheta
2260 606 2432 661 solum
2463 598 2508 651 Α
2538 607 2566 645 η

2406 623 2432 661 η
2463 598 2508 651 Α
2538 605 2641 645 non
2670 591 2919 645 mentior.
2951 590 3008 645 Si
3032 606 3129 661 pro
3151 593 3251 647 hac
3282 593 3462 663 itaque
3485 594 3711 663 epistola
3744 611 3885 650 mort
3916 598 4088 666 debeo.

882 711 943 750 se
997 693 1319 748 remansisse
1376 687 1545 758 dicat;
1598 695 1915 749 Duiuiuuse
1961 695 2172 749 diverso
2226 706 2435 764 septem

882 786 1045 840 millia
1084 799 1363 853 superesse
1388 786 1734 856 respondeat;
1769 786 1912 841 Elias
1944 794 2122 839 tamen
2165 785 2435 841 mendacii

879 888 985 930 non
1042 874 1305 943 arguitur,
1351 874 1476 943 quia
1526 873 1625 927 2eli
1669 874 1901 929 cmlestis
1950 874 2069 943 igne
2123 886 2433 938 succensus,

879 978 1019 1028 esse,
1045 966 1184 1033 quod
1206 964 1470 1033 perhibet,
1500 963 1769 1031 Opinatur.
1800 961 1855 1015 Si
1902 961 2045 1016 Eli‘as
2096 960 2276 1029 itaque
2326 976 2434 1015 non

876 1052 1137 1121 peccavit,
1164 1052 1287 1120 quia
1329 1064 1432 1104 non
1454 1050 1596 1115 odio,
1621 1051 1712 1105 sed
1743 1050 1855 1104 zelo
1881 1048 2093 1102 modum
2130 1049 2431 1102 accusatio-

876 1142 962 1196 nis
988 1142 1255 1197 excessit:
1297 1156 1423 1193 num
1459 1154 1557 1210 ego
1590 1140 1756 1194 debeo
1792 1138 2219 1208 praesumptionis
2258 1136 2429 1206 argui,

876 1229 966 1298 qui
997 1244 1167 1299 pauca
1192 1230 1257 1283 de
1289 1227 1532 1297 plurimis
1554 1227 1602 1281 ei
1627 1227 1979 1297 potissimum,
2011 1226 2099 1295 qui
2134 1226 2222 1293 jus
2257 1228 2431 1281 corri-

874 1322 1032 1391 gendi
1057 1321 1423 1391 principaliter
1444 1319 1705 1388 possidet,
1728 1318 2004 1373 intimavi?
2040 1317 2213 1373 Meum
2247 1316 2430 1386 itaque

874 1412 975 1464 luit
1003 1412 1170 1465 sacris
1196 1411 1412 1463 auribus
1440 1409 1553 1463 hmo
1593 1416 1866 1477 utcunque
1900 1421 2224 1479 suggerere;
2278 1416 2427 1460 tuum

869 1510 972 1565 est,
1000 1512 1156 1570 prout
1184 1500 1410 1555 facultas
1440 1499 1701 1564 attulerit,
1737 1514 2005 1553 coercere.
2060 1495 2425 1565 Satagendum

870 1600 953 1643 est
982 1590 1167 1657 igitur,
1199 1598 1253 1644 et
1276 1588 1536 1643 instanter
1555 1586 1961 1650 elaborandum,
1980 1596 2040 1639 ut
2069 1585 2123 1639 in
2151 1586 2425 1640 trimendo

869 1680 1063 1732 summi
1094 1680 1323 1749 pastoris
1360 1678 1623 1741 examine,
1658 1677 1739 1731 vel
1786 1692 1908 1731 cum
1966 1676 2083 1729 Elia
2122 1684 2178 1730 te
2206 1676 2424 1730 intimus

868 1768 965 1821 zeli
996 1768 1175 1822 fervor
1198 1780 1446 1831 excuset,
1478 1767 1562 1822 vel
1596 1782 1716 1820 eum
1745 1765 1922 1831 Petro,
1951 1765 2091 1834 quod
2136 1763 2422 1833 gloriosius

864 1866 967 1916 est,
994 1856 1269 1924 multiplex
1297 1855 1566 1909 commissi
1593 1855 1769 1924 gregis
1815 1854 2020 1909 fructus
2046 1863 2287 1907 exornet.
2322 1852 2417 1915 Ne,

2538 680 3002 735 tendoeervieem
3032 720 3047 745 ,
3092 682 3383 751 imprimite
3428 685 3734 755 pugionem.
3781 685 3861 743 De
3907 702 4090 750 cetera

2535 777 2780 824 sanctum
2816 768 3071 824 Satanam
3102 785 3279 826 meum
3308 772 3585 829 humiliter
3616 774 3846 831 obsecro
3876 779 4010 849 (79),
4038 790 4087 836 ut

2534 873 2641 913 non
2685 858 2967 913 adversum
2996 874 3083 915 me
3112 868 3387 930 tantopere
3427 864 3634 929 saviat,
3661 880 3765 921 nec
3793 867 3914 938 ejus
3936 885 4088 925 vene-

2538 946 2703 1000 randa
2729 948 2979 1017 superbia
3028 957 3138 1003 tam
3181 948 3353 1021 longis
3396 966 3483 1006 me
3514 954 3833 1010 verberibus
3864 967 4087 1024 atterat;

2532 1036 2625 1091 sed
2648 1036 2867 1106 jamjam
2893 1038 3035 1091 circa
3072 1052 3284 1093 servum
3307 1056 3462 1096 suum
3486 1045 3569 1097 vel
3601 1045 3792 1098 satiata
3829 1048 4087 1105 ruilesCat.

2532 1124 2784 1180 Liventes
2831 1126 3027 1195 quippe
3066 1128 3299 1198 scapulae
3337 1128 3449 1198 jam
3506 1131 3785 1197 deﬁciunt,
3807 1142 3861 1187 et
3891 1133 4085 1191 sulcata

2535 1224 2610 1269 tot
2658 1216 2846 1287 plagis,
2882 1226 3067 1285 totque
3097 1227 3244 1289 terga
3288 1220 3552 1275 vibicibus
3607 1225 3961 1279 tumescentia
3990 1242 4086 1281 non

2530 1304 2847 1361 subsistunt.
2885 1306 3032 1361 Unde
3064 1308 3148 1362 vir
3194 1310 3411 1378 sapiens
3459 1329 3471 1362 :
3520 1330 3538 1362 ι
3574 1311 3834 1381 Flagelli,
3895 1316 4085 1386 inquit,

2528 1394 2680 1464 plaga
2735 1396 2957 1451 livorem
3001 1396 3151 1462 facit,
3201 1401 3354 1470 plaga
3407 1412 3587 1457 autem
3641 1403 3837 1473 lingua:
3874 1411 4089 1461 commi-

2527 1487 2644 1540 nuit
2672 1502 2792 1541 ossa
2839 1488 3029 1557 (Eccli.
3082 1494 3297 1559 xxviii).
3331 1512 3349 1543 ι
3379 1493 3489 1563 Age
3532 1494 3715 1562 igitur,
3750 1506 3965 1565 tempus
4011 1509 4088 1554 est

2526 1575 2691 1640 enim,
2716 1585 2768 1628 ut
2793 1592 2891 1646 ego
2908 1576 3083 1645 jam...
3109 1580 3245 1649 (80).
3262 1582 3365 1636 Sed
3389 1584 3563 1638 adhuc
3575 1585 3825 1654 spiritum
3842 1590 4084 1658 reprimo,

2525 1666 2684 1721 labiis
2740 1667 2964 1737 digitum
3019 1687 3361 1741 superpono:
3395 1685 3448 1728 et
3497 1676 3624 1731 licet
3676 1691 3879 1742 seram,
3918 1690 4086 1734 tamen

2523 1757 2698 1811 adhuc
2724 1758 3147 1814 misericordiam
3172 1779 3375 1832 quam).
3410 1764 3560 1831 Quod
3584 1775 3766 1820 autem
3794 1783 3883 1822 me
3912 1770 3977 1822 ad
4003 1784 4087 1824 vos

2522 1848 2749 1903 Romam
2784 1851 2987 1914 venire,
3021 1852 3213 1906 deinde
3242 1856 3517 1910 vobiscum
3550 1856 3630 1911 ire
3659 1856 3937 1911 Mantuam
3962 1874 4089 1928 pra:-

862 1962 1061 2015 qumso,
1085 1946 1372 2010 miremini,
1394 1946 1440 2000 si
1467 1954 1619 1999 terior
1642 1944 1799 2011 hujus
1820 1944 2057 2010 epistolze
2078 1942 2217 2013 stylo
2240 1951 2423 1996 currat
2454 1928 2494 1986 Β
2524 1937 2742 2005 cepistis
2759 1977 2774 2001 ,
2805 1940 3085 2009 utriusque
3114 1942 3245 1995 mihi
3269 1942 3420 1997 labor
3446 1944 3658 1999 itineris
3680 1944 3839 1998 valde
3864 1944 4087 2002 diﬂicilis

862 2036 1089 2099 inculto,
1117 2037 1239 2103 quia
1281 2037 1404 2088 dtuu
1442 2050 1631 2088 manus
1667 2033 2030 2101 adjaciendos
2073 2033 2257 2101 apices
2298 2048 2416 2102 pro-

861 2134 1035 2192 perat,
1082 2125 1207 2178 hinc
1250 2124 1534 2189 Cadalous,
1588 2124 1748 2177 draco
1794 2122 2042 2176 videlicet
2095 2120 2420 2186 teterrimus,

860 2211 1053 2276 sulllat,
1092 2212 1233 2265 illinc
1255 2211 1518 2265 virulenta
1548 2211 1877 2279 serpentium
1910 2218 2086 2262 turma
2120 2208 2186 2262 de
2229 2223 2419 2263 caver-

860 2302 939 2355 nis
974 2302 1087 2354 suis
1112 2316 1331 2371 egressa
1375 2300 1684 2354 consibilat.
1730 2298 1894 2366 Quos,
1924 2299 2048 2369 quia
2086 2312 2191 2352 non
2228 2312 2418 2366 possuo

858 2405 978 2443 mus
1028 2388 1485 2443 incantationibus
1533 2387 1799 2456 frangere,
1861 2402 2115 2455 paramus
2166 2400 2418 2455 squamea

856 2480 995 2533 colla
1022 2479 1211 2548 gladiis
1235 2479 1576 2534 obtruncare.
1602 2479 1708 2534 Sed
1736 2480 1859 2547 quia
1890 2479 2123 2548 synodus
2146 2476 2414 2541 imminet,

852 2570 1127 2637 pedestres
1146 2572 1305 2623 etiam
1330 2569 1619 2623 versiculos
1650 2568 1850 2623 subdo:

921 2660 1077 2715 Sedis
1098 2661 1400 2731 apostolica:
1424 2662 1513 2730 qui
1540 2660 1652 2713 vult
1683 2660 1913 2713 retinere
1936 2660 2198 2728 vigorem,

989 2753 1166 2823 JEqua
1184 2754 1341 2808 lihret
1362 2754 1539 2823 rigida:
1564 2753 1798 2823 pondera
1816 2752 2059 2819 justitize.

916 2842 1060 2898 Jun-is
1091 2845 1233 2898 enim
1267 2836 1461 2913 pariles
1489 2842 1657 2896 nescit
1685 2842 2009 2911 suspendere
2032 2842 2232 2903 lances,

985 2934 1156 3000 Quem
1187 2934 1337 2986 favor
1366 2931 1609 2996 inﬂectit,
1648 2947 1769 3000 spes
1800 2932 1882 2985 vel
1907 2948 2064 2985 avara
2108 2932 2291 2985 trahit.

914 3021 1220 3075 Muneribus
1248 3020 1417 3089 plenae
1444 3020 1528 3073 cui
1559 3020 1745 3073 laxant
1769 3033 1865 3073 ora
1894 3035 2185 3082 eminente,

980 3108 1191 3163 Justitia
1218 3121 1440 3161 vacuam
1466 3106 1640 3175 perdit
1663 3106 1815 3176 inops
1843 3108 2098 3162 animam.

906 3202 1037 3256 Coeli
1073 3201 1235 3255 [lenita
1260 3215 1407 3255 seras
1430 3207 1596 3263 tenet,
1629 3207 1685 3253 et
1708 3199 1844 3269 regit
1869 3199 2017 3253 orbis
2056 3199 2325 3254 habenas:

983 3291 1096 3356 llis,
1123 3290 1166 3345 si
1192 3290 1342 3360 plura
1370 3289 1512 3351 velit,
1540 3298 1739 3342 tartara
1770 3288 1880 3343 sola
1912 3290 2064 3359 petit.

1368 3376 1695 3432 EPISTULA
1732 3376 1868 3431 XVI.

843 3488 913 3525 AD
965 3483 1179 3525 εωιυειι
1230 3478 1584 3522 Αιειλκυιιυκ
1632 3482 1691 3527 II,
1749 3482 1997 3522 ROMANO“
2047 3484 2395 3533 PONTIFICIN,

909 3557 977 3593 ΕΤ
1006 3551 1410 3593 ιιιιιυεκιιλδυυι
1459 3552 1505 3591 S.
1552 3551 1605 3589 Β.
1653 3550 1703 3588 ε.
1752 3552 2085 3592 ολιιυιδλιεδι
2126 3554 2400 3593 Αιιεωυιι-

906 3623 1101 3663 CUNEI.

835 3704 1230 3755 Annuusaruu.
1269 3727 1339 3737 —
1366 3694 1743 3768 Reprehensos
1788 3700 1855 3751 ab
1885 3698 2191 3751 Alexandro
2223 3700 2393 3768 ponti-

908 3774 1025 3830 tice,
1051 3779 1104 3822 et
1134 3768 1499 3837 llildebrandp
1524 3766 1917 3837 archidiacono,
1945 3768 2087 3837 quod
2112 3766 2393 3836 epistolam

904 3838 1192 3905 quannlam
1225 3836 1537 3905 scripsisset
1569 3834 1873 3890 Coloniensi
1897 3834 2174 3898 tantistiti',
2211 3852 2394 3891 exeni-

906 3904 1018 3975 plar
1052 3907 1193 3959 illius
1215 3904 1454 3974 epistola:
1477 3904 1541 3975 ad
1570 3905 1784 3958 eosdem
1813 3906 1991 3975 mittit.
2022 3905 2243 3969 Deinde,
2269 3908 2394 3975 quia

906 3973 1119 4045 rogatus
1146 3973 1344 4045 fuerat
1374 3975 1441 4027 ab
1478 3973 1688 4037 iisdem,
1740 3973 2100 4045 utRomam,
2156 3985 2210 4045 et
2270 3973 2393 4029 inde

900 4043 1192 4105 hiantuam.
1259 4043 1349 4097 ubi
1392 4052 1686 4112 conventus
1748 4044 2119 4112 episcoporum
2191 4044 2394 4097 haben-

900 4117 999 4192 dus
1015 4124 1150 4176 erat,
1170 4128 1347 4167 secum
1371 4110 1830 4192 proficisceretur:
1859 4110 2156 4165 lionianum
2175 4114 2389 4192 quidem

899 4185 1022 4245 iter,
1042 4192 1292 4250 tanquam
1319 4182 1492 4233 minus
1514 4182 1893 4250 necessarium,
1922 4190 1981 4250 et
2002 4197 2110 4235 sua:
2132 4185 2389 4237 senectuti

902 4252 1064 4306 nimis
1097 4247 1486 4304 incommodum
1529 4247 1884 4317 deprecatur;
1917 4248 2217 4303 Mantuan-.1:
2265 4265 2391 4305 vero

938 4320 1245 4374 rofcctionis
1271 4318 1526 4379 laborem,
1551 4319 1690 4386 quod
1719 4333 1749 4373 e
1788 4334 1845 4372 re
1866 4318 2181 4372 Christianm
2215 4320 2390 4386 reipu-

938 4338 1245 4374 I‘OICCIIOIIIS
1271 4338 1526 4379 IaDOI'CIII,
1551 4338 1690 4386 quou
1719 4338 1749 4373 Β
1789 4338 1845 4372 τε
1866 4338 2181 4372 ιιηΓΙΒιΙὶιηῖΕ
2215 4338 2287 4372 1⁷61
2312 4338 2388 4371 ηι-

896 4338 1049 4444 Ειίςω
1076 4388 1179 4459 33
1199 4402 1317 4459 esse
1336 4387 1633 4451 videretur,
1657 4389 1874 4441 omnino
1897 4338 2388 4459 ltptt_l‘CCUSﬂl.éetI

896 4474 1065 4526 usque
1085 4455 1167 4512 'ad
1194 4458 1480 4511 adventum
1520 4459 1816 4525 utriusque.
1851 4456 1942 4526 qui
1966 4455 2239 4510 Mantuam
2265 4457 2386 4512 illac

894 4529 1177 4580 transituri
1200 4534 1376 4590 erant,
1410 4534 1570 4579 tanta:
1600 4528 1677 4580 rei
1711 4526 2151 4581 deliberationem
2188 4527 2379 4595 rejicit.

2520 2025 2666 2080 visus
2706 2036 2809 2087 est,
2841 2036 2895 2082 et
2928 2043 3062 2082 mem
3101 2033 3364 2086 senectuti
3422 2032 3645 2086 nimium
3688 2034 3889 2102 gravis.
3941 2033 4085 2089 Unde

2520 2114 2747 2169 Romam
2768 2116 2973 2182 venire,
3003 2120 3145 2187 quod
3171 2121 3323 2176 vobis
3357 2122 3536 2176 minus
3566 2124 3869 2191 prodesset,
3894 2125 4081 2180 omisi:

2518 2207 2912 2276 expeditionem
2961 2223 3088 2264 vero
3131 2209 3407 2265 Mantuani
3455 2211 3669 2267 itineris
3722 2213 3900 2282 magis
3938 2214 4086 2268 vobis

2517 2296 2878 2349 necessariam
2918 2296 3173 2365 judicavi.
3222 2297 3328 2353 Sed
3361 2298 3413 2351 in
3446 2299 3765 2354 destinando
3796 2301 3933 2354 mihi
3962 2316 4085 2355 san-

2516 2394 2615 2438 ctze
2672 2394 2859 2439 vestrae
2904 2385 3183 2456 legationis
3229 2388 3474 2451 oraculo,
3518 2390 3652 2444 satis
3690 2399 3920 2459 uterque
3952 2390 4089 2459 inter

2516 2490 2610 2529 vos
2648 2474 2985 2544 inzequalitcr
3030 2476 3315 2529 divisistis.
3363 2476 3649 2542 Nimirum,
3686 2488 3748 2532 ut
3778 2494 3919 2533 unus
3961 2480 4086 2533 mihi

2514 2565 2761 2619 videatur
2790 2565 2997 2631 paterni
3042 2564 3243 2620 favoris
3282 2565 3597 2622 affabilitate
3626 2568 3924 2634 blanditus,
3954 2570 4095 2625 alter

2514 2654 2800 2710 hostilibus
2819 2653 3010 2724 jurgiis
3042 2656 3358 2709 terribiliter
3407 2658 3790 2711 comminatus.
3824 2658 3981 2714 Unus
4004 2675 4088 2714 ve-

2512 2755 2681 2799 strmn
2712 2761 2797 2799 me
2839 2754 3089 2813 tauquam
3139 2746 3217 2800 sol
3264 2763 3489 2801 corusco
3538 2748 3730 2814 fervidi
3774 2750 4086 2817 splendoris

2454 2852 2467 2876 ι
2511 2834 2755 2896 irradiat,
2784 2835 2921 2889 alter
2953 2836 3095 2889 velut
3123 2835 3306 2891 furens
3340 2840 3381 2891 Δ
3402 2838 3533 2905 ,uilo
3568 2839 3817 2894 violentis
3850 2841 4085 2910 impetus

2509 2926 2591 2979 sui
2637 2924 2818 2981 flabris
2870 2927 3112 2982 cxsufllat
3179 2928 3333 2983 Unde
3390 2930 3516 2985 illud
3549 2934 3613 2986 ad
3645 2944 3887 2987 mentem
3918 2934 4079 2998 redit,

2508 3016 2648 3083 quod
2700 3014 2932 3070 refertur
2976 3017 3030 3071 in
3087 3015 3301 3073 fabulis.
3351 3020 3556 3073 Dicitur
3592 3020 3759 3085 enim,
3788 3021 3921 3090 quia
3954 3021 4083 3076 dum

2506 3104 2726 3169 quidam
2775 3105 2995 3160 indutus
3041 3106 3323 3177 chlamyde
3368 3108 3542 3163 viator
3580 3108 3878 3177 incederet,
3910 3108 4083 3165 Solet

2505 3192 2680 3246 Eurus
2698 3206 2819 3247 eum
2849 3194 3001 3262 quasi
3049 3198 3334 3249 materiam
3386 3198 3487 3251 sibi
3522 3212 3855 3267 proposuere
3892 3212 4074 3253 teria-

2502 3280 2684 3346 miuis,
2712 3281 2832 3350 quis
2854 3282 3100 3337 videlicet
3120 3299 3150 3338 e
3180 3284 3388 3339 duobus
3407 3286 3453 3340 ei
3477 3286 3787 3357 chlmydem
3812 3288 4081 3356 patuisset

2502 3370 2734 3425 auferre.
2765 3370 2875 3426 Hoc
2902 3372 3085 3442 itaque
3123 3374 3267 3428 inter
3299 3389 3394 3430 eos
3441 3376 3645 3429 fcedcre
3667 3377 3994 3439 constituto.
4021 3386 4080 3431 ut

2500 3473 2623 3513 eum
2662 3461 2751 3528 qui
2782 3462 2951 3515 victor
2977 3462 3256 3529 existeret,
3293 3464 3473 3518 virens
3524 3464 3703 3518 laurea
3759 3476 4077 3531 eorunaret,

2498 3549 2663 3617 erepit
2689 3548 2860 3605 Eurus
2902 3550 3165 3605 violenter
3189 3552 3501 3617 iufremere,
3542 3555 3762 3607 nubium
3799 3556 4079 3611 volumina

2499 3652 2869 3703 commovere;
2893 3655 2923 3694 e
2951 3650 3162 3705 contra,
3212 3642 3385 3697 viator
3412 3642 3745 3712 chlamydem
3780 3645 4078 3712 stringere,

2499 3739 2745 3794 seseque,
2815 3742 2882 3782 ue
2934 3737 3137 3782 vestem
3184 3730 3455 3798 perderet,
3493 3730 3730 3798 undique
3792 3734 4079 3801 constipa-

2498 3830 2575 3869 re.
2603 3815 2843 3885 Cumque
2873 3817 3165 3887 discipulus
3205 3818 3345 3873 ιεΕοιὶ
3376 3834 3529 3874 casso
3573 3818 3759 3875 labore
3787 3821 4077 3886 deficeret,

2496 3918 2722 3974 seseque
2738 3914 2970 3975 ceptum
2996 3921 3155 3974 posse
3175 3906 3436 3977 perlicere
3462 3906 3708 3962 funditus
3726 3908 3958 3978 despera
3969 3918 4075 3971 rct.

2493 3992 2638 4049 illico
2668 3993 2758 4048 Sol
2786 4010 2949 4048 aurea
2980 3996 3143 4064 coepit
3165 4012 3259 4051 ora
3285 3997 3561 4068 detegere,
3601 3999 3933 4053 micantibus
3969 4009 4079 4052 ter-

2490 4098 2605 4138 ram
2635 4082 2933 4139 fervoribus
2976 4085 3260 4140 illustrare.
3294 4085 3415 4141 Mox
3438 4088 3615 4143 viator
3639 4102 3761 4143 cum
3782 4086 3901 4155 jam
3925 4091 4078 4143 msti-

2494 4175 2595 4229 bus
2618 4175 2771 4231 nimii
2823 4174 3051 4231 fervoris
3080 4189 3370 4243 aresceret,
3417 4179 3657 4248 uberque
3685 4180 3853 4234 sudor
3874 4181 4073 4236 humeo

2489 4263 2645 4318 factis
2697 4266 2995 4320 visceribus
3040 4265 3312 4332 cbulliret,
3363 4268 3980 4340 projecitchlamydem,
4012 4279 4074 4325 ut

2490 4354 2641 4408 nimii
2672 4356 2935 4409 caumatis
2983 4363 3305 4424 temperaret
3336 4356 3606 4411 ardorem.
3654 4356 3747 4412 Ille
3775 4372 3911 4428 ergo
3938 4374 4073 4414 eon-

2488 4442 2617 4498 dicti
2681 4444 2992 4500 certaminis
3048 4447 3343 4515 promeruit
3395 4448 3629 4516 palmam
3660 4487 3674 4509 ,
3717 4448 3811 4515 qui
3870 4449 4074 4517 leuiter

2488 4535 2617 4605 egit,
2668 4549 2775 4589 non
2819 4534 2930 4606 34
2970 4538 3061 4605 qui
3100 4536 3314 4592 vincere
3359 4537 3609 4604 furendo,
3662 4550 3718 4593 et
3747 4538 4071 4594 violentiam

896 4617 1041 4670 Patri
1068 4624 1124 4670 et
1150 4614 1257 4669 filio
1280 4628 1428 4682 papae
1457 4622 1511 4668 et
1530 4615 1928 4680 archidiacouo,
1959 4614 2172 4669 Psrnus
2194 4592 2382 4683 pecca-
2416 4592 2462 4652 υ
2490 4592 2578 4679 ὧδε

1358 4628 1428 4682 pae
1457 4622 1511 4668 et
1530 4615 1928 4680 archidiacouo,
1959 4614 2172 4669 Psrnus
2194 4592 2382 4683 pecca-
2416 4592 2462 4652 υ
2490 4592 2774 4696 ίῆδοέειηιῑο
2798 4592 3040 4681 ῑᾶιῖεινίι.

824 4715 909 4759 tor
937 4704 1229 4759 monachus
1260 4702 1593 4756 servitutem.
2190 4746 2191 4749 η

894 4792 1204 4861 Epistolam,
1234 4792 1299 4847 de
1319 4806 1423 4861 qua
1453 4806 1539 4846 me
1568 4791 1971 4861 insuggillastis,
1995 4792 2061 4845 ad
2083 4807 2177 4847 vos
2206 4801 2378 4857 nullo,

824 4894 881 4936 ut
908 4883 1150 4945 videatis,
1175 4890 1230 4935 et
1272 4881 1402 4951 quid
1448 4880 1501 4935 in
1534 4896 1599 4935 ea
1636 4883 1917 4935 adversum
1969 4897 2063 4937 vos
2085 4883 2283 4953 egerim
2311 4882 2378 4936 li-

820 4974 982 5043 quido
1036 4972 1414 5041 comprobetis.
1444 4970 1595 5038 Quod
1653 4974 1697 5027 si
1736 4974 1896 5027 aliam
1938 4974 1992 5027 iu
2039 4972 2156 5027 illas
2198 4982 2377 5042 partes

816 5063 1097 5134 epistolam
1151 5062 1292 5127 misi,
1326 5061 1409 5115 vel
1455 5062 1507 5114 in
1560 5063 1661 5117 hac
1701 5063 1814 5132 ipsa
1865 5064 2065 5133 aliquid
2113 5079 2281 5133 usque
2310 5064 2375 5117 ad

816 5168 977 5206 unam
1027 5152 1283 5215 litteram,
1312 5164 1398 5205 me
1428 5151 1655 5215 sciente,
1690 5160 1905 5206 auctum
1943 5161 2047 5219 est,
2092 5152 2176 5204 vel
2206 5152 2378 5205 immi-

816 5251 1031 5306 nutum,
1066 5249 1159 5295 aut
1184 5240 1364 5311 aliquo
1413 5241 1570 5296 modo
1610 5249 2045 5306 transmutatum,
2093 5251 2147 5296 et
2180 5256 2281 5295 non
2309 5242 2375 5297 ad

815 5350 911 5390 vos
932 5344 1015 5389 est
1060 5335 1377 5403 simpliciter
1403 5335 1588 5400 missa,
1630 5334 1770 5390 sicut
1815 5344 1941 5389 tunc
1968 5336 2183 5389 domino
2212 5333 2371 5389 Colo-

812 5424 988 5480 niensi
1027 5425 1265 5495 pontifici
1315 5435 1397 5483 est
1419 5426 1623 5480 directa
1670 5425 1909 5480 Naamau
1935 5425 2056 5496 Syri
2107 5443 2191 5481 me
2221 5426 2368 5495 lepra

814 5511 919 5583 (ιγ
961 5514 1086 5584 Reg.
1117 5519 1167 5584 v)
1217 5514 1517 5585 perfundat,
1568 5514 1651 5571 vel
1697 5514 1920 5584 Barjcsu
1973 5516 2185 5569 caecitas
2231 5516 2368 5585 (Act.

813 5604 931 5671 snt)
975 5603 1161 5657 oculos
1204 5618 1335 5657 nime
1383 5603 1571 5658 frontis
1601 5604 1851 5658 obducat.
1883 5601 2065 5658 Iesum
2110 5613 2295 5669 testor,
2318 5611 2374 5656 et

813 5701 1029 5746 sanctus
1067 5692 1284 5755 angelus
1317 5692 1451 5761 ejus,
1484 5695 1607 5754 nuia
1651 5696 1705 5749 in
1733 5694 1834 5748 hac
1864 5707 1962 5764 ego
2003 5693 2371 5748 satisfactione

884 5824 995 5895 (ἴῦ)
1030 5826 1443 5882 llildebraudum
1470 5829 1530 5886 S.
1560 5828 1628 5883 R.
1662 5829 1721 5884 E.
1749 5829 1896 5883 arch.
1922 5827 2187 5897 intelligit.

2558 4715 2661 4769 Sed
2719 4725 2778 4769 ut
2817 4732 2846 4771 e
2890 4715 3187 4787 Scripturis
3239 4719 3407 4773 sacris
3437 4719 3716 4775 honestius
3743 4720 4076 4790 proferatur

2485 4803 2783 4873 exemplum
2811 4821 2825 4857 :
2854 4804 2899 4859 si
2923 4802 3159 4859 Roboam
3192 4820 3377 4860 senum
3408 4808 3648 4862 consiliis
3674 4810 4071 4877 acquiesceus,

2484 4894 2677 4962 pepqu
2722 4896 2871 4949 mitia
2917 4897 3298 4965 respondisset,
3355 4908 3523 4953 totum
3572 4899 3731 4953 Israel
3791 4900 3874 4954 sui
3922 4902 4078 4971 juris

2485 4981 2713 5050 imperio
2762 4982 3123 5037 subdidisset:
3152 4986 3244 5039 sed
3290 4986 3413 5054 quia
3471 5001 3773 5042 coaevorum
3832 5002 4075 5042 suorum

2481 5070 2741 5140 superbia:
2762 5071 3009 5136 credidit,
3033 5072 3216 5129 divisis
3239 5089 3269 5127 a
3294 5089 3352 5130 se
3374 5076 3557 5131 decem
3589 5076 3855 5142 tribubus,
3883 5076 4074 5130 subli-

2480 5174 2617 5212 mem
2657 5159 2807 5229 regni
2840 5160 3134 5228 potentiam
3181 5163 3435 5219 humilem
3478 5164 3608 5218 fecit
3640 5164 3727 5234 (ff
3770 5164 3901 5237 Reg.
3942 5183 4068 5231 xu;

2480 5249 2541 5302 11
2570 5249 2752 5303 Paral.
2802 5252 2878 5319 χ).
2913 5250 3243 5308 Rhinoceros
3282 5254 3468 5318 etiam,
3517 5255 3607 5323 qui
3654 5255 3839 5309 rabida
3867 5273 3905 5326 p
3947 5273 4073 5313 rse»

2476 5339 2753 5409 qucutium
2799 5355 2988 5393 canum
3018 5357 3112 5395 ora
3144 5342 3421 5397 celerrima
3463 5346 3777 5412 pernicitate
3806 5358 4073 5403 Contemo

2479 5430 2578 5492 nit,
2601 5426 2717 5497 capi
2754 5443 2811 5484 se
2864 5432 3069 5499 gremio
3119 5431 3323 5486 blaudm
3370 5435 3594 5504 virginis
3645 5451 3750 5489 non
3780 5440 4070 5505 pavescit.

2479 5518 2581 5573 Sed
2603 5519 2692 5588 qui
2718 5528 2927 5583 cuncta,
2960 5536 3077 5588 qua:
3105 5532 3275 5574 vestra
3319 5533 3461 5585 sunt,
3500 5523 3726 5588 reddidi,
3750 5538 3851 5578 cur
3874 5526 4073 5581 adhuc

2474 5610 2901 5678 persecutionem
2959 5612 3166 5679 patior?
3204 5611 3525 5666 Saturarum
3576 5623 3726 5668 certe
3757 5616 4073 5684 perhibent

2475 5700 2760 5753 rintatures
2786 5698 2957 5769 (Pun.
2993 5701 3084 5754 lib.
3115 5717 3209 5770 xu,
3242 5717 3360 5773 cap.
3395 5703 3473 5773 I),
3499 5703 3680 5759 nescio
3708 5717 3893 5761 utrum
3923 5707 4068 5762 asti-

2545 5828 2656 5897 (80)
2685 5829 3041 5899 Aposiupcsis.
