4260 6406
843 464 944 519 239

1334 458 1391 513 S.
1430 456 1629 511 ΡΕΤιιι
1668 451 1947 507 DAMlA-Nl
1986 449 2133 507 OPP.
2178 448 2358 503 PARS
2397 444 2524 503 SEU
2567 440 2876 501 TOMUSJ.
2919 468 2985 480 —-

1886 451 1947 506 Nl
1986 449 2133 507 OPP.
2178 448 2358 503 PARS
2397 444 2524 503 SEU
2567 440 2876 501 TOMUSJ.
2919 468 2985 480 —-
3019 437 3235 493 EPIS'I.
3277 436 3399 489 ιλιι.
3444 433 3568 486 \‘lll.

3972 420 4074 475 2ιο

848 578 1063 632 modum
1092 574 1322 642 loquitur
1345 571 1527 625 dic‘eus
1558 587 1570 622 :
1602 590 1617 619 ι
1651 568 1767 622 Vidi
1789 576 1842 621 et
1862 582 1988 622 ecce
2015 563 2397 620 candelabrum
2428 565 2474 624 Α
2506 590 2623 636 ειη,
2654 592 2773 633 sum
2821 573 2974 646 quasi
3010 573 3092 627 ﬁl.
3125 571 3324 632 ebrius.
3355 578 3411 624 ει
3452 582 3602 637 (μηδι
3633 566 3796 619 homo
3828 558 4078 615 madidus

845 682 1069 722 aureum
1101 672 1286 727 totum,
1310 669 1367 716 et
1398 659 1599 729 lampas
1622 659 1737 728 ejus
1760 674 1921 728 super
1946 665 2106 725 caput
2130 655 2319 723 ipsius,
2348 662 2403 709 et

845 765 1047 825 septem
1081 754 1313 809 lucerna:
1338 766 1498 821 super
1528 750 1653 804 illud
1684 748 1868 819 (ΖασΙι.
1900 746 1995 816 ιν).
2025 765 2045 798 ι
2070 745 2173 815 ipsi
2200 751 2327 799 sunt
2350 752 2406 799 et

846 844 1187 904 candelabra,
1235 841 1288 896 in
1338 855 1564 911 quorum
1616 838 1787 892 medio
1839 836 2012 899 Jesus,
2058 834 2212 903 juxta
2257 831 2405 887 beati

846 933 1066 989 Joannis
1093 932 1249 987 verba
1295 930 1475 1000 (Apoc.
1513 930 1572 999 t),
1631 922 1906 990 discurrit,
1954 935 2007 980 et
2033 925 2172 977 hunc
2199 936 2409 977 sermo-

850 1041 993 1089 nem,
1022 1024 1113 1093 qui
1146 1022 1249 1075 illic
1277 1030 1471 1089 pra:sto
1501 1019 1859 1087 subjungitur,
1893 1018 1943 1069 in
1968 1025 2019 1069 te
2048 1014 2404 1083 quodammo-

849 1116 917 1169 do
946 1112 1253 1183 specialiter
1294 1109 1511 1180 dirigit:
1554 1125 1571 1157 ι
1605 1106 1805 1161 Memor
1849 1114 1986 1167 esto,
2032 1103 2225 1170 inquit,
2266 1101 2410 1155 unde

850 1202 1135 1266 excideris,
1168 1209 1222 1254 et
1256 1214 1354 1270 age
1382 1196 1747 1267 pcenitentiam
1778 1194 1959 1265 (Apoc.
1997 1194 2080 1261 ιι).
2116 1212 2133 1244 ι
2172 1190 2336 1245 Plane
2360 1190 2409 1245 si

854 1294 1167 1367 pmnitentia
1210 1291 1330 1360 jure
1380 1288 1689 1359 plectendas
1713 1295 1794 1341 est
1814 1285 2056 1355 quisquis
2080 1282 2300 1337 cuilibet
2331 1282 2407 1335 ir-

856 1394 1008 1456 rogat
1045 1384 1291 1454 injuriam
1333 1380 1619 1444 sacerdoti,
1656 1393 1758 1448 qua
1807 1387 1862 1432 tu
1910 1376 2176 1432 sententia
2218 1373 2412 1444 dignus

856 1492 932 1539 es,
958 1477 1050 1545 qui
1086 1474 1191 1529 illis
1212 1471 1572 1543 prmjudicium
1609 1469 1975 1525 sacerdotibus
2004 1466 2246 1529 intulisti,
2276 1479 2413 1533 quo-

860 1584 976 1621 rntn
1015 1566 1236 1622 consilio
1279 1574 1334 1619 et
1380 1563 1578 1633 judicio
1619 1571 1791 1616 status
1830 1575 1892 1615 ac
1939 1559 2218 1629 disciplina
2253 1558 2416 1613 debet

857 1658 1022 1711 totius
1044 1654 1293 1710 Ecclesia:
1344 1650 1619 1706 catholicze
1652 1649 1979 1719 gubernari?
2004 1648 2067 1701 Et
2103 1662 2224 1700 cum
2248 1658 2415 1699 cano-

858 1749 977 1802 nica
1002 1748 1256 1801 decernat
1279 1742 1591 1803 auctoritas,
1615 1751 1670 1793 ut
1696 1741 1776 1793 vel
1807 1739 2020 1794 humilis
2048 1755 2093 1791 Cl
2112 1736 2417 1805 juscttnque

860 1838 1111 1891 Ecclesire
1136 1835 1277 1889 clero
1307 1834 1461 1899 liceat
1484 1832 1708 1884 liberum
1752 1832 1817 1883 de
1848 1831 1954 1892 illo,
1984 1830 2071 1897 qui
2098 1828 2197 1883 sibi
2230 1826 2418 1895 praefe-

2508 686 2538 724 a
2566 670 2695 722 vino‘
2722 683 2753 721 a
2785 665 2925 721 faeie
2972 662 3203 725 Domini,
3242 668 3297 715 et
3321 674 3351 713 a
3384 656 3523 712 facie
3545 654 3833 711 verborum
3864 658 4082 706 sancio-

2505 776 2623 817 rum
2648 757 2764 828 ejus
2788 757 2925 826 (lar.
2953 756 3133 821 um).
3158 772 3177 806 ι
3198 752 3306 816 Cur
3326 757 3503 803 autem
3521 757 3669 803 tanto
3690 742 3895 800 doloris
3922 739 4027 796 txd
4050 754 4083 792 ο

2509 850 2874 913 contabescat,
2916 856 3163 917 protinus
3188 841 3379 913 aperit,
3411 856 3534 895 cum
3573 834 3878 907 subiungit:
3910 851 3928 883 ι
3949 830 4079 898 Quia

2508 940 2791 997 adulteriis
2824 938 2983 1007 plena
3012 944 3095 989 est
3120 944 3287 997 terra,
3312 932 3437 1001 quia
3464 945 3494 982 a
3522 927 3656 983 facie
3681 920 4081 980 malelictionis

2508 1032 2645 1087 luxit
2695 1040 2834 1085 terra
2868 1047 2879 1080 :
2914 1027 3151 1081 arefacta
3210 1032 3333 1078 sunt
3389 1035 3516 1074 arva
3548 1016 3747 1073 deserti
3802 1010 4020 1084 (lbid.).
4056 1027 4075 1060 ι

2501 1122 2662 1189 Quod
2706 1130 2883 1176 autem
2935 1132 3103 1188 genus
3131 1114 3407 1169 hominum
3437 1111 3535 1164 hoc
3564 1115 3839 1178 perpetrct
3875 1102 4085 1159 adulte-

2511 1216 2676 1279 rium,
2707 1214 2849 1268 nnde
2877 1220 2932 1266 et
2959 1218 3102 1265 terra
3123 1208 3321 1276 lugeat,
3349 1211 3405 1259 et
3432 1201 3593 1256 corda
3622 1197 3905 1253 hominum
3934 1194 4082 1249 velut

2511 1319 2641 1359 arva
2666 1301 2864 1357 deserti
2894 1300 2960 1355 ab
2994 1295 3342 1353 inundatione
3369 1287 3767 1362 praedicationis
3795 1292 4082 1345 arescant,

2512 1393 2684 1463 aperit
2714 1392 2875 1454 illico,
2907 1404 3029 1445 eum
3053 1393 3446 1455 consequenter
3470 1380 3709 1451 adjungit
3734 1397 3748 1433 :
3774 1398 3791 1430 ι
3816 1376 4083 1446 Propheta

2514 1496 2747 1551 namque
2776 1492 2830 1535 et
2860 1478 3109 1533 sacerdos
3143 1474 3330 1545 polluti
3382 1482 3526 1535 sunt,
3577 1480 3632 1524 et
3675 1470 3728 1523 in
3760 1467 3925 1521 domo
3972 1480 4085 1518 mea

2514 1573 2690 1628 inveni
2745 1571 2943 1625 malum
2972 1582 3179 1630 eorum,
3210 1566 3342 1620 dicit
3385 1563 3638 1617 Dominus
3669 1556 3887 1631 (Ibid.).
3932 1574 3951 1607 ι
3986 1554 4089 1610 Sed

2516 1663 2643 1732 quid
2669 1661 2872 1716 eisdem
2915 1656 3173 1713 adulteris
3211 1652 3583 1709 sacerdotibus
3610 1659 3665 1705 et
3691 1645 3974 1719 prophetis
3998 1644 4086 1697 im-

2520 1753 2755 1811 mineat.
2803 1763 2924 1803 mox
2967 1744 3340 1815 subsequendo
3378 1742 3661 1796 declarat:
3692 1757 3712 1791 ι
3759 1737 3969 1793 Idcirco
4006 1734 4089 1789 via

2520 1857 2707 1898 eorum
2736 1840 2842 1895 erit
2872 1839 3027 1908 quasi
3052 1837 3319 1892 lubricum
3360 1834 3412 1887 in
3446 1830 3715 1893 tenebris;
3747 1828 4090 1899 impellentur

862 1924 1058 1979 rendus
1102 1932 1204 1985 est,
1238 1921 1436 1975 habere
1467 1918 1758 1986 judicium;
1809 1934 1913 1988 qua
1942 1919 2166 1971 tumoris
2196 1916 2419 1971 audacia
2449 1917 2496 1975 B
2523 1933 2667 1988 enim
2700 1939 2755 1986 ει
2798 1936 3052 1985 con-“em
3094 1926 3147 1981 in
3194 1940 3260 1980 ea
3296 1922 3556 1978 mquam
3603 1922 3748 1976 enim
3795 1933 3965 1988 super
4009 1931 4095 1971 cog

862 2028 917 2069 ru
944 2012 1327 2085 pnesumpsisti
1348 2020 1398 2065 te
1419 2012 1677 2066 violenter
1700 2010 1804 2065 illis
1827 2011 2092 2080 ingerere,
2110 2008 2198 2077 qui
2226 2014 2422 2077 prazter

862 2122 1197 2162 communem
1246 2105 1495 2159 Ecclesia:
1539 2102 1793 2172 regulam,
1838 2116 1998 2170 super
2034 2102 2175 2170 ipsos
2208 2113 2421 2168 quoque

860 2198 1140 2269 pontifices
1180 2196 1542 2249 authenticam
1593 2194 1884 2263 prmvalent
1927 2191 2264 2262 promulgare
2296 2205 2423 2246 ceu.

861 2289 1079 2342 suram?
1120 2286 1229 2341 Cur
1265 2300 1358 2354 per
1387 2284 1732 2337 ambitionem
1785 2282 2113 2351 adipiscendi
2151 2280 2422 2342 culminis,

865 2378 1357 2445 inaccessibilisque
1398 2374 1619 2445 fastigii,
1680 2382 1846 2428 totum
1894 2372 2007 2427 fere
2066 2372 2323 2425 mundum
2370 2369 2423 2423 in

865 2471 1329 2527 condemnationis
1358 2477 1459 2522 tua:
1475 2466 1707 2536 jurgium
1753 2465 2067 2519 concitasti?
2093 2463 2160 2517 Ut
2185 2462 2313 2516 illud
2338 2459 2427 2515 Je-

869 2564 1052 2618 remia:
1087 2562 1359 2632 propheta:
1409 2557 1800 2630 quodammodo
1854 2556 2209 2611 vociferantes
2247 2554 2426 2608 excla-

865 2664 1053 2709 ment:
1092 2673 1111 2704 ι
1147 2652 1335 2715 Terra,
1388 2660 1555 2715 terra,
1606 2659 1771 2714 terra,
1823 2648 1943 2702 audi
1982 2662 2285 2702 sermonem
2318 2646 2429 2700 Do-

866 2746 995 2799 mini
1038 2762 1051 2798 :
1104 2742 1227 2798 llaec
1266 2741 1396 2797 dicit
1442 2740 1741 2794 Dominus:
1790 2738 1977 2793 Scribe
2030 2738 2205 2791 virum
2261 2736 2426 2790 istum

867 2835 1123 2896 sterilem,
1147 2834 1317 2886 virum
1352 2831 1442 2901 qui
1498 2830 1552 2884 in
1584 2830 1772 2885 diebus
1817 2829 1929 2883 suis
1986 2843 2089 2881 non
2142 2841 2428 2896 prospera-

868 2924 1014 2979 bitur
1037 2921 1170 2991 (.fer.
1198 2920 1351 2988 xxn).
1388 2938 1405 2970 ι
1433 2920 1497 2973 Et
1526 2927 1579 2973 tu
1606 2934 1638 2974 e
1668 2929 1853 2974 contra
1881 2918 2123 2986 ejusdem
2153 2917 2430 2985 prophetae

867 3012 1047 3066 verbis
1094 3020 1218 3079 apte
1270 3008 1449 3063 valeas
1495 3007 1853 3078 respondere:
1890 3025 1909 3059 ι
1945 3004 2033 3058 Vae
2076 3005 2226 3069 mihi,
2262 3011 2434 3058 mater

867 3104 1016 3157 mea!
1049 3113 1215 3171 quare
1256 3113 1342 3153 me
1370 3098 1601 3168 genuisti
1656 3097 1830 3152 virum
1888 3096 2047 3160 rixae,
2096 3095 2269 3150 virum
2318 3093 2431 3148 dis-

869 3192 1067 3248 cordia:
1121 3190 1170 3243 in
1213 3189 1461 3243 universa
1491 3188 1670 3243 terra?
1708 3186 1824 3242 Non
1871 3186 2152 3249 fmneravi,
2182 3198 2281 3239 nec
2326 3182 2431 3237 fa:-

2527 2022 2686 2086 mala,
2733 2036 2930 2076 annum
2974 2016 3300 2073 visitationis
3356 2030 3565 2069 eorum.
3625 2008 4097 2082 Prophetabantin

2527 2111 2675 2177 Baal,
2708 2120 2766 2166 et
2804 2110 3145 2179 decipiebant
3193 2105 3445 2177 populant
3494 2116 3672 2157 meum
3726 2099 3911 2162 Israel,
3970 2106 4026 2153 et
4068 2114 4099 2152 ιι

2526 2201 2800 2271 prophetis
2845 2198 3141 2255 Jerusalem
3192 2197 3299 2250 vidi
3352 2194 3755 2250 similitudinem
3796 2190 4104 2246 adulteran-

2527 2292 2687 2354 tium,
2722 2299 2775 2343 et
2808 2291 2912 2342 iter
2942 2286 3205 2341 mendacii
3234 2282 3419 2355 (lbid.)
3454 2300 3472 2333 ι
3510 2281 3677 2334 Audis
3698 2280 4105 2334 similitudinem

2530 2378 2971 2440 adulterantium,
2996 2376 3148 2429 audis
3170 2375 3274 2428 iter
3304 2371 3605 2426 mendacii?
3629 2370 3877 2423 Alterum
3902 2368 4108 2421 scilicet

2533 2470 2731 2540 pendet
2753 2483 2818 2522 ex
2849 2468 3040 2520 altero.
3075 2466 3117 2517 A
3147 2464 3361 2517 tramite
3388 2462 3582 2529 quippe
3605 2459 3847 2514 veritatis
3869 2456 4103 2516 aberrat.

2532 2562 2622 2629 qui
2652 2574 2749 2628 per
2770 2555 3094 2611 luxuriantis
3124 2551 3569 2621 concupiscentia:
3594 2546 3854 2601 ambitum
3892 2546 4110 2601 eaStita-

2531 2654 2600 2707 tis
2639 2647 3023 2705 ecclesiastica:
3046 2630 3360 2699 munditiam
3390 2640 3574 2695 findat.
3606 2638 3759 2693 Nunc
3783 2637 4108 2701 Ecclesiam,

2529 2742 2663 2814 proh
2693 2739 2877 2796 dolor!
2930 2752 3099 2805 usque
3142 2735 3208 2791 ad
3240 2735 3497 2789 verticem
3535 2738 3940 2799 constupratam
3972 2729 4112 2782 dole-

2531 2847 2671 2898 mus,
2704 2830 2848 2901 quod
2896 2826 3194 2882 Jerusalem
3255 2825 3453 2879 dudum
3503 2819 3764 2875 Jeremias
3817 2818 4112 2888 contigisse

2532 2923 2900 2993 conqueritur.
2952 2937 2969 2969 ι
2999 2918 3140 2981 Filii,
3174 2918 3376 2986 inquit,
3406 2913 3713 2981 Mempbeos
3752 2918 3808 2965 et
3857 2908 4111 2979 Tapbnes

2535 3017 3022 3081 constupraverunt
3068 3016 3119 3060 te
3161 3018 3331 3073 usque
3379 3002 3448 3056 ad
3499 2999 3754 3055 verticem
3799 2995 3936 3068 (Jer.
3974 3008 4058 3050 Ill.
4089 3014 4106 3046 ι

2536 3105 2837 3163 Jerusalem
2864 3114 3092 3169 namque
3132 3111 3302 3167 usque
3329 3097 3395 3150 ad
3423 3093 3679 3147 verticem
3709 3098 4112 3159 eonstupmtnr,

2537 3198 2752 3269 quando
2792 3203 2838 3248 ‘a
2879 3191 3115 3247 minimis
3156 3190 3459 3259 quibusque
3506 3182 3763 3238 Ecclesiis
3816 3194 3991 3250 usque
4048 3180 4114 3232 ad

869 3283 1075 3336 ncravit
1127 3280 1252 3333 mihi
1310 3280 1629 3348 quisquam,
1668 3292 1856 3332 omnes
1907 3275 2235 3331 meledicnnt
2296 3274 2427 3328 mihi
2457 3248 2502 3311 ο
2532 3306 2551 3343 ε

2457 3248 2502 3311 C
2532 3248 2881 3358 dpostolicam
2906 3282 3111 3346 sedem,
3137 3248 3256 3350 qua:
3303 3248 3543 3333 omnium
3595 3281 3755 3343 caput
3796 3248 4113 3327 est—Eccle-

872 3372 1005 3439 (Jer.
1034 3372 1142 3435 xv).
1175 3390 1193 3421 ι
1226 3369 1428 3423 Rursus
1451 3368 1577 3423 illud
1606 3384 1754 3436 mque
1776 3368 2148 3437 propheticum
2182 3382 2227 3419 ει
2266 3364 2431 3420 Maleo

874 3463 1013 3515 dicta
1064 3462 1196 3523 dies,
1255 3459 1441 3529 inqua
1492 3468 1649 3513 natus
1701 3474 1851 3522 sum;
1894 3458 2027 3519 dies,
2086 3457 2138 3509 in
2187 3470 2292 3525 qua
2341 3470 2433 3525 pec

871 3552 1011 3623 perit
1056 3551 1161 3621 37
1215 3564 1298 3603 me
1342 3558 1512 3603 mater
1554 3563 1688 3611 mea,
1745 3563 1849 3603 non
1881 3548 1950 3602 sit
1985 3546 2264 3600 benedicta
2298 3546 2431 3615 (ler.

880 3643 1007 3712 xx);
1037 3661 1055 3692 ι
1087 3641 1175 3694 ubi
1209 3650 1411 3709 pnesto
1448 3639 1723 3710 sulsjungit
1757 3654 1773 3690 :
1809 3658 1825 3689 ι
1861 3638 2172 3693 Maledictus
2216 3638 2298 3691 vir
2343 3636 2437 3705 qui

876 3730 1213 3787 annuntiavit
1245 3732 1379 3799 patri
1432 3746 1571 3795 meo,
1616 3732 1799 3784 dicens
1834 3728 2039 3782 :Natus
2078 3726 2275 3781 esttibi
2306 3740 2439 3794 puer

878 3821 1168 3886 masculus,
1193 3830 1247 3876 et
1271 3820 1421 3889 quasi
1451 3820 1647 3887 gaudio
1673 3818 1966 3873 ltetilieavit
1991 3832 2135 3872 eum.
2166 3816 2250 3871 Sit
2278 3817 2439 3871 homo

875 3916 989 3982 ille,
1019 3924 1077 3969 ut
1121 3922 1245 3969 sunt
1282 3914 1543 3977 civilates,
1597 3928 1730 3981 quas
1779 3910 2041 3966 subvertit
2087 3909 2363 3973 Dominus,
2384 3915 2442 3964 et

878 4021 983 4060 non
1017 4002 1267 4075 pmnitnit
1294 4018 1435 4057 eum.
1484 4001 1682 4057 Audiat
1710 4001 2000 4057 clamorem
2024 4013 2212 4064 mane,
2236 4007 2291 4055 et
2320 3997 2440 4053 ulu-

878 4094 1045 4149 latum
1076 4094 1130 4148 in
1158 4101 1395 4162 tempore
1426 4090 1748 4157 meridiano,
1792 4092 1881 4161 qui
1913 4106 2018 4147 non
2051 4106 2137 4147 me
2170 4088 2443 4147 interfecit

879 4197 910 4235 a
949 4181 1127 4245 vulva,
1179 4189 1239 4235 ut
1273 4181 1423 4237 fleret
1472 4180 1603 4234 mihi
1652 4191 1823 4235 mater
1865 4193 1985 4235 mea
2030 4180 2357 4250 sepulcrum,
2387 4188 2445 4235 et

878 4274 1034 4329 vulva
1062 4271 1179 4341 ejus
1204 4280 1491 4340 conceptus
1510 4280 1742 4325 :eternus
1770 4269 1980 4341 (υἱώ).
2016 4289 2034 4321 ι
2066 4269 2183 4325 Non
2205 4270 2314 4333 hic,
2331 4270 2445 4325 dies

883 4362 991 4426 illa,
1041 4362 1095 4415 in
1131 4376 1235 4430 qua
1280 4370 1438 4414 natus
1480 4370 1564 4413 est
1603 4360 1783 4423 homo,
1812 4359 2177 4423 maledicitur;
2204 4360 2295 4413 sed
2324 4372 2447 4427 pro-

887 4455 1117 4524 speritas
1141 4453 1335 4522 potius,
1371 4467 1473 4521 qua
1500 4451 1835 4507 lenocinante
1868 4453 1919 4505 in
1953 4460 2229 4521 peccatum
2262 4451 2446 4520 lapsus

884 4553 988 4607 est,
1016 4544 1418 4597 comlemnatur.
1464 4540 1519 4593 ιιι
1566 4556 1672 4609 qua
1708 4541 1954 4595 videlicet
1991 4542 2076 4595 die
2107 4552 2160 4595 tu
2187 4541 2449 4611 quodam-

890 4634 1049 4688 modo
1096 4632 1380 4686 morereris
1423 4630 1474 4684 in
1519 4630 1697 4694 vulva,
1725 4631 1769 4684 si
1797 4630 1863 4684 ab
1889 4646 1977 4693 ea,
2006 4646 2166 4699 quam
2202 4645 2445 4699 ceperas,

887 4728 996 4778 imo
1025 4724 1077 4776 in
1102 4737 1205 4792 qua
1253 4720 1387 4774 male
1414 4709 1751 4784 nascebaris,
1779 4720 2069 4776 desistcrcs
2107 4722 2280 4790 culpa.
2314 4721 2447 4777 Cum

891 4829 943 4869 te
990 4815 1234 4869 videlicet
1284 4812 1466 4875 alieni,
1496 4820 1551 4867 et
1580 4828 1683 4867 non
1729 4812 1819 4866 lilii
1849 4814 2152 4882 apostolicae
2176 4816 2319 4869 sedis
2350 4814 2449 4869 eli-

891 4913 1101 4976 gerent,
1131 4913 1186 4958 ct
1228 4904 1294 4957 ab
1337 4918 1398 4957 ea
1446 4905 1639 4972 potius,
1676 4918 1834 4973 quam
1863 4906 2101 4967 tenebas,
2132 4906 2259 4959 sede
2290 4905 2452 4973 depo-

894 5004 1103 5053 nerent.
1149 5008 1307 5062 quam
1340 4993 1403 5045 ad
1459 4994 1638 5057 aliam,
1684 5009 1787 5048 non
1810 5010 1902 5063 per
1928 4995 2210 5064 judicium,
2232 4996 2324 5050 sed
2356 5011 2454 5065 per

880 5084 1177 5153 strepitum
1209 5092 1605 5151 promoverent,
1637 5082 1775 5137 sicut
1804 5085 2060 5153 scriptum
2091 5095 2175 5139 est
2207 5102 2221 5138 :
2250 5103 2267 5136 ι
2292 5084 2449 5153 Deje-

896 5176 1017 5230 eisti
1046 5188 1139 5229 eos
1168 5175 1293 5226 dtnn
1324 5172 1681 5227 allevarentur
1711 5172 1883 5243 (Paul.
1933 5176 2124 5243 Lxxn).
2170 5193 2188 5225 ι
2221 5175 2457 5230 Stecula-

899 5277 1040 5317 resa
1092 5263 1362 5317 liminibus
1410 5262 1664 5318 Ecclesia:
1693 5278 2026 5330 coercemus,
2082 5264 2174 5335 qui
2221 5265 2455 5321 dimissis

898 5353 1155 5406 uxoribus
1175 5354 1421 5421 propriis,
1452 5355 1725 5409 extraneis
1751 5354 2107 5420 fmderantur;
2134 5359 2227 5411 sed
2255 5366 2455 5426 quanto

897 5445 1133 5499 deterius
1156 5445 1469 5499 adulterium
1500 5446 1589 5501 ille
1616 5448 2029 5518 committit,qui
2064 5450 2265 5519 absque
2294 5464 2457 5519 syno-

900 5535 1006 5587 dali
1054 5535 1337 5591 sententia.
1392 5536 1575 5590 relicta
1616 5553 1731 5600 sua,
1785 5538 1942 5592 alieni
1974 5538 2111 5605 juris
2158 5539 2454 5595 Ecclesium

902 5641 1050 5677 tnnrc
1095 5625 1360 5692 pra-donis
1414 5626 1649 5680 invadit?
1699 5627 1811 5682 Hoc
1858 5629 2175 5684 adulterium
2215 5630 2458 5701 depIOrat

902 5717 1177 5782 propheta,
1224 5732 1342 5769 cum
1390 5719 1549 5772 dicit:
1591 5739 1607 5771 ι
1641 5719 1939 5774 Contritum
1963 5732 2043 5776 est
2071 5739 2165 5778 cor
2194 5723 2457 5795 meum‘in

907 5809 1079 5861 medio
1111 5810 1232 5874 inci,
1265 5821 1315 5863 et
1346 5822 1778 5867 contremuerunt
1822 5815 1997 5869 omnia
2033 5831 2152 5871 ossa
2186 5832 2323 5871 mea.
2359 5816 2462 5871 Fa-

2530 3383 2778 3441 siarum,
2838 3377 3048 3430 luxuria
3111 3372 3413 3429 venalitatis
3460 3369 3782 3425 extenditur.
3843 3366 3952 3421 Sed
4016 3366 4115 3419 bu—

2530 3472 2619 3543 jus
2672 3467 2923 3525 adulterii
2982 3464 3207 3519 dulcedo
3260 3463 3314 3517 in
3367 3469 3622 3531 quantam
3671 3466 3915 3513 vertatur
3962 3470 4114 3509 ama-

2538 3561 2867 3623 ritudinem,
2914 3556 3057 3610 illico
3106 3568 3211 3607 vox
3278 3552 3457 3607 divina
3515 3547 3828 3619 subjttngit:
3866 3565 3885 3598 ι
3943 3546 4115 3607 Ecce,

2539 3651 2740 3719 inquit,
2801 3662 2900 3717 ego
2952 3642 3144 3699 cibabo
3189 3657 3284 3697 eos
3334 3640 3619 3699 absinthio.
3677 3646 3734 3691 et
3779 3637 3978 3706 putabo
4026 3649 4118 3690 eos

2539 3741 2662 3797 felle
2712 3739 2845 3805 (Jer.
2892 3736 2990 3805 rx).
3028 3754 3046 3787 ι
3091 3734 3199 3788 Fac
3248 3733 3449 3801 itaque,
3501 3728 3689 3793 frater,
3734 3728 3887 3798 juxta
3931 3742 4116 3783 vocem

2538 3831 2812 3902 propheta:
2862 3824 3131 3902 dicentis:
3173 3839 3193 3875 ι
3246 3821 3469 3884 Redite,
3517 3820 3990 3889 prmvaricatores.
4051 3818 4114 3871 ad

2537 3898 2815 3990 corVUsa.
2868 3898 3013 3985 LVI);
3064 3932 3083 3967 ι
3119 3912 3373 3977 Discute,
3419 3909 3676 3974 obsecro,
3729 3908 4116 3963 conscientiam

2540 4010 2653 4082 38
2690 4019 2853 4071 tuam,
2877 4014 2933 4061 et
2956 4003 3251 4075 prudenter
3293 4000 3564 4064 examina,
3592 4013 3698 4068 qua
3751 4000 3961 4067 quiete,
4014 4012 4118 4066 quo

2542 4097 2827 4170 refrigerio
2856 4096 3059 4167 potitus
3097 4108 3177 4158 es,
3211 4104 3499 4163 postquam
3539 4098 3593 4145 to
3638 4088 3766 4144 huic
3817 4088 4120 4159 periculoso

2544 4191 2780 4261 negotio.
2814 4197 3071 4257 tanquam
3126 4183 3365 4256 Scyllzea:
3403 4182 3674 4252 voraginis
3719 4179 3977 4237 fluetibus
4023 4182 4119 4235 im-

2546 4282 2804 4337 mersisti.
2839 4278 3209 4349 Dilapidantur
3242 4291 3349 4331 tera
3380 4274 3678 4344 cupidinis,
3730 4272 4123 4327 exhauriuntur

2551 4372 2703 4426 folles
2732 4370 2925 4425 diversi
2958 4367 3169 4437 generis
3204 4366 3421 4419 metallo
3467 4374 3776 4433 turgentes;
3835 4364 4125 4434 profligan-

2551 4472 2640 4517 tur
2659 4465 2712 4516 in
2736 4473 2937 4516 cuneos
2962 4458 3191 4512 militum
3215 4456 3498 4525 eroganda:
3526 4454 3851 4524 pauperibus
3873 4455 4126 4520 Ecclesia:

2556 4551 2863 4607 facultates.
2910 4547 3240 4617 Cunctisque
3291 4547 3564 4617 subjectus
3620 4546 4013 4615 obtemperas,
4074 4556 4130 4600 ut

2553 4644 2763 4699 cunctis
2796 4645 2848 4697 in
2880 4642 3142 4712 dignitate
3182 4639 3476 4709 praecellas,
3511 4648 3557 4691 ct
3615 4638 3839 4692 ambitio
3880 4638 4130 4693 domina-

2556 4732 2716 4786 tionis
2759 4730 2882 4798 jure
2918 4738 2971 4783 tc
3021 4730 3290 4797 mancipat
3345 4727 3639 4781 SCl'\iltl2iS.
3704 4725 3877 4780 Unum
3921 4736 3976 4781 te
4028 4742 4128 4780 non

2556 4821 2743 4884 lateat,
2774 4820 2898 4888 quia
2930 4819 3177 4887 quisquis
3224 4817 3474 4871 Ecelesia:
3508 4831 3604 4886 per
3648 4816 3995 4873 venalitatem
4049 4836 4132 4875 se-

2557 4912 2663 4966 mel
2687 4910 2986 4980 irrcpscrit,
3018 4910 3188 4963 donec
3224 4909 3295 4963 illi
3350 4908 3646 4977 praefuerit,
3704 4908 3977 4963 redimere
4024 4925 4129 4964 non

2558 5003 2816 5057 cessabit.
2840 5001 2993 5056 Justo
3022 5002 3220 5069 quippe
3250 5000 3344 5054 Dei
3386 4998 3590 5070 judicio
3629 5000 3826 5070 agitur,
3869 5008 3929 5055 ut
3982 5002 4128 5070 quis-

2553 5095 2675 5163 quis
2741 5093 2979 5161 regimen
3058 5090 3311 5145 Ecclesia:
3377 5090 3705 5144 nundinatus
3776 5092 4129 5160 aggreditur,

2553 5185 2749 5255 quietis
2777 5184 2860 5237 vel
2887 5182 3173 5251 opulentia:
3197 5181 3537 5235 commodum
3561 5220 3577 5243 ,
3604 5180 3746 5250 quod
3795 5192 4130 5249 speraverat,

2556 5278 2622 5333 de
2667 5291 2765 5331 suo
2827 5274 3152 5329 connnercio
3197 5288 3303 5327 non
3356 5274 3615 5335 lucretur,
3667 5272 3759 5326 sed
3829 5271 4029 5326 sedens
4083 5274 4131 5325 in

2558 5369 2813 5425 cathedra
2844 5367 3162 5437 pestilentia:
3191 5365 3409 5419 fabriles
3438 5378 3651 5433 semper
3682 5362 3909 5417 malleus
3932 5376 4131 5429 versat,

2562 5472 2617 5515 et
2640 5460 2928 5515 immunda:
2957 5458 3288 5529 prrelationis
3318 5457 3467 5511 rivus
3497 5471 3591 5526 per
3627 5456 3844 5509 sordida
3890 5472 4132 5511 convexa

2563 5552 2878 5614 decurrens,
2902 5550 3042 5602 unde
3075 5547 3315 5602 funestus
3338 5547 3602 5609 oboritur,
3628 5558 3727 5598 suo
3756 5560 3972 5613 semper
4006 5546 4133 5599 fonti

2564 5640 2903 5709 respondeat.
2952 5639 3237 5693 Enimvero
3284 5652 3407 5693 cum
3440 5636 3721 5705 religiosus
3766 5637 4002 5705 quisque
4058 5637 4136 5691 vi:-

2565 5730 2746 5783 subire
2779 5736 2883 5781 tam
2926 5727 3206 5781 laboriosa:
3246 5725 3389 5780 sedis
3413 5739 3548 5780 onus
3573 5724 3887 5788 abhorreat,
3925 5725 4138 5793 illicqric

2567 5820 2819 5876 Constitui
2874 5819 2958 5871 vix
3012 5820 3133 5873 ullis
3175 5818 3452 5874 hominum
3509 5816 3756 5887 precibus
3805 5817 4137 5886 acquiesca:,
