  <div class='ocr_page' id='page_1' title='image "/cluster/home/n/w/nwhite01/storage/ocr_20150623/144-145/uc1.31175001639262/128.png"; bbox 0 0 4260 6374; ppageno 0'>
   <div class='ocr_carea' id='block_1_1' title="bbox 337 430 428 486">
    <p class='ocr_par' dir='ltr' id='par_1_1' title="bbox 337 430 428 486">
     <span class='ocr_line' id='line_1_1' title="bbox 337 430 428 486; baseline -0.022 -1"><span class='ocrx_word' id='word_1_1' title='bbox 337 430 428 486; x_wconf 67' lang='grc' dir='ltr'><strong>ΞΗ</strong></span> 
     </span>
    </p>
   </div>
   <div class='ocr_carea' id='block_1_2' title="bbox 1496 417 2432 486">
    <p class='ocr_par' dir='ltr' id='par_1_2' title="bbox 1496 417 2432 486">
     <span class='ocr_line' id='line_1_2' title="bbox 1496 417 2432 486; baseline -0.004 -10"><span class='ocrx_word' id='word_1_2' title='bbox 1496 420 1697 476; x_wconf 78' lang='lat' dir='ltr'><strong>LIBER</strong></span> <span class='ocrx_word' id='word_1_3' title='bbox 1734 417 2015 486; x_wconf 73' lang='lat' dir='ltr'><strong>PRIMUS,</strong></span> <span class='ocrx_word' id='word_1_4' title='bbox 2057 419 2272 475; x_wconf 67' lang='lat' dir='ltr'><strong>EPIST.</strong></span> <span class='ocrx_word' id='word_1_5' title='bbox 2319 418 2432 473; x_wconf 76' lang='lat' dir='ltr'><strong>XX.</strong></span> 
     </span>
    </p>
   </div>
   <div class='ocr_carea' id='block_1_3' title="bbox 3511 405 3621 462">
    <p class='ocr_par' dir='ltr' id='par_1_3' title="bbox 3511 405 3621 462">
     <span class='ocr_line' id='line_1_3' title="bbox 3511 405 3621 462; baseline 0.009 -1"><span class='ocrx_word' id='word_1_6' title='bbox 3511 405 3621 462; x_wconf 54' lang='grc' dir='ltr'><strong>με</strong></span> 
     </span>
    </p>
   </div>
   <div class='ocr_carea' id='block_1_4' title="bbox 338 523 3616 609">
    <p class='ocr_par' dir='ltr' id='par_1_4' title="bbox 338 523 3616 609">
     <span class='ocr_line' id='line_1_4' title="bbox 338 523 3616 609; baseline -0.008 -8"><span class='ocrx_word' id='word_1_7' title='bbox 338 564 429 603; x_wconf 90' lang='lat' dir='ltr'><strong>cur</strong></span> <span class='ocrx_word' id='word_1_8' title='bbox 455 559 509 600; x_wconf 91' lang='lat' dir='ltr'><strong>tu</strong></span> <span class='ocrx_word' id='word_1_9' title='bbox 539 559 680 600; x_wconf 87' lang='lat' dir='ltr'><strong>onus</strong></span> <span class='ocrx_word' id='word_1_10' title='bbox 719 555 963 604; x_wconf 89' lang='lat' dir='ltr'><strong>onerum,</strong></span> <span class='ocrx_word' id='word_1_11' title='bbox 1011 549 1064 594; x_wconf 88' lang='lat' dir='ltr'><strong>ut</strong></span> <span class='ocrx_word' id='word_1_12' title='bbox 1097 547 1316 594; x_wconf 88' lang='lat' dir='ltr'><strong>sanctus</strong></span> <span class='ocrx_word' id='word_1_13' title='bbox 1341 539 1450 593; x_wconf 87' lang='lat' dir='ltr'><strong>Leo</strong></span> <span class='ocrx_word' id='word_1_14' title='bbox 1497 553 1634 609; x_wconf 82' lang='lat' dir='ltr'><strong>papa</strong></span> <span class='ocrx_word' id='word_1_15' title='bbox 1683 537 1914 603; x_wconf 90' lang='lat' dir='ltr'><strong>dicebat,</strong></span> <span class='ocrx_word' id='word_1_16' title='bbox 1945 544 1994 603; x_wconf 70' lang='grc' dir='ltr'><strong>Α</strong></span> <span class='ocrx_word' id='word_1_17' title='bbox 2025 537 2130 592; x_wconf 89' lang='lat' dir='ltr'><strong>hoc</strong></span> <span class='ocrx_word' id='word_1_18' title='bbox 2155 544 2261 604; x_wconf 90' lang='lat' dir='ltr'><strong>est,</strong></span> <span class='ocrx_word' id='word_1_19' title='bbox 2289 535 2381 606; x_wconf 90' lang='lat' dir='ltr'><strong>qui</strong></span> <span class='ocrx_word' id='word_1_20' title='bbox 2424 548 2548 589; x_wconf 88' lang='lat' dir='ltr'><strong>cum</strong></span> <span class='ocrx_word' id='word_1_21' title='bbox 2608 548 2661 587; x_wconf 76' lang='grc' dir='ltr'>ιη</span> <span class='ocrx_word' id='word_1_22' title='bbox 2706 546 2814 601; x_wconf 92' lang='lat' dir='ltr'><strong>quo</strong></span> <span class='ocrx_word' id='word_1_23' title='bbox 2850 530 2939 584; x_wconf 88' lang='lat' dir='ltr'><strong>ille</strong></span> <span class='ocrx_word' id='word_1_24' title='bbox 2979 535 3194 599; x_wconf 84' lang='lat' dir='ltr'><strong>regnat,</strong></span> <span class='ocrx_word' id='word_1_25' title='bbox 3248 533 3306 580; x_wconf 92' lang='lat' dir='ltr'><strong>et</strong></span> <span class='ocrx_word' id='word_1_26' title='bbox 3363 523 3616 592; x_wconf 88' lang='lat' dir='ltr'><strong>imperat,</strong></span> 
     </span>
    </p>
   </div>
   <div class='ocr_carea' id='block_1_5' title="bbox 338 630 1916 704">
    <p class='ocr_par' dir='ltr' id='par_1_5' title="bbox 338 630 1916 704">
     <span class='ocr_line' id='line_1_5' title="bbox 338 630 1916 704; baseline -0.005 -11"><span class='ocrx_word' id='word_1_27' title='bbox 338 655 439 693; x_wconf 91' lang='lat' dir='ltr'><strong>non</strong></span> <span class='ocrx_word' id='word_1_28' title='bbox 471 639 634 692; x_wconf 89' lang='lat' dir='ltr'><strong>modo</strong></span> <span class='ocrx_word' id='word_1_29' title='bbox 660 650 764 689; x_wconf 83' lang='lat' dir='ltr'><strong>non</strong></span> <span class='ocrx_word' id='word_1_30' title='bbox 789 649 947 704; x_wconf 90' lang='lat' dir='ltr'><strong>paras</strong></span> <span class='ocrx_word' id='word_1_31' title='bbox 987 631 1264 702; x_wconf 86' lang='lat' dir='ltr'><strong>anfugere,</strong></span> <span class='ocrx_word' id='word_1_32' title='bbox 1307 631 1400 686; x_wconf 91' lang='lat' dir='ltr'><strong>sed</strong></span> <span class='ocrx_word' id='word_1_33' title='bbox 1432 630 1574 686; x_wconf 90' lang='lat' dir='ltr'><strong>ultro</strong></span> <span class='ocrx_word' id='word_1_34' title='bbox 1603 631 1766 686; x_wconf 90' lang='lat' dir='ltr'><strong>etiam</strong></span> <span class='ocrx_word' id='word_1_35' title='bbox 1796 644 1916 700; x_wconf 87' lang='lat' dir='ltr'><strong>pre-</strong></span> 
     </span>
    </p>
   </div>
   <div class='ocr_carea' id='block_1_6' title="bbox 338 720 1916 796">
    <p class='ocr_par' dir='ltr' id='par_1_6' title="bbox 338 720 1916 796">
     <span class='ocr_line' id='line_1_6' title="bbox 338 720 1916 796; baseline -0.007 -14"><span class='ocrx_word' id='word_1_36' title='bbox 338 743 444 786; x_wconf 83' lang='lat' dir='ltr'><strong>ces.</strong></span> <span class='ocrx_word' id='word_1_37' title='bbox 475 736 533 781; x_wconf 85' lang='lat' dir='ltr'><strong>et</strong></span> <span class='ocrx_word' id='word_1_38' title='bbox 569 725 799 796; x_wconf 81' lang='lat' dir='ltr'><strong>pretium</strong></span> <span class='ocrx_word' id='word_1_39' title='bbox 848 722 1123 777; x_wconf 84' lang='lat' dir='ltr'><strong>oll&#39;erendo</strong></span> <span class='ocrx_word' id='word_1_40' title='bbox 1157 721 1317 775; x_wconf 93' lang='lat' dir='ltr'><strong>anxie</strong></span> <span class='ocrx_word' id='word_1_41' title='bbox 1374 729 1427 775; x_wconf 90' lang='lat' dir='ltr'><strong>te</strong></span> <span class='ocrx_word' id='word_1_42' title='bbox 1476 720 1691 774; x_wconf 87' lang='lat' dir='ltr'><strong>conaris</strong></span> <span class='ocrx_word' id='word_1_43' title='bbox 1737 721 1916 773; x_wconf 90' lang='lat' dir='ltr'><strong>intru-</strong></span> 
     </span>
    </p>
   </div>
   <div class='ocr_carea' id='block_1_7' title="bbox 338 810 1920 884">
    <p class='ocr_par' dir='ltr' id='par_1_7' title="bbox 338 810 1920 884">
     <span class='ocr_line' id='line_1_7' title="bbox 338 810 1920 884; baseline -0.007 -10"><span class='ocrx_word' id='word_1_44' title='bbox 338 819 499 874; x_wconf 77' lang='lat' dir='ltr'><strong>dere?</strong></span> <span class='ocrx_word' id='word_1_45' title='bbox 527 815 596 872; x_wconf 88' lang='lat' dir='ltr'><strong>Ut</strong></span> <span class='ocrx_word' id='word_1_46' title='bbox 627 815 829 884; x_wconf 92' lang='lat' dir='ltr'><strong>liquido</strong></span> <span class='ocrx_word' id='word_1_47' title='bbox 852 815 1096 867; x_wconf 89' lang='lat' dir='ltr'><strong>videatur</strong></span> <span class='ocrx_word' id='word_1_48' title='bbox 1125 811 1219 866; x_wconf 92' lang='lat' dir='ltr'><strong>tibi</strong></span> <span class='ocrx_word' id='word_1_49' title='bbox 1242 810 1511 866; x_wconf 76' lang='lat' dir='ltr'><strong>sententia</strong></span> <span class='ocrx_word' id='word_1_50' title='bbox 1543 810 1630 864; x_wconf 91' lang='lat' dir='ltr'><strong>illa</strong></span> <span class='ocrx_word' id='word_1_51' title='bbox 1657 824 1920 878; x_wconf 80' lang='lat' dir='ltr'><strong>congrue-</strong></span> 
     </span>
    </p>
   </div>
   <div class='ocr_carea' id='block_1_8' title="bbox 341 898 1915 976">
    <p class='ocr_par' dir='ltr' id='par_1_8' title="bbox 341 898 1915 976">
     <span class='ocr_line' id='line_1_8' title="bbox 341 898 1915 976; baseline -0.004 -18"><span class='ocrx_word' id='word_1_52' title='bbox 341 923 416 971; x_wconf 82' lang='lat' dir='ltr'><strong>re,</strong></span> <span class='ocrx_word' id='word_1_53' title='bbox 449 921 610 976; x_wconf 87' lang='lat' dir='ltr'><strong>quam</strong></span> <span class='ocrx_word' id='word_1_54' title='bbox 632 921 726 975; x_wconf 91' lang='lat' dir='ltr'><strong>per</strong></span> <span class='ocrx_word' id='word_1_55' title='bbox 760 902 1096 958; x_wconf 85' lang='lat' dir='ltr'><strong>Ezechielem</strong></span> <span class='ocrx_word' id='word_1_56' title='bbox 1136 903 1396 956; x_wconf 87' lang='lat' dir='ltr'><strong>adversus</strong></span> <span class='ocrx_word' id='word_1_57' title='bbox 1418 898 1718 954; x_wconf 84' lang='lat' dir='ltr'><strong>Jerusalem</strong></span> <span class='ocrx_word' id='word_1_58' title='bbox 1776 899 1915 952; x_wconf 88' lang='lat' dir='ltr'><strong>divi-</strong></span> 
     </span>
    </p>
   </div>
   <div class='ocr_carea' id='block_1_9' title="bbox 339 989 1933 1063">
    <p class='ocr_par' dir='ltr' id='par_1_9' title="bbox 339 989 1933 1063">
     <span class='ocr_line' id='line_1_9' title="bbox 339 989 1933 1063; baseline -0.008 -9"><span class='ocrx_word' id='word_1_59' title='bbox 339 1012 438 1054; x_wconf 79' lang='lat' dir='ltr'><strong>nus</strong></span> <span class='ocrx_word' id='word_1_60' title='bbox 477 1009 658 1050; x_wconf 85' lang='lat' dir='ltr'><strong>sermo</strong></span> <span class='ocrx_word' id='word_1_61' title='bbox 691 992 1047 1063; x_wconf 73' lang='lat' dir='ltr'><strong>pronuntiat:</strong></span> <span class='ocrx_word' id='word_1_62' title='bbox 1101 1010 1119 1042; x_wconf 82' lang='grc' dir='ltr'><strong>ι</strong></span> <span class='ocrx_word' id='word_1_63' title='bbox 1170 989 1466 1054; x_wconf 84' lang='lat' dir='ltr'><strong>Omnibus,</strong></span> <span class='ocrx_word' id='word_1_64' title='bbox 1523 989 1619 1054; x_wconf 93' lang='lat' dir='ltr'><strong>ait,</strong></span> <span class='ocrx_word' id='word_1_65' title='bbox 1669 989 1933 1043; x_wconf 80' lang='lat' dir='ltr'><strong>meretri--</strong></span> 
     </span>
    </p>
   </div>
   <div class='ocr_carea' id='block_1_10' title="bbox 337 1079 1917 1148">
    <p class='ocr_par' dir='ltr' id='par_1_10' title="bbox 337 1079 1917 1148">
     <span class='ocr_line' id='line_1_10' title="bbox 337 1079 1917 1148; baseline -0.004 -10"><span class='ocrx_word' id='word_1_66' title='bbox 337 1085 488 1139; x_wconf 72' lang='lat' dir='ltr'><strong>tibus</strong></span> <span class='ocrx_word' id='word_1_67' title='bbox 515 1083 710 1137; x_wconf 81' lang='lat' dir='ltr'><strong>dantur</strong></span> <span class='ocrx_word' id='word_1_68' title='bbox 737 1081 1040 1148; x_wconf 80' lang='lat' dir='ltr'><strong>mercedes;</strong></span> <span class='ocrx_word' id='word_1_69' title='bbox 1077 1090 1131 1135; x_wconf 93' lang='lat' dir='ltr'><strong>tu</strong></span> <span class='ocrx_word' id='word_1_70' title='bbox 1179 1090 1358 1135; x_wconf 90' lang='lat' dir='ltr'><strong>autem</strong></span> <span class='ocrx_word' id='word_1_71' title='bbox 1401 1080 1596 1135; x_wconf 83' lang='lat' dir='ltr'><strong>dedisti</strong></span> <span class='ocrx_word' id='word_1_72' title='bbox 1636 1079 1917 1134; x_wconf 88' lang='lat' dir='ltr'><strong>mercedes</strong></span> 
     </span>
    </p>
   </div>
   <div class='ocr_carea' id='block_1_11' title="bbox 338 1169 1916 1242">
    <p class='ocr_par' dir='ltr' id='par_1_11' title="bbox 338 1169 1916 1242">
     <span class='ocr_line' id='line_1_11' title="bbox 338 1169 1916 1242; baseline -0.004 -12"><span class='ocrx_word' id='word_1_73' title='bbox 338 1174 549 1230; x_wconf 89' lang='lat' dir='ltr'><strong>cunctis</strong></span> <span class='ocrx_word' id='word_1_74' title='bbox 576 1173 911 1228; x_wconf 78' lang='lat' dir='ltr'><strong>amatoribus</strong></span> <span class='ocrx_word' id='word_1_75' title='bbox 957 1169 1084 1226; x_wconf 88' lang='lat' dir='ltr'><strong>tuis.</strong></span> <span class='ocrx_word' id='word_1_76' title='bbox 1137 1171 1195 1226; x_wconf 88' lang='lat' dir='ltr'><strong>In</strong></span> <span class='ocrx_word' id='word_1_77' title='bbox 1227 1186 1293 1226; x_wconf 91' lang='lat' dir='ltr'><strong>eo</strong></span> <span class='ocrx_word' id='word_1_78' title='bbox 1323 1172 1466 1227; x_wconf 92' lang='lat' dir='ltr'><strong>enim</strong></span> <span class='ocrx_word' id='word_1_79' title='bbox 1525 1170 1669 1242; x_wconf 91' lang='lat' dir='ltr'><strong>quod</strong></span> <span class='ocrx_word' id='word_1_80' title='bbox 1721 1170 1916 1226; x_wconf 84' lang='lat' dir='ltr'><strong>dedisti</strong></span> 
     </span>
    </p>
   </div>
   <div class='ocr_carea' id='block_1_12' title="bbox 339 1261 1916 1331">
    <p class='ocr_par' dir='ltr' id='par_1_12' title="bbox 339 1261 1916 1331">
     <span class='ocr_line' id='line_1_12' title="bbox 339 1261 1916 1331; baseline -0.003 -11"><span class='ocrx_word' id='word_1_81' title='bbox 339 1265 634 1329; x_wconf 85' lang='lat' dir='ltr'><strong>mercedes,</strong></span> <span class='ocrx_word' id='word_1_82' title='bbox 662 1271 718 1319; x_wconf 88' lang='lat' dir='ltr'><strong>et</strong></span> <span class='ocrx_word' id='word_1_83' title='bbox 747 1263 1022 1318; x_wconf 88' lang='lat' dir='ltr'><strong>mercedes</strong></span> <span class='ocrx_word' id='word_1_84' title='bbox 1047 1277 1154 1317; x_wconf 89' lang='lat' dir='ltr'><strong>non</strong></span> <span class='ocrx_word' id='word_1_85' title='bbox 1178 1262 1458 1331; x_wconf 88' lang='lat' dir='ltr'><strong>accepisti,</strong></span> <span class='ocrx_word' id='word_1_86' title='bbox 1504 1261 1708 1317; x_wconf 86' lang='lat' dir='ltr'><strong>factum</strong></span> <span class='ocrx_word' id='word_1_87' title='bbox 1739 1269 1822 1316; x_wconf 92' lang='lat' dir='ltr'><strong>est</strong></span> <span class='ocrx_word' id='word_1_88' title='bbox 1862 1261 1916 1316; x_wconf 89' lang='lat' dir='ltr'><strong>in</strong></span> 
     </span>
    </p>
   </div>
   <div class='ocr_carea' id='block_1_13' title="bbox 340 1351 1918 1424">
    <p class='ocr_par' dir='ltr' id='par_1_13' title="bbox 340 1351 1918 1424">
     <span class='ocr_line' id='line_1_13' title="bbox 340 1351 1918 1424; baseline -0.003 -14"><span class='ocrx_word' id='word_1_89' title='bbox 340 1367 388 1410; x_wconf 84' lang='lat' dir='ltr'><strong>te</strong></span> <span class='ocrx_word' id='word_1_90' title='bbox 416 1355 754 1412; x_wconf 89' lang='lat' dir='ltr'><strong>contrarium</strong></span> <span class='ocrx_word' id='word_1_91' title='bbox 785 1354 1004 1424; x_wconf 76' lang='lat' dir='ltr'><strong>(Ezecli.</strong></span> <span class='ocrx_word' id='word_1_92' title='bbox 1031 1351 1166 1422; x_wconf 78' lang='lat' dir='ltr'><strong>xvi).</strong></span> <span class='ocrx_word' id='word_1_93' title='bbox 1208 1371 1226 1406; x_wconf 75' lang='grc' dir='ltr'><strong>ι</strong></span> <span class='ocrx_word' id='word_1_94' title='bbox 1259 1352 1550 1418; x_wconf 67' lang='lat' dir='ltr'><strong>Praeterea,</strong></span> <span class='ocrx_word' id='word_1_95' title='bbox 1575 1352 1619 1407; x_wconf 93' lang='lat' dir='ltr'><strong>si</strong></span> <span class='ocrx_word' id='word_1_96' title='bbox 1647 1367 1742 1408; x_wconf 91' lang='lat' dir='ltr'><strong>eos</strong></span> <span class='ocrx_word' id='word_1_97' title='bbox 1776 1351 1918 1407; x_wconf 83' lang='lat' dir='ltr'><strong>sacri</strong></span> 
     </span>
    </p>
   </div>
   <div class='ocr_carea' id='block_1_14' title="bbox 337 1442 1918 1513">
    <p class='ocr_par' dir='ltr' id='par_1_14' title="bbox 337 1442 1918 1513">
     <span class='ocr_line' id='line_1_14' title="bbox 337 1442 1918 1513; baseline 0 -16"><span class='ocrx_word' id='word_1_98' title='bbox 337 1459 573 1500; x_wconf 79' lang='lat' dir='ltr'><strong>canones</strong></span> <span class='ocrx_word' id='word_1_99' title='bbox 599 1443 883 1500; x_wconf 68' lang='lat' dir='ltr'><strong>haereticos</strong></span> <span class='ocrx_word' id='word_1_100' title='bbox 912 1452 1104 1498; x_wconf 91' lang='lat' dir='ltr'><strong>notant</strong></span> <span class='ocrx_word' id='word_1_101' title='bbox 1132 1443 1222 1513; x_wconf 91' lang='lat' dir='ltr'><strong>qui</strong></span> <span class='ocrx_word' id='word_1_102' title='bbox 1259 1458 1383 1498; x_wconf 92' lang='lat' dir='ltr'><strong>cum</strong></span> <span class='ocrx_word' id='word_1_103' title='bbox 1415 1442 1656 1497; x_wconf 78' lang='lat' dir='ltr'><strong>Romana</strong></span> <span class='ocrx_word' id='word_1_104' title='bbox 1676 1442 1918 1499; x_wconf 84' lang='lat' dir='ltr'><strong>Ecclesia</strong></span> 
     </span>
    </p>
   </div>
   <div class='ocr_carea' id='block_1_15' title="bbox 340 1534 1917 1606">
    <p class='ocr_par' dir='ltr' id='par_1_15' title="bbox 340 1534 1917 1606">
     <span class='ocr_line' id='line_1_15' title="bbox 340 1534 1917 1606; baseline 0.001 -16"><span class='ocrx_word' id='word_1_105' title='bbox 340 1553 442 1590; x_wconf 90' lang='lat' dir='ltr'><strong>non</strong></span> <span class='ocrx_word' id='word_1_106' title='bbox 493 1537 852 1600; x_wconf 77' lang='lat' dir='ltr'><strong>concordant,</strong></span> <span class='ocrx_word' id='word_1_107' title='bbox 909 1550 1014 1606; x_wconf 89' lang='lat' dir='ltr'><strong>qua</strong></span> <span class='ocrx_word' id='word_1_108' title='bbox 1069 1543 1125 1590; x_wconf 91' lang='lat' dir='ltr'><strong>tu</strong></span> <span class='ocrx_word' id='word_1_109' title='bbox 1165 1534 1498 1604; x_wconf 88' lang='lat' dir='ltr'><strong>judicaberis</strong></span> <span class='ocrx_word' id='word_1_110' title='bbox 1548 1536 1744 1605; x_wconf 89' lang='lat' dir='ltr'><strong>dignus</strong></span> <span class='ocrx_word' id='word_1_111' title='bbox 1797 1550 1917 1590; x_wconf 89' lang='lat' dir='ltr'><strong>esse</strong></span> 
     </span>
    </p>
   </div>
   <div class='ocr_carea' id='block_1_16' title="bbox 339 1627 1919 1696">
    <p class='ocr_par' dir='ltr' id='par_1_16' title="bbox 339 1627 1919 1696">
     <span class='ocr_line' id='line_1_16' title="bbox 339 1627 1919 1696; baseline -0.001 -14"><span class='ocrx_word' id='word_1_112' title='bbox 339 1628 624 1692; x_wconf 76' lang='lat' dir='ltr'><strong>sententia,</strong></span> <span class='ocrx_word' id='word_1_113' title='bbox 659 1627 749 1696; x_wconf 85' lang='lat' dir='ltr'><strong>qui</strong></span> <span class='ocrx_word' id='word_1_114' title='bbox 777 1627 878 1682; x_wconf 88' lang='lat' dir='ltr'><strong>sibi</strong></span> <span class='ocrx_word' id='word_1_115' title='bbox 910 1627 1203 1690; x_wconf 87' lang='lat' dir='ltr'><strong>resistenti,</strong></span> <span class='ocrx_word' id='word_1_116' title='bbox 1238 1635 1296 1682; x_wconf 88' lang='lat' dir='ltr'><strong>et</strong></span> <span class='ocrx_word' id='word_1_117' title='bbox 1320 1627 1748 1683; x_wconf 86' lang='lat' dir='ltr'><strong>obstinatissime</strong></span> <span class='ocrx_word' id='word_1_118' title='bbox 1777 1627 1919 1682; x_wconf 82' lang='lat' dir='ltr'><strong>relu-</strong></span> 
     </span>
    </p>
   </div>
   <div class='ocr_carea' id='block_1_17' title="bbox 339 1718 1920 1789">
    <p class='ocr_par' dir='ltr' id='par_1_17' title="bbox 339 1718 1920 1789">
     <span class='ocr_line' id='line_1_17' title="bbox 339 1718 1920 1789; baseline 0 -15"><span class='ocrx_word' id='word_1_119' title='bbox 339 1718 528 1786; x_wconf 81' lang='lat' dir='ltr'><strong>ctanti,</strong></span> <span class='ocrx_word' id='word_1_120' title='bbox 561 1733 665 1774; x_wconf 91' lang='lat' dir='ltr'><strong>non</strong></span> <span class='ocrx_word' id='word_1_121' title='bbox 693 1727 901 1789; x_wconf 85' lang='lat' dir='ltr'><strong>pastor,</strong></span> <span class='ocrx_word' id='word_1_122' title='bbox 930 1718 1023 1773; x_wconf 91' lang='lat' dir='ltr'><strong>sed</strong></span> <span class='ocrx_word' id='word_1_123' title='bbox 1060 1727 1320 1788; x_wconf 84' lang='lat' dir='ltr'><strong>tyrannus</strong></span> <span class='ocrx_word' id='word_1_124' title='bbox 1358 1718 1657 1789; x_wconf 84' lang='lat' dir='ltr'><strong>ingereris;</strong></span> <span class='ocrx_word' id='word_1_125' title='bbox 1689 1733 1920 1787; x_wconf 87' lang='lat' dir='ltr'><strong>eamque</strong></span> 
     </span>
    </p>
   </div>
   <div class='ocr_carea' id='block_1_18' title="bbox 342 1807 1916 1880">
    <p class='ocr_par' dir='ltr' id='par_1_18' title="bbox 342 1807 1916 1880">
     <span class='ocr_line' id='line_1_18' title="bbox 342 1807 1916 1880; baseline -0.001 -17"><span class='ocrx_word' id='word_1_126' title='bbox 342 1825 498 1880; x_wconf 88' lang='lat' dir='ltr'><strong>quam</strong></span> <span class='ocrx_word' id='word_1_127' title='bbox 526 1825 686 1880; x_wconf 80' lang='lat' dir='ltr'><strong>supra</strong></span> <span class='ocrx_word' id='word_1_128' title='bbox 710 1818 916 1880; x_wconf 86' lang='lat' dir='ltr'><strong>petram</strong></span> <span class='ocrx_word' id='word_1_129' title='bbox 943 1810 1070 1864; x_wconf 84' lang='lat' dir='ltr'><strong>lidei</strong></span> <span class='ocrx_word' id='word_1_130' title='bbox 1103 1807 1295 1866; x_wconf 82' lang='lat' dir='ltr'><strong>Petrus</strong></span> <span class='ocrx_word' id='word_1_131' title='bbox 1346 1810 1673 1880; x_wconf 74' lang='lat' dir='ltr'><strong>przedicator</strong></span> <span class='ocrx_word' id='word_1_132' title='bbox 1717 1811 1916 1874; x_wconf 84' lang='lat' dir='ltr'><strong>erexit,</strong></span> 
     </span>
    </p>
   </div>
   <div class='ocr_carea' id='block_1_19' title="bbox 2022 615 3617 700">
    <p class='ocr_par' dir='ltr' id='par_1_19' title="bbox 2022 615 3617 700">
     <span class='ocr_line' id='line_1_19' title="bbox 2022 615 3617 700; baseline -0.012 -15"><span class='ocrx_word' id='word_1_133' title='bbox 2022 644 2332 686; x_wconf 79' lang='lat' dir='ltr'><strong>commoves</strong></span> <span class='ocrx_word' id='word_1_134' title='bbox 2362 628 2640 700; x_wconf 84' lang='lat' dir='ltr'><strong>pepulum.</strong></span> <span class='ocrx_word' id='word_1_135' title='bbox 2675 625 2962 694; x_wconf 89' lang='lat' dir='ltr'><strong>Sceptrum</strong></span> <span class='ocrx_word' id='word_1_136' title='bbox 2993 623 3116 677; x_wconf 81' lang='lat' dir='ltr'><strong>Filii</strong></span> <span class='ocrx_word' id='word_1_137' title='bbox 3149 621 3238 676; x_wconf 89' lang='lat' dir='ltr'><strong>Dei</strong></span> <span class='ocrx_word' id='word_1_138' title='bbox 3262 628 3347 674; x_wconf 90' lang='lat' dir='ltr'><strong>est</strong></span> <span class='ocrx_word' id='word_1_139' title='bbox 3373 615 3617 672; x_wconf 76' lang='lat' dir='ltr'><strong>Ecclesia</strong></span> 
     </span>
    </p>
   </div>
   <div class='ocr_carea' id='block_1_20' title="bbox 2021 710 3621 790">
    <p class='ocr_par' dir='ltr' id='par_1_20' title="bbox 2021 710 3621 790">
     <span class='ocr_line' id='line_1_20' title="bbox 2021 710 3621 790; baseline -0.013 -12"><span class='ocrx_word' id='word_1_140' title='bbox 2021 722 2312 787; x_wconf 89' lang='lat' dir='ltr'><strong>catholica,</strong></span> <span class='ocrx_word' id='word_1_141' title='bbox 2345 721 2460 777; x_wconf 65' lang='lat' dir='ltr'><strong>lucc</strong></span> <span class='ocrx_word' id='word_1_142' title='bbox 2485 734 2734 790; x_wconf 85' lang='lat' dir='ltr'><strong>regnum,</strong></span> <span class='ocrx_word' id='word_1_143' title='bbox 2760 718 2876 772; x_wconf 63' lang='lat' dir='ltr'><strong>haec</strong></span> <span class='ocrx_word' id='word_1_144' title='bbox 2901 727 2982 771; x_wconf 90' lang='lat' dir='ltr'><strong>est</strong></span> <span class='ocrx_word' id='word_1_145' title='bbox 3010 726 3064 770; x_wconf 88' lang='lat' dir='ltr'><strong>et</strong></span> <span class='ocrx_word' id='word_1_146' title='bbox 3094 712 3262 768; x_wconf 87' lang='lat' dir='ltr'><strong>nostri</strong></span> <span class='ocrx_word' id='word_1_147' title='bbox 3288 710 3621 772; x_wconf 77' lang='lat' dir='ltr'><strong>Redempto-</strong></span> 
     </span>
    </p>
   </div>
   <div class='ocr_carea' id='block_1_21' title="bbox 2023 799 3618 882">
    <p class='ocr_par' dir='ltr' id='par_1_21' title="bbox 2023 799 3618 882">
     <span class='ocr_line' id='line_1_21' title="bbox 2023 799 3618 882; baseline -0.009 -16"><span class='ocrx_word' id='word_1_148' title='bbox 2023 813 2097 866; x_wconf 81' lang='lat' dir='ltr'><strong>ris</strong></span> <span class='ocrx_word' id='word_1_149' title='bbox 2128 811 2434 882; x_wconf 88' lang='lat' dir='ltr'><strong>imperium,</strong></span> <span class='ocrx_word' id='word_1_150' title='bbox 2465 825 2627 879; x_wconf 86' lang='lat' dir='ltr'><strong>quam</strong></span> <span class='ocrx_word' id='word_1_151' title='bbox 2657 818 2712 862; x_wconf 91' lang='lat' dir='ltr'><strong>tu</strong></span> <span class='ocrx_word' id='word_1_152' title='bbox 2745 822 2964 862; x_wconf 88' lang='lat' dir='ltr'><strong>movere</strong></span> <span class='ocrx_word' id='word_1_153' title='bbox 3009 806 3205 859; x_wconf 90' lang='lat' dir='ltr'><strong>merilo</strong></span> <span class='ocrx_word' id='word_1_154' title='bbox 3236 801 3464 862; x_wconf 83' lang='lat' dir='ltr'><strong>diceris,</strong></span> <span class='ocrx_word' id='word_1_155' title='bbox 3490 799 3618 857; x_wconf 78' lang='lat' dir='ltr'><strong>dum</strong></span> 
     </span>
    </p>
   </div>
   <div class='ocr_carea' id='block_1_22' title="bbox 2021 889 3619 956">
    <p class='ocr_par' dir='ltr' id='par_1_22' title="bbox 2021 889 3619 956">
     <span class='ocr_line' id='line_1_22' title="bbox 2021 889 3619 956; baseline -0.009 0"><span class='ocrx_word' id='word_1_156' title='bbox 2021 917 2140 956; x_wconf 89' lang='lat' dir='ltr'><strong>eam</strong></span> <span class='ocrx_word' id='word_1_157' title='bbox 2165 915 2365 956; x_wconf 87' lang='lat' dir='ltr'><strong>vexare</strong></span> <span class='ocrx_word' id='word_1_158' title='bbox 2398 910 2452 954; x_wconf 90' lang='lat' dir='ltr'><strong>et</strong></span> <span class='ocrx_word' id='word_1_159' title='bbox 2493 900 2822 955; x_wconf 86' lang='lat' dir='ltr'><strong>conturbare</strong></span> <span class='ocrx_word' id='word_1_160' title='bbox 2854 896 3156 952; x_wconf 80' lang='lat' dir='ltr'><strong>contendis.</strong></span> <span class='ocrx_word' id='word_1_161' title='bbox 3205 891 3321 946; x_wconf 85' lang='lat' dir='ltr'><strong>Non</strong></span> <span class='ocrx_word' id='word_1_162' title='bbox 3363 899 3446 944; x_wconf 91' lang='lat' dir='ltr'><strong>cst</strong></span> <span class='ocrx_word' id='word_1_163' title='bbox 3486 889 3619 943; x_wconf 90' lang='lat' dir='ltr'><strong>mihi</strong></span> 
     </span>
    </p>
   </div>
   <div class='ocr_carea' id='block_1_23' title="bbox 2022 980 3622 1066">
    <p class='ocr_par' dir='ltr' id='par_1_23' title="bbox 2022 980 3622 1066">
     <span class='ocr_line' id='line_1_23' title="bbox 2022 980 3622 1066; baseline -0.009 -17"><span class='ocrx_word' id='word_1_164' title='bbox 2022 994 2360 1066; x_wconf 90' lang='lat' dir='ltr'><strong>propositum</strong></span> <span class='ocrx_word' id='word_1_165' title='bbox 2416 993 2693 1064; x_wconf 68' lang='lat' dir='ltr'><strong>prophetae</strong></span> <span class='ocrx_word' id='word_1_166' title='bbox 2753 991 2918 1045; x_wconf 91' lang='lat' dir='ltr'><strong>verba</strong></span> <span class='ocrx_word' id='word_1_167' title='bbox 2987 1001 3136 1043; x_wconf 90' lang='lat' dir='ltr'><strong>more</strong></span> <span class='ocrx_word' id='word_1_168' title='bbox 3196 980 3622 1041; x_wconf 85' lang='lat' dir='ltr'><strong>eommentantis</strong></span> 
     </span>
    </p>
   </div>
   <div class='ocr_carea' id='block_1_24' title="bbox 2020 1073 3625 1156">
    <p class='ocr_par' dir='ltr' id='par_1_24' title="bbox 2020 1073 3625 1156">
     <span class='ocr_line' id='line_1_24' title="bbox 2020 1073 3625 1156; baseline -0.008 -16"><span class='ocrx_word' id='word_1_169' title='bbox 2020 1100 2317 1156; x_wconf 78' lang='lat' dir='ltr'><strong>exponere,</strong></span> <span class='ocrx_word' id='word_1_170' title='bbox 2348 1093 2410 1139; x_wconf 92' lang='lat' dir='ltr'><strong>ut</strong></span> <span class='ocrx_word' id='word_1_171' title='bbox 2436 1075 2662 1138; x_wconf 71' lang='lat' dir='ltr'><strong>deb&#39;eam</strong></span> <span class='ocrx_word' id='word_1_172' title='bbox 2716 1082 2784 1137; x_wconf 90' lang='lat' dir='ltr'><strong>de</strong></span> <span class='ocrx_word' id='word_1_173' title='bbox 2828 1081 2990 1153; x_wconf 90' lang='lat' dir='ltr'><strong>lignis</strong></span> <span class='ocrx_word' id='word_1_174' title='bbox 3039 1093 3280 1149; x_wconf 89' lang='lat' dir='ltr'><strong>quoque,</strong></span> <span class='ocrx_word' id='word_1_175' title='bbox 3325 1073 3472 1130; x_wconf 92' lang='lat' dir='ltr'><strong>unde</strong></span> <span class='ocrx_word' id='word_1_176' title='bbox 3499 1082 3625 1144; x_wconf 90' lang='lat' dir='ltr'><strong>post</strong></span> 
     </span>
    </p>
   </div>
   <div class='ocr_carea' id='block_1_25' title="bbox 2021 1167 3618 1237">
    <p class='ocr_par' dir='ltr' id='par_1_25' title="bbox 2021 1167 3618 1237">
     <span class='ocr_line' id='line_1_25' title="bbox 2021 1167 3618 1237; baseline -0.008 -7"><span class='ocrx_word' id='word_1_177' title='bbox 2021 1189 2208 1230; x_wconf 87' lang='lat' dir='ltr'><strong>arcam</strong></span> <span class='ocrx_word' id='word_1_178' title='bbox 2243 1173 2357 1230; x_wconf 81' lang='lat' dir='ltr'><strong>Noe</strong></span> <span class='ocrx_word' id='word_1_179' title='bbox 2399 1190 2544 1230; x_wconf 91' lang='lat' dir='ltr'><strong>nunc</strong></span> <span class='ocrx_word' id='word_1_180' title='bbox 2586 1172 2886 1230; x_wconf 79' lang='lat' dir='ltr'><strong>fabricatur</strong></span> <span class='ocrx_word' id='word_1_181' title='bbox 2941 1170 3224 1236; x_wconf 87' lang='lat' dir='ltr'><strong>Ecclesia,</strong></span> <span class='ocrx_word' id='word_1_182' title='bbox 3279 1167 3560 1237; x_wconf 84' lang='lat' dir='ltr'><strong>disputare</strong></span> <span class='ocrx_word' id='word_1_183' title='bbox 3604 1183 3618 1219; x_wconf 92' lang='lat'>:</span> 
     </span>
    </p>
   </div>
   <div class='ocr_carea' id='block_1_26' title="bbox 2021 1262 3624 1334">
    <p class='ocr_par' dir='ltr' id='par_1_26' title="bbox 2021 1262 3624 1334">
     <span class='ocr_line' id='line_1_26' title="bbox 2021 1262 3624 1334; baseline -0.009 -10"><span class='ocrx_word' id='word_1_184' title='bbox 2021 1265 2406 1324; x_wconf 72' lang='lat' dir='ltr'><strong>Suﬂiciatmihi</strong></span> <span class='ocrx_word' id='word_1_185' title='bbox 2437 1267 2702 1320; x_wconf 79' lang='lat' dir='ltr'><strong>duntaxat</strong></span> <span class='ocrx_word' id='word_1_186' title='bbox 2747 1263 2835 1318; x_wconf 88' lang='lat' dir='ltr'><strong>illa</strong></span> <span class='ocrx_word' id='word_1_187' title='bbox 2890 1262 3278 1334; x_wconf 89' lang='lat' dir='ltr'><strong>perstringere,</strong></span> <span class='ocrx_word' id='word_1_188' title='bbox 3325 1273 3463 1328; x_wconf 63' lang='lat' dir='ltr'><strong>qua</strong></span> <span class='ocrx_word' id='word_1_189' title='bbox 3518 1265 3624 1310; x_wconf 69' lang='lat' dir='ltr'><strong>ture</strong></span> 
     </span>
    </p>
   </div>
   <div class='ocr_carea' id='block_1_27' title="bbox 2023 1347 3624 1416">
    <p class='ocr_par' dir='ltr' id='par_1_27' title="bbox 2023 1347 3624 1416">
     <span class='ocr_line' id='line_1_27' title="bbox 2023 1347 3624 1416; baseline -0.006 -8"><span class='ocrx_word' id='word_1_190' title='bbox 2023 1355 2314 1409; x_wconf 89' lang='lat' dir='ltr'><strong>videantur</strong></span> <span class='ocrx_word' id='word_1_191' title='bbox 2356 1353 2592 1410; x_wconf 62' lang='lat' dir='ltr'><strong>vesania:</strong></span> <span class='ocrx_word' id='word_1_192' title='bbox 2646 1353 2958 1409; x_wconf 90' lang='lat' dir='ltr'><strong>convenire.</strong></span> <span class='ocrx_word' id='word_1_193' title='bbox 3011 1351 3181 1407; x_wconf 85' lang='lat' dir='ltr'><strong>Porro</strong></span> <span class='ocrx_word' id='word_1_194' title='bbox 3231 1357 3438 1411; x_wconf 88' lang='lat' dir='ltr'><strong>autem,</strong></span> <span class='ocrx_word' id='word_1_195' title='bbox 3495 1347 3624 1416; x_wconf 83' lang='lat' dir='ltr'><strong>quia</strong></span> 
     </span>
    </p>
   </div>
   <div class='ocr_carea' id='block_1_28' title="bbox 2023 1441 3621 1516">
    <p class='ocr_par' dir='ltr' id='par_1_28' title="bbox 2023 1441 3621 1516">
     <span class='ocr_line' id='line_1_28' title="bbox 2023 1441 3621 1516; baseline -0.009 -14"><span class='ocrx_word' id='word_1_196' title='bbox 2023 1459 2252 1502; x_wconf 89' lang='lat' dir='ltr'><strong>conatus</strong></span> <span class='ocrx_word' id='word_1_197' title='bbox 2281 1456 2404 1502; x_wconf 90' lang='lat' dir='ltr'><strong>tuus</strong></span> <span class='ocrx_word' id='word_1_198' title='bbox 2435 1448 2537 1502; x_wconf 91' lang='lat' dir='ltr'><strong>iste</strong></span> <span class='ocrx_word' id='word_1_199' title='bbox 2583 1462 2860 1515; x_wconf 87' lang='lat' dir='ltr'><strong>nunquam</strong></span> <span class='ocrx_word' id='word_1_200' title='bbox 2914 1445 3198 1516; x_wconf 88' lang='lat' dir='ltr'><strong>perveniet</strong></span> <span class='ocrx_word' id='word_1_201' title='bbox 3245 1445 3312 1498; x_wconf 87' lang='lat' dir='ltr'><strong>ad</strong></span> <span class='ocrx_word' id='word_1_202' title='bbox 3343 1441 3621 1500; x_wconf 71' lang='lat' dir='ltr'><strong>effectum,</strong></span> 
     </span>
    </p>
   </div>
   <div class='ocr_carea' id='block_1_29' title="bbox 2025 1533 3628 1606">
    <p class='ocr_par' dir='ltr' id='par_1_29' title="bbox 2025 1533 3628 1606">
     <span class='ocr_line' id='line_1_29' title="bbox 2025 1533 3628 1606; baseline -0.005 -16"><span class='ocrx_word' id='word_1_203' title='bbox 2025 1537 2119 1590; x_wconf 84' lang='lat' dir='ltr'><strong>sed</strong></span> <span class='ocrx_word' id='word_1_204' title='bbox 2145 1536 2437 1590; x_wconf 87' lang='lat' dir='ltr'><strong>infaustum</strong></span> <span class='ocrx_word' id='word_1_205' title='bbox 2473 1545 2748 1606; x_wconf 80' lang='lat' dir='ltr'><strong>postremo</strong></span> <span class='ocrx_word' id='word_1_206' title='bbox 2791 1536 3148 1591; x_wconf 88' lang='lat' dir='ltr'><strong>concludetur</strong></span> <span class='ocrx_word' id='word_1_207' title='bbox 3179 1535 3230 1588; x_wconf 93' lang='lat' dir='ltr'><strong>iu</strong></span> <span class='ocrx_word' id='word_1_208' title='bbox 3279 1533 3522 1594; x_wconf 84' lang='lat' dir='ltr'><strong>exitum;</strong></span> <span class='ocrx_word' id='word_1_209' title='bbox 3571 1538 3628 1583; x_wconf 88' lang='lat' dir='ltr'><strong>et</strong></span> 
     </span>
    </p>
   </div>
   <div class='ocr_carea' id='block_1_30' title="bbox 2024 1620 3626 1697">
    <p class='ocr_par' dir='ltr' id='par_1_30' title="bbox 2024 1620 3626 1697">
     <span class='ocr_line' id='line_1_30' title="bbox 2024 1620 3626 1697; baseline -0.006 -16"><span class='ocrx_word' id='word_1_210' title='bbox 2024 1627 2114 1697; x_wconf 87' lang='lat' dir='ltr'><strong>qui</strong></span> <span class='ocrx_word' id='word_1_211' title='bbox 2141 1627 2403 1681; x_wconf 81' lang='lat' dir='ltr'><strong>Romanis</strong></span> <span class='ocrx_word' id='word_1_212' title='bbox 2430 1627 2650 1680; x_wconf 87' lang='lat' dir='ltr'><strong>arcibus</strong></span> <span class='ocrx_word' id='word_1_213' title='bbox 2680 1627 2958 1697; x_wconf 85' lang='lat' dir='ltr'><strong>superbus</strong></span> <span class='ocrx_word' id='word_1_214' title='bbox 3003 1624 3299 1688; x_wconf 83' lang='lat' dir='ltr'><strong>invehcris,</strong></span> <span class='ocrx_word' id='word_1_215' title='bbox 3332 1621 3400 1676; x_wconf 90' lang='lat' dir='ltr'><strong>ad</strong></span> <span class='ocrx_word' id='word_1_216' title='bbox 3449 1620 3626 1677; x_wconf 85' lang='lat' dir='ltr'><strong>solum</strong></span> 
     </span>
    </p>
   </div>
   <div class='ocr_carea' id='block_1_31' title="bbox 2021 1709 3626 1788">
    <p class='ocr_par' dir='ltr' id='par_1_31' title="bbox 2021 1709 3626 1788">
     <span class='ocr_line' id='line_1_31' title="bbox 2021 1709 3626 1788; baseline -0.006 -16"><span class='ocrx_word' id='word_1_217' title='bbox 2021 1717 2305 1788; x_wconf 88' lang='lat' dir='ltr'><strong>proprium</strong></span> <span class='ocrx_word' id='word_1_218' title='bbox 2362 1731 2484 1772; x_wconf 91' lang='lat' dir='ltr'><strong>cum</strong></span> <span class='ocrx_word' id='word_1_219' title='bbox 2541 1716 2835 1787; x_wconf 89' lang='lat' dir='ltr'><strong>ignominia</strong></span> <span class='ocrx_word' id='word_1_220' title='bbox 2882 1713 3202 1770; x_wconf 87' lang='lat' dir='ltr'><strong>reverteris.</strong></span> <span class='ocrx_word' id='word_1_221' title='bbox 3370 1713 3412 1767; x_wconf 54' lang='lat' dir='ltr'><strong>ai</strong></span> <span class='ocrx_word' id='word_1_222' title='bbox 3480 1709 3626 1783; x_wconf 90' lang='lat' dir='ltr'><strong>quod</strong></span> 
     </span>
    </p>
   </div>
   <div class='ocr_carea' id='block_1_32' title="bbox 2024 1791 3627 1880">
    <p class='ocr_par' dir='ltr' id='par_1_32' title="bbox 2024 1791 3627 1880">
     <span class='ocr_line' id='line_1_32' title="bbox 2024 1791 3627 1880; baseline -0.007 -15"><span class='ocrx_word' id='word_1_223' title='bbox 2024 1811 2292 1880; x_wconf 89' lang='lat' dir='ltr'><strong>sequitur.</strong></span> <span class='ocrx_word' id='word_1_224' title='bbox 2343 1808 2480 1864; x_wconf 82' lang='lat' dir='ltr'><strong>Nam</strong></span> <span class='ocrx_word' id='word_1_225' title='bbox 2541 1817 2828 1878; x_wconf 84' lang='lat' dir='ltr'><strong>postquam</strong></span> <span class='ocrx_word' id='word_1_226' title='bbox 2880 1807 3061 1863; x_wconf 85' lang='lat' dir='ltr'><strong>divina</strong></span> <span class='ocrx_word' id='word_1_227' title='bbox 3119 1791 3225 1860; x_wconf 78' lang='lat' dir='ltr'><strong>vox</strong></span> <span class='ocrx_word' id='word_1_228' title='bbox 3280 1803 3358 1858; x_wconf 87' lang='lat' dir='ltr'><strong>ait</strong></span> <span class='ocrx_word' id='word_1_229' title='bbox 3386 1801 3627 1875; x_wconf 63' lang='lat' dir='ltr'><strong>(Ibid):</strong></span> 
     </span>
    </p>
   </div>
   <div class='ocr_carea' id='block_1_33' title="bbox 343 1889 3626 1968">
    <p class='ocr_par' dir='ltr' id='par_1_33' title="bbox 343 1889 3626 1968">
     <span class='ocr_line' id='line_1_33' title="bbox 343 1889 3626 1968; baseline -0.003 -16"><span class='ocrx_word' id='word_1_230' title='bbox 343 1908 395 1952; x_wconf 91' lang='lat' dir='ltr'><strong>tu</strong></span> <span class='ocrx_word' id='word_1_231' title='bbox 422 1911 554 1953; x_wconf 83' lang='lat' dir='ltr'><strong>cum</strong></span> <span class='ocrx_word' id='word_1_232' title='bbox 577 1895 896 1951; x_wconf 85' lang='lat' dir='ltr'><strong>satellitibus</strong></span> <span class='ocrx_word' id='word_1_233' title='bbox 921 1895 1140 1951; x_wconf 60' lang='lat' dir='ltr'><strong>Satanae</strong></span> <span class='ocrx_word' id='word_1_234' title='bbox 1163 1911 1334 1953; x_wconf 87' lang='lat' dir='ltr'><strong>novus</strong></span> <span class='ocrx_word' id='word_1_235' title='bbox 1354 1895 1628 1968; x_wconf 68' lang='lat' dir='ltr'><strong>prmliator</strong></span> <span class='ocrx_word' id='word_1_236' title='bbox 1680 1897 1918 1951; x_wconf 87' lang='lat' dir='ltr'><strong>evertis?</strong></span> <span class='ocrx_word' id='word_1_237' title='bbox 1949 1901 1995 1962; x_wconf 80' lang='grc' dir='ltr'>Β</span> <span class='ocrx_word' id='word_1_238' title='bbox 2031 1919 2048 1951; x_wconf 81' lang='grc' dir='ltr'><strong>ι</strong></span> <span class='ocrx_word' id='word_1_239' title='bbox 2095 1899 2304 1964; x_wconf 81' lang='lat' dir='ltr'><strong>Mucro,</strong></span> <span class='ocrx_word' id='word_1_240' title='bbox 2343 1913 2552 1961; x_wconf 90' lang='lat' dir='ltr'><strong>mucro,</strong></span> <span class='ocrx_word' id='word_1_241' title='bbox 2577 1898 2804 1968; x_wconf 86' lang='lat' dir='ltr'><strong>evagina</strong></span> <span class='ocrx_word' id='word_1_242' title='bbox 2850 1905 2901 1952; x_wconf 92' lang='lat' dir='ltr'><strong>te</strong></span> <span class='ocrx_word' id='word_1_243' title='bbox 2949 1897 3017 1950; x_wconf 91' lang='lat' dir='ltr'><strong>ad</strong></span> <span class='ocrx_word' id='word_1_244' title='bbox 3041 1893 3435 1958; x_wconf 84' lang='lat' dir='ltr'><strong>occidendum;</strong></span> <span class='ocrx_word' id='word_1_245' title='bbox 3496 1889 3626 1944; x_wconf 88' lang='lat' dir='ltr'><strong>lima</strong></span> 
     </span>
    </p>
   </div>
   <div class='ocr_carea' id='block_1_34' title="bbox 342 1986 1920 2058">
    <p class='ocr_par' dir='ltr' id='par_1_34' title="bbox 342 1986 1920 2058">
     <span class='ocr_line' id='line_1_34' title="bbox 342 1986 1920 2058; baseline 0 -16"><span class='ocrx_word' id='word_1_246' title='bbox 342 1996 392 2042; x_wconf 89' lang='lat' dir='ltr'><strong>et</strong></span> <span class='ocrx_word' id='word_1_247' title='bbox 435 1995 494 2042; x_wconf 92' lang='lat' dir='ltr'><strong>ut</strong></span> <span class='ocrx_word' id='word_1_248' title='bbox 548 1986 872 2042; x_wconf 90' lang='lat' dir='ltr'><strong>immeritum</strong></span> <span class='ocrx_word' id='word_1_249' title='bbox 906 1987 1140 2057; x_wconf 83' lang='lat' dir='ltr'><strong>pastoris</strong></span> <span class='ocrx_word' id='word_1_250' title='bbox 1193 2002 1391 2044; x_wconf 87' lang='lat' dir='ltr'><strong>nomen</strong></span> <span class='ocrx_word' id='word_1_251' title='bbox 1437 1987 1719 2054; x_wconf 90' lang='lat' dir='ltr'><strong>obtineas,</strong></span> <span class='ocrx_word' id='word_1_252' title='bbox 1748 1988 1920 2058; x_wconf 84' lang='lat' dir='ltr'><strong>ipsam</strong></span> 
     </span>
    </p>
   </div>
   <div class='ocr_carea' id='block_1_35' title="bbox 347 2078 1923 2151">
    <p class='ocr_par' dir='ltr' id='par_1_35' title="bbox 347 2078 1923 2151">
     <span class='ocr_line' id='line_1_35' title="bbox 347 2078 1923 2151; baseline -0.001 -17"><span class='ocrx_word' id='word_1_253' title='bbox 347 2078 697 2142; x_wconf 89' lang='lat' dir='ltr'><strong>confundere,</strong></span> <span class='ocrx_word' id='word_1_254' title='bbox 728 2092 793 2132; x_wconf 90' lang='lat' dir='ltr'><strong>ac</strong></span> <span class='ocrx_word' id='word_1_255' title='bbox 818 2078 1118 2133; x_wconf 82' lang='lat' dir='ltr'><strong>dilacerare</strong></span> <span class='ocrx_word' id='word_1_256' title='bbox 1140 2093 1397 2147; x_wconf 90' lang='lat' dir='ltr'><strong>pascuam</strong></span> <span class='ocrx_word' id='word_1_257' title='bbox 1441 2095 1566 2134; x_wconf 91' lang='lat' dir='ltr'><strong>cum</strong></span> <span class='ocrx_word' id='word_1_258' title='bbox 1603 2079 1717 2134; x_wconf 90' lang='lat' dir='ltr'><strong>suis</strong></span> <span class='ocrx_word' id='word_1_259' title='bbox 1747 2081 1923 2151; x_wconf 72' lang='lat' dir='ltr'><strong>gregi-</strong></span> 
     </span>
    </p>
   </div>
   <div class='ocr_carea' id='block_1_36' title="bbox 345 2169 1919 2244">
    <p class='ocr_par' dir='ltr' id='par_1_36' title="bbox 345 2169 1919 2244">
     <span class='ocr_line' id='line_1_36' title="bbox 345 2169 1919 2244; baseline 0 -19"><span class='ocrx_word' id='word_1_260' title='bbox 345 2171 442 2225; x_wconf 85' lang='lat' dir='ltr'><strong>bus</strong></span> <span class='ocrx_word' id='word_1_261' title='bbox 462 2184 570 2224; x_wconf 92' lang='lat' dir='ltr'><strong>non</strong></span> <span class='ocrx_word' id='word_1_262' title='bbox 601 2169 896 2225; x_wconf 76' lang='lat' dir='ltr'><strong>formidas?</strong></span> <span class='ocrx_word' id='word_1_263' title='bbox 923 2169 1029 2224; x_wconf 89' lang='lat' dir='ltr'><strong>Sed</strong></span> <span class='ocrx_word' id='word_1_264' title='bbox 1061 2171 1186 2225; x_wconf 91' lang='lat' dir='ltr'><strong>audi</strong></span> <span class='ocrx_word' id='word_1_265' title='bbox 1217 2171 1346 2241; x_wconf 90' lang='lat' dir='ltr'><strong>quid</strong></span> <span class='ocrx_word' id='word_1_266' title='bbox 1380 2171 1475 2226; x_wconf 88' lang='lat' dir='ltr'><strong>tibi</strong></span> <span class='ocrx_word' id='word_1_267' title='bbox 1507 2171 1724 2244; x_wconf 85' lang='lat' dir='ltr'><strong>tuisque</strong></span> <span class='ocrx_word' id='word_1_268' title='bbox 1767 2171 1919 2226; x_wconf 80' lang='lat' dir='ltr'><strong>simi-</strong></span> 
     </span>
    </p>
   </div>
   <div class='ocr_carea' id='block_1_37' title="bbox 343 2257 1920 2332">
    <p class='ocr_par' dir='ltr' id='par_1_37' title="bbox 343 2257 1920 2332">
     <span class='ocr_line' id='line_1_37' title="bbox 343 2257 1920 2332; baseline 0.003 -20"><span class='ocrx_word' id='word_1_269' title='bbox 343 2257 479 2313; x_wconf 89' lang='lat' dir='ltr'><strong>libus</strong></span> <span class='ocrx_word' id='word_1_270' title='bbox 503 2258 764 2314; x_wconf 86' lang='lat' dir='ltr'><strong>Dominus</strong></span> <span class='ocrx_word' id='word_1_271' title='bbox 785 2273 882 2329; x_wconf 90' lang='lat' dir='ltr'><strong>per</strong></span> <span class='ocrx_word' id='word_1_272' title='bbox 905 2260 1226 2329; x_wconf 83' lang='lat' dir='ltr'><strong>prophetam</strong></span> <span class='ocrx_word' id='word_1_273' title='bbox 1255 2260 1399 2314; x_wconf 88' lang='lat' dir='ltr'><strong>dicat</strong></span> <span class='ocrx_word' id='word_1_274' title='bbox 1431 2278 1443 2314; x_wconf 93' lang='lat'>:</span> <span class='ocrx_word' id='word_1_275' title='bbox 1490 2278 1508 2313; x_wconf 80' lang='grc' dir='ltr'><strong>ι</strong></span> <span class='ocrx_word' id='word_1_276' title='bbox 1550 2259 1640 2316; x_wconf 81' lang='lat' dir='ltr'><strong>Vae.</strong></span> <span class='ocrx_word' id='word_1_277' title='bbox 1682 2262 1920 2332; x_wconf 83' lang='lat' dir='ltr'><strong>pastori-</strong></span> 
     </span>
    </p>
   </div>
   <div class='ocr_carea' id='block_1_38' title="bbox 342 2349 1925 2424">
    <p class='ocr_par' dir='ltr' id='par_1_38' title="bbox 342 2349 1925 2424">
     <span class='ocr_line' id='line_1_38' title="bbox 342 2349 1925 2424; baseline 0.005 -22"><span class='ocrx_word' id='word_1_278' title='bbox 342 2355 436 2402; x_wconf 73' lang='lat' dir='ltr'><strong>b-xs</strong></span> <span class='ocrx_word' id='word_1_279' title='bbox 479 2350 573 2420; x_wconf 87' lang='lat' dir='ltr'><strong>qui</strong></span> <span class='ocrx_word' id='word_1_280' title='bbox 628 2349 946 2420; x_wconf 90' lang='lat' dir='ltr'><strong>disperdunt</strong></span> <span class='ocrx_word' id='word_1_281' title='bbox 999 2361 1050 2405; x_wconf 89' lang='lat' dir='ltr'><strong>et</strong></span> <span class='ocrx_word' id='word_1_282' title='bbox 1098 2351 1402 2407; x_wconf 87' lang='lat' dir='ltr'><strong>dilacerant</strong></span> <span class='ocrx_word' id='word_1_283' title='bbox 1443 2367 1664 2424; x_wconf 83' lang='lat' dir='ltr'><strong>gregem</strong></span> <span class='ocrx_word' id='word_1_284' title='bbox 1707 2367 1925 2422; x_wconf 73' lang='lat' dir='ltr'><strong>pascuae</strong></span> 
     </span>
    </p>
   </div>
   <div class='ocr_carea' id='block_1_39' title="bbox 344 2439 1925 2507">
    <p class='ocr_par' dir='ltr' id='par_1_39' title="bbox 344 2439 1925 2507">
     <span class='ocr_line' id='line_1_39' title="bbox 344 2439 1925 2507; baseline 0.004 -15"><span class='ocrx_word' id='word_1_285' title='bbox 344 2454 496 2506; x_wconf 63' lang='lat' dir='ltr'><strong>meae,</strong></span> <span class='ocrx_word' id='word_1_286' title='bbox 528 2439 655 2495; x_wconf 91' lang='lat' dir='ltr'><strong>dicit</strong></span> <span class='ocrx_word' id='word_1_287' title='bbox 683 2439 959 2495; x_wconf 83' lang='lat' dir='ltr'><strong>Dominus.</strong></span> <span class='ocrx_word' id='word_1_288' title='bbox 1003 2439 1127 2495; x_wconf 89' lang='lat' dir='ltr'><strong>Ideo</strong></span> <span class='ocrx_word' id='word_1_289' title='bbox 1157 2442 1272 2497; x_wconf 74' lang='lat' dir='ltr'><strong>haec</strong></span> <span class='ocrx_word' id='word_1_290' title='bbox 1302 2442 1433 2497; x_wconf 89' lang='lat' dir='ltr'><strong>dicit</strong></span> <span class='ocrx_word' id='word_1_291' title='bbox 1479 2442 1742 2507; x_wconf 81' lang='lat' dir='ltr'><strong>Dominus</strong></span> <span class='ocrx_word' id='word_1_292' title='bbox 1780 2442 1925 2498; x_wconf 88' lang='lat' dir='ltr'><strong>Deus</strong></span> 
     </span>
    </p>
   </div>
   <div class='ocr_carea' id='block_1_40' title="bbox 343 2526 1920 2604">
    <p class='ocr_par' dir='ltr' id='par_1_40' title="bbox 343 2526 1920 2604">
     <span class='ocr_line' id='line_1_40' title="bbox 343 2526 1920 2604; baseline 0.004 -24"><span class='ocrx_word' id='word_1_293' title='bbox 343 2526 504 2584; x_wconf 88' lang='lat' dir='ltr'><strong>Israel</strong></span> <span class='ocrx_word' id='word_1_294' title='bbox 551 2529 622 2584; x_wconf 85' lang='lat' dir='ltr'><strong>ad</strong></span> <span class='ocrx_word' id='word_1_295' title='bbox 664 2537 915 2600; x_wconf 83' lang='lat' dir='ltr'><strong>pastores</strong></span> <span class='ocrx_word' id='word_1_296' title='bbox 962 2530 1054 2600; x_wconf 90' lang='lat' dir='ltr'><strong>qui</strong></span> <span class='ocrx_word' id='word_1_297' title='bbox 1103 2539 1333 2602; x_wconf 88' lang='lat' dir='ltr'><strong>pascunt</strong></span> <span class='ocrx_word' id='word_1_298' title='bbox 1382 2531 1639 2604; x_wconf 85' lang='lat' dir='ltr'><strong>populum</strong></span> <span class='ocrx_word' id='word_1_299' title='bbox 1695 2547 1920 2588; x_wconf 78' lang='lat' dir='ltr'><strong>nzeum:</strong></span> 
     </span>
    </p>
   </div>
   <div class='ocr_carea' id='block_1_41' title="bbox 343 2617 1927 2695">
    <p class='ocr_par' dir='ltr' id='par_1_41' title="bbox 343 2617 1927 2695">
     <span class='ocr_line' id='line_1_41' title="bbox 343 2617 1927 2695; baseline 0.006 -25"><span class='ocrx_word' id='word_1_300' title='bbox 343 2617 446 2674; x_wconf 80' lang='lat' dir='ltr'><strong>Vos</strong></span> <span class='ocrx_word' id='word_1_301' title='bbox 484 2619 820 2691; x_wconf 88' lang='lat' dir='ltr'><strong>dispersistis</strong></span> <span class='ocrx_word' id='word_1_302' title='bbox 843 2635 1064 2694; x_wconf 78' lang='lat' dir='ltr'><strong>gregem</strong></span> <span class='ocrx_word' id='word_1_303' title='bbox 1105 2638 1308 2689; x_wconf 89' lang='lat' dir='ltr'><strong>meum,</strong></span> <span class='ocrx_word' id='word_1_304' title='bbox 1339 2632 1395 2680; x_wconf 92' lang='lat' dir='ltr'><strong>et</strong></span> <span class='ocrx_word' id='word_1_305' title='bbox 1422 2623 1663 2695; x_wconf 86' lang='lat' dir='ltr'><strong>ejecistis</strong></span> <span class='ocrx_word' id='word_1_306' title='bbox 1704 2639 1821 2690; x_wconf 91' lang='lat' dir='ltr'><strong>eos,</strong></span> <span class='ocrx_word' id='word_1_307' title='bbox 1870 2633 1927 2680; x_wconf 90' lang='lat' dir='ltr'><strong>et</strong></span> 
     </span>
    </p>
   </div>
   <div class='ocr_carea' id='block_1_42' title="bbox 343 2711 1925 2786">
    <p class='ocr_par' dir='ltr' id='par_1_42' title="bbox 343 2711 1925 2786">
     <span class='ocr_line' id='line_1_42' title="bbox 343 2711 1925 2786; baseline 0.004 -22"><span class='ocrx_word' id='word_1_308' title='bbox 343 2725 443 2765; x_wconf 90' lang='lat' dir='ltr'><strong>non</strong></span> <span class='ocrx_word' id='word_1_309' title='bbox 471 2711 734 2768; x_wconf 86' lang='lat' dir='ltr'><strong>visitastis</strong></span> <span class='ocrx_word' id='word_1_310' title='bbox 759 2727 884 2780; x_wconf 86' lang='lat' dir='ltr'><strong>eos;</strong></span> <span class='ocrx_word' id='word_1_311' title='bbox 911 2727 1040 2770; x_wconf 90' lang='lat' dir='ltr'><strong>ecce</strong></span> <span class='ocrx_word' id='word_1_312' title='bbox 1067 2729 1170 2785; x_wconf 87' lang='lat' dir='ltr'><strong>ego</strong></span> <span class='ocrx_word' id='word_1_313' title='bbox 1199 2714 1430 2770; x_wconf 82' lang='lat' dir='ltr'><strong>visitabo</strong></span> <span class='ocrx_word' id='word_1_314' title='bbox 1454 2730 1619 2786; x_wconf 89' lang='lat' dir='ltr'><strong>super</strong></span> <span class='ocrx_word' id='word_1_315' title='bbox 1636 2730 1734 2771; x_wconf 91' lang='lat' dir='ltr'><strong>vos</strong></span> <span class='ocrx_word' id='word_1_316' title='bbox 1765 2715 1925 2770; x_wconf 87' lang='lat' dir='ltr'><strong>mali-</strong></span> 
     </span>
    </p>
   </div>
   <div class='ocr_carea' id='block_1_43' title="bbox 343 2806 1925 2880">
    <p class='ocr_par' dir='ltr' id='par_1_43' title="bbox 343 2806 1925 2880">
     <span class='ocr_line' id='line_1_43' title="bbox 343 2806 1925 2880; baseline 0.001 -18"><span class='ocrx_word' id='word_1_317' title='bbox 343 2806 466 2862; x_wconf 87' lang='lat' dir='ltr'><strong>tiam</strong></span> <span class='ocrx_word' id='word_1_318' title='bbox 491 2807 797 2863; x_wconf 90' lang='lat' dir='ltr'><strong>studiorum</strong></span> <span class='ocrx_word' id='word_1_319' title='bbox 826 2817 1129 2864; x_wconf 90' lang='lat' dir='ltr'><strong>vestrorum</strong></span> <span class='ocrx_word' id='word_1_320' title='bbox 1161 2809 1296 2880; x_wconf 70' lang='lat' dir='ltr'><strong>(lar.</strong></span> <span class='ocrx_word' id='word_1_321' title='bbox 1327 2807 1510 2878; x_wconf 80' lang='lat' dir='ltr'><strong>mn).</strong></span> <span class='ocrx_word' id='word_1_322' title='bbox 1551 2828 1569 2862; x_wconf 72' lang='grc' dir='ltr'><strong>ι</strong></span> <span class='ocrx_word' id='word_1_323' title='bbox 1599 2808 1713 2864; x_wconf 83' lang='lat' dir='ltr'><strong>Hoc</strong></span> <span class='ocrx_word' id='word_1_324' title='bbox 1741 2818 1925 2864; x_wconf 91' lang='lat' dir='ltr'><strong>autem</strong></span> 
     </span>
    </p>
   </div>
   <div class='ocr_carea' id='block_1_44' title="bbox 343 2899 1925 2971">
    <p class='ocr_par' dir='ltr' id='par_1_44' title="bbox 343 2899 1925 2971">
     <span class='ocr_line' id='line_1_44' title="bbox 343 2899 1925 2971; baseline 0.003 -21"><span class='ocrx_word' id='word_1_325' title='bbox 343 2899 479 2966; x_wconf 85' lang='lat' dir='ltr'><strong>quod</strong></span> <span class='ocrx_word' id='word_1_326' title='bbox 511 2908 569 2952; x_wconf 93' lang='lat' dir='ltr'><strong>tu</strong></span> <span class='ocrx_word' id='word_1_327' title='bbox 597 2914 738 2953; x_wconf 91' lang='lat' dir='ltr'><strong>nunc</strong></span> <span class='ocrx_word' id='word_1_328' title='bbox 773 2899 1006 2966; x_wconf 89' lang='lat' dir='ltr'><strong>moliris,</strong></span> <span class='ocrx_word' id='word_1_329' title='bbox 1041 2910 1258 2956; x_wconf 90' lang='lat' dir='ltr'><strong>nonest</strong></span> <span class='ocrx_word' id='word_1_330' title='bbox 1297 2914 1516 2971; x_wconf 82' lang='lat' dir='ltr'><strong>gregem</strong></span> <span class='ocrx_word' id='word_1_331' title='bbox 1547 2899 1759 2955; x_wconf 90' lang='lat' dir='ltr'><strong>Domini</strong></span> <span class='ocrx_word' id='word_1_332' title='bbox 1794 2900 1925 2955; x_wconf 89' lang='lat' dir='ltr'><strong>visi-</strong></span> 
     </span>
    </p>
   </div>
   <div class='ocr_carea' id='block_1_45' title="bbox 343 2988 1928 3061">
    <p class='ocr_par' dir='ltr' id='par_1_45' title="bbox 343 2988 1928 3061">
     <span class='ocr_line' id='line_1_45' title="bbox 343 2988 1928 3061; baseline 0.003 -21"><span class='ocrx_word' id='word_1_333' title='bbox 343 2998 475 3053; x_wconf 85' lang='lat' dir='ltr'><strong>tare,</strong></span> <span class='ocrx_word' id='word_1_334' title='bbox 511 2988 610 3044; x_wconf 88' lang='lat' dir='ltr'><strong>sed</strong></span> <span class='ocrx_word' id='word_1_335' title='bbox 654 2989 833 3058; x_wconf 85' lang='lat' dir='ltr'><strong>potius</strong></span> <span class='ocrx_word' id='word_1_336' title='bbox 871 2990 1044 3044; x_wconf 90' lang='lat' dir='ltr'><strong>instar</strong></span> <span class='ocrx_word' id='word_1_337' title='bbox 1079 2991 1351 3060; x_wconf 82' lang='lat' dir='ltr'><strong>praedonis</strong></span> <span class='ocrx_word' id='word_1_338' title='bbox 1399 3005 1462 3046; x_wconf 92' lang='lat' dir='ltr'><strong>ac</strong></span> <span class='ocrx_word' id='word_1_339' title='bbox 1507 2989 1664 3055; x_wconf 85' lang='lat' dir='ltr'><strong>furis,</strong></span> <span class='ocrx_word' id='word_1_340' title='bbox 1697 2989 1928 3061; x_wconf 84' lang='lat' dir='ltr'><strong>perdere</strong></span> 
     </span>
    </p>
   </div>
   <div class='ocr_carea' id='block_1_46' title="bbox 344 3080 1923 3153">
    <p class='ocr_par' dir='ltr' id='par_1_46' title="bbox 344 3080 1923 3153">
     <span class='ocr_line' id='line_1_46' title="bbox 344 3080 1923 3153; baseline -0.001 -17"><span class='ocrx_word' id='word_1_341' title='bbox 344 3091 395 3136; x_wconf 88' lang='lat' dir='ltr'><strong>ct</strong></span> <span class='ocrx_word' id='word_1_342' title='bbox 419 3087 678 3138; x_wconf 81' lang='lat' dir='ltr'><strong>mactare.</strong></span> <span class='ocrx_word' id='word_1_343' title='bbox 739 3080 893 3137; x_wconf 91' lang='lat' dir='ltr'><strong>Sicut</strong></span> <span class='ocrx_word' id='word_1_344' title='bbox 946 3082 999 3136; x_wconf 93' lang='lat' dir='ltr'><strong>iu</strong></span> <span class='ocrx_word' id='word_1_345' title='bbox 1057 3082 1352 3153; x_wconf 83' lang='lat' dir='ltr'><strong>Evangelio</strong></span> <span class='ocrx_word' id='word_1_346' title='bbox 1400 3081 1663 3137; x_wconf 90' lang='lat' dir='ltr'><strong>Dominus</strong></span> <span class='ocrx_word' id='word_1_347' title='bbox 1717 3081 1851 3137; x_wconf 89' lang='lat' dir='ltr'><strong>dicit</strong></span> <span class='ocrx_word' id='word_1_348' title='bbox 1909 3098 1923 3135; x_wconf 90' lang='lat'><strong>:</strong></span> 
     </span>
    </p>
   </div>
   <div class='ocr_carea' id='block_1_47' title="bbox 348 3169 1930 3242">
    <p class='ocr_par' dir='ltr' id='par_1_47' title="bbox 348 3169 1930 3242">
     <span class='ocr_line' id='line_1_47' title="bbox 348 3169 1930 3242; baseline 0.003 -22"><span class='ocrx_word' id='word_1_349' title='bbox 348 3189 365 3220; x_wconf 78' lang='grc' dir='ltr'><strong>ι</strong></span> <span class='ocrx_word' id='word_1_350' title='bbox 396 3169 505 3226; x_wconf 82' lang='lat' dir='ltr'><strong>Fur</strong></span> <span class='ocrx_word' id='word_1_351' title='bbox 525 3186 637 3226; x_wconf 87' lang='lat' dir='ltr'><strong>non</strong></span> <span class='ocrx_word' id='word_1_352' title='bbox 660 3171 810 3229; x_wconf 83' lang='lat' dir='ltr'><strong>venit</strong></span> <span class='ocrx_word' id='word_1_353' title='bbox 833 3172 938 3227; x_wconf 79' lang='lat' dir='ltr'><strong>nisi</strong></span> <span class='ocrx_word' id='word_1_354' title='bbox 967 3183 1025 3227; x_wconf 91' lang='lat' dir='ltr'><strong>ut</strong></span> <span class='ocrx_word' id='word_1_355' title='bbox 1051 3171 1282 3240; x_wconf 84' lang='lat' dir='ltr'><strong>foretur,</strong></span> <span class='ocrx_word' id='word_1_356' title='bbox 1318 3181 1372 3228; x_wconf 88' lang='lat' dir='ltr'><strong>et</strong></span> <span class='ocrx_word' id='word_1_357' title='bbox 1402 3180 1624 3238; x_wconf 90' lang='lat' dir='ltr'><strong>mactet,</strong></span> <span class='ocrx_word' id='word_1_358' title='bbox 1652 3179 1708 3225; x_wconf 92' lang='lat' dir='ltr'><strong>et</strong></span> <span class='ocrx_word' id='word_1_359' title='bbox 1733 3170 1930 3242; x_wconf 88' lang='lat' dir='ltr'><strong>perdat</strong></span> 
     </span>
    </p>
   </div>
   <div class='ocr_carea' id='block_1_48' title="bbox 345 3259 719 3332">
    <p class='ocr_par' dir='ltr' id='par_1_48' title="bbox 345 3259 719 3332">
     <span class='ocr_line' id='line_1_48' title="bbox 345 3259 719 3332; baseline 0.003 -18"><span class='ocrx_word' id='word_1_360' title='bbox 345 3259 397 3331; x_wconf 78' lang='grc'><strong>(1</strong></span> <span class='ocrx_word' id='word_1_361' title='bbox 402 3279 524 3318; x_wconf 81' lang='lat' dir='ltr'><strong>oan.</strong></span> <span class='ocrx_word' id='word_1_362' title='bbox 570 3262 653 3332; x_wconf 73' lang='grc' dir='ltr'><strong>ι).</strong></span> <span class='ocrx_word' id='word_1_363' title='bbox 698 3280 719 3315; x_wconf 70' lang='grc' dir='ltr'><strong>ι</strong></span> 
     </span>
    </p>
   </div>
   <div class='ocr_carea' id='block_1_49' title="bbox 410 3349 1927 3424">
    <p class='ocr_par' dir='ltr' id='par_1_49' title="bbox 410 3349 1927 3424">
     <span class='ocr_line' id='line_1_49' title="bbox 410 3349 1927 3424; baseline 0.003 -18"><span class='ocrx_word' id='word_1_364' title='bbox 410 3352 665 3424; x_wconf 78' lang='lat' dir='ltr'><strong>Nunquid</strong></span> <span class='ocrx_word' id='word_1_365' title='bbox 715 3351 782 3408; x_wconf 89' lang='lat' dir='ltr'><strong>ad</strong></span> <span class='ocrx_word' id='word_1_366' title='bbox 813 3349 921 3407; x_wconf 88' lang='lat' dir='ltr'><strong>hoc</strong></span> <span class='ocrx_word' id='word_1_367' title='bbox 958 3360 1120 3408; x_wconf 89' lang='lat' dir='ltr'><strong>natus</strong></span> <span class='ocrx_word' id='word_1_368' title='bbox 1151 3368 1233 3420; x_wconf 88' lang='lat' dir='ltr'><strong>es,</strong></span> <span class='ocrx_word' id='word_1_369' title='bbox 1277 3365 1339 3410; x_wconf 90' lang='lat' dir='ltr'><strong>ut</strong></span> <span class='ocrx_word' id='word_1_370' title='bbox 1377 3353 1642 3410; x_wconf 89' lang='lat' dir='ltr'><strong>mundum</strong></span> <span class='ocrx_word' id='word_1_371' title='bbox 1682 3354 1738 3410; x_wconf 89' lang='lat' dir='ltr'><strong>in</strong></span> <span class='ocrx_word' id='word_1_372' title='bbox 1782 3352 1927 3410; x_wconf 87' lang='lat' dir='ltr'><strong>bella</strong></span> 
     </span>
    </p>
   </div>
   <div class='ocr_carea' id='block_1_50' title="bbox 345 3435 1935 3505">
    <p class='ocr_par' dir='ltr' id='par_1_50' title="bbox 345 3435 1935 3505">
     <span class='ocr_line' id='line_1_50' title="bbox 345 3435 1935 3505; baseline 0.001 -14"><span class='ocrx_word' id='word_1_373' title='bbox 345 3443 647 3502; x_wconf 86' lang='lat' dir='ltr'><strong>concutias,</strong></span> <span class='ocrx_word' id='word_1_374' title='bbox 688 3435 1056 3504; x_wconf 85' lang='lat' dir='ltr'><strong>apostolorum</strong></span> <span class='ocrx_word' id='word_1_375' title='bbox 1104 3436 1320 3489; x_wconf 84' lang='lat' dir='ltr'><strong>labores</strong></span> <span class='ocrx_word' id='word_1_376' title='bbox 1362 3445 1416 3489; x_wconf 87' lang='lat' dir='ltr'><strong>et</strong></span> <span class='ocrx_word' id='word_1_377' title='bbox 1458 3452 1623 3505; x_wconf 80' lang='lat' dir='ltr'><strong>opera</strong></span> <span class='ocrx_word' id='word_1_378' title='bbox 1664 3438 1935 3504; x_wconf 87' lang='lat' dir='ltr'><strong>destruas,</strong></span> 
     </span>
    </p>
   </div>
   <div class='ocr_carea' id='block_1_51' title="bbox 343 3527 1937 3603">
    <p class='ocr_par' dir='ltr' id='par_1_51' title="bbox 343 3527 1937 3603">
     <span class='ocr_line' id='line_1_51' title="bbox 343 3527 1937 3603; baseline -0.002 -16"><span class='ocrx_word' id='word_1_379' title='bbox 343 3543 620 3603; x_wconf 90' lang='lat' dir='ltr'><strong>totamque</strong></span> <span class='ocrx_word' id='word_1_380' title='bbox 665 3528 867 3586; x_wconf 88' lang='lat' dir='ltr'><strong>Clmstl</strong></span> <span class='ocrx_word' id='word_1_381' title='bbox 909 3527 1245 3590; x_wconf 84' lang='lat' dir='ltr'><strong>Ecelesiam,</strong></span> <span class='ocrx_word' id='word_1_382' title='bbox 1299 3536 1424 3590; x_wconf 91' lang='lat' dir='ltr'><strong>tua,</strong></span> <span class='ocrx_word' id='word_1_383' title='bbox 1478 3528 1638 3584; x_wconf 88' lang='lat' dir='ltr'><strong>unius</strong></span> <span class='ocrx_word' id='word_1_384' title='bbox 1685 3529 1937 3587; x_wconf 86' lang='lat' dir='ltr'><strong>videlicet</strong></span> 
     </span>
    </p>
   </div>
   <div class='ocr_carea' id='block_1_52' title="bbox 342 3617 1938 3687">
    <p class='ocr_par' dir='ltr' id='par_1_52' title="bbox 342 3617 1938 3687">
     <span class='ocr_line' id='line_1_52' title="bbox 342 3617 1938 3687; baseline 0 -9"><span class='ocrx_word' id='word_1_385' title='bbox 342 3625 616 3687; x_wconf 88' lang='lat' dir='ltr'><strong>hominis,</strong></span> <span class='ocrx_word' id='word_1_386' title='bbox 664 3621 959 3676; x_wconf 90' lang='lat' dir='ltr'><strong>ambitione</strong></span> <span class='ocrx_word' id='word_1_387' title='bbox 1017 3619 1365 3673; x_wconf 80' lang='lat' dir='ltr'><strong>confundas?</strong></span> <span class='ocrx_word' id='word_1_388' title='bbox 1417 3629 1470 3672; x_wconf 93' lang='lat' dir='ltr'><strong>et</strong></span> <span class='ocrx_word' id='word_1_389' title='bbox 1534 3619 1650 3673; x_wconf 61' lang='lat' dir='ltr'><strong>haec</strong></span> <span class='ocrx_word' id='word_1_390' title='bbox 1703 3617 1938 3678; x_wconf 77' lang='lat' dir='ltr'><strong>fortasse</strong></span> 
     </span>
    </p>
   </div>
   <div class='ocr_carea' id='block_1_53' title="bbox 341 3709 1938 3781">
    <p class='ocr_par' dir='ltr' id='par_1_53' title="bbox 341 3709 1938 3781">
     <span class='ocr_line' id='line_1_53' title="bbox 341 3709 1938 3781; baseline 0.001 -14"><span class='ocrx_word' id='word_1_391' title='bbox 341 3713 574 3769; x_wconf 89' lang='lat' dir='ltr'><strong>turbatio</strong></span> <span class='ocrx_word' id='word_1_392' title='bbox 612 3713 686 3767; x_wconf 91' lang='lat' dir='ltr'><strong>tui</strong></span> <span class='ocrx_word' id='word_1_393' title='bbox 726 3711 962 3766; x_wconf 89' lang='lat' dir='ltr'><strong>nominis</strong></span> <span class='ocrx_word' id='word_1_394' title='bbox 1000 3721 1082 3764; x_wconf 88' lang='lat' dir='ltr'><strong>est</strong></span> <span class='ocrx_word' id='word_1_395' title='bbox 1130 3711 1393 3764; x_wconf 89' lang='lat' dir='ltr'><strong>intentata</strong></span> <span class='ocrx_word' id='word_1_396' title='bbox 1437 3709 1722 3781; x_wconf 71' lang='lat' dir='ltr'><strong>prmsagio.</strong></span> <span class='ocrx_word' id='word_1_397' title='bbox 1769 3710 1938 3768; x_wconf 85' lang='lat' dir='ltr'><strong>Cada-</strong></span> 
     </span>
    </p>
   </div>
   <div class='ocr_carea' id='block_1_54' title="bbox 339 3800 1940 3876">
    <p class='ocr_par' dir='ltr' id='par_1_54' title="bbox 339 3800 1940 3876">
     <span class='ocr_line' id='line_1_54' title="bbox 339 3800 1940 3876; baseline -0.002 -15"><span class='ocrx_word' id='word_1_398' title='bbox 339 3807 453 3862; x_wconf 89' lang='lat' dir='ltr'><strong>lous</strong></span> <span class='ocrx_word' id='word_1_399' title='bbox 477 3807 681 3876; x_wconf 84' lang='lat' dir='ltr'><strong>quippe</strong></span> <span class='ocrx_word' id='word_1_400' title='bbox 713 3803 944 3858; x_wconf 89' lang='lat' dir='ltr'><strong>vocaris.</strong></span> <span class='ocrx_word' id='word_1_401' title='bbox 969 3801 1218 3871; x_wconf 72' lang='lat' dir='ltr'><strong>(Consule</strong></span> <span class='ocrx_word' id='word_1_402' title='bbox 1237 3800 1452 3855; x_wconf 78' lang='lat' dir='ltr'><strong>Scholia</strong></span> <span class='ocrx_word' id='word_1_403' title='bbox 1480 3802 1549 3854; x_wconf 83' lang='lat' dir='ltr'><strong>ad</strong></span> <span class='ocrx_word' id='word_1_404' title='bbox 1579 3802 1775 3857; x_wconf 82' lang='lat' dir='ltr'><strong>calcent</strong></span> <span class='ocrx_word' id='word_1_405' title='bbox 1806 3819 1940 3873; x_wconf 83' lang='lat' dir='ltr'><strong>opu-</strong></span> 
     </span>
    </p>
   </div>
   <div class='ocr_carea' id='block_1_55' title="bbox 337 3890 1934 3966">
    <p class='ocr_par' dir='ltr' id='par_1_55' title="bbox 337 3890 1934 3966">
     <span class='ocr_line' id='line_1_55' title="bbox 337 3890 1934 3966; baseline -0.001 -14"><span class='ocrx_word' id='word_1_406' title='bbox 337 3898 510 3966; x_wconf 75' lang='lat' dir='ltr'><strong>sculi.)</strong></span> <span class='ocrx_word' id='word_1_407' title='bbox 545 3896 616 3950; x_wconf 84' lang='lat' dir='ltr'><strong>Et</strong></span> <span class='ocrx_word' id='word_1_408' title='bbox 649 3895 824 3965; x_wconf 89' lang='lat' dir='ltr'><strong>prima</strong></span> <span class='ocrx_word' id='word_1_409' title='bbox 863 3893 1079 3963; x_wconf 86' lang='lat' dir='ltr'><strong>quidem</strong></span> <span class='ocrx_word' id='word_1_410' title='bbox 1117 3907 1242 3961; x_wconf 87' lang='lat' dir='ltr'><strong>pars</strong></span> <span class='ocrx_word' id='word_1_411' title='bbox 1281 3890 1442 3960; x_wconf 86' lang='lat' dir='ltr'><strong>hujus</strong></span> <span class='ocrx_word' id='word_1_412' title='bbox 1481 3893 1718 3949; x_wconf 89' lang='lat' dir='ltr'><strong>nominis</strong></span> <span class='ocrx_word' id='word_1_413' title='bbox 1754 3896 1934 3951; x_wconf 84' lang='lat' dir='ltr'><strong>mani-</strong></span> 
     </span>
    </p>
   </div>
   <div class='ocr_carea' id='block_1_56' title="bbox 337 3984 1934 4058">
    <p class='ocr_par' dir='ltr' id='par_1_56' title="bbox 337 3984 1934 4058">
     <span class='ocr_line' id='line_1_56' title="bbox 337 3984 1934 4058; baseline 0.001 -17"><span class='ocrx_word' id='word_1_414' title='bbox 337 3987 468 4043; x_wconf 91' lang='lat' dir='ltr'><strong>feste</strong></span> <span class='ocrx_word' id='word_1_415' title='bbox 489 3986 777 4043; x_wconf 85' lang='lat' dir='ltr'><strong>denuntiat</strong></span> <span class='ocrx_word' id='word_1_416' title='bbox 799 3999 1009 4049; x_wconf 90' lang='lat' dir='ltr'><strong>casum,</strong></span> <span class='ocrx_word' id='word_1_417' title='bbox 1039 3984 1276 4039; x_wconf 83' lang='lat' dir='ltr'><strong>secunda</strong></span> <span class='ocrx_word' id='word_1_418' title='bbox 1308 3984 1587 4054; x_wconf 89' lang='lat' dir='ltr'><strong>populum,</strong></span> <span class='ocrx_word' id='word_1_419' title='bbox 1613 3986 1734 4048; x_wconf 82' lang='grc' dir='ltr'><strong>).αος</strong></span> <span class='ocrx_word' id='word_1_420' title='bbox 1762 3988 1934 4058; x_wconf 91' lang='lat' dir='ltr'><strong>siqui-</strong></span> 
     </span>
    </p>
   </div>
   <div class='ocr_carea' id='block_1_57' title="bbox 336 4074 1935 4147">
    <p class='ocr_par' dir='ltr' id='par_1_57' title="bbox 336 4074 1935 4147">
     <span class='ocr_line' id='line_1_57' title="bbox 336 4074 1935 4147; baseline -0.001 -13"><span class='ocrx_word' id='word_1_421' title='bbox 336 4083 450 4137; x_wconf 87' lang='lat' dir='ltr'><strong>dem</strong></span> <span class='ocrx_word' id='word_1_422' title='bbox 483 4077 708 4143; x_wconf 74' lang='lat' dir='ltr'><strong>Graace,</strong></span> <span class='ocrx_word' id='word_1_423' title='bbox 752 4077 943 4132; x_wconf 85' lang='lat' dir='ltr'><strong>Latine</strong></span> <span class='ocrx_word' id='word_1_424' title='bbox 986 4074 1236 4145; x_wconf 82' lang='lat' dir='ltr'><strong>pupulum</strong></span> <span class='ocrx_word' id='word_1_425' title='bbox 1286 4084 1464 4130; x_wconf 90' lang='lat' dir='ltr'><strong>sonat.</strong></span> <span class='ocrx_word' id='word_1_426' title='bbox 1514 4075 1580 4130; x_wconf 83' lang='lat' dir='ltr'><strong>Et</strong></span> <span class='ocrx_word' id='word_1_427' title='bbox 1617 4078 1746 4147; x_wconf 91' lang='lat' dir='ltr'><strong>quid</strong></span> <span class='ocrx_word' id='word_1_428' title='bbox 1786 4078 1935 4134; x_wconf 83' lang='lat' dir='ltr'><strong>aliud</strong></span> 
     </span>
    </p>
   </div>
   <div class='ocr_carea' id='block_1_58' title="bbox 337 4161 1977 4241">
    <p class='ocr_par' dir='ltr' id='par_1_58' title="bbox 337 4161 1977 4241">
     <span class='ocr_line' id='line_1_58' title="bbox 337 4161 1977 4241; baseline -0.002 -13"><span class='ocrx_word' id='word_1_429' title='bbox 337 4174 386 4228; x_wconf 88' lang='lat' dir='ltr'><strong>in</strong></span> <span class='ocrx_word' id='word_1_430' title='bbox 437 4173 541 4228; x_wconf 89' lang='lat' dir='ltr'><strong>hoc</strong></span> <span class='ocrx_word' id='word_1_431' title='bbox 594 4171 927 4241; x_wconf 72' lang='lat' dir='ltr'><strong>exprimitur</strong></span> <span class='ocrx_word' id='word_1_432' title='bbox 978 4168 1240 4232; x_wconf 90' lang='lat' dir='ltr'><strong>nomine,</strong></span> <span class='ocrx_word' id='word_1_433' title='bbox 1295 4168 1396 4221; x_wconf 92' lang='lat' dir='ltr'><strong>nisi</strong></span> <span class='ocrx_word' id='word_1_434' title='bbox 1453 4169 1596 4235; x_wconf 88' lang='lat' dir='ltr'><strong>quod</strong></span> <span class='ocrx_word' id='word_1_435' title='bbox 1650 4161 1977 4239; x_wconf 53' lang='lat' dir='ltr'><strong>Scriptura.</strong></span> 
     </span>
    </p>
   </div>
   <div class='ocr_carea' id='block_1_59' title="bbox 335 4262 1929 4339">
    <p class='ocr_par' dir='ltr' id='par_1_59' title="bbox 335 4262 1929 4339">
     <span class='ocr_line' id='line_1_59' title="bbox 335 4262 1929 4339; baseline -0.001 -17"><span class='ocrx_word' id='word_1_436' title='bbox 335 4268 462 4324; x_wconf 80' lang='lat' dir='ltr'><strong>dicit</strong></span> <span class='ocrx_word' id='word_1_437' title='bbox 496 4265 718 4339; x_wconf 68' lang='lat' dir='ltr'><strong>(Bacch.</strong></span> <span class='ocrx_word' id='word_1_438' title='bbox 759 4265 856 4334; x_wconf 83' lang='lat' dir='ltr'><strong>vn)</strong></span> <span class='ocrx_word' id='word_1_439' title='bbox 889 4281 900 4317; x_wconf 93' lang='lat'>:</span> <span class='ocrx_word' id='word_1_440' title='bbox 934 4262 1068 4331; x_wconf 83' lang='lat' dir='ltr'><strong>Quia</strong></span> <span class='ocrx_word' id='word_1_441' title='bbox 1103 4262 1354 4318; x_wconf 75' lang='lat' dir='ltr'><strong>videlicet</strong></span> <span class='ocrx_word' id='word_1_442' title='bbox 1397 4265 1549 4316; x_wconf 90' lang='lat' dir='ltr'><strong>ruina</strong></span> <span class='ocrx_word' id='word_1_443' title='bbox 1588 4266 1768 4335; x_wconf 90' lang='lat' dir='ltr'><strong>populi</strong></span> <span class='ocrx_word' id='word_1_444' title='bbox 1802 4276 1929 4321; x_wconf 91' lang='lat' dir='ltr'><strong>sunt</strong></span> 
     </span>
    </p>
   </div>
   <div class='ocr_carea' id='block_1_60' title="bbox 334 4356 1932 4428">
    <p class='ocr_par' dir='ltr' id='par_1_60' title="bbox 334 4356 1932 4428">
     <span class='ocr_line' id='line_1_60' title="bbox 334 4356 1932 4428; baseline -0.001 -12"><span class='ocrx_word' id='word_1_445' title='bbox 334 4361 642 4416; x_wconf 82' lang='lat' dir='ltr'><strong>sacerdotes</strong></span> <span class='ocrx_word' id='word_1_446' title='bbox 672 4357 837 4413; x_wconf 85' lang='lat' dir='ltr'><strong>mali?</strong></span> <span class='ocrx_word' id='word_1_447' title='bbox 871 4356 980 4412; x_wconf 80' lang='lat' dir='ltr'><strong>lloe</strong></span> <span class='ocrx_word' id='word_1_448' title='bbox 1019 4357 1204 4428; x_wconf 87' lang='lat' dir='ltr'><strong>itaque</strong></span> <span class='ocrx_word' id='word_1_449' title='bbox 1243 4357 1430 4420; x_wconf 89' lang='lat' dir='ltr'><strong>modo,</strong></span> <span class='ocrx_word' id='word_1_450' title='bbox 1469 4359 1559 4427; x_wconf 93' lang='lat' dir='ltr'><strong>qui</strong></span> <span class='ocrx_word' id='word_1_451' title='bbox 1594 4368 1798 4414; x_wconf 51' lang='lat' dir='ltr'><strong>sanctae</strong></span> <span class='ocrx_word' id='word_1_452' title='bbox 1828 4361 1932 4416; x_wconf 75' lang='lat' dir='ltr'><strong>Ec-</strong></span> 
     </span>
    </p>
   </div>
   <div class='ocr_carea' id='block_1_61' title="bbox 334 4448 1924 4518">
    <p class='ocr_par' dir='ltr' id='par_1_61' title="bbox 334 4448 1924 4518">
     <span class='ocr_line' id='line_1_61' title="bbox 334 4448 1924 4518; baseline -0.002 -8"><span class='ocrx_word' id='word_1_453' title='bbox 334 4455 505 4510; x_wconf 67' lang='lat' dir='ltr'><strong>clesia:</strong></span> <span class='ocrx_word' id='word_1_454' title='bbox 532 4452 720 4508; x_wconf 89' lang='lat' dir='ltr'><strong>fueras</strong></span> <span class='ocrx_word' id='word_1_455' title='bbox 754 4450 922 4514; x_wconf 82' lang='lat' dir='ltr'><strong>ﬁlius,</strong></span> <span class='ocrx_word' id='word_1_456' title='bbox 953 4450 1216 4505; x_wconf 88' lang='lat' dir='ltr'><strong>adversus</strong></span> <span class='ocrx_word' id='word_1_457' title='bbox 1245 4463 1366 4504; x_wconf 88' lang='lat' dir='ltr'><strong>eam</strong></span> <span class='ocrx_word' id='word_1_458' title='bbox 1399 4448 1576 4504; x_wconf 84' lang='lat' dir='ltr'><strong>factus</strong></span> <span class='ocrx_word' id='word_1_459' title='bbox 1605 4465 1666 4505; x_wconf 92' lang='lat' dir='ltr'><strong>es</strong></span> <span class='ocrx_word' id='word_1_460' title='bbox 1692 4451 1924 4518; x_wconf 79' lang='lat' dir='ltr'><strong>gladius.</strong></span> 
     </span>
    </p>
   </div>
   <div class='ocr_carea' id='block_1_62' title="bbox 333 4538 1926 4616">
    <p class='ocr_par' dir='ltr' id='par_1_62' title="bbox 333 4538 1926 4616">
     <span class='ocr_line' id='line_1_62' title="bbox 333 4538 1926 4616; baseline -0.003 -14"><span class='ocrx_word' id='word_1_461' title='bbox 333 4545 520 4616; x_wconf 60' lang='grc' dir='ltr'><strong>πει</strong></span> <span class='ocrx_word' id='word_1_462' title='bbox 559 4543 706 4599; x_wconf 88' lang='lat' dir='ltr'><strong>forte</strong></span> <span class='ocrx_word' id='word_1_463' title='bbox 747 4550 802 4595; x_wconf 92' lang='lat' dir='ltr'><strong>tu</strong></span> <span class='ocrx_word' id='word_1_464' title='bbox 845 4541 915 4596; x_wconf 72' lang='lat' dir='ltr'><strong>ile</strong></span> <span class='ocrx_word' id='word_1_465' title='bbox 945 4556 1006 4597; x_wconf 93' lang='lat' dir='ltr'><strong>es</strong></span> <span class='ocrx_word' id='word_1_466' title='bbox 1031 4538 1244 4611; x_wconf 87' lang='lat' dir='ltr'><strong>gladius</strong></span> <span class='ocrx_word' id='word_1_467' title='bbox 1280 4540 1346 4594; x_wconf 88' lang='lat' dir='ltr'><strong>de</strong></span> <span class='ocrx_word' id='word_1_468' title='bbox 1370 4554 1479 4610; x_wconf 91' lang='lat' dir='ltr'><strong>quo</strong></span> <span class='ocrx_word' id='word_1_469' title='bbox 1507 4539 1756 4596; x_wconf 84' lang='lat' dir='ltr'><strong>Ezechiel</strong></span> <span class='ocrx_word' id='word_1_470' title='bbox 1796 4557 1926 4612; x_wconf 89' lang='lat' dir='ltr'><strong>pro-</strong></span> 
     </span>
    </p>
   </div>
   <div class='ocr_carea' id='block_1_63' title="bbox 331 4631 1930 4706">
    <p class='ocr_par' dir='ltr' id='par_1_63' title="bbox 331 4631 1930 4706">
     <span class='ocr_line' id='line_1_63' title="bbox 331 4631 1930 4706; baseline -0.001 -15"><span class='ocrx_word' id='word_1_471' title='bbox 331 4639 483 4706; x_wconf 85' lang='lat' dir='ltr'><strong>pheta</strong></span> <span class='ocrx_word' id='word_1_472' title='bbox 511 4635 647 4692; x_wconf 91' lang='lat' dir='ltr'><strong>dicit</strong></span> <span class='ocrx_word' id='word_1_473' title='bbox 679 4651 695 4689; x_wconf 89' lang='lat'><strong>:</strong></span> <span class='ocrx_word' id='word_1_474' title='bbox 725 4652 744 4687; x_wconf 74' lang='grc' dir='ltr'><strong>ι</strong></span> <span class='ocrx_word' id='word_1_475' title='bbox 776 4632 1022 4699; x_wconf 80' lang='lat' dir='ltr'><strong>Gladius,</strong></span> <span class='ocrx_word' id='word_1_476' title='bbox 1049 4631 1260 4703; x_wconf 87' lang='lat' dir='ltr'><strong>gladius</strong></span> <span class='ocrx_word' id='word_1_477' title='bbox 1289 4640 1552 4688; x_wconf 82' lang='lat' dir='ltr'><strong>exacutus</strong></span> <span class='ocrx_word' id='word_1_478' title='bbox 1580 4641 1665 4687; x_wconf 89' lang='lat' dir='ltr'><strong>est</strong></span> <span class='ocrx_word' id='word_1_479' title='bbox 1692 4643 1746 4689; x_wconf 90' lang='lat' dir='ltr'><strong>et</strong></span> <span class='ocrx_word' id='word_1_480' title='bbox 1774 4634 1930 4689; x_wconf 88' lang='lat' dir='ltr'><strong>lima-</strong></span> 
     </span>
    </p>
   </div>
   <div class='ocr_carea' id='block_1_64' title="bbox 335 4724 1939 4797">
    <p class='ocr_par' dir='ltr' id='par_1_64' title="bbox 335 4724 1939 4797">
     <span class='ocr_line' id='line_1_64' title="bbox 335 4724 1939 4797; baseline -0.001 -14"><span class='ocrx_word' id='word_1_481' title='bbox 335 4740 414 4784; x_wconf 88' lang='lat' dir='ltr'><strong>tus</strong></span> <span class='ocrx_word' id='word_1_482' title='bbox 440 4728 664 4796; x_wconf 68' lang='lat' dir='ltr'><strong>(Esech.</strong></span> <span class='ocrx_word' id='word_1_483' title='bbox 695 4725 836 4797; x_wconf 81' lang='lat' dir='ltr'><strong>xxi).</strong></span> <span class='ocrx_word' id='word_1_484' title='bbox 873 4744 894 4778; x_wconf 72' lang='grc' dir='ltr'><strong>ι</strong></span> <span class='ocrx_word' id='word_1_485' title='bbox 927 4724 1039 4781; x_wconf 85' lang='lat' dir='ltr'><strong>Cur</strong></span> <span class='ocrx_word' id='word_1_486' title='bbox 1071 4733 1252 4780; x_wconf 87' lang='lat' dir='ltr'><strong>autem</strong></span> <span class='ocrx_word' id='word_1_487' title='bbox 1285 4725 1392 4780; x_wconf 90' lang='lat' dir='ltr'><strong>duo</strong></span> <span class='ocrx_word' id='word_1_488' title='bbox 1428 4725 1542 4780; x_wconf 82' lang='lat' dir='ltr'><strong>haec</strong></span> <span class='ocrx_word' id='word_1_489' title='bbox 1582 4725 1685 4780; x_wconf 89' lang='lat' dir='ltr'><strong>iste</strong></span> <span class='ocrx_word' id='word_1_490' title='bbox 1715 4725 1939 4797; x_wconf 78' lang='lat' dir='ltr'><strong>gladius</strong></span> 
     </span>
    </p>
   </div>
   <div class='ocr_carea' id='block_1_65' title="bbox 335 4814 1924 4884">
    <p class='ocr_par' dir='ltr' id='par_1_65' title="bbox 335 4814 1924 4884">
     <span class='ocr_line' id='line_1_65' title="bbox 335 4814 1924 4884; baseline -0.002 -10"><span class='ocrx_word' id='word_1_491' title='bbox 335 4821 548 4884; x_wconf 82' lang='lat' dir='ltr'><strong>habeat,</strong></span> <span class='ocrx_word' id='word_1_492' title='bbox 585 4818 695 4874; x_wconf 89' lang='lat' dir='ltr'><strong>hoc</strong></span> <span class='ocrx_word' id='word_1_493' title='bbox 732 4826 846 4881; x_wconf 91' lang='lat' dir='ltr'><strong>est,</strong></span> <span class='ocrx_word' id='word_1_494' title='bbox 887 4824 947 4871; x_wconf 91' lang='lat' dir='ltr'><strong>ut</strong></span> <span class='ocrx_word' id='word_1_495' title='bbox 979 4814 1202 4870; x_wconf 90' lang='lat' dir='ltr'><strong>limatus</strong></span> <span class='ocrx_word' id='word_1_496' title='bbox 1242 4814 1316 4870; x_wconf 89' lang='lat' dir='ltr'><strong>sit</strong></span> <span class='ocrx_word' id='word_1_497' title='bbox 1349 4823 1406 4870; x_wconf 90' lang='lat' dir='ltr'><strong>et</strong></span> <span class='ocrx_word' id='word_1_498' title='bbox 1439 4823 1661 4880; x_wconf 84' lang='lat' dir='ltr'><strong>acutus,</strong></span> <span class='ocrx_word' id='word_1_499' title='bbox 1702 4827 1924 4872; x_wconf 88' lang='lat' dir='ltr'><strong>secutus</strong></span> 
     </span>
    </p>
   </div>
   <div class='ocr_carea' id='block_1_66' title="bbox 332 4902 1925 4977">
    <p class='ocr_par' dir='ltr' id='par_1_66' title="bbox 332 4902 1925 4977">
     <span class='ocr_line' id='line_1_66' title="bbox 332 4902 1925 4977; baseline 0.001 -18"><span class='ocrx_word' id='word_1_500' title='bbox 332 4907 539 4977; x_wconf 68' lang='lat' dir='ltr'><strong>exponit</strong></span> <span class='ocrx_word' id='word_1_501' title='bbox 594 4924 608 4960; x_wconf 88' lang='lat'><strong>:</strong></span> <span class='ocrx_word' id='word_1_502' title='bbox 658 4923 679 4956; x_wconf 77' lang='grc' dir='ltr'><strong>ι</strong></span> <span class='ocrx_word' id='word_1_503' title='bbox 729 4902 798 4958; x_wconf 91' lang='lat' dir='ltr'><strong>Ut</strong></span> <span class='ocrx_word' id='word_1_504' title='bbox 847 4903 1046 4968; x_wconf 64' lang='lat' dir='ltr'><strong>cedat,</strong></span> <span class='ocrx_word' id='word_1_505' title='bbox 1098 4903 1302 4972; x_wconf 90' lang='lat' dir='ltr'><strong>inquit,</strong></span> <span class='ocrx_word' id='word_1_506' title='bbox 1355 4902 1609 4958; x_wconf 86' lang='lat' dir='ltr'><strong>victimas</strong></span> <span class='ocrx_word' id='word_1_507' title='bbox 1658 4919 1925 4961; x_wconf 83' lang='lat' dir='ltr'><strong>exacmus</strong></span> 
     </span>
    </p>
   </div>
   <div class='ocr_carea' id='block_1_67' title="bbox 333 4992 1923 5069">
    <p class='ocr_par' dir='ltr' id='par_1_67' title="bbox 333 4992 1923 5069">
     <span class='ocr_line' id='line_1_67' title="bbox 333 4992 1923 5069; baseline 0 -17"><span class='ocrx_word' id='word_1_508' title='bbox 333 5007 432 5063; x_wconf 80' lang='lat' dir='ltr'><strong>est,</strong></span> <span class='ocrx_word' id='word_1_509' title='bbox 473 5007 531 5052; x_wconf 86' lang='lat' dir='ltr'><strong>ut</strong></span> <span class='ocrx_word' id='word_1_510' title='bbox 567 4994 860 5069; x_wconf 90' lang='lat' dir='ltr'><strong>splendeat</strong></span> <span class='ocrx_word' id='word_1_511' title='bbox 896 4993 1114 5050; x_wconf 90' lang='lat' dir='ltr'><strong>limatus</strong></span> <span class='ocrx_word' id='word_1_512' title='bbox 1146 5002 1233 5049; x_wconf 89' lang='lat' dir='ltr'><strong>est</strong></span> <span class='ocrx_word' id='word_1_513' title='bbox 1267 4992 1480 5066; x_wconf 62' lang='lat' dir='ltr'><strong>(Ibid).</strong></span> <span class='ocrx_word' id='word_1_514' title='bbox 1517 5015 1536 5045; x_wconf 73' lang='grc' dir='ltr'><strong>ι</strong></span> <span class='ocrx_word' id='word_1_515' title='bbox 1570 4992 1758 5052; x_wconf 85' lang='lat' dir='ltr'><strong>Nonne</strong></span> <span class='ocrx_word' id='word_1_516' title='bbox 1786 4996 1839 5050; x_wconf 91' lang='lat' dir='ltr'><strong>iu</strong></span> <span class='ocrx_word' id='word_1_517' title='bbox 1871 5006 1923 5052; x_wconf 89' lang='lat' dir='ltr'><strong>te</strong></span> 
     </span>
    </p>
   </div>
   <div class='ocr_carea' id='block_1_68' title="bbox 334 5084 1921 5157">
    <p class='ocr_par' dir='ltr' id='par_1_68' title="bbox 334 5084 1921 5157">
     <span class='ocr_line' id='line_1_68' title="bbox 334 5084 1921 5157; baseline 0.003 -17"><span class='ocrx_word' id='word_1_518' title='bbox 334 5091 571 5146; x_wconf 86' lang='lat' dir='ltr'><strong>videntur</strong></span> <span class='ocrx_word' id='word_1_519' title='bbox 593 5090 700 5144; x_wconf 84' lang='lat' dir='ltr'><strong>ista</strong></span> <span class='ocrx_word' id='word_1_520' title='bbox 731 5101 1049 5157; x_wconf 81' lang='lat' dir='ltr'><strong>congruere,</strong></span> <span class='ocrx_word' id='word_1_521' title='bbox 1081 5087 1172 5156; x_wconf 93' lang='lat' dir='ltr'><strong>qui</strong></span> <span class='ocrx_word' id='word_1_522' title='bbox 1201 5084 1454 5141; x_wconf 88' lang='lat' dir='ltr'><strong>videlicet</strong></span> <span class='ocrx_word' id='word_1_523' title='bbox 1483 5094 1543 5140; x_wconf 90' lang='lat' dir='ltr'><strong>ut</strong></span> <span class='ocrx_word' id='word_1_524' title='bbox 1566 5087 1714 5142; x_wconf 90' lang='lat' dir='ltr'><strong>solus</strong></span> <span class='ocrx_word' id='word_1_525' title='bbox 1740 5088 1921 5144; x_wconf 88' lang='lat' dir='ltr'><strong>valeas</strong></span> 
     </span>
    </p>
   </div>
   <div class='ocr_carea' id='block_1_69' title="bbox 332 5177 1918 5253">
    <p class='ocr_par' dir='ltr' id='par_1_69' title="bbox 332 5177 1918 5253">
     <span class='ocr_line' id='line_1_69' title="bbox 332 5177 1918 5253; baseline 0.001 -19"><span class='ocrx_word' id='word_1_526' title='bbox 332 5182 580 5253; x_wconf 82' lang='lat' dir='ltr'><strong>dignitate</strong></span> <span class='ocrx_word' id='word_1_527' title='bbox 614 5178 936 5251; x_wconf 86' lang='lat' dir='ltr'><strong>splendere,</strong></span> <span class='ocrx_word' id='word_1_528' title='bbox 971 5186 1141 5232; x_wconf 88' lang='lat' dir='ltr'><strong>totum</strong></span> <span class='ocrx_word' id='word_1_529' title='bbox 1178 5193 1402 5248; x_wconf 89' lang='lat' dir='ltr'><strong>regnum</strong></span> <span class='ocrx_word' id='word_1_530' title='bbox 1440 5177 1656 5233; x_wconf 89' lang='lat' dir='ltr'><strong>laboras</strong></span> <span class='ocrx_word' id='word_1_531' title='bbox 1694 5177 1747 5232; x_wconf 91' lang='lat' dir='ltr'><strong>in</strong></span> <span class='ocrx_word' id='word_1_532' title='bbox 1776 5194 1918 5248; x_wconf 68' lang='lat' dir='ltr'><strong>pra:-</strong></span> 
     </span>
    </p>
   </div>
   <div class='ocr_carea' id='block_1_70' title="bbox 334 5263 1916 5340">
    <p class='ocr_par' dir='ltr' id='par_1_70' title="bbox 334 5263 1916 5340">
     <span class='ocr_line' id='line_1_70' title="bbox 334 5263 1916 5340; baseline -0.001 -15"><span class='ocrx_word' id='word_1_533' title='bbox 334 5271 478 5340; x_wconf 88' lang='lat' dir='ltr'><strong>lium,</strong></span> <span class='ocrx_word' id='word_1_534' title='bbox 504 5271 654 5328; x_wconf 88' lang='lat' dir='ltr'><strong>velut.</strong></span> <span class='ocrx_word' id='word_1_535' title='bbox 681 5269 976 5326; x_wconf 85' lang='lat' dir='ltr'><strong>occisionis</strong></span> <span class='ocrx_word' id='word_1_536' title='bbox 999 5269 1245 5325; x_wconf 91' lang='lat' dir='ltr'><strong>victimas</strong></span> <span class='ocrx_word' id='word_1_537' title='bbox 1279 5271 1646 5339; x_wconf 80' lang='lat' dir='ltr'><strong>congregare?</strong></span> <span class='ocrx_word' id='word_1_538' title='bbox 1676 5269 1782 5324; x_wconf 89' lang='lat' dir='ltr'><strong>Sed</strong></span> <span class='ocrx_word' id='word_1_539' title='bbox 1795 5263 1916 5324; x_wconf 82' lang='lat' dir='ltr'><strong>&#39;ad-</strong></span> 
     </span>
    </p>
   </div>
   <div class='ocr_carea' id='block_1_71' title="bbox 333 5361 1912 5434">
    <p class='ocr_par' dir='ltr' id='par_1_71' title="bbox 333 5361 1912 5434">
     <span class='ocr_line' id='line_1_71' title="bbox 333 5361 1912 5434; baseline 0.001 -16"><span class='ocrx_word' id='word_1_540' title='bbox 333 5366 426 5420; x_wconf 83' lang='lat' dir='ltr'><strong>huc</strong></span> <span class='ocrx_word' id='word_1_541' title='bbox 453 5366 573 5420; x_wconf 87' lang='lat' dir='ltr'><strong>audi</strong></span> <span class='ocrx_word' id='word_1_542' title='bbox 602 5365 753 5434; x_wconf 91' lang='lat' dir='ltr'><strong>quod</strong></span> <span class='ocrx_word' id='word_1_543' title='bbox 794 5372 992 5433; x_wconf 69' lang='lat' dir='ltr'><strong>prmsto</strong></span> <span class='ocrx_word' id='word_1_544' title='bbox 1020 5361 1295 5433; x_wconf 82' lang='lat' dir='ltr'><strong>subjungit</strong></span> <span class='ocrx_word' id='word_1_545' title='bbox 1321 5361 1510 5434; x_wconf 64' lang='lat' dir='ltr'><strong>(Ibid)</strong></span> <span class='ocrx_word' id='word_1_546' title='bbox 1549 5381 1560 5416; x_wconf 82' lang='lat'><strong>2</strong></span> <span class='ocrx_word' id='word_1_547' title='bbox 1604 5381 1624 5415; x_wconf 74' lang='grc' dir='ltr'><strong>ι</strong></span> <span class='ocrx_word' id='word_1_548' title='bbox 1663 5363 1764 5431; x_wconf 81' lang='lat' dir='ltr'><strong>Qui</strong></span> <span class='ocrx_word' id='word_1_549' title='bbox 1797 5380 1912 5422; x_wconf 84' lang='lat' dir='ltr'><strong>mo-</strong></span> 
     </span>
    </p>
   </div>
   <div class='ocr_carea' id='block_1_72' title="bbox 337 5455 1916 5529">
    <p class='ocr_par' dir='ltr' id='par_1_72' title="bbox 337 5455 1916 5529">
     <span class='ocr_line' id='line_1_72' title="bbox 337 5455 1916 5529; baseline 0.001 -19"><span class='ocrx_word' id='word_1_550' title='bbox 337 5475 417 5512; x_wconf 85' lang='lat' dir='ltr'><strong>ves</strong></span> <span class='ocrx_word' id='word_1_551' title='bbox 449 5470 725 5529; x_wconf 87' lang='lat' dir='ltr'><strong>spectrum</strong></span> <span class='ocrx_word' id='word_1_552' title='bbox 767 5455 862 5510; x_wconf 90' lang='lat' dir='ltr'><strong>lilii</strong></span> <span class='ocrx_word' id='word_1_553' title='bbox 905 5456 1043 5523; x_wconf 89' lang='lat' dir='ltr'><strong>mei,</strong></span> <span class='ocrx_word' id='word_1_554' title='bbox 1079 5456 1359 5511; x_wconf 86' lang='lat' dir='ltr'><strong>succidisti</strong></span> <span class='ocrx_word' id='word_1_555' title='bbox 1395 5471 1558 5511; x_wconf 90' lang='lat' dir='ltr'><strong>omne</strong></span> <span class='ocrx_word' id='word_1_556' title='bbox 1595 5456 1823 5528; x_wconf 89' lang='lat' dir='ltr'><strong>lignum,</strong></span> <span class='ocrx_word' id='word_1_557' title='bbox 1861 5467 1916 5512; x_wconf 92' lang='lat' dir='ltr'><strong>ct</strong></span> 
     </span>
    </p>
   </div>
   <div class='ocr_carea' id='block_1_73' title="bbox 339 5552 1914 5626">
    <p class='ocr_par' dir='ltr' id='par_1_73' title="bbox 339 5552 1914 5626">
     <span class='ocr_line' id='line_1_73' title="bbox 339 5552 1914 5626; baseline 0.006 -23"><span class='ocrx_word' id='word_1_558' title='bbox 339 5554 445 5609; x_wconf 84' lang='lat' dir='ltr'><strong>dedi</strong></span> <span class='ocrx_word' id='word_1_559' title='bbox 474 5570 595 5611; x_wconf 89' lang='lat' dir='ltr'><strong>eum</strong></span> <span class='ocrx_word' id='word_1_560' title='bbox 628 5555 698 5608; x_wconf 89' lang='lat' dir='ltr'><strong>ad</strong></span> <span class='ocrx_word' id='word_1_561' title='bbox 738 5552 1101 5624; x_wconf 83' lang='lat' dir='ltr'><strong>levigandum,</strong></span> <span class='ocrx_word' id='word_1_562' title='bbox 1127 5562 1188 5608; x_wconf 91' lang='lat' dir='ltr'><strong>ut</strong></span> <span class='ocrx_word' id='word_1_563' title='bbox 1214 5561 1466 5626; x_wconf 71' lang='lat' dir='ltr'><strong>teneatur</strong></span> <span class='ocrx_word' id='word_1_564' title='bbox 1490 5568 1670 5608; x_wconf 90' lang='lat' dir='ltr'><strong>manu.</strong></span> <span class='ocrx_word' id='word_1_565' title='bbox 1709 5573 1726 5604; x_wconf 77' lang='grc' dir='ltr'><strong>ι</strong></span> <span class='ocrx_word' id='word_1_566' title='bbox 1757 5554 1914 5612; x_wconf 79' lang='lat' dir='ltr'><strong>Dein-</strong></span> 
     </span>
    </p>
   </div>
   <div class='ocr_carea' id='block_1_74' title="bbox 338 5645 1910 5723">
    <p class='ocr_par' dir='ltr' id='par_1_74' title="bbox 338 5645 1910 5723">
     <span class='ocr_line' id='line_1_74' title="bbox 338 5645 1910 5723; baseline 0.001 -23"><span class='ocrx_word' id='word_1_567' title='bbox 338 5650 395 5700; x_wconf 92' lang='lat' dir='ltr'><strong>dc</strong></span> <span class='ocrx_word' id='word_1_568' title='bbox 421 5649 658 5717; x_wconf 82' lang='lat' dir='ltr'><strong>sequitur</strong></span> <span class='ocrx_word' id='word_1_569' title='bbox 691 5666 704 5700; x_wconf 90' lang='lat'><strong>:</strong></span> <span class='ocrx_word' id='word_1_570' title='bbox 747 5665 765 5697; x_wconf 82' lang='grc' dir='ltr'><strong>ι</strong></span> <span class='ocrx_word' id='word_1_571' title='bbox 806 5654 911 5701; x_wconf 79' lang='lat' dir='ltr'><strong>Iste</strong></span> <span class='ocrx_word' id='word_1_572' title='bbox 943 5656 1206 5703; x_wconf 79' lang='lat' dir='ltr'><strong>exacutus</strong></span> <span class='ocrx_word' id='word_1_573' title='bbox 1243 5656 1326 5702; x_wconf 86' lang='lat' dir='ltr'><strong>est</strong></span> <span class='ocrx_word' id='word_1_574' title='bbox 1354 5645 1593 5717; x_wconf 86' lang='lat' dir='ltr'><strong>gladius,</strong></span> <span class='ocrx_word' id='word_1_575' title='bbox 1627 5656 1681 5723; x_wconf 87' lang='lat' dir='ltr'><strong>et</strong></span> <span class='ocrx_word' id='word_1_576' title='bbox 1713 5647 1758 5700; x_wconf 82' lang='lat' dir='ltr'><strong>is</strong></span> <span class='ocrx_word' id='word_1_577' title='bbox 1783 5662 1813 5700; x_wconf 91' lang='lat' dir='ltr'><strong>e</strong></span> <span class='ocrx_word' id='word_1_578' title='bbox 1844 5646 1910 5702; x_wconf 84' lang='lat' dir='ltr'><strong>li-</strong></span> 
     </span>
    </p>
   </div>
   <div class='ocr_carea' id='block_1_75' title="bbox 339 5737 1911 5808">
    <p class='ocr_par' dir='ltr' id='par_1_75' title="bbox 339 5737 1911 5808">
     <span class='ocr_line' id='line_1_75' title="bbox 339 5737 1911 5808; baseline 0.003 -20"><span class='ocrx_word' id='word_1_579' title='bbox 339 5748 496 5795; x_wconf 81' lang='lat' dir='ltr'><strong>matus</strong></span> <span class='ocrx_word' id='word_1_580' title='bbox 531 5749 641 5804; x_wconf 87' lang='lat' dir='ltr'><strong>est,</strong></span> <span class='ocrx_word' id='word_1_581' title='bbox 675 5751 739 5794; x_wconf 92' lang='lat' dir='ltr'><strong>ut</strong></span> <span class='ocrx_word' id='word_1_582' title='bbox 777 5739 849 5794; x_wconf 89' lang='lat' dir='ltr'><strong>sit</strong></span> <span class='ocrx_word' id='word_1_583' title='bbox 885 5739 941 5793; x_wconf 92' lang='lat' dir='ltr'><strong>in</strong></span> <span class='ocrx_word' id='word_1_584' title='bbox 979 5754 1138 5794; x_wconf 92' lang='lat' dir='ltr'><strong>manu</strong></span> <span class='ocrx_word' id='word_1_585' title='bbox 1179 5739 1570 5796; x_wconf 87' lang='lat' dir='ltr'><strong>interllcieutis.</strong></span> <span class='ocrx_word' id='word_1_586' title='bbox 1617 5760 1636 5791; x_wconf 74' lang='grc' dir='ltr'><strong>ι</strong></span> <span class='ocrx_word' id='word_1_587' title='bbox 1675 5737 1754 5793; x_wconf 88' lang='lat' dir='ltr'><strong>Tu</strong></span> <span class='ocrx_word' id='word_1_588' title='bbox 1787 5754 1911 5808; x_wconf 80' lang='lat' dir='ltr'><strong>pro-</strong></span> 
     </span>
    </p>
   </div>
   <div class='ocr_carea' id='block_1_76' title="bbox 343 5829 1901 5902">
    <p class='ocr_par' dir='ltr' id='par_1_76' title="bbox 343 5829 1901 5902">
     <span class='ocr_line' id='line_1_76' title="bbox 343 5829 1901 5902; baseline 0 -18"><span class='ocrx_word' id='word_1_589' title='bbox 343 5829 484 5896; x_wconf 76' lang='lat' dir='ltr'><strong>lecto,</strong></span> <span class='ocrx_word' id='word_1_590' title='bbox 499 5841 551 5887; x_wconf 92' lang='lat' dir='ltr'><strong>tu</strong></span> <span class='ocrx_word' id='word_1_591' title='bbox 574 5832 660 5888; x_wconf 87' lang='lat' dir='ltr'><strong>ille</strong></span> <span class='ocrx_word' id='word_1_592' title='bbox 681 5848 742 5889; x_wconf 83' lang='lat' dir='ltr'><strong>cs</strong></span> <span class='ocrx_word' id='word_1_593' title='bbox 771 5829 1000 5899; x_wconf 76' lang='lat' dir='ltr'><strong>gladius,</strong></span> <span class='ocrx_word' id='word_1_594' title='bbox 1024 5831 1113 5902; x_wconf 90' lang='lat' dir='ltr'><strong>qui</strong></span> <span class='ocrx_word' id='word_1_595' title='bbox 1136 5831 1256 5889; x_wconf 79' lang='lat' dir='ltr'><strong>Filii</strong></span> <span class='ocrx_word' id='word_1_596' title='bbox 1280 5832 1371 5888; x_wconf 86' lang='lat' dir='ltr'><strong>Dei</strong></span> <span class='ocrx_word' id='word_1_597' title='bbox 1397 5845 1581 5888; x_wconf 82' lang='lat' dir='ltr'><strong>moves</strong></span> <span class='ocrx_word' id='word_1_598' title='bbox 1602 5838 1901 5902; x_wconf 85' lang='lat' dir='ltr'><strong>sceptrum,</strong></span> 
     </span>
    </p>
   </div>
   <div class='ocr_carea' id='block_1_77' title="bbox 1951 3251 1998 3315">
    <p class='ocr_par' dir='ltr' id='par_1_77' title="bbox 1951 3251 1998 3315">
     <span class='ocr_line' id='line_1_77' title="bbox 1951 3251 1998 3315; baseline 0 0"><span class='ocrx_word' id='word_1_599' title='bbox 1951 3251 1998 3315; x_wconf 87' lang='lat' dir='ltr'><strong>C</strong></span> 
     </span>
    </p>
   </div>
   <div class='ocr_carea' id='block_1_78' title="bbox 2027 1982 3624 2060">
    <p class='ocr_par' dir='ltr' id='par_1_78' title="bbox 2027 1982 3624 2060">
     <span class='ocr_line' id='line_1_78' title="bbox 2027 1982 3624 2060; baseline -0.009 -13"><span class='ocrx_word' id='word_1_600' title='bbox 2027 2001 2080 2047; x_wconf 90' lang='lat' dir='ltr'><strong>te</strong></span> <span class='ocrx_word' id='word_1_601' title='bbox 2110 2000 2170 2045; x_wconf 90' lang='grc' dir='ltr'><strong>ιιι</strong></span> <span class='ocrx_word' id='word_1_602' title='bbox 2213 1990 2512 2046; x_wconf 87' lang='lat' dir='ltr'><strong>interficias</strong></span> <span class='ocrx_word' id='word_1_603' title='bbox 2550 1999 2604 2045; x_wconf 90' lang='lat' dir='ltr'><strong>et</strong></span> <span class='ocrx_word' id='word_1_604' title='bbox 2661 1990 2894 2060; x_wconf 82' lang='lat' dir='ltr'><strong>fulgeas:</strong></span> <span class='ocrx_word' id='word_1_605' title='bbox 2927 2007 2945 2040; x_wconf 79' lang='grc' dir='ltr'><strong>ι</strong></span> <span class='ocrx_word' id='word_1_606' title='bbox 2981 1987 3142 2058; x_wconf 87' lang='lat' dir='ltr'><strong>paulo</strong></span> <span class='ocrx_word' id='word_1_607' title='bbox 3177 1993 3301 2055; x_wconf 80' lang='lat' dir='ltr'><strong>post</strong></span> <span class='ocrx_word' id='word_1_608' title='bbox 3333 1982 3624 2052; x_wconf 87' lang='lat' dir='ltr'><strong>sequitur:</strong></span> 
     </span>
    </p>
   </div>
   <div class='ocr_carea' id='block_1_79' title="bbox 2031 2077 3630 2154">
    <p class='ocr_par' dir='ltr' id='par_1_79' title="bbox 2031 2077 3630 2154">
     <span class='ocr_line' id='line_1_79' title="bbox 2031 2077 3630 2154; baseline -0.008 -17"><span class='ocrx_word' id='word_1_609' title='bbox 2031 2103 2050 2137; x_wconf 75' lang='grc' dir='ltr'><strong>ι</strong></span> <span class='ocrx_word' id='word_1_610' title='bbox 2097 2085 2394 2141; x_wconf 82' lang='lat' dir='ltr'><strong>Revertere</strong></span> <span class='ocrx_word' id='word_1_611' title='bbox 2419 2083 2486 2138; x_wconf 88' lang='lat' dir='ltr'><strong>ad</strong></span> <span class='ocrx_word' id='word_1_612' title='bbox 2516 2085 2767 2154; x_wconf 83' lang='lat' dir='ltr'><strong>vaginam</strong></span> <span class='ocrx_word' id='word_1_613' title='bbox 2811 2092 2960 2138; x_wconf 90' lang='lat' dir='ltr'><strong>tuam</strong></span> <span class='ocrx_word' id='word_1_614' title='bbox 2993 2123 3006 2140; x_wconf 92' lang='lat'><strong>.</strong></span> <span class='ocrx_word' id='word_1_615' title='bbox 3062 2081 3114 2134; x_wconf 91' lang='lat' dir='ltr'><strong>in</strong></span> <span class='ocrx_word' id='word_1_616' title='bbox 3175 2079 3351 2134; x_wconf 90' lang='lat' dir='ltr'><strong>locum</strong></span> <span class='ocrx_word' id='word_1_617' title='bbox 3415 2077 3469 2132; x_wconf 89' lang='lat' dir='ltr'><strong>in</strong></span> <span class='ocrx_word' id='word_1_618' title='bbox 3521 2091 3630 2145; x_wconf 65' lang='grc' dir='ltr'><strong>(με.)</strong></span> 
     </span>
    </p>
   </div>
   <div class='ocr_carea' id='block_1_80' title="bbox 2026 2169 3629 2239">
    <p class='ocr_par' dir='ltr' id='par_1_80' title="bbox 2026 2169 3629 2239">
     <span class='ocr_line' id='line_1_80' title="bbox 2026 2169 3629 2239; baseline -0.007 -9"><span class='ocrx_word' id='word_1_619' title='bbox 2026 2183 2244 2230; x_wconf 90' lang='lat' dir='ltr'><strong>creatus</strong></span> <span class='ocrx_word' id='word_1_620' title='bbox 2272 2189 2350 2230; x_wconf 89' lang='lat' dir='ltr'><strong>es.</strong></span> <span class='ocrx_word' id='word_1_621' title='bbox 2385 2173 2441 2229; x_wconf 86' lang='lat' dir='ltr'><strong>In</strong></span> <span class='ocrx_word' id='word_1_622' title='bbox 2492 2183 2636 2231; x_wconf 87' lang='lat' dir='ltr'><strong>terra</strong></span> <span class='ocrx_word' id='word_1_623' title='bbox 2691 2171 2992 2228; x_wconf 86' lang='lat' dir='ltr'><strong>nativitatis</strong></span> <span class='ocrx_word' id='word_1_624' title='bbox 3026 2181 3132 2228; x_wconf 74' lang='lat' dir='ltr'><strong>tua:</strong></span> <span class='ocrx_word' id='word_1_625' title='bbox 3173 2169 3433 2239; x_wconf 75' lang='lat' dir='ltr'><strong>iudicabo</strong></span> <span class='ocrx_word' id='word_1_626' title='bbox 3467 2177 3539 2232; x_wconf 89' lang='lat' dir='ltr'><strong>te,</strong></span> <span class='ocrx_word' id='word_1_627' title='bbox 3574 2175 3629 2219; x_wconf 86' lang='lat' dir='ltr'><strong>et</strong></span> 
     </span>
    </p>
   </div>
   <div class='ocr_carea' id='block_1_81' title="bbox 2025 2259 3628 2336">
    <p class='ocr_par' dir='ltr' id='par_1_81' title="bbox 2025 2259 3628 2336">
     <span class='ocr_line' id='line_1_81' title="bbox 2025 2259 3628 2336; baseline -0.009 -14"><span class='ocrx_word' id='word_1_628' title='bbox 2025 2265 2300 2322; x_wconf 84' lang='lat' dir='ltr'><strong>effundam</strong></span> <span class='ocrx_word' id='word_1_629' title='bbox 2350 2281 2513 2336; x_wconf 90' lang='lat' dir='ltr'><strong>super</strong></span> <span class='ocrx_word' id='word_1_630' title='bbox 2546 2275 2596 2320; x_wconf 92' lang='lat' dir='ltr'><strong>te</strong></span> <span class='ocrx_word' id='word_1_631' title='bbox 2627 2264 3058 2335; x_wconf 85' lang='lat' dir='ltr'><strong>indignationem</strong></span> <span class='ocrx_word' id='word_1_632' title='bbox 3102 2275 3312 2324; x_wconf 86' lang='lat' dir='ltr'><strong>meam,</strong></span> <span class='ocrx_word' id='word_1_633' title='bbox 3343 2267 3399 2314; x_wconf 88' lang='lat' dir='ltr'><strong>et</strong></span> <span class='ocrx_word' id='word_1_634' title='bbox 3446 2259 3628 2328; x_wconf 71' lang='lat' dir='ltr'><strong>ignem</strong></span> 
     </span>
    </p>
   </div>
   <div class='ocr_carea' id='block_1_82' title="bbox 2027 2350 3626 2413">
    <p class='ocr_par' dir='ltr' id='par_1_82' title="bbox 2027 2350 3626 2413">
     <span class='ocr_line' id='line_1_82' title="bbox 2027 2350 3626 2413; baseline -0.007 -3"><span class='ocrx_word' id='word_1_635' title='bbox 2027 2356 2229 2413; x_wconf 91' lang='lat' dir='ltr'><strong>furoris</strong></span> <span class='ocrx_word' id='word_1_636' title='bbox 2256 2358 2363 2412; x_wconf 91' lang='lat' dir='ltr'><strong>mei</strong></span> <span class='ocrx_word' id='word_1_637' title='bbox 2401 2354 2626 2411; x_wconf 87' lang='lat' dir='ltr'><strong>sulllabo</strong></span> <span class='ocrx_word' id='word_1_638' title='bbox 2669 2356 2723 2410; x_wconf 86' lang='lat' dir='ltr'><strong>in</strong></span> <span class='ocrx_word' id='word_1_639' title='bbox 2773 2363 2842 2410; x_wconf 92' lang='lat' dir='ltr'><strong>te.</strong></span> <span class='ocrx_word' id='word_1_640' title='bbox 2887 2373 2905 2405; x_wconf 74' lang='grc' dir='ltr'><strong>ι</strong></span> <span class='ocrx_word' id='word_1_641' title='bbox 2963 2351 3142 2408; x_wconf 87' lang='lat' dir='ltr'><strong>llahes</strong></span> <span class='ocrx_word' id='word_1_642' title='bbox 3189 2367 3332 2406; x_wconf 90' lang='lat' dir='ltr'><strong>nunc</strong></span> <span class='ocrx_word' id='word_1_643' title='bbox 3397 2350 3626 2405; x_wconf 88' lang='lat' dir='ltr'><strong>forsitan</strong></span> 
     </span>
    </p>
   </div>
   <div class='ocr_carea' id='block_1_83' title="bbox 2026 2439 3626 2516">
    <p class='ocr_par' dir='ltr' id='par_1_83' title="bbox 2026 2439 3626 2516">
     <span class='ocr_line' id='line_1_83' title="bbox 2026 2439 3626 2516; baseline -0.006 -14"><span class='ocrx_word' id='word_1_644' title='bbox 2026 2449 2268 2511; x_wconf 87' lang='lat' dir='ltr'><strong>mitram,</strong></span> <span class='ocrx_word' id='word_1_645' title='bbox 2322 2447 2514 2511; x_wconf 87' lang='lat' dir='ltr'><strong>habes,</strong></span> <span class='ocrx_word' id='word_1_646' title='bbox 2567 2444 2723 2516; x_wconf 78' lang='lat' dir='ltr'><strong>juxta</strong></span> <span class='ocrx_word' id='word_1_647' title='bbox 2775 2459 2982 2500; x_wconf 85' lang='lat' dir='ltr'><strong>morem</strong></span> <span class='ocrx_word' id='word_1_648' title='bbox 3035 2443 3268 2498; x_wconf 79' lang='lat' dir='ltr'><strong>Romani</strong></span> <span class='ocrx_word' id='word_1_649' title='bbox 3330 2439 3626 2512; x_wconf 81' lang='lat' dir='ltr'><strong>pontificis.</strong></span> 
     </span>
    </p>
   </div>
   <div class='ocr_carea' id='block_1_84' title="bbox 2029 2527 3630 2607">
    <p class='ocr_par' dir='ltr' id='par_1_84' title="bbox 2029 2527 3630 2607">
     <span class='ocr_line' id='line_1_84' title="bbox 2029 2527 3630 2607; baseline -0.006 -16"><span class='ocrx_word' id='word_1_650' title='bbox 2029 2537 2251 2591; x_wconf 88' lang='lat' dir='ltr'><strong>rubram</strong></span> <span class='ocrx_word' id='word_1_651' title='bbox 2287 2551 2546 2607; x_wconf 85' lang='lat' dir='ltr'><strong>cappam;</strong></span> <span class='ocrx_word' id='word_1_652' title='bbox 2576 2550 2713 2591; x_wconf 87' lang='lat' dir='ltr'><strong>cave</strong></span> <span class='ocrx_word' id='word_1_653' title='bbox 2735 2550 2804 2590; x_wconf 91' lang='lat' dir='ltr'><strong>ne</strong></span> <span class='ocrx_word' id='word_1_654' title='bbox 2829 2527 2970 2589; x_wconf 88' lang='lat' dir='ltr'><strong>hanc</strong></span> <span class='ocrx_word' id='word_1_655' title='bbox 3003 2533 3291 2589; x_wconf 90' lang='lat' dir='ltr'><strong>adversum</strong></span> <span class='ocrx_word' id='word_1_656' title='bbox 3322 2541 3374 2586; x_wconf 90' lang='lat' dir='ltr'><strong>te</strong></span> <span class='ocrx_word' id='word_1_657' title='bbox 3414 2539 3630 2583; x_wconf 89' lang='lat' dir='ltr'><strong>senten-</strong></span> 
     </span>
    </p>
   </div>
   <div class='ocr_carea' id='block_1_85' title="bbox 2028 2624 3629 2700">
    <p class='ocr_par' dir='ltr' id='par_1_85' title="bbox 2028 2624 3629 2700">
     <span class='ocr_line' id='line_1_85' title="bbox 2028 2624 3629 2700; baseline -0.006 -16"><span class='ocrx_word' id='word_1_658' title='bbox 2028 2630 2158 2685; x_wconf 91' lang='lat' dir='ltr'><strong>tiam</strong></span> <span class='ocrx_word' id='word_1_659' title='bbox 2189 2629 2406 2684; x_wconf 89' lang='lat' dir='ltr'><strong>divinus</strong></span> <span class='ocrx_word' id='word_1_660' title='bbox 2426 2645 2525 2700; x_wconf 90' lang='lat' dir='ltr'><strong>per</strong></span> <span class='ocrx_word' id='word_1_661' title='bbox 2566 2629 2817 2685; x_wconf 89' lang='lat' dir='ltr'><strong>eumdem</strong></span> <span class='ocrx_word' id='word_1_662' title='bbox 2846 2627 3164 2698; x_wconf 87' lang='lat' dir='ltr'><strong>prophetam</strong></span> <span class='ocrx_word' id='word_1_663' title='bbox 3209 2640 3392 2680; x_wconf 82' lang='lat' dir='ltr'><strong>sermo</strong></span> <span class='ocrx_word' id='word_1_664' title='bbox 3435 2624 3629 2678; x_wconf 90' lang='lat' dir='ltr'><strong>decer-</strong></span> 
     </span>
    </p>
   </div>
   <div class='ocr_carea' id='block_1_86' title="bbox 2027 2713 3627 2791">
    <p class='ocr_par' dir='ltr' id='par_1_86' title="bbox 2027 2713 3627 2791">
     <span class='ocr_line' id='line_1_86' title="bbox 2027 2713 3627 2791; baseline -0.008 -15"><span class='ocrx_word' id='word_1_665' title='bbox 2027 2729 2166 2776; x_wconf 89' lang='lat' dir='ltr'><strong>nat:</strong></span> <span class='ocrx_word' id='word_1_666' title='bbox 2222 2739 2242 2774; x_wconf 80' lang='grc' dir='ltr'><strong>ι</strong></span> <span class='ocrx_word' id='word_1_667' title='bbox 2294 2721 2376 2777; x_wconf 88' lang='lat' dir='ltr'><strong>Tu</strong></span> <span class='ocrx_word' id='word_1_668' title='bbox 2425 2730 2648 2788; x_wconf 85' lang='lat' dir='ltr'><strong>autem,</strong></span> <span class='ocrx_word' id='word_1_669' title='bbox 2695 2719 2958 2791; x_wconf 88' lang='lat' dir='ltr'><strong>profane,</strong></span> <span class='ocrx_word' id='word_1_670' title='bbox 3007 2717 3172 2788; x_wconf 92' lang='lat' dir='ltr'><strong>impie</strong></span> <span class='ocrx_word' id='word_1_671' title='bbox 3243 2717 3352 2772; x_wconf 87' lang='lat' dir='ltr'><strong>dux</strong></span> <span class='ocrx_word' id='word_1_672' title='bbox 3420 2713 3627 2772; x_wconf 85' lang='lat' dir='ltr'><strong>Israel,</strong></span> 
     </span>
    </p>
   </div>
   <div class='ocr_carea' id='block_1_87' title="bbox 2027 2803 3626 2882">
    <p class='ocr_par' dir='ltr' id='par_1_87' title="bbox 2027 2803 3626 2882">
     <span class='ocr_line' id='line_1_87' title="bbox 2027 2803 3626 2882; baseline -0.008 -16"><span class='ocrx_word' id='word_1_673' title='bbox 2027 2811 2184 2882; x_wconf 82' lang='lat' dir='ltr'><strong>cujus</strong></span> <span class='ocrx_word' id='word_1_674' title='bbox 2219 2810 2372 2867; x_wconf 86' lang='lat' dir='ltr'><strong>venit</strong></span> <span class='ocrx_word' id='word_1_675' title='bbox 2401 2810 2519 2867; x_wconf 89' lang='lat' dir='ltr'><strong>dies</strong></span> <span class='ocrx_word' id='word_1_676' title='bbox 2562 2810 2617 2865; x_wconf 90' lang='lat' dir='ltr'><strong>in</strong></span> <span class='ocrx_word' id='word_1_677' title='bbox 2671 2817 2916 2880; x_wconf 91' lang='lat' dir='ltr'><strong>tempore</strong></span> <span class='ocrx_word' id='word_1_678' title='bbox 2967 2805 3272 2878; x_wconf 90' lang='lat' dir='ltr'><strong>iniquitatis</strong></span> <span class='ocrx_word' id='word_1_679' title='bbox 3325 2803 3626 2876; x_wconf 69' lang='lat' dir='ltr'><strong>prmtinita;</strong></span> 
     </span>
    </p>
   </div>
   <div class='ocr_carea' id='block_1_88' title="bbox 2027 2897 3628 2960">
    <p class='ocr_par' dir='ltr' id='par_1_88' title="bbox 2027 2897 3628 2960">
     <span class='ocr_line' id='line_1_88' title="bbox 2027 2897 3628 2960; baseline -0.006 -2"><span class='ocrx_word' id='word_1_680' title='bbox 2027 2903 2146 2958; x_wconf 69' lang='lat' dir='ltr'><strong>haec</strong></span> <span class='ocrx_word' id='word_1_681' title='bbox 2175 2902 2307 2959; x_wconf 90' lang='lat' dir='ltr'><strong>dicit</strong></span> <span class='ocrx_word' id='word_1_682' title='bbox 2345 2901 2610 2960; x_wconf 89' lang='lat' dir='ltr'><strong>Dominus</strong></span> <span class='ocrx_word' id='word_1_683' title='bbox 2638 2902 2780 2958; x_wconf 89' lang='lat' dir='ltr'><strong>Deus</strong></span> <span class='ocrx_word' id='word_1_684' title='bbox 2814 2921 2826 2956; x_wconf 92' lang='lat'>:</span> <span class='ocrx_word' id='word_1_685' title='bbox 2861 2901 3032 2957; x_wconf 80' lang='lat' dir='ltr'><strong>Aufer</strong></span> <span class='ocrx_word' id='word_1_686' title='bbox 3080 2900 3336 2960; x_wconf 85' lang='lat' dir='ltr'><strong>cidarim,</strong></span> <span class='ocrx_word' id='word_1_687' title='bbox 3368 2897 3496 2952; x_wconf 90' lang='lat' dir='ltr'><strong>tolle</strong></span> <span class='ocrx_word' id='word_1_688' title='bbox 3542 2912 3628 2952; x_wconf 77' lang='lat' dir='ltr'><strong>co.</strong></span> 
     </span>
    </p>
   </div>
   <div class='ocr_carea' id='block_1_89' title="bbox 2027 2989 3629 3066">
    <p class='ocr_par' dir='ltr' id='par_1_89' title="bbox 2027 2989 3629 3066">
     <span class='ocr_line' id='line_1_89' title="bbox 2027 2989 3629 3066; baseline -0.006 -14"><span class='ocrx_word' id='word_1_689' title='bbox 2027 3011 2252 3064; x_wconf 88' lang='lat' dir='ltr'><strong>ronam;</strong></span> <span class='ocrx_word' id='word_1_690' title='bbox 2295 3010 2474 3052; x_wconf 91' lang='lat' dir='ltr'><strong>nonne</strong></span> <span class='ocrx_word' id='word_1_691' title='bbox 2503 2997 2620 3053; x_wconf 65' lang='lat' dir='ltr'><strong>haec</strong></span> <span class='ocrx_word' id='word_1_692' title='bbox 2648 3004 2755 3061; x_wconf 83' lang='lat' dir='ltr'><strong>est,</strong></span> <span class='ocrx_word' id='word_1_693' title='bbox 2788 3011 2910 3066; x_wconf 66' lang='lat' dir='ltr'><strong>quae</strong></span> <span class='ocrx_word' id='word_1_694' title='bbox 2931 2995 3188 3050; x_wconf 88' lang='lat' dir='ltr'><strong>humilem</strong></span> <span class='ocrx_word' id='word_1_695' title='bbox 3211 2989 3539 3055; x_wconf 87' lang='lat' dir='ltr'><strong>sublevavit,</strong></span> <span class='ocrx_word' id='word_1_696' title='bbox 3573 2997 3629 3042; x_wconf 93' lang='lat' dir='ltr'><strong>et</strong></span> 
     </span>
    </p>
   </div>
   <div class='ocr_carea' id='block_1_90' title="bbox 2028 3075 3626 3158">
    <p class='ocr_par' dir='ltr' id='par_1_90' title="bbox 2028 3075 3626 3158">
     <span class='ocr_line' id='line_1_90' title="bbox 2028 3075 3626 3158; baseline -0.004 -14"><span class='ocrx_word' id='word_1_697' title='bbox 2028 3087 2315 3150; x_wconf 86' lang='lat' dir='ltr'><strong>sublimem</strong></span> <span class='ocrx_word' id='word_1_698' title='bbox 2340 3087 2644 3144; x_wconf 86' lang='lat' dir='ltr'><strong>humiliavit</strong></span> <span class='ocrx_word' id='word_1_699' title='bbox 2659 3087 2710 3158; x_wconf 94' lang='grc'><strong>(1</strong></span> <span class='ocrx_word' id='word_1_700' title='bbox 2716 3087 2848 3158; x_wconf 79' lang='lat' dir='ltr'><strong>bid.)</strong></span> <span class='ocrx_word' id='word_1_701' title='bbox 2863 3088 2914 3141; x_wconf 67' lang='grc' dir='ltr'>τι</span> <span class='ocrx_word' id='word_1_702' title='bbox 2934 3087 3012 3142; x_wconf 82' lang='lat' dir='ltr'><strong>Ac</strong></span> <span class='ocrx_word' id='word_1_703' title='bbox 3034 3086 3079 3142; x_wconf 90' lang='lat' dir='ltr'><strong>si</strong></span> <span class='ocrx_word' id='word_1_704' title='bbox 3099 3092 3346 3155; x_wconf 88' lang='lat' dir='ltr'><strong>patenter</strong></span> <span class='ocrx_word' id='word_1_705' title='bbox 3359 3075 3626 3138; x_wconf 71' lang='lat' dir='ltr'><strong>enuntiet.</strong></span> 
     </span>
    </p>
   </div>
   <div class='ocr_carea' id='block_1_91' title="bbox 2030 3169 3628 3251">
    <p class='ocr_par' dir='ltr' id='par_1_91' title="bbox 2030 3169 3628 3251">
     <span class='ocr_line' id='line_1_91' title="bbox 2030 3169 3628 3251; baseline -0.008 -17"><span class='ocrx_word' id='word_1_706' title='bbox 2030 3180 2156 3249; x_wconf 90' lang='lat' dir='ltr'><strong>quia</strong></span> <span class='ocrx_word' id='word_1_707' title='bbox 2180 3178 2431 3251; x_wconf 88' lang='lat' dir='ltr'><strong>quisquis</strong></span> <span class='ocrx_word' id='word_1_708' title='bbox 2470 3178 2541 3235; x_wconf 89' lang='lat' dir='ltr'><strong>ad</strong></span> <span class='ocrx_word' id='word_1_709' title='bbox 2593 3178 2738 3234; x_wconf 87' lang='lat' dir='ltr'><strong>hanc</strong></span> <span class='ocrx_word' id='word_1_710' title='bbox 2782 3177 3037 3240; x_wconf 90' lang='lat' dir='ltr'><strong>cidarim,</strong></span> <span class='ocrx_word' id='word_1_711' title='bbox 3091 3174 3176 3230; x_wconf 88' lang='lat' dir='ltr'><strong>vel</strong></span> <span class='ocrx_word' id='word_1_712' title='bbox 3233 3169 3628 3229; x_wconf 87' lang='lat' dir='ltr'><strong>sacerdotalem</strong></span> 
     </span>
    </p>
   </div>
   <div class='ocr_carea' id='block_1_92' title="bbox 2031 3263 3629 3340">
    <p class='ocr_par' dir='ltr' id='par_1_92' title="bbox 2031 3263 3629 3340">
     <span class='ocr_line' id='line_1_92' title="bbox 2031 3263 3629 3340; baseline -0.007 -15"><span class='ocrx_word' id='word_1_713' title='bbox 2031 3284 2294 3325; x_wconf 86' lang='lat' dir='ltr'><strong>coronam</strong></span> <span class='ocrx_word' id='word_1_714' title='bbox 2332 3279 2656 3340; x_wconf 81' lang='lat' dir='ltr'><strong>arroganter</strong></span> <span class='ocrx_word' id='word_1_715' title='bbox 2703 3267 2939 3326; x_wconf 90' lang='lat' dir='ltr'><strong>anhelat.</strong></span> <span class='ocrx_word' id='word_1_716' title='bbox 2965 3268 3090 3337; x_wconf 87' lang='lat' dir='ltr'><strong>jure</strong></span> <span class='ocrx_word' id='word_1_717' title='bbox 3134 3265 3500 3335; x_wconf 70' lang='lat' dir='ltr'><strong>deprimitur:</strong></span> <span class='ocrx_word' id='word_1_718' title='bbox 3535 3263 3629 3331; x_wconf 90' lang='lat' dir='ltr'><strong>qui</strong></span> 
     </span>
    </p>
   </div>
   <div class='ocr_carea' id='block_1_93' title="bbox 2029 3351 3630 3428">
    <p class='ocr_par' dir='ltr' id='par_1_93' title="bbox 2029 3351 3630 3428">
     <span class='ocr_line' id='line_1_93' title="bbox 2029 3351 3630 3428; baseline -0.007 -13"><span class='ocrx_word' id='word_1_719' title='bbox 2029 3369 2213 3415; x_wconf 89' lang='lat' dir='ltr'><strong>autem</strong></span> <span class='ocrx_word' id='word_1_720' title='bbox 2247 3359 2526 3428; x_wconf 90' lang='lat' dir='ltr'><strong>indignum</strong></span> <span class='ocrx_word' id='word_1_721' title='bbox 2558 3372 2617 3413; x_wconf 88' lang='lat' dir='ltr'><strong>se</strong></span> <span class='ocrx_word' id='word_1_722' title='bbox 2646 3356 2954 3412; x_wconf 88' lang='lat' dir='ltr'><strong>vociferans</strong></span> <span class='ocrx_word' id='word_1_723' title='bbox 2995 3355 3190 3416; x_wconf 89' lang='lat' dir='ltr'><strong>renuit,</strong></span> <span class='ocrx_word' id='word_1_724' title='bbox 3219 3355 3418 3408; x_wconf 86' lang='lat' dir='ltr'><strong>merito</strong></span> <span class='ocrx_word' id='word_1_725' title='bbox 3459 3351 3630 3406; x_wconf 84' lang='lat' dir='ltr'><strong>subli-</strong></span> 
     </span>
    </p>
   </div>
   <div class='ocr_carea' id='block_1_94' title="bbox 2029 3441 3634 3517">
    <p class='ocr_par' dir='ltr' id='par_1_94' title="bbox 2029 3441 3634 3517">
     <span class='ocr_line' id='line_1_94' title="bbox 2029 3441 3634 3517; baseline -0.009 -10"><span class='ocrx_word' id='word_1_726' title='bbox 2029 3460 2233 3507; x_wconf 89' lang='lat' dir='ltr'><strong>matur.</strong></span> <span class='ocrx_word' id='word_1_727' title='bbox 2263 3449 2491 3505; x_wconf 83' lang='lat' dir='ltr'><strong>Multum</strong></span> <span class='ocrx_word' id='word_1_728' title='bbox 2531 3462 2666 3504; x_wconf 88' lang='lat' dir='ltr'><strong>sane</strong></span> <span class='ocrx_word' id='word_1_729' title='bbox 2711 3446 2968 3512; x_wconf 70' lang='lat' dir='ltr'><strong>laetiﬁcat,</strong></span> <span class='ocrx_word' id='word_1_730' title='bbox 3022 3445 3169 3517; x_wconf 89' lang='lat' dir='ltr'><strong>quod</strong></span> <span class='ocrx_word' id='word_1_731' title='bbox 3225 3441 3536 3512; x_wconf 70' lang='lat' dir='ltr'><strong>huiusmodi</strong></span> <span class='ocrx_word' id='word_1_732' title='bbox 3581 3449 3634 3494; x_wconf 89' lang='lat' dir='ltr'><strong>te</strong></span> 
     </span>
    </p>
   </div>
   <div class='ocr_carea' id='block_1_95' title="bbox 2027 3531 3630 3612">
    <p class='ocr_par' dir='ltr' id='par_1_95' title="bbox 2027 3531 3630 3612">
     <span class='ocr_line' id='line_1_95' title="bbox 2027 3531 3630 3612; baseline -0.007 -17"><span class='ocrx_word' id='word_1_733' title='bbox 2027 3537 2316 3612; x_wconf 83' lang='lat' dir='ltr'><strong>pontifices</strong></span> <span class='ocrx_word' id='word_1_734' title='bbox 2341 3537 2642 3610; x_wconf 88' lang='lat' dir='ltr'><strong>elegerunt,</strong></span> <span class='ocrx_word' id='word_1_735' title='bbox 2674 3536 3021 3592; x_wconf 88' lang='lat' dir='ltr'><strong>Placentinus</strong></span> <span class='ocrx_word' id='word_1_736' title='bbox 3049 3534 3304 3591; x_wconf 81' lang='lat' dir='ltr'><strong>videlicet</strong></span> <span class='ocrx_word' id='word_1_737' title='bbox 3327 3543 3384 3587; x_wconf 92' lang='lat' dir='ltr'><strong>et</strong></span> <span class='ocrx_word' id='word_1_738' title='bbox 3404 3531 3630 3587; x_wconf 83' lang='lat' dir='ltr'><strong>Vercel-</strong></span> 
     </span>
    </p>
   </div>
   <div class='ocr_carea' id='block_1_96' title="bbox 2030 3623 3630 3701">
    <p class='ocr_par' dir='ltr' id='par_1_96' title="bbox 2030 3623 3630 3701">
     <span class='ocr_line' id='line_1_96' title="bbox 2030 3623 3630 3701; baseline -0.002 -16"><span class='ocrx_word' id='word_1_739' title='bbox 2030 3631 2195 3696; x_wconf 89' lang='lat' dir='ltr'><strong>linus,</strong></span> <span class='ocrx_word' id='word_1_740' title='bbox 2231 3630 2324 3701; x_wconf 90' lang='lat' dir='ltr'><strong>qui</strong></span> <span class='ocrx_word' id='word_1_741' title='bbox 2363 3629 2620 3685; x_wconf 91' lang='lat' dir='ltr'><strong>nimirum</strong></span> <span class='ocrx_word' id='word_1_742' title='bbox 2679 3627 2908 3682; x_wconf 93' lang='lat' dir='ltr'><strong>multum</strong></span> <span class='ocrx_word' id='word_1_743' title='bbox 2959 3626 3159 3697; x_wconf 87' lang='lat' dir='ltr'><strong>petulci</strong></span> <span class='ocrx_word' id='word_1_744' title='bbox 3216 3641 3282 3680; x_wconf 88' lang='lat' dir='ltr'><strong>ac</strong></span> <span class='ocrx_word' id='word_1_745' title='bbox 3328 3623 3630 3694; x_wconf 82' lang='lat' dir='ltr'><strong>proletarii.</strong></span> 
     </span>
    </p>
   </div>
   <div class='ocr_carea' id='block_1_97' title="bbox 2030 3717 3632 3791">
    <p class='ocr_par' dir='ltr' id='par_1_97' title="bbox 2030 3717 3632 3791">
     <span class='ocr_line' id='line_1_97' title="bbox 2030 3717 3632 3791; baseline -0.004 -14"><span class='ocrx_word' id='word_1_746' title='bbox 2030 3722 2173 3777; x_wconf 89' lang='lat' dir='ltr'><strong>sicut</strong></span> <span class='ocrx_word' id='word_1_747' title='bbox 2211 3729 2417 3778; x_wconf 89' lang='lat' dir='ltr'><strong>norunt</strong></span> <span class='ocrx_word' id='word_1_748' title='bbox 2461 3721 2740 3791; x_wconf 88' lang='lat' dir='ltr'><strong>disputare</strong></span> <span class='ocrx_word' id='word_1_749' title='bbox 2793 3722 2859 3776; x_wconf 92' lang='lat' dir='ltr'><strong>de</strong></span> <span class='ocrx_word' id='word_1_750' title='bbox 2913 3720 3094 3788; x_wconf 84' lang='lat' dir='ltr'><strong>specie</strong></span> <span class='ocrx_word' id='word_1_751' title='bbox 3139 3717 3491 3782; x_wconf 86' lang='lat' dir='ltr'><strong>leminarum,</strong></span> <span class='ocrx_word' id='word_1_752' title='bbox 3550 3717 3632 3770; x_wconf 88' lang='lat' dir='ltr'><strong>sic</strong></span> 
     </span>
    </p>
   </div>
   <div class='ocr_carea' id='block_1_98' title="bbox 2028 3809 3628 3885">
    <p class='ocr_par' dir='ltr' id='par_1_98' title="bbox 2028 3809 3628 3885">
     <span class='ocr_line' id='line_1_98' title="bbox 2028 3809 3628 3885; baseline -0.004 -17"><span class='ocrx_word' id='word_1_753' title='bbox 2028 3814 2242 3869; x_wconf 93' lang='lat' dir='ltr'><strong>utinam</strong></span> <span class='ocrx_word' id='word_1_754' title='bbox 2291 3815 2598 3885; x_wconf 88' lang='lat' dir='ltr'><strong>potuissent</strong></span> <span class='ocrx_word' id='word_1_755' title='bbox 2630 3815 2682 3868; x_wconf 93' lang='lat' dir='ltr'><strong>in</strong></span> <span class='ocrx_word' id='word_1_756' title='bbox 2735 3813 2985 3884; x_wconf 88' lang='lat' dir='ltr'><strong>eligendo</strong></span> <span class='ocrx_word' id='word_1_757' title='bbox 3029 3811 3285 3882; x_wconf 81' lang='lat' dir='ltr'><strong>pontiﬁce</strong></span> <span class='ocrx_word' id='word_1_758' title='bbox 3336 3809 3628 3879; x_wconf 83' lang='lat' dir='ltr'><strong>perspicax</strong></span> 
     </span>
    </p>
   </div>
   <div class='ocr_carea' id='block_1_99' title="bbox 2029 3897 3626 3974">
    <p class='ocr_par' dir='ltr' id='par_1_99' title="bbox 2029 3897 3626 3974">
     <span class='ocr_line' id='line_1_99' title="bbox 2029 3897 3626 3974; baseline -0.004 -13"><span class='ocrx_word' id='word_1_759' title='bbox 2029 3905 2234 3961; x_wconf 90' lang='lat' dir='ltr'><strong>habere</strong></span> <span class='ocrx_word' id='word_1_760' title='bbox 2254 3903 2540 3974; x_wconf 89' lang='lat' dir='ltr'><strong>judicium.</strong></span> <span class='ocrx_word' id='word_1_761' title='bbox 2586 3897 2727 3960; x_wconf 81' lang='lat' dir='ltr'><strong>Ecce</strong></span> <span class='ocrx_word' id='word_1_762' title='bbox 2779 3905 2975 3958; x_wconf 89' lang='lat' dir='ltr'><strong>iterum</strong></span> <span class='ocrx_word' id='word_1_763' title='bbox 3027 3904 3136 3958; x_wconf 91' lang='lat' dir='ltr'><strong>duo</strong></span> <span class='ocrx_word' id='word_1_764' title='bbox 3184 3915 3344 3956; x_wconf 89' lang='lat' dir='ltr'><strong>senes</strong></span> <span class='ocrx_word' id='word_1_765' title='bbox 3397 3901 3496 3966; x_wconf 90' lang='lat' dir='ltr'><strong>illi,</strong></span> <span class='ocrx_word' id='word_1_766' title='bbox 3555 3901 3626 3954; x_wconf 92' lang='lat' dir='ltr'><strong>dc</strong></span> 
     </span>
    </p>
   </div>
   <div class='ocr_carea' id='block_1_100' title="bbox 2029 3994 3634 4066">
    <p class='ocr_par' dir='ltr' id='par_1_100' title="bbox 2029 3994 3634 4066">
     <span class='ocr_line' id='line_1_100' title="bbox 2029 3994 3634 4066; baseline -0.002 -19"><span class='ocrx_word' id='word_1_767' title='bbox 2029 3997 2226 4066; x_wconf 86' lang='lat' dir='ltr'><strong>quibus</strong></span> <span class='ocrx_word' id='word_1_768' title='bbox 2254 3997 2468 4053; x_wconf 90' lang='lat' dir='ltr'><strong>locutus</strong></span> <span class='ocrx_word' id='word_1_769' title='bbox 2517 4005 2604 4052; x_wconf 89' lang='lat' dir='ltr'><strong>cst</strong></span> <span class='ocrx_word' id='word_1_770' title='bbox 2659 3997 2922 4052; x_wconf 90' lang='lat' dir='ltr'><strong>Dominus</strong></span> <span class='ocrx_word' id='word_1_771' title='bbox 2967 4015 2979 4049; x_wconf 92' lang='lat'><strong>:</strong></span> <span class='ocrx_word' id='word_1_772' title='bbox 3025 4014 3044 4046; x_wconf 73' lang='grc' dir='ltr'><strong>ι</strong></span> <span class='ocrx_word' id='word_1_773' title='bbox 3080 3994 3216 4062; x_wconf 80' lang='lat' dir='ltr'><strong>Quia</strong></span> <span class='ocrx_word' id='word_1_774' title='bbox 3269 4007 3488 4066; x_wconf 88' lang='lat' dir='ltr'><strong>egressa</strong></span> <span class='ocrx_word' id='word_1_775' title='bbox 3547 4001 3634 4047; x_wconf 88' lang='lat' dir='ltr'><strong>est</strong></span> 
     </span>
    </p>
   </div>
   <div class='ocr_carea' id='block_1_101' title="bbox 2029 4084 3629 4158">
    <p class='ocr_par' dir='ltr' id='par_1_101' title="bbox 2029 4084 3629 4158">
     <span class='ocr_line' id='line_1_101' title="bbox 2029 4084 3629 4158; baseline -0.001 -20"><span class='ocrx_word' id='word_1_776' title='bbox 2029 4085 2290 4156; x_wconf 87' lang='lat' dir='ltr'><strong>iniquitas</strong></span> <span class='ocrx_word' id='word_1_777' title='bbox 2311 4086 2377 4142; x_wconf 89' lang='lat' dir='ltr'><strong>de</strong></span> <span class='ocrx_word' id='word_1_778' title='bbox 2407 4086 2683 4158; x_wconf 86' lang='lat' dir='ltr'><strong>Babylone</strong></span> <span class='ocrx_word' id='word_1_779' title='bbox 2704 4102 2732 4141; x_wconf 87' lang='lat' dir='ltr'><strong>a</strong></span> <span class='ocrx_word' id='word_1_780' title='bbox 2761 4086 2986 4143; x_wconf 89' lang='lat' dir='ltr'><strong>senibus</strong></span> <span class='ocrx_word' id='word_1_781' title='bbox 3008 4085 3302 4157; x_wconf 76' lang='lat' dir='ltr'><strong>iudicibus,</strong></span> <span class='ocrx_word' id='word_1_782' title='bbox 3333 4085 3423 4154; x_wconf 93' lang='lat' dir='ltr'><strong>qui</strong></span> <span class='ocrx_word' id='word_1_783' title='bbox 3473 4084 3629 4138; x_wconf 91' lang='lat' dir='ltr'><strong>vidc-</strong></span> 
     </span>
    </p>
   </div>
   <div class='ocr_carea' id='block_1_102' title="bbox 2027 4172 3630 4248">
    <p class='ocr_par' dir='ltr' id='par_1_102' title="bbox 2027 4172 3630 4248">
     <span class='ocr_line' id='line_1_102' title="bbox 2027 4172 3630 4248; baseline -0.003 -20"><span class='ocrx_word' id='word_1_784' title='bbox 2027 4175 2229 4230; x_wconf 90' lang='lat' dir='ltr'><strong>bautur</strong></span> <span class='ocrx_word' id='word_1_785' title='bbox 2252 4191 2439 4248; x_wconf 78' lang='lat' dir='ltr'><strong>regere</strong></span> <span class='ocrx_word' id='word_1_786' title='bbox 2466 4175 2724 4248; x_wconf 89' lang='lat' dir='ltr'><strong>populum</strong></span> <span class='ocrx_word' id='word_1_787' title='bbox 2753 4172 2916 4246; x_wconf 85' lang='lat' dir='ltr'><strong>(Dan.</strong></span> <span class='ocrx_word' id='word_1_788' title='bbox 2970 4179 3119 4245; x_wconf 75' lang='lat' dir='ltr'><strong>xxv).</strong></span> <span class='ocrx_word' id='word_1_789' title='bbox 3162 4195 3179 4226; x_wconf 79' lang='grc' dir='ltr'><strong>ι</strong></span> <span class='ocrx_word' id='word_1_790' title='bbox 3235 4175 3374 4230; x_wconf 88' lang='lat' dir='ltr'><strong>Ecce</strong></span> <span class='ocrx_word' id='word_1_791' title='bbox 3431 4175 3630 4229; x_wconf 90' lang='lat' dir='ltr'><strong>iterum</strong></span> 
     </span>
    </p>
   </div>
   <div class='ocr_carea' id='block_1_103' title="bbox 2028 4263 3634 4338">
    <p class='ocr_par' dir='ltr' id='par_1_103' title="bbox 2028 4263 3634 4338">
     <span class='ocr_line' id='line_1_103' title="bbox 2028 4263 3634 4338; baseline -0.001 -20"><span class='ocrx_word' id='word_1_792' title='bbox 2028 4263 2276 4319; x_wconf 88' lang='lat' dir='ltr'><strong>Susanna</strong></span> <span class='ocrx_word' id='word_1_793' title='bbox 2308 4265 2361 4320; x_wconf 93' lang='lat' dir='ltr'><strong>in</strong></span> <span class='ocrx_word' id='word_1_794' title='bbox 2388 4265 2656 4337; x_wconf 85' lang='lat' dir='ltr'><strong>judicium</strong></span> <span class='ocrx_word' id='word_1_795' title='bbox 2687 4277 2942 4322; x_wconf 87' lang='lat' dir='ltr'><strong>accusata</strong></span> <span class='ocrx_word' id='word_1_796' title='bbox 2973 4266 3298 4338; x_wconf 81' lang='lat' dir='ltr'><strong>producitur</strong></span> <span class='ocrx_word' id='word_1_797' title='bbox 3325 4283 3338 4318; x_wconf 88' lang='lat'><strong>:</strong></span> <span class='ocrx_word' id='word_1_798' title='bbox 3373 4279 3505 4320; x_wconf 91' lang='lat' dir='ltr'><strong>ecce</strong></span> <span class='ocrx_word' id='word_1_799' title='bbox 3535 4263 3634 4319; x_wconf 84' lang='lat' dir='ltr'><strong>fal-</strong></span> 
     </span>
    </p>
   </div>
   <div class='ocr_carea' id='block_1_104' title="bbox 2026 4357 3633 4428">
    <p class='ocr_par' dir='ltr' id='par_1_104' title="bbox 2026 4357 3633 4428">
     <span class='ocr_line' id='line_1_104' title="bbox 2026 4357 3633 4428; baseline -0.001 -18"><span class='ocrx_word' id='word_1_800' title='bbox 2026 4370 2148 4410; x_wconf 85' lang='lat' dir='ltr'><strong>sum</strong></span> <span class='ocrx_word' id='word_1_801' title='bbox 2173 4357 2450 4413; x_wconf 91' lang='lat' dir='ltr'><strong>innocenti</strong></span> <span class='ocrx_word' id='word_1_802' title='bbox 2474 4357 2684 4413; x_wconf 89' lang='lat' dir='ltr'><strong>crimen</strong></span> <span class='ocrx_word' id='word_1_803' title='bbox 2717 4358 3036 4425; x_wconf 86' lang='lat' dir='ltr'><strong>intenditur,</strong></span> <span class='ocrx_word' id='word_1_804' title='bbox 3061 4368 3115 4413; x_wconf 90' lang='lat' dir='ltr'><strong>et</strong></span> <span class='ocrx_word' id='word_1_805' title='bbox 3139 4357 3633 4428; x_wconf 85' lang='lat' dir='ltr'><strong>sanguisinnoxius</strong></span> 
     </span>
    </p>
   </div>
   <div class='ocr_carea' id='block_1_105' title="bbox 2024 4446 3632 4519">
    <p class='ocr_par' dir='ltr' id='par_1_105' title="bbox 2024 4446 3632 4519">
     <span class='ocr_line' id='line_1_105' title="bbox 2024 4446 3632 4519; baseline 0.002 -17"><span class='ocrx_word' id='word_1_806' title='bbox 2024 4447 2445 4503; x_wconf 78' lang='lat' dir='ltr'><strong>condemnatur.</strong></span> <span class='ocrx_word' id='word_1_807' title='bbox 2507 4447 2614 4503; x_wconf 90' lang='lat' dir='ltr'><strong>Sed</strong></span> <span class='ocrx_word' id='word_1_808' title='bbox 2674 4449 2918 4519; x_wconf 88' lang='lat' dir='ltr'><strong>nunquid</strong></span> <span class='ocrx_word' id='word_1_809' title='bbox 2979 4448 3156 4504; x_wconf 88' lang='lat' dir='ltr'><strong>deerit</strong></span> <span class='ocrx_word' id='word_1_810' title='bbox 3195 4448 3361 4503; x_wconf 90' lang='lat' dir='ltr'><strong>etiam</strong></span> <span class='ocrx_word' id='word_1_811' title='bbox 3419 4446 3632 4505; x_wconf 90' lang='lat' dir='ltr'><strong>Daniel.</strong></span> 
     </span>
    </p>
   </div>
   <div class='ocr_carea' id='block_1_106' title="bbox 2026 4538 3633 4611">
    <p class='ocr_par' dir='ltr' id='par_1_106' title="bbox 2026 4538 3633 4611">
     <span class='ocr_line' id='line_1_106' title="bbox 2026 4538 3633 4611; baseline -0.001 -17"><span class='ocrx_word' id='word_1_812' title='bbox 2026 4538 2182 4608; x_wconf 80' lang='lat' dir='ltr'><strong>cujus</strong></span> <span class='ocrx_word' id='word_1_813' title='bbox 2247 4549 2471 4611; x_wconf 89' lang='lat' dir='ltr'><strong>repente</strong></span> <span class='ocrx_word' id='word_1_814' title='bbox 2546 4541 2776 4610; x_wconf 86' lang='lat' dir='ltr'><strong>spiritus</strong></span> <span class='ocrx_word' id='word_1_815' title='bbox 2841 4541 3184 4601; x_wconf 90' lang='lat' dir='ltr'><strong>suscitetur,</strong></span> <span class='ocrx_word' id='word_1_816' title='bbox 3257 4538 3633 4607; x_wconf 88' lang='lat' dir='ltr'><strong>falsorumque</strong></span> 
     </span>
    </p>
   </div>
   <div class='ocr_carea' id='block_1_107' title="bbox 2027 4630 3638 4701">
    <p class='ocr_par' dir='ltr' id='par_1_107' title="bbox 2027 4630 3638 4701">
     <span class='ocr_line' id='line_1_107' title="bbox 2027 4630 3638 4701; baseline -0.002 -14"><span class='ocrx_word' id='word_1_817' title='bbox 2027 4631 2248 4687; x_wconf 88' lang='lat' dir='ltr'><strong>testium</strong></span> <span class='ocrx_word' id='word_1_818' title='bbox 2288 4632 2560 4701; x_wconf 86' lang='lat' dir='ltr'><strong>nequitias</strong></span> <span class='ocrx_word' id='word_1_819' title='bbox 2629 4630 2967 4688; x_wconf 78' lang='lat' dir='ltr'><strong>ulciscatur?</strong></span> <span class='ocrx_word' id='word_1_820' title='bbox 3022 4631 3214 4687; x_wconf 83' lang='lat' dir='ltr'><strong>Aderit</strong></span> <span class='ocrx_word' id='word_1_821' title='bbox 3263 4631 3490 4700; x_wconf 89' lang='lat' dir='ltr'><strong>utique,</strong></span> <span class='ocrx_word' id='word_1_822' title='bbox 3539 4631 3638 4683; x_wconf 82' lang='lat' dir='ltr'><strong>ad-</strong></span> 
     </span>
    </p>
   </div>
   <div class='ocr_carea' id='block_1_108' title="bbox 2026 4719 3635 4790">
    <p class='ocr_par' dir='ltr' id='par_1_108' title="bbox 2026 4719 3635 4790">
     <span class='ocr_line' id='line_1_108' title="bbox 2026 4719 3635 4790; baseline -0.004 -14"><span class='ocrx_word' id='word_1_823' title='bbox 2026 4719 2134 4776; x_wconf 88' lang='lat' dir='ltr'><strong>erit</strong></span> <span class='ocrx_word' id='word_1_824' title='bbox 2157 4734 2321 4776; x_wconf 90' lang='lat' dir='ltr'><strong>verus</strong></span> <span class='ocrx_word' id='word_1_825' title='bbox 2351 4720 2439 4776; x_wconf 92' lang='lat' dir='ltr'><strong>ille</strong></span> <span class='ocrx_word' id='word_1_826' title='bbox 2497 4722 2581 4774; x_wconf 86' lang='lat' dir='ltr'><strong>vir</strong></span> <span class='ocrx_word' id='word_1_827' title='bbox 2624 4721 3052 4785; x_wconf 88' lang='lat' dir='ltr'><strong>desideriormn,</strong></span> <span class='ocrx_word' id='word_1_828' title='bbox 3081 4721 3150 4775; x_wconf 91' lang='lat' dir='ltr'><strong>de</strong></span> <span class='ocrx_word' id='word_1_829' title='bbox 3179 4735 3289 4790; x_wconf 89' lang='lat' dir='ltr'><strong>quo</strong></span> <span class='ocrx_word' id='word_1_830' title='bbox 3323 4719 3454 4773; x_wconf 90' lang='lat' dir='ltr'><strong>dicit</strong></span> <span class='ocrx_word' id='word_1_831' title='bbox 3509 4732 3635 4786; x_wconf 76' lang='lat' dir='ltr'><strong>pro-</strong></span> 
     </span>
    </p>
   </div>
   <div class='ocr_carea' id='block_1_109' title="bbox 2023 4809 3632 4882">
    <p class='ocr_par' dir='ltr' id='par_1_109' title="bbox 2023 4809 3632 4882">
     <span class='ocr_line' id='line_1_109' title="bbox 2023 4809 3632 4882; baseline -0.003 -16"><span class='ocrx_word' id='word_1_832' title='bbox 2023 4812 2189 4882; x_wconf 89' lang='lat' dir='ltr'><strong>pheta</strong></span> <span class='ocrx_word' id='word_1_833' title='bbox 2243 4829 2256 4866; x_wconf 88' lang='lat'><strong>:</strong></span> <span class='ocrx_word' id='word_1_834' title='bbox 2304 4831 2324 4864; x_wconf 73' lang='grc' dir='ltr'><strong>ι</strong></span> <span class='ocrx_word' id='word_1_835' title='bbox 2371 4813 2512 4868; x_wconf 88' lang='lat' dir='ltr'><strong>Ecce</strong></span> <span class='ocrx_word' id='word_1_836' title='bbox 2554 4815 2737 4868; x_wconf 87' lang='lat' dir='ltr'><strong>veniet</strong></span> <span class='ocrx_word' id='word_1_837' title='bbox 2797 4814 3142 4869; x_wconf 80' lang='lat' dir='ltr'><strong>desideratus</strong></span> <span class='ocrx_word' id='word_1_838' title='bbox 3195 4821 3408 4867; x_wconf 78' lang='lat' dir='ltr'><strong>cunctis</strong></span> <span class='ocrx_word' id='word_1_839' title='bbox 3454 4809 3632 4881; x_wconf 83' lang='lat' dir='ltr'><strong>genti—</strong></span> 
     </span>
    </p>
   </div>
   <div class='ocr_carea' id='block_1_110' title="bbox 2021 4901 3634 4974">
    <p class='ocr_par' dir='ltr' id='par_1_110' title="bbox 2021 4901 3634 4974">
     <span class='ocr_line' id='line_1_110' title="bbox 2021 4901 3634 4974; baseline -0.002 -16"><span class='ocrx_word' id='word_1_840' title='bbox 2021 4902 2125 4959; x_wconf 90' lang='lat' dir='ltr'><strong>bus</strong></span> <span class='ocrx_word' id='word_1_841' title='bbox 2181 4903 2384 4974; x_wconf 66' lang='lat' dir='ltr'><strong>(Aggazi</strong></span> <span class='ocrx_word' id='word_1_842' title='bbox 2433 4905 2518 4972; x_wconf 89' lang='grc' dir='ltr'>ιι).</span> <span class='ocrx_word' id='word_1_843' title='bbox 2569 4923 2586 4954; x_wconf 71' lang='grc' dir='ltr'><strong>ι</strong></span> <span class='ocrx_word' id='word_1_844' title='bbox 2629 4905 2850 4968; x_wconf 76' lang='lat' dir='ltr'><strong>Aderit,</strong></span> <span class='ocrx_word' id='word_1_845' title='bbox 2890 4905 3150 4974; x_wconf 86' lang='lat' dir='ltr'><strong>inquam,</strong></span> <span class='ocrx_word' id='word_1_846' title='bbox 3206 4904 3483 4974; x_wconf 84' lang='lat' dir='ltr'><strong>potentior</strong></span> <span class='ocrx_word' id='word_1_847' title='bbox 3541 4901 3634 4956; x_wconf 90' lang='lat' dir='ltr'><strong>ille</strong></span> 
     </span>
    </p>
   </div>
   <div class='ocr_carea' id='block_1_111' title="bbox 2021 4996 3633 5069">
    <p class='ocr_par' dir='ltr' id='par_1_111' title="bbox 2021 4996 3633 5069">
     <span class='ocr_line' id='line_1_111' title="bbox 2021 4996 3633 5069; baseline -0.001 -18"><span class='ocrx_word' id='word_1_848' title='bbox 2021 4996 2133 5069; x_wconf 73' lang='grc' dir='ltr'>ω</span> <span class='ocrx_word' id='word_1_849' title='bbox 2162 4996 2382 5061; x_wconf 90' lang='lat' dir='ltr'><strong>Daniel,</strong></span> <span class='ocrx_word' id='word_1_850' title='bbox 2410 4997 2500 5067; x_wconf 88' lang='lat' dir='ltr'><strong>qui</strong></span> <span class='ocrx_word' id='word_1_851' title='bbox 2535 5008 2588 5053; x_wconf 91' lang='lat' dir='ltr'><strong>ct</strong></span> <span class='ocrx_word' id='word_1_852' title='bbox 2618 4997 2814 5067; x_wconf 91' lang='lat' dir='ltr'><strong>impios</strong></span> <span class='ocrx_word' id='word_1_853' title='bbox 2844 5013 3003 5053; x_wconf 90' lang='lat' dir='ltr'><strong>senes</strong></span> <span class='ocrx_word' id='word_1_854' title='bbox 3034 5011 3323 5068; x_wconf 87' lang='lat' dir='ltr'><strong>perperam</strong></span> <span class='ocrx_word' id='word_1_855' title='bbox 3354 4996 3633 5064; x_wconf 80' lang='lat' dir='ltr'><strong>judicassc</strong></span> 
     </span>
    </p>
   </div>
   <div class='ocr_carea' id='block_1_112' title="bbox 2027 5088 3634 5158">
    <p class='ocr_par' dir='ltr' id='par_1_112' title="bbox 2027 5088 3634 5158">
     <span class='ocr_line' id='line_1_112' title="bbox 2027 5088 3634 5158; baseline -0.002 -14"><span class='ocrx_word' id='word_1_856' title='bbox 2027 5089 2340 5153; x_wconf 76' lang='lat' dir='ltr'><strong>convincat,</strong></span> <span class='ocrx_word' id='word_1_857' title='bbox 2371 5098 2427 5144; x_wconf 89' lang='lat' dir='ltr'><strong>et</strong></span> <span class='ocrx_word' id='word_1_858' title='bbox 2458 5088 2763 5144; x_wconf 81' lang='lat' dir='ltr'><strong>Susannam</strong></span> <span class='ocrx_word' id='word_1_859' title='bbox 2798 5098 3041 5143; x_wconf 87' lang='lat' dir='ltr'><strong>nostram</strong></span> <span class='ocrx_word' id='word_1_860' title='bbox 3070 5089 3141 5144; x_wconf 90' lang='lat' dir='ltr'><strong>ab</strong></span> <span class='ocrx_word' id='word_1_861' title='bbox 3168 5088 3385 5158; x_wconf 53' lang='lat' dir='ltr'><strong>injustas</strong></span> <span class='ocrx_word' id='word_1_862' title='bbox 3409 5097 3634 5142; x_wconf 89' lang='lat' dir='ltr'><strong>senten-</strong></span> 
     </span>
    </p>
   </div>
   <div class='ocr_carea' id='block_1_113' title="bbox 2028 5179 3637 5253">
    <p class='ocr_par' dir='ltr' id='par_1_113' title="bbox 2028 5179 3637 5253">
     <span class='ocr_line' id='line_1_113' title="bbox 2028 5179 3637 5253; baseline -0.002 -17"><span class='ocrx_word' id='word_1_863' title='bbox 2028 5183 2099 5237; x_wconf 89' lang='lat' dir='ltr'><strong>tia</strong></span> <span class='ocrx_word' id='word_1_864' title='bbox 2146 5183 2514 5238; x_wconf 90' lang='lat' dir='ltr'><strong>damnationis</strong></span> <span class='ocrx_word' id='word_1_865' title='bbox 2565 5184 2833 5239; x_wconf 87' lang='lat' dir='ltr'><strong>absolvat.</strong></span> <span class='ocrx_word' id='word_1_866' title='bbox 2873 5183 2948 5238; x_wconf 88' lang='lat' dir='ltr'><strong>De</strong></span> <span class='ocrx_word' id='word_1_867' title='bbox 2989 5183 3147 5253; x_wconf 90' lang='lat' dir='ltr'><strong>cujus</strong></span> <span class='ocrx_word' id='word_1_868' title='bbox 3178 5181 3468 5251; x_wconf 90' lang='lat' dir='ltr'><strong>repentino</strong></span> <span class='ocrx_word' id='word_1_869' title='bbox 3497 5179 3637 5249; x_wconf 78' lang='lat' dir='ltr'><strong>judi-</strong></span> 
     </span>
    </p>
   </div>
   <div class='ocr_carea' id='block_1_114' title="bbox 2026 5273 3634 5346">
    <p class='ocr_par' dir='ltr' id='par_1_114' title="bbox 2026 5273 3634 5346">
     <span class='ocr_line' id='line_1_114' title="bbox 2026 5273 3634 5346; baseline -0.001 -18"><span class='ocrx_word' id='word_1_870' title='bbox 2026 5274 2111 5329; x_wconf 89' lang='lat' dir='ltr'><strong>cio</strong></span> <span class='ocrx_word' id='word_1_871' title='bbox 2140 5273 2278 5328; x_wconf 92' lang='lat' dir='ltr'><strong>alius</strong></span> <span class='ocrx_word' id='word_1_872' title='bbox 2309 5274 2572 5346; x_wconf 90' lang='lat' dir='ltr'><strong>pr0pbeta</strong></span> <span class='ocrx_word' id='word_1_873' title='bbox 2593 5275 2760 5330; x_wconf 88' lang='lat' dir='ltr'><strong>dicit:</strong></span> <span class='ocrx_word' id='word_1_874' title='bbox 2793 5293 2811 5325; x_wconf 75' lang='grc' dir='ltr'><strong>ι</strong></span> <span class='ocrx_word' id='word_1_875' title='bbox 2846 5274 2986 5331; x_wconf 85' lang='lat' dir='ltr'><strong>Ecce</strong></span> <span class='ocrx_word' id='word_1_876' title='bbox 3017 5276 3180 5330; x_wconf 91' lang='lat' dir='ltr'><strong>turbo</strong></span> <span class='ocrx_word' id='word_1_877' title='bbox 3211 5274 3516 5330; x_wconf 71' lang='lat' dir='ltr'><strong>Dominicze</strong></span> <span class='ocrx_word' id='word_1_878' title='bbox 3546 5273 3634 5328; x_wconf 80' lang='lat' dir='ltr'><strong>in-</strong></span> 
     </span>
    </p>
   </div>
   <div class='ocr_carea' id='block_1_115' title="bbox 2025 5365 3635 5438">
    <p class='ocr_par' dir='ltr' id='par_1_115' title="bbox 2025 5365 3635 5438">
     <span class='ocr_line' id='line_1_115' title="bbox 2025 5365 3635 5438; baseline -0.001 -20"><span class='ocrx_word' id='word_1_879' title='bbox 2025 5365 2356 5438; x_wconf 84' lang='lat' dir='ltr'><strong>dignationis</strong></span> <span class='ocrx_word' id='word_1_880' title='bbox 2377 5367 2708 5437; x_wconf 86' lang='lat' dir='ltr'><strong>egredietur,</strong></span> <span class='ocrx_word' id='word_1_881' title='bbox 2733 5377 2788 5424; x_wconf 89' lang='lat' dir='ltr'><strong>et</strong></span> <span class='ocrx_word' id='word_1_882' title='bbox 2816 5376 3114 5438; x_wconf 90' lang='lat' dir='ltr'><strong>tempestas</strong></span> <span class='ocrx_word' id='word_1_883' title='bbox 3144 5381 3442 5436; x_wconf 92' lang='lat' dir='ltr'><strong>erumpens</strong></span> <span class='ocrx_word' id='word_1_884' title='bbox 3467 5377 3635 5436; x_wconf 87' lang='lat' dir='ltr'><strong>super</strong></span> 
     </span>
    </p>
   </div>
   <div class='ocr_carea' id='block_1_116' title="bbox 2026 5455 3627 5529">
    <p class='ocr_par' dir='ltr' id='par_1_116' title="bbox 2026 5455 3627 5529">
     <span class='ocr_line' id='line_1_116' title="bbox 2026 5455 3627 5529; baseline -0.003 -16"><span class='ocrx_word' id='word_1_885' title='bbox 2026 5468 2190 5528; x_wconf 88' lang='lat' dir='ltr'><strong>caput</strong></span> <span class='ocrx_word' id='word_1_886' title='bbox 2211 5459 2500 5529; x_wconf 90' lang='lat' dir='ltr'><strong>impiorum</strong></span> <span class='ocrx_word' id='word_1_887' title='bbox 2524 5461 2706 5516; x_wconf 87' lang='lat' dir='ltr'><strong>veniet</strong></span> <span class='ocrx_word' id='word_1_888' title='bbox 2738 5479 2751 5514; x_wconf 89' lang='lat'><strong>:</strong></span> <span class='ocrx_word' id='word_1_889' title='bbox 2785 5475 2892 5516; x_wconf 88' lang='lat' dir='ltr'><strong>non</strong></span> <span class='ocrx_word' id='word_1_890' title='bbox 2927 5469 3232 5516; x_wconf 82' lang='lat' dir='ltr'><strong>revertetur</strong></span> <span class='ocrx_word' id='word_1_891' title='bbox 3259 5459 3412 5514; x_wconf 91' lang='lat' dir='ltr'><strong>furor</strong></span> <span class='ocrx_word' id='word_1_892' title='bbox 3444 5455 3627 5514; x_wconf 84' lang='lat' dir='ltr'><strong>Domi-</strong></span> 
     </span>
    </p>
   </div>
   <div class='ocr_carea' id='block_1_117' title="bbox 2028 5547 3628 5621">
    <p class='ocr_par' dir='ltr' id='par_1_117' title="bbox 2028 5547 3628 5621">
     <span class='ocr_line' id='line_1_117' title="bbox 2028 5547 3628 5621; baseline -0.001 -19"><span class='ocrx_word' id='word_1_893' title='bbox 2028 5549 2081 5602; x_wconf 93' lang='lat' dir='ltr'><strong>ni</strong></span> <span class='ocrx_word' id='word_1_894' title='bbox 2113 5563 2282 5618; x_wconf 87' lang='lat' dir='ltr'><strong>usque</strong></span> <span class='ocrx_word' id='word_1_895' title='bbox 2310 5548 2438 5603; x_wconf 90' lang='lat' dir='ltr'><strong>dum</strong></span> <span class='ocrx_word' id='word_1_896' title='bbox 2468 5549 2650 5613; x_wconf 83' lang='lat' dir='ltr'><strong>faciat,</strong></span> <span class='ocrx_word' id='word_1_897' title='bbox 2681 5559 2736 5605; x_wconf 89' lang='lat' dir='ltr'><strong>et</strong></span> <span class='ocrx_word' id='word_1_898' title='bbox 2763 5565 2936 5621; x_wconf 90' lang='lat' dir='ltr'><strong>usque</strong></span> <span class='ocrx_word' id='word_1_899' title='bbox 2964 5551 3091 5605; x_wconf 93' lang='lat' dir='ltr'><strong>dum</strong></span> <span class='ocrx_word' id='word_1_900' title='bbox 3123 5549 3397 5619; x_wconf 90' lang='lat' dir='ltr'><strong>compleat</strong></span> <span class='ocrx_word' id='word_1_901' title='bbox 3417 5547 3628 5616; x_wconf 86' lang='lat' dir='ltr'><strong>cogita-</strong></span> 
     </span>
    </p>
   </div>
   <div class='ocr_carea' id='block_1_118' title="bbox 2031 5636 3623 5709">
    <p class='ocr_par' dir='ltr' id='par_1_118' title="bbox 2031 5636 3623 5709">
     <span class='ocr_line' id='line_1_118' title="bbox 2031 5636 3623 5709; baseline -0.002 -18"><span class='ocrx_word' id='word_1_902' title='bbox 2031 5641 2230 5694; x_wconf 82' lang='lat' dir='ltr'><strong>tionem</strong></span> <span class='ocrx_word' id='word_1_903' title='bbox 2278 5640 2458 5694; x_wconf 89' lang='lat' dir='ltr'><strong>cordis</strong></span> <span class='ocrx_word' id='word_1_904' title='bbox 2511 5641 2593 5693; x_wconf 92' lang='lat' dir='ltr'><strong>sui</strong></span> <span class='ocrx_word' id='word_1_905' title='bbox 2621 5639 2756 5708; x_wconf 82' lang='lat' dir='ltr'><strong>(Jer.</strong></span> <span class='ocrx_word' id='word_1_906' title='bbox 2785 5640 2964 5709; x_wconf 84' lang='lat' dir='ltr'><strong>xxtn).</strong></span> <span class='ocrx_word' id='word_1_907' title='bbox 3003 5661 3020 5692; x_wconf 79' lang='grc' dir='ltr'><strong>ι</strong></span> <span class='ocrx_word' id='word_1_908' title='bbox 3071 5638 3232 5694; x_wconf 89' lang='lat' dir='ltr'><strong>Salva</strong></span> <span class='ocrx_word' id='word_1_909' title='bbox 3270 5639 3426 5707; x_wconf 88' lang='lat' dir='ltr'><strong>plane</strong></span> <span class='ocrx_word' id='word_1_910' title='bbox 3458 5636 3623 5706; x_wconf 85' lang='lat' dir='ltr'><strong>digna</strong></span> 
     </span>
    </p>
   </div>
   <div class='ocr_carea' id='block_1_119' title="bbox 2029 5724 3622 5798">
    <p class='ocr_par' dir='ltr' id='par_1_119' title="bbox 2029 5724 3622 5798">
     <span class='ocr_line' id='line_1_119' title="bbox 2029 5724 3622 5798; baseline -0.004 -14"><span class='ocrx_word' id='word_1_911' title='bbox 2029 5731 2332 5784; x_wconf 81' lang='lat' dir='ltr'><strong>reverentia</strong></span> <span class='ocrx_word' id='word_1_912' title='bbox 2380 5729 2594 5798; x_wconf 82' lang='lat' dir='ltr'><strong>regibus</strong></span> <span class='ocrx_word' id='word_1_913' title='bbox 2649 5730 2853 5785; x_wconf 84' lang='lat' dir='ltr'><strong>nostris</strong></span> <span class='ocrx_word' id='word_1_914' title='bbox 2907 5729 3143 5798; x_wconf 77' lang='lat' dir='ltr'><strong>(consule</strong></span> <span class='ocrx_word' id='word_1_915' title='bbox 3179 5726 3388 5793; x_wconf 57' lang='lat' dir='ltr'><strong>schol),</strong></span> <span class='ocrx_word' id='word_1_916' title='bbox 3422 5724 3622 5793; x_wconf 88' lang='lat' dir='ltr'><strong>quibus</strong></span> 
     </span>
    </p>
   </div>
   <div class='ocr_carea' id='block_1_120' title="bbox 2028 5820 3621 5894">
    <p class='ocr_par' dir='ltr' id='par_1_120' title="bbox 2028 5820 3621 5894">
     <span class='ocr_line' id='line_1_120' title="bbox 2028 5820 3621 5894; baseline -0.006 -16"><span class='ocrx_word' id='word_1_917' title='bbox 2028 5823 2212 5894; x_wconf 81' lang='lat' dir='ltr'><strong>utique</strong></span> <span class='ocrx_word' id='word_1_918' title='bbox 2260 5823 2371 5878; x_wconf 87' lang='lat' dir='ltr'><strong>sive</strong></span> <span class='ocrx_word' id='word_1_919' title='bbox 2422 5839 2520 5893; x_wconf 87' lang='lat' dir='ltr'><strong>pro</strong></span> <span class='ocrx_word' id='word_1_920' title='bbox 2571 5839 2752 5890; x_wconf 74' lang='lat' dir='ltr'><strong>scitus,</strong></span> <span class='ocrx_word' id='word_1_921' title='bbox 2800 5822 2911 5878; x_wconf 85' lang='lat' dir='ltr'><strong>sive</strong></span> <span class='ocrx_word' id='word_1_922' title='bbox 2955 5839 3054 5893; x_wconf 89' lang='lat' dir='ltr'><strong>pro</strong></span> <span class='ocrx_word' id='word_1_923' title='bbox 3091 5822 3271 5877; x_wconf 84' lang='lat' dir='ltr'><strong>:ctatis</strong></span> <span class='ocrx_word' id='word_1_924' title='bbox 3303 5820 3621 5876; x_wconf 81' lang='lat' dir='ltr'><strong>inlirmitato</strong></span> 
     </span>
    </p>
   </div>
  </div>
