4260 6394
803 376 908 438 9.15

1296 378 1354 434 S.
1392 379 1595 435 PETRI
1631 380 1910 436 DAMIANI
1948 382 2097 438 OPP.
2132 382 2309 439 PARS
2352 382 2483 440 SEU
2524 380 2757 437 TOMUS
2797 382 2835 437 Ι.
2874 410 2944 421 —-
2968 382 3181 439 EPIST.
3209 382 3337 439 LIB.
3375 380 3483 438 Vill

3988 6 4243 119 Fc

3930 376 4043 436 ευ

805 494 1010 563 subripi
1055 495 1263 561 potuit:
1294 500 1487 561 praeter
1540 492 1679 557 illos,
1730 494 2035 565 quicunque
2090 502 2143 549 te
2165 496 2231 549 ad
2259 495 2364 550 hoc
2395 500 2441 557 Α
2469 501 2583 548 tate
2608 493 2961 562 plectendus?
2995 494 3186 549 Utrum
3229 493 3336 555 ille,
3364 492 3452 561 qui
3483 490 3623 547 sacri
3653 487 3845 544 altaris
3867 490 4045 543 lucer-

804 584 1060 654 ﬂagitium
1098 583 1450 651 impulerunt,
1490 584 1584 638 filii
1618 584 1869 655 Cayphtc,
1909 588 2255 657 primogeuili
2288 589 2369 642 dio

805 674 957 729 cendi
989 682 1111 728 sunt
1136 674 1368 739 Satanze,
1398 676 1669 743 adjutores
1687 679 2021 740 Antichristi,
2070 680 2367 735 adversarii

809 763 1068 817 veritatis.
1099 764 1281 833 Itaque
1312 765 1441 818 libet
1468 766 1769 821 exclamare
1788 786 1801 821 :
1820 766 1864 823 Ο
1890 768 2114 823 ςωΙιιηιε
2144 783 2176 823 0
2202 771 2365 824 terra!

806 866 925 905 cum
942 852 1133 920 quibus
1157 852 1427 908 scilicetet
1452 856 1629 909 omnia
1650 857 1911 911 turbanda
1937 867 2060 913 sunt
2076 858 2365 914 elementa.

805 939 849 995 0
896 947 1066 1009 traga
1086 940 1153 994 lia
1184 942 1430 997 omnibus
1473 953 1597 997 ante
1644 958 1739 997 nos
1766 945 1972 999 saeculis
2005 945 2276 999 inaudita!
2311 956 2370 1001 ut

809 1034 1017 1087 alienus
1041 1034 1342 1106 episcOpus,
1369 1037 1585 1105 propria
1601 1037 1728 1091 sede
1744 1046 2067 1107 contempta,
2088 1040 2368 1110 ignorante

800 1122 932 1188 Deo,
984 1124 1253 1180 nesciente
1304 1125 1482 1187 Petro,
1528 1127 1801 1182 nesciente
1828 1126 2069 1182 Romana
2106 1129 2365 1194 Ecclesia,

803 1232 969 1286 super
1013 1218 1303 1272 Romanam
1332 1219 1695 1274 constituatur
1738 1220 2072 1275 Ecclesium?
2116 1229 2169 1275 et
2224 1221 2366 1290 quod

801 1325 908 1363 non
959 1308 1061 1363 fert
1093 1309 1328 1364 Ecclesia
1362 1310 1645 1380 cujuslibet
1672 1311 1868 1365 infima:
1902 1312 2200 1381 dignitatis,
2247 1327 2370 1381 per-

802 1401 943 1454 ferat
972 1399 1078 1461 illa,
1110 1413 1228 1468 qntc
1252 1408 1425 1454 mater
1450 1409 1535 1454 est
1553 1410 1609 1454 et
1640 1400 1895 1469 magistra
1923 1400 2084 1454 totius
2106 1399 2369 1455 Christia-

799 1501 883 1539 nze
914 1484 1228 1555 religionis?
1252 1485 1357 1540 Sed
1380 1486 1645 1556 quispiam
1671 1486 1920 1541 fortassis
1958 1488 2200 1557 objiciat.
2226 1488 2368 1543 inor-

800 1574 997 1627 dinatae
1025 1573 1150 1629 huic
1193 1573 1518 1630 ordinationi
1558 1574 1791 1645 aliquem
1836 1574 2147 1631 interfuisse
2173 1576 2369 1631 Roma-

800 1678 950 1717 num.
997 1663 1293 1718 Erubescat
1334 1666 1402 1719 ad
1454 1665 1568 1719 haec
1612 1665 1790 1731 lingua
1817 1665 2227 1733 phrenetica,et
2252 1680 2369 1735 quae

799 1755 976 1807 nescit
1011 1768 1129 1808 esse
1181 1754 1433 1819 facunda,
1483 1756 1654 1811 discat
1705 1771 1825 1811 esse
1859 1756 1939 1811 vel
1975 1766 2120 1812 muta
2152 1776 2165 1811 :
2196 1756 2369 1812 nescit

799 1845 1001 1915 aliquid
1050 1847 1252 1901 utiliter
1306 1848 1518 1913 dicere‘,
1575 1851 1711 1905 sciat
1767 1850 1957 1906 saltem
2014 1852 2127 1907 sine
2170 1851 2368 1903 damno

797 1942 1003 1989 tacere.
1046 1936 1307 1991 Nimirum
1346 1952 1468 1992 cum
1516 1937 1710 1993 electio
1750 1938 1837 1993 illa
1867 1955 1965 2009 per
1989 1940 2366 2008 episcopon

797 2024 1154 2078 cardinalium
1169 2025 1286 2080 fieri
1303 2026 1495 2081 debeat
1516 2028 1811 2097 principale
1822 2029 2108 2098 judicium,
2133 2028 2369 2084 secundo

798 2111 919 2167 loco
937 2111 1059 2179 jure
1100 2114 1339 2181 praebeat
1364 2114 1540 2169 clerus
1585 2130 1885 2181 assensum,
1912 2118 2068 2173 tertio
2096 2118 2369 2188 popularis

798 2199 952 2255 favor
998 2202 1205 2257 attollat
1250 2203 1562 2275 applausum
1591 2222 1603 2259 :
1636 2207 1819 2276 sicque
1868 2209 2238 2277 suspendenda
2285 2218 2363 2264 est

797 2304 983 2355 causa,
1015 2306 1183 2359 usque
1203 2291 1329 2346 dum
1370 2293 1532 2364 regis:
1561 2293 1896 2350 celsitudinis
1930 2296 2245 2352 consulatur
2269 2312 2364 2351 au-

798 2380 1030 2437 ctoritas
1061 2396 1074 2431 :
1106 2379 1228 2445 nisi,
1260 2380 1401 2436 sicut
1432 2396 1601 2450 nuper
1629 2383 1884 2453 contigit,
1915 2385 2210 2453 periculum
2252 2384 2367 2439 for-

802 2467 966 2521 tassis
1011 2467 1318 2531 immineat,
1364 2473 1505 2540 quo.l
1546 2487 1657 2526 rem
1697 2475 2018 2540 quantocius
2065 2474 2370 2529 accelerare

803 2544 1107 2624 compellat.
1125 2557 1293 2612 Porro
1318 2569 1496 2613 autem
1527 2559 1666 2613 sicut
1687 2561 1931 2616 diabolus
1957 2562 2137 2617 divino
2166 2562 2371 2616 nomini

800 2642 1077 2713 pluralem
1121 2660 1400 2701 numerum
1457 2648 1682 2713 indidit,
1733 2658 1795 2704 ut
1833 2650 2035 2706 diceret
2090 2652 2299 2706 mulieri
2350 2667 2363 2703 :

806 2754 826 2786 ι
863 2734 1029 2790 Erilis
1074 2737 1214 2791 sicut
1241 2739 1336 2803 dii,
1387 2740 1620 2795 scientes
1669 2742 1866 2796 bonum
1896 2754 1949 2797 et
1986 2744 2182 2797 malum
2212 2744 2365 2814 (Cen.

804 2826 924 2895 Ill);
963 2846 981 2878 ›
1015 2828 1083 2880 ita
1113 2836 1165 2882 tu
1196 2831 1665 2899 grammaticorum
1707 2832 1904 2903 regulis
1946 2850 2142 2889 novum
2167 2835 2368 2903 aliquid

810 2917 1084 2980 addidisti,
1115 2927 1172 2971 ut
1201 2919 1253 2971 in
1280 2919 1637 2975 declinatione
1672 2921 1785 2990 jam
1826 2923 1979 2990 pueri
2010 2924 2191 2978 dicant
2219 2939 2371 2993 papa:

802 3020 1081 3074 paparum.
1117 3006 1218 3061 Per
1246 3016 1297 3061 te
1321 3008 1501 3077 itaque
1530 3023 1691 3063 senex
1713 3009 1826 3079 jam
1853 3012 2084 3065 mundus
2121 3013 2369 3079 addiscit,

800 3094 945 3162 quod
974 3095 1233 3149 hactenus
1254 3096 1533 3164 ignoravit.
1567 3097 1629 3151 Et
1654 3099 1795 3152 sicut
1817 3098 1970 3166 juxta
2006 3100 2155 3155 Pauli
2183 3118 2369 3156 vocem

805 3183 993 3253 (Hebr.
1046 3184 1145 3253 ix),
1188 3201 1430 3240 summus
1480 3187 1717 3255 pontifex
1766 3189 1821 3242 in
1871 3200 2054 3244 sancta
2078 3206 2175 3260 per
2198 3207 2370 3248 annos

806 3274 1045 3345 singulos
1072 3276 1471 3343 iugredicbatnr
1498 3279 1550 3331 in
1582 3280 1840 3347 sanguine
1866 3282 2043 3337 alieno
2066 3299 2080 3347 ;
2113 3283 2191 3337 sic
2219 3292 2274 3338 et
2314 3294 2369 3338 tu

805 3381 950 3429 nunc
994 3367 1311 3421 miserorum
1357 3369 1654 3434 hominum,
1702 3372 1848 3429 velut
1883 3387 2166 3440 porcorum
2195 3376 2368 3429 succi-

803 3453 952 3508 dium
981 3452 1132 3518 facis,
1166 3464 1220 3509 et
1240 3458 1553 3526 sanguinem
1584 3457 1787 3523 fundis,
1819 3470 1877 3513 ut
1901 3462 1966 3515 ad
1991 3461 2053 3514 Β.
2082 3462 2222 3517 Petri
2249 3479 2371 3517 sau-

807 3550 1072 3601 r-tuarium
1117 3556 1371 3603 cruentus
1418 3550 1965 3621 ingrediaris..Cave,
1994 3553 2180 3617 frater,
2219 3570 2369 3619 cave,

806 3652 875 3691 ne
905 3638 1052 3692 velut
1095 3639 1268 3692 hostis
1320 3640 1565 3711 iusurgas
1616 3652 1724 3696 tam
1756 3644 2157 3714 prmcipitanter
2184 3646 2238 3699 in
2270 3646 2373 3700 Pe-

807 3737 972 3795 trum,
1006 3728 1097 3796 qui
1141 3740 1285 3784 certe
1311 3740 1367 3784 et
1406 3732 1667 3798 Ananiam
1699 3748 1819 3787 cum
1844 3736 2068 3806 conjuge
2115 3738 2263 3790 verbi
2288 3738 2370 3795 sui

804 3818 911 3871 telo
953 3817 1191 3873 confodit
1222 3836 1236 3874 :
1265 3829 1321 3875 et
1347 3805 1620 3876 Simonem
1647 3834 1963 3893 arroganter
1994 3805 2138 3879 astra
2179 3836 2369 3896 peten-

805 3920 933 3968 tem,
963 3908 1015 3961 in
1043 3909 1299 3979 gehennae
1332 3910 1593 3980 profunda
1630 3912 1885 3967 demersit
1912 3913 2047 3983 (Act.
2080 3914 2157 3984 ν).

876 3999 1029 4066 Quod
1086 4001 1215 4054 mihi
1266 4018 1295 4056 a
1340 4003 1642 4057 senioribus
1676 4003 1979 4058 intimatum
2020 4013 2124 4067 est,
2153 4005 2369 4062 refero:

802 4089 863 4141 In
890 4090 1191 4159 Babylonim
1219 4092 1460 4161 partibus
1475 4095 1867 4163 possessionem
1894 4098 2188 4165 aposwlica
2215 4100 2371 4156 sedes

805 4180 1078 4246 habebat,
1112 4183 1253 4237 unde
1301 4192 1507 4237 tantum
1538 4186 1762 4240 balsami
1798 4188 2027 4242 reditum
2065 4204 2164 4258 per
2203 4207 2374 4247 annos

805 4270 1046 4341 singulos
1074 4272 1354 4340 capiebat,
1377 4275 1517 4343 quod
1550 4275 1877 4331 indeficieuti
1901 4277 2086 4333 fomite
2105 4280 2377 4336 sulIiceret

809 4360 1067 4430 lampadi,
1100 4376 1217 4430 qua:
1249 4364 1498 4419 videlicet
1542 4373 1666 4419 ante
1710 4366 1881 4422 altare
1920 4368 2063 4422 beati
2110 4369 2377 4437 apostolo-

811 4464 928 4500 rum
971 4452 1226 4519 principis
1262 4454 1518 4508 rutilabat
1571 4469 1825 4524 appensa.
1881 4456 2049 4522 Quam
2078 4459 2374 4526 posscssio-

810 4551 934 4589 nem
988 4548 1206 4607 accepta
1260 4542 1483 4607 pecunia
1534 4556 1670 4611 papa
1700 4544 1966 4607 distraxit,
2009 4561 2377 4615 canonemque

810 4626 1095 4689 aromatis,
1142 4641 1300 4696 quem
1331 4615 1569 4697 recipere
1595 4631 1821 4699 solebat,
1854 4633 2055 4688 amisit.
2089 4635 2377 4705 Aliquanto

810 4723 964 4783 post,
1004 4731 1125 4770 eum
1169 4716 1307 4771 idem
1342 4732 1477 4788 papa
1520 4720 1777 4789 praedicto
1815 4732 2163 4779 sacrosancto
2196 4725 2375 4792 altari,

810 4805 969 4873 quasi
1016 4806 1239 4861 devotus
1295 4809 1572 4865 assisteret
1619 4820 1677 4865 et
1727 4822 1927 4878 oraret,
1987 4830 2114 4869 ecce
2159 4816 2375 4884 quidam

811 4896 1073 4951 terribilis
1140 4906 1193 4952 et
1246 4902 1565 4969 grandaevus
1616 4918 1810 4963 senex.
1872 4905 1924 4959 in
1994 4908 2146 4976 cujus
2212 4910 2373 4962 etiam

812 4986 953 5042 facie
998 4988 1356 5043 barbirasium
1403 4991 1713 5057 videbatur,
1755 4994 1897 5049 elato
1948 4996 2169 5051 brachio
2229 4997 2379 5051 cola-

814 5079 982 5144 phum
1021 5078 1122 5132 sibi
1176 5080 1523 5135 vehementer
1560 5081 1818 5148 incussit,
1852 5094 1907 5137 et
1933 5086 2009 5138 ait
2044 5102 2059 5139 :
2097 5104 2115 5135 ι
2154 5085 2231 5139 Tu
2287 5103 2383 5140 ex-

816 5165 1051 5220 stinxisti
1094 5166 1196 5239 41
1233 5169 1505 5224 lucernam
1546 5185 1718 5225 meam
1758 5180 1883 5228 ante
1915 5190 2020 5237 me,
2061 5183 2117 5228 et
2145 5190 2245 5245 ego
2277 5190 2372 5229 ex-

816 5258 1083 5324 stinguam
1134 5260 1404 5313 lucernam
1449 5269 1595 5315 tuam
1628 5272 1753 5317 ante
1800 5264 1967 5319 Deum
2009 5284 2020 5316 :
2072 5285 2091 5318 ›
2149 5282 2381 5335 moxque

820 5347 1099 5414 disparuit.
1144 5348 1231 5403 Ille
1271 5365 1399 5403 vero
1431 5352 1673 5420 protinus
1701 5355 1924 5417 corruit,
1955 5361 2009 5407 et
2052 5354 2213 5423 paulo
2260 5362 2382 5420 post

819 5432 960 5486 diem
999 5433 1189 5489 clausit
1226 5446 1548 5490 extremum.
1600 5437 1691 5493 Sic
1732 5441 1809 5493 sic
1846 5442 2099 5495 nimirum
2142 5451 2381 5497 meretur

820 5524 1044 5593 corripi,
1074 5528 1162 5594 qui
1205 5526 1278 5580 illi
1317 5542 1374 5581 se
1404 5528 1605 5595 praebet
1634 5529 1937 5591 adversum.
1968 5533 2057 5600 qui
2105 5533 2225 5587 cceli
2276 5541 2382 5585 ter-

822 5628 1001 5683 neque
1046 5618 1251 5685 primus
1299 5629 1483 5687 pastor
1534 5620 1738 5674 obtinet
1784 5622 2162 5689 principatum.
2225 5622 2377 5688 Quis,

824 5720 937 5768 ero,
976 5707 1197 5761 duorum
1222 5723 1481 5781 paparum
1528 5709 1729 5766 duriori
1773 5710 1864 5765 tibi
1903 5711 2117 5767 videtur
2153 5712 2381 5767 austeri-

2468 600 2591 640 nam
2643 584 2983 652 pnesumpsit
3032 585 3412 654 exstinguere;
3463 596 3530 637 an
3591 593 3677 646 tu,
3727 582 3819 650 qui
3872 589 4047 634 totam

2466 672 2822 727 universalem
2878 674 3173 728 Ecclesiam
3229 689 3340 742 prtc
3407 672 3621 728 furtiva:
3678 670 4049 742 promotionis

2466 762 2744 818 exordium
2777 763 2967 817 niteris
2994 763 3323 818 obscurare?
3349 761 3447 829 Qui
3469 762 3613 816 enim
3636 761 3793 829 juxta
3819 761 4045 816 Verita-

2470 855 2537 908 tis
2569 868 2779 917 vocem,
2808 854 2973 907 intrat
3002 870 3097 923 per
3127 856 3347 915 ostium,
3381 861 3567 922 pastor
3595 862 3678 908 est
3702 853 3919 917 ovium;
3950 851 4045 921 qui

2468 954 2645 1000 autem
2675 945 2837 998 intrat
2860 944 3100 1002 aliunde.
3125 945 3210 999 fur
3243 953 3329 999 est
3366 955 3419 998 et
3447 945 3587 999 latro
3614 944 3795 1014 (Jonn.
3820 943 3900 1014 ι).
3934 942 4048 998 Sed

2468 1035 2606 1089 sicut
2634 1050 2730 1104 per
2758 1034 2990 1103 pastoris
3022 1036 3220 1087 ostium
3259 1034 3351 1103 qui
3388 1031 3502 1101 jam
3533 1033 3722 1102 utique
3761 1032 4045 1101 prmsidet,

2466 1124 2647 1177 domui
2679 1122 2857 1177 lumen
2902 1122 3231 1188 infunditur;
3278 1123 3349 1176 ita
3381 1138 3477 1191 per
3503 1130 3651 1176 tuum
3685 1121 3924 1185 aliunde,
3964 1120 4050 1174 ni-

2462 1208 2540 1263 hil
2570 1208 2737 1275 aliud,
2770 1210 2871 1265 nisi
2911 1210 3107 1279 fumus,
3142 1220 3305 1280 atque
3334 1208 3524 1282 caligo,
3554 1211 3743 1276 chaos,
3764 1220 3820 1265 et
3845 1211 4050 1265 horror

2468 1299 2731 1370 ingeritur
2776 1301 3144 1356 tenebrarum.
3195 1301 3312 1356 Huc
3354 1302 3584 1367 accedit,
3631 1303 3757 1371 quia
3806 1301 3937 1355 dum
3988 1299 4047 1354 in

2466 1389 2593 1443 imis
2636 1400 2721 1444 est
2760 1390 3050 1459 quispiam,
3082 1391 3199 1460 ejus
3236 1390 3635 1459 quodammodo
3669 1391 3802 1445 vitia
3851 1388 4050 1446 delite-

2467 1490 2659 1545 scunt;
2695 1497 2818 1536 cum
2856 1498 2986 1537 vero
3015 1482 3081 1536 ad
3123 1482 3399 1553 dignitatis
3427 1482 3638 1537 culmen
3680 1484 3947 1547 ascendit,
3989 1483 4050 1538 in

2466 1569 2803 1639 superficiem
2829 1586 2953 1625 mox
2978 1580 3270 1641 erumpunt
3298 1590 3311 1626 :
3344 1580 3394 1626 et
3426 1587 3545 1639 qua:
3573 1570 3791 1627 fuerant
3815 1579 4050 1628 eatenus

2467 1656 2728 1721 inaudita,
2768 1656 2878 1725 jam
2920 1674 3017 1727 per
3046 1674 3140 1713 ora
3182 1658 3489 1728 remigeruli
3529 1659 3708 1728 populi
3754 1660 3886 1715 trita
3920 1658 4042 1714 vul-

2468 1758 2681 1818 gantur.
2714 1747 2854 1814 Quot
2879 1748 3156 1804 hominum
3191 1750 3359 1805 millia
3390 1766 3533 1805 nunc
3577 1764 3666 1806 tua
3701 1752 3843 1807 facta
3890 1752 4050 1809 dinu-

2398 1824 2447 1885 Β
2474 1849 2706 1903 merant,
2738 1841 2828 1908 qui
2866 1856 3035 1910 usque
3062 1841 3132 1895 ad
3159 1842 3263 1896 hoc
3298 1849 3509 1911 tempus
3532 1856 3595 1897 ea
3620 1842 3868 1897 funditus
3896 1842 4053 1916 igno-

2470 1931 2709 1985 rabant?
2754 1930 2887 1985 Nam
2952 1933 3363 2000 praebendamm
3424 1933 3679 1989 Ecclesim
3745 1943 3888 2000 tuae,
3957 1936 4051 1991 vel

2468 2020 2833 2076 Ecclesiarum
2876 2021 3180 2076 damnanda
3229 2024 3579 2085 commercia,
3628 2023 3846 2094 aliaque
3887 2024 4052 2095 longe

2468 2110 2730 2179 turpiora,
2768 2126 2888 2179 quas
2918 2126 3015 2166 nos
3043 2111 3415 2167 erubescimus
3440 2112 3644 2177 dicere,
3694 2110 3962 2169 hactenus
3990 2114 4048 2169 in

2468 2209 2561 2253 tuo
2603 2208 2807 2253 tantum
2854 2200 3220 2255 narrabantur
3262 2200 3562 2270 oppidulo:
3606 2217 3750 2256 nunc
3791 2202 3933 2257 alter
3979 2202 4051 2259 ad

2466 2288 2695 2342 alterum
2732 2288 2932 2359 ubique
2963 2290 3114 2359 regni
3144 2290 3328 2360 hujus,
3362 2300 3417 2346 et
3448 2301 3784 2348 mercatores
3809 2292 4053 2363 loquun-

2468 2388 2561 2433 tur
2586 2379 2638 2433 in
2670 2378 2891 2444 foro,°et
2920 2380 3154 2435 fossores
3196 2382 3248 2435 in
3291 2396 3440 2449 agro.
3471 2380 3655 2446 Pueri,
3687 2383 3779 2451 qui
3808 2383 4053 2439 rhetori-

2468 2474 2665 2522 cantur
2690 2468 2746 2522 in
2771 2469 2992 2531 scholis,
3026 2469 3171 2523 cives
3206 2470 3296 2539 qui
3337 2469 3709 2538 glomerantur
3741 2470 3798 2524 in
3842 2471 4052 2536 triviis,

2470 2572 2658 2613 omnes
2680 2573 2817 2627 pene
2839 2568 2889 2613 te
2911 2559 3174 2623 lacerant,
3212 2569 3369 2629 teque
3393 2560 3711 2629 dijudieant;
3735 2560 3852 2617 Hoc
3874 2563 4051 2631 siqui-

2470 2645 2591 2699 dem
2622 2646 2715 2700 tibi
2744 2647 3038 2716 contigisse
3064 2649 3469 2718 comprobatur,
3486 2652 3629 2718 quod
3656 2652 4052 2723 transgressori

2470 2734 2691 2790 cuilibet
2736 2751 2833 2807 per
2862 2735 3151 2792 Ieremiam
3190 2739 3435 2793 dicitur:
3472 2758 3491 2791 ‹
3529 2739 3760 2810 Propter
3791 2742 4045 2797 multitu-

2470 2824 2647 2878 dinem
2674 2825 2971 2895 iniquitatis
2986 2836 3089 2882 tua:
3112 2828 3345 2883 revelata
3374 2837 3499 2884 sunt
3522 2832 3916 2887 verecundiora
3934 2842 4050 2899 tua,

2470 2914 2685 2985 polluta:
2711 2925 2835 2971 sunt
2860 2918 3057 2986 planta:
3085 2928 3188 2973 tua:
3215 2920 3348 2991 (λεν.
3375 2920 3517 2993 xiii).
3552 2943 3570 2974 ι
3612 2922 3710 2977 Cui
3736 2924 3899 2992 paulo
3927 2934 4055 2995 post

2476 3006 2644 3060 etiam
2684 3008 2880 3061 dicitur
2923 3026 2933 3061 :
2977 3029 2995 3059 ι
3047 3008 3170 3065 "(ec
3205 3026 3323 3065 sors
3362 3021 3477 3074 tua,
3509 3028 3744 3082 parsque
3778 3029 4053 3074 mensura:

2477 3104 2577 3149 tua:
2607 3098 2745 3165 apud
2780 3114 2884 3161 me,
2919 3099 3047 3153 dicit
3082 3100 3358 3165 Dominus,
3390 3102 3513 3171 quia
3543 3102 3709 3157 oblita
3734 3118 3795 3158 es
3821 3105 3951 3170 mei,
3995 3114 4054 3161 et

2398 3156 2444 3220 ε
2475 3156 2674 3237 conlisa
2699 3201 2757 3239 es
2786 3186 2839 3239 in
2871 3176 3169 3242 menda-cio.
3202 3188 3353 3243 Unde
3384 3156 3439 3243 εἰ
3464 3204 3564 3259 ego
3591 3192 3789 3245 nudavi
3834 3190 4053 3249 femora

2473 3282 2563 3328 tua
2594 3284 2780 3329 contra
2810 3275 3003 3331 faciem
3035 3287 3203 3342 tuam,
3238 3287 3293 3332 et
3333 3280 3578 3348 apparuit
3614 3282 3907 3350 ignominia
3935 3292 4052 3351 tua,

2469 3374 2524 3420 et
2556 3364 2816 3420 adulteria
2856 3375 2966 3429 tua,
3002 3376 3058 3421 et
3089 3367 3331 3423 hinnitus
3360 3378 3505 3433 tuus,
3535 3371 3712 3425 scelus
3738 3371 4058 3428 fornicatio-

2472 3455 2557 3509 nis
2595 3464 2698 3511 tua:
2737 3455 2912 3527 (ἑὺίά.)
2949 3476 2968 3508 ι
3006 3456 3390 3529 Verumtamen
3420 3460 3465 3513 si
3501 3475 3602 3531 ego
3635 3474 3686 3517 te
3720 3465 4056 3519 convenien-

2474 3545 2599 3598 dum
2654 3560 2773 3600 esse
2819 3547 3187 3611 decernerem,
3241 3551 3431 3618 bisque
3478 3551 3529 3604 in
3583 3568 3646 3605 os
3703 3553 4057 3608 sermonibus

2472 3634 2809 3704 objurgarem
2841 3650 2855 3688 :
2886 3650 3065 3690 nonne
3093 3647 3172 3702 tu,
3199 3652 3318 3705 quae
3340 3639 3507 3707 gratis
3533 3640 3807 3696 oll'ercnda
3837 3652 3968 3697 sunt
3995 3644 4055 3699 in

2472 3727 2711 3783 Ecclesia
2742 3730 3079 3784 distraxisti?
3100 3730 3287 3787 Nonne
3316 3733 3450 3798 lucc,
3480 3744 3533 3789 et
3567 3736 3679 3801 illa,
3708 3736 3848 3792 ctelo
3873 3749 4054 3793 terra-

2473 3830 2576 3884 que
2609 3818 2858 3881 testibus,
2886 3819 3235 3873 commisisti?
3274 3819 3404 3887 Quze
3441 3823 3693 3878 videlicet
3736 3824 3784 3878 si
3823 3840 3925 3896 ego
3952 3827 4054 3882 tibi

2473 3907 2731 3969 dicerem,
2761 3921 2865 3961 non
2898 3921 2982 3961 me
3019 3908 3165 3962 latet.
3200 3910 3453 3978 quoniam
3499 3911 3625 3966 dum
3666 3927 3866 3983 negare
3909 3915 4053 3980 tunc,

2470 3998 2672 4075 _mllllt.l0
2702 4006 2859 4060 teste,
2890 4013 2995 4051 non
3036 4013 3239 4067 posses,
3274 3996 3521 4067 protinus
3546 4003 3611 4055 ad
3649 4003 3845 4058 futura:
3868 4019 4061 4060 corre-

2474 4087 2669 4142 ctionis
2700 4088 3075 4156 patrocinium»
3100 4090 3437 4145 convolares.
3470 4091 3707 4158 Quilibet
3738 4096 3889 4149 enim
3929 4096 4052 4151 cul-

2475 4180 2636 4233 minis
2674 4180 2943 4249 appetitor
2986 4180 3111 4234 dum
3139 4182 3207 4235 de
3251 4192 3521 4238 transacta
3552 4185 3681 4249 vita,
3720 4188 4057 4243 conscientia

2477 4269 2835 4333 remordente,
2881 4269 3244 4335 confunditur,
3274 4274 3703 4329 emendationem
3735 4277 3959 4333 sibimet
4001 4280 4056 4333 in

2477 4366 2752 4426 posterum
2799 4358 3109 4427 pollicetur;
3159 4362 3252 4415 sed
3294 4363 3419 4415 dum
3462 4364 3673 4420 culmen
3717 4367 4059 4427 celsitudinis

2401 4490 2452 4549 Β
2478 4450 2694 4502 occasio
2721 4449 2779 4502 fit
2818 4452 3091 4519 peccandi,
3120 4454 3387 4521 quomodo
3416 4471 3513 4525 per
3548 4459 3815 4527 scapulosi
3853 4465 4060 4520 montis

2479 4549 2745 4605 praerupta
2782 4553 2886 4590 non
2920 4537 3175 4605 oﬂendct,
3207 4543 3297 4609 qui
3335 4558 3431 4613 per
3465 4544 3624 4613 plana
3660 4548 3922 4617 gradiens
3957 4552 4059 4606 im-

2477 4625 2768 4697 pingebat?
2812 4627 3029 4682 Possem
3081 4641 3340 4699 praeterea
3382 4634 3726 4703 respondere,
3768 4639 3917 4706 quod
3964 4655 4061 4711 per

2477 4718 2793 4785 prophetam
2836 4718 3091 4773 Dominus
3134 4722 3249 4785 tibi,
3298 4722 3511 4792 tuisque
3553 4725 3823 4781 similibus
3858 4727 3997 4783 dicit
4044 4749 4060 4784 :

2483 4823 2501 4855 ι
2538 4805 2593 4857 Si
2627 4814 2833 4860 mutare
2862 4816 3039 4876 potest
3078 4808 3325 4879 Ethiops
3352 4811 3543 4879 pellem
3585 4829 3763 4880 suam,
3792 4826 3889 4870 aut
3930 4832 4061 4887 par-

2480 4895 2579 4948 dus
2615 4895 2927 4949 varietatem
2968 4912 3143 4963 suam,
3194 4908 3248 4953 et
3296 4916 3390 4955 vos
3428 4903 3672 4970 poteritis
3711 4905 4062 4975 benefacere,

2485 4997 2605 5036 cum
2637 4984 2931 5039 didiceritis
2968 4988 3165 5039 malum
3199 4987 3332 5058 (Jer.
3376 4993 3518 5060 xm).
3560 5011 3579 5043 ι
3630 4993 3707 5047 De
3739 5010 3849 5063 qua
3877 5000 4061 5052 varie-

2488 5084 2596 5129 tate
2621 5089 2674 5129 et
2697 5076 2822 5129 alibi
2854 5077 2987 5132 dicit
3016 5095 3028 5130 :
3069 5097 3087 5129 ‹
3120 5078 3369 5149 Nunquid
3400 5084 3517 5137 avis
3544 5083 3786 5139 discolor
3828 5087 4065 5144 haredio

2487 5174 2569 5218 tas
2613 5167 2777 5219 mea?
2828 5166 3075 5236 Nunquid
3124 5172 3239 5224 avis
3286 5172 3452 5225 tincta
3498 5188 3595 5242 per
3642 5184 3815 5230 totum
3892 5178 4061 5250 (Ibid.

2485 5254 2619 5317 xu)?
2654 5275 2671 5306 ι
2712 5254 2817 5309 Sed
2842 5255 3011 5326 culpa:
3050 5258 3283 5313 varietas
3312 5270 3506 5328 praesto
3538 5262 3808 5318 subinfert
3846 5279 4066 5325 senten-

2486 5343 2614 5396 tiam
2638 5343 2853 5399 ultionis
2879 5365 2891 5400 :
2925 5365 2944 5397 ι
2966 5346 3175 5411 Venite,
3208 5349 3402 5418 inquit,
3423 5355 3852 5423 congregamini,
3875 5373 4068 5416 omnes

2485 5435 2671 5489 bestirc
2713 5448 2889 5502 terrae,
2936 5450 3221 5508 preperate
3256 5442 3320 5495 ad
3367 5443 3740 5499 devorandum
3788 5448 3996 5522 (ibid.).
4039 5470 4060 5505 ο

2492 5528 2694 5595 Quibus
2729 5544 2906 5586 autem
2933 5533 3040 5605 42
3070 5536 3225 5604 hujus
3256 5536 3653 5592 animadversio
3688 5539 4066 5599 devorationis

2486 5620 2791 5687 immineat,
2822 5623 2963 5677 illico
3017 5626 3292 5679 subdendo
3329 5626 3641 5682 manifestat
3682 5646 3698 5684 :
3753 5647 3772 5681 ι
3807 5628 4066 5687 Pastom

2486 5711 2638 5768 multi
2682 5712 2918 5771 demoliti
2965 5727 3089 5769 sunt
3132 5716 3340 5770 vincam
3382 5733 3581 5784 meam,
3607 5720 4065 5778 conculcaveruut
