4260 6370
362 397 464 451 υἷι

1532 379 1735 436 LIBER
1774 373 2055 440 PIIIMUS,
2088 373 2310 431 EPIST.
2350 371 2469 426 XX.

3536 363 3571 419 9
3585 362 3664 418 46.

363 519 570 584 partem
604 517 798 565 meam,
829 499 1092 555 dederunt
1121 496 1427 568 portionem
1459 509 1637 549 meam
1664 492 1940 548 desidera-
1969 496 2018 550 A
2049 503 2111 542 ac
2133 486 2377 557 spiritale
2408 482 2899 556 propugnaculum,
2924 482 3068 553 quod
3092 480 3329 537 custodit
3351 478 3540 534 Israel.
3566 478 3644 584 Et

363 602 519 656 bilem
545 596 599 651 in
625 595 896 649 desertum
932 588 1257 654 solitudinis,
1283 594 1580 658 posuerunt
1605 600 1725 639 eam
1755 584 1806 637 in
1831 584 1943 638 dis-

364 687 683 757 sipationem
711 680 904 751 (ibid.).
941 698 959 730 θ
993 680 1121 746 Qua
1145 677 1397 732 videlicet
1422 677 1601 731 omnia
1632 674 1765 729 nihil
1795 672 1940 727 aliud

363 787 420 832 ut
441 791 544 847 que
570 773 928 843 designantia,
958 770 1057 824 nisi
1091 768 1392 828 Ecclesiam
1437 781 1466 820 a
1511 767 1670 820 malis
1703 766 1940 834 pasmri-

361 866 462 922 bus
492 864 826 932 dissipatam,
865 874 1092 930 quorum
1121 867 1175 912 et
1206 865 1256 912 te
1281 859 1385 912 hoc
1412 871 1571 912 nosse
1598 857 1786 917 credo,
1811 854 1940 907 dum

361 953 539 1010 verbis
587 951 831 1021 pluribus
877 963 985 1002 non
1035 946 1329 1016 indigeant,
1380 961 1484 999 non
1539 959 1772 1015 expono.
1828 939 1942 1021 lioc

362 1053 568 1097 tantum
597 1051 651 1095 te
675 1040 840 1096 latere
859 1053 973 1094 non
1003 1038 1197 1106 patior,
1223 1036 1347 1106 quia
1371 1044 1426 1091 et
1451 1043 1526 1097 tu,
1552 1045 1606 1090 et
1629 1035 1942 1104 quicunque

362 1132 457 1188 tibi
481 1130 749 1194 similiter,
777 1144 873 1198 per
898 1127 1248 1182 ambitionem
1291 1126 1551 1181 Ecclesia
1597 1125 1814 1180 culmen
1847 1139 1943 1194 ap-

360 1222 566 1292 petitis,
592 1221 756 1276 Deum
779 1217 972 1289 procul
995 1217 1156 1272 dubio
1187 1215 1513 1279 nescientes,
1545 1214 1841 1269 Ecclesium
1867 1213 1945 1267 la-

360 1311 578 1366 ceratis.
612 1307 764 1364 Unde
808 1317 863 1364 et
899 1322 995 1377 per
1037 1305 1286 1361 eumdem
1333 1307 1653 1376 prophetam
1698 1305 1941 1358 dicitur:

365 1419 382 1452 ι
422 1399 559 1467 Quia
597 1398 762 1454 stulte
801 1405 1029 1467 egerunt
1073 1404 1343 1466 pastores,
1387 1405 1442 1450 et
1492 1394 1783 1449 Dominum
1833 1408 1942 1447 non

359 1490 739 1562 quaesierunt:
783 1497 1066 1559 propterea
1097 1503 1202 1542 non
1237 1486 1645 1547 intellexerunt.
1680 1497 1736 1541 ct
1765 1484 1949 1540 omnis

358 1602 490 1659 grex
513 1600 699 1641 eorum
735 1584 1013 1654 dispersus
1045 1590 1132 1637 est
1153 1580 1289 1651 (Jer.
1323 1581 1402 1644 xl.
1436 1600 1454 1633 ι
1485 1580 1734 1651 Spondes
1762 1580 1945 1647 itaque

359 1691 502 1732 nunc
526 1675 990 1740 emendationem,
1024 1682 1084 1727 ut
1116 1671 1461 1742 concupitam
1489 1671 1741 1725 obtineas
1767 1667 1946 1740 digni-

358 1774 543 1821 tatem.
575 1763 868 1818 Humiliter
895 1763 1160 1832 loqueris,
1191 1771 1252 1817 ut
1295 1762 1364 1817 ad
1409 1761 1788 1817 celsitudinem
1819 1773 1945 1827 pro-

2047 582 2214 651 igitur
2244 578 2351 652 ω
2382 577 2787 648 expositoribus
2824 585 3020 630 eatera
3052 574 3448 642 relinquamus,
3495 569 3647 624 antli-

2046 674 2153 727 ciat
2183 672 2270 727 hic
2303 670 2532 740 intelligi
2576 685 2682 724 non
2722 667 3015 722 vindictam
3059 666 3252 734 stupri,
3292 666 3385 718 sed
3429 678 3645 730 percui-

2046 773 2260 833 ptorum
2294 761 2495 817 Christi
2529 759 2815 830 sacrilegia
2863 758 3239 828 condemnari.
3273 756 3444 823 Quam
3481 754 3644 824 plane

2046 849 2338 906 vindictam
2381 849 2567 904 Judith
2617 863 2834 918 quoque
2880 847 2992 921 Deo
3023 846 3277 917 placitam
3312 845 3521 907 docuit,
3565 843 3645 898 di-

2045 953 2213 994 cens:
2249 958 2266 989 ‹
2312 937 2538 993 Domine
2572 937 2719 992 Deus
2756 933 2930 1007 patris
2975 936 3080 991 mei
3113 935 3372 1002 'Simeon,
3417 937 3510 1006 qui
3550 936 3647 994 de-

2046 1031 2170 1086 disti
2225 1030 2304 1084 illi
2360 1028 2604 1100 gladium
2657 1029 2712 1084 in
2758 1027 3132 1084 defensionem
3180 1029 3644 1100 alienigenarum.

2045 1123 2137 1191 qui
2174 1121 2465 1176 violatores
2489 1122 2822 1176 exstiterunt
2863 1121 2914 1175 in
2959 1119 3410 1188 coinquinatione
3438 1139 3561 1189 sua,
3589 1131 3644 1179 et

2045 1212 2456 1267 denudaverunt
2502 1209 2682 1268 femur
2731 1210 2960 1280 virginis
3019 1211 3073 1266 in
3123 1209 3538 1279 confusionem,
3591 1224 3648 1271 et

2045 1305 2242 1360 dedisti
2270 1304 2525 1362 mulieres
2552 1304 2771 1358 illorum
2795 1305 2849 1358 in
2880 1304 3147 1373 praedam,
3190 1315 3247 1360 et
3279 1305 3420 1361 filias
3452 1321 3641 1363 eorum

2048 1395 2100 1450 in
2144 1398 2536 1466 captivitatem,
2581 1407 2634 1451 et
2677 1410 2896 1452 omnem
2935 1398 3176 1467 praedam
3225 1399 3277 1454 in
3323 1399 3646 1455 divisionem

2047 1489 2218 1544 servis
2252 1491 2381 1557 tuis,
2409 1491 2500 1561 qui
2524 1491 2839 1547 zelaverunt
2864 1491 3040 1544 zelum
3067 1499 3218 1546 tuum
3243 1490 3454 1563 (Iudith
3490 1492 3590 1564 ις).
3624 1513 3643 1546 ι

2047 1580 2222 1637 Porro
2243 1590 2425 1637 autem
2446 1597 2552 1636 non
2583 1597 2644 1639 es
2667 1590 2956 1637 contentus
2985 1597 3241 1637 mensura
3271 1569 3527 1646 hominis,
3554 1585 3648 1638 sed

2047 1668 2103 1724 in
2134 1669 2376 1725 humano
2401 1684 2602 1742 genere
2625 1683 2783 1724 mons
2805 1670 2975 1724 videri
3001 1670 3232 1740 appetis,
3263 1678 3317 1725 et
3341 1673 3498 1742 quasi
3523 1688 3650 1744 pro-

2049 1763 2380 1818 montorium
2421 1762 2689 1832 superbia
2735 1761 2788 1816 in
2828 1759 3032 1831 fastigii
3079 1772 3132 1816 te
3168 1762 3384 1839 culmen
3418 1765 3646 1821 attollis.

356 1857 590 1912 venaris.
627 1853 915 1910 Humilitas
947 1857 1062 1909 hanc
1083 1842 1209 1925 quia
1239 1854 1306 1909 de
1329 1853 1513 1908 radice
1543 1852 1812 1922 superbia
1842 1867 1942 1906 na-
1977 1844 2023 1906 Β
2051 1851 2164 1907 Non
2192 1854 2273 1908 vis
2296 1867 2419 1909 esse
2447 1854 2514 1909 de
2542 1853 2799 1917 vallibus,
2822 1853 2889 1908 de
2911 1854 3112 1922 quibus
3139 1855 3338 1909 dicitur
3366 1873 3378 1908 :
3411 1876 3428 1908 ι
3467 1855 3649 1912 Valles

363 1947 553 2013 scitur,
589 1946 657 2000 ad
695 1942 1136 2000 satisfaciendum
1181 1945 1373 2001 idonea
1402 1960 1508 2000 non
1543 1945 1778 1999 videtur.
1808 1943 1944 1999 Illud

355 2035 575 2091 interim
607 2036 674 2090 ad
706 2037 1022 2092 memoriam
1051 2037 1212 2099 redit,
1252 2037 1396 2105 quod
1422 2036 1474 2090 in
1504 2035 1629 2089 libri
1667 2035 1946 2091 Geneseos

357 2128 626 2196 reperitur
669 2129 890 2182 historia
935 2125 1090 2198 (Cm.
1145 2126 1356 2199 xxxrv).
1406 2127 1540 2196 Quia
1592 2129 1783 2182 Dinam
1834 2128 1944 2183 Lia

355 2215 517 2270 tiliam
545 2231 670 2271 cum
693 2217 915 2272 vidisset
942 2217 1165 2278 Sicben.
1194 2216 1334 2271 filius
1357 2212 1559 2272 Iicmor
1583 2217 1762 2272 IIevai
1793 2219 1944 2287 prin-

359 2323 484 2377 ceps
515 2319 676 2362 terra
706 2307 867 2370 illius,
913 2308 1208 2371 adamavit,
1247 2316 1303 2362 et
1334 2309 1537 2378 rapuit.
1581 2320 1635 2362 et
1682 2310 1945 2364 dormivit

355 2416 474 2454 cum
514 2414 604 2465 ea,
659 2401 707 2454 vi
751 2399 1065 2470 oppriinens
1105 2399 1374 2469 virginem
1414 2417 1426 2453 :
1474 2409 1528 2455 et
1569 2400 1940 2471 c0uglutinata

352 2503 433 2564 cst
459 2493 642 2546 anima
679 2491 794 2559 ejus
823 2507 944 2545 cum
985 2506 1071 2555 ea,
1113 2491 1434 2561 tristemque
1477 2491 1756 2546 blanditiis
1803 2492 1942 2545 deli-

353 2583 488 2636 u'vit
516 2600 530 2635 :
557 2596 786 2650 eamque
813 2592 920 2635 tam
947 2581 1298 2651 impatienter
1320 2581 1542 2646 amavit,
1569 2590 1627 2636 ut
1649 2597 1753 2635 non
1782 2583 1942 2635 modo

353 2687 426 2734 se.
454 2673 550 2728 sed
578 2683 633 2727 et
657 2688 846 2727 omnes
879 2688 991 2730 sua
1022 2673 1262 2727 civitatis
1290 2673 1560 2728 masculos
1589 2673 1945 2727 Cil'ClllltCIdU‘

352 2775 454 2827 ret,
492 2774 552 2817 ut
583 2762 699 2831 ejus
725 2767 987 2819 duntaxat
1023 2764 1288 2834 potuisset
1326 2763 1636 2834 conjugium
1670 2764 1938 2820 obtinere.

353 2859 454 2913 Sed
489 2859 607 2914 hac
637 2857 935 2913 satisfactio
981 2871 1084 2911 non
1133 2858 1246 2913 Deo
1287 2857 1508 2928 placuit,
1556 2872 1662 2910 non
1711 2855 1938 2910 fratrum

352 2950 492 3006 illius
517 2941 681 3005 corda
727 2950 959 3019 placavit
993 2968 1005 3002 :
1051 2950 1179 3018 quia
1223 2965 1329 3003 non
1362 2949 1430 3003 ob
1458 2947 1800 3019 religionem,
1843 2949 1939 3002 sed

353 3042 416 3095 ad
458 3041 768 3111 patiendam
806 3040 987 3096 carnis
1025 3040 1166 3096 facta
1197 3049 1281 3095 est
1319 3042 1672 3112 voluptatem.
1716 3039 1941 3094 Fratres

352 3133 492 3186 cuitu
527 3131 671 3184 illius
709 3132 994 3186 savieutes
1024 3131 1094 3185 ob
1137 3139 1410 3200 stuprum,
1453 3145 1663 3194 omnes,
1708 3131 1799 3201 qui
1833 3130 1936 3182 cir-

2050 1941 2402 2002 abundabunt
2429 1944 2704 2003 frumento
2730 1944 2905 2016 (Psal.
2934 1946 3102 2016 utv).
3136 1965 3155 1997 ι
3188 1945 3295 2002 Sed
3325 1948 3471 2014 audi,
3502 1949 3647 2019 quod

2051 2038 2146 2092 tibi
2180 2038 2444 2093 Dominus
2474 2052 2570 2106 per
2599 2036 2920 2108 prOphetam
2952 2037 3100 2092 dicat
3145 2055 3157 2091 τ
3214 2055 3234 2088 ι
3269 2037 3412 2093 Ecce
3449 2055 3550 2111 ego
3579 2043 3647 2094 ait

2050 2140 2123 2194 te,
2151 2145 2308 2184 mons
2337 2129 2584 2200 pestifer,
2627 2127 2704 2182 ait
2736 2127 3019 2191 Dominus,
3052 2128 3144 2197 qui
3179 2130 3491 2199 corrumpis
3521 2130 3647 2184 uui-

2049 2233 2263 2274 versam
2297 2227 2527 2279 terram.
2566 2226 2626 2272 ut
2654 2215 2946 2271 extendam
2997 2232 3218 2270 manum
3258 2233 3435 2272 meam
3485 2232 3652 2290 super

2049 2319 2121 2372 te,
2153 2321 2207 2365 ct
2233 2309 2460 2366 avellem
2501 2317 2555 2364 te
2586 2311 2652 2364 de
2690 2308 2880 2378 petris,
2928 2317 2982 2363 et
3022 2309 3163 2363 dabo
3210 2319 3261 2365 te
3307 2311 3358 2364 in
3406 2320 3649 2366 montem

2049 2399 2462 2461 cntnbustionis.
2497 2407 2553 2455 et
2583 2415 2688 2454 non
2715 2398 2903 2454 tollent
2928 2400 2995 2454 de
3025 2407 3076 2454 te
3114 2399 3351 2470 lapidem
3391 2401 3444 2454 in
3479 2416 3652 2473 angu-

2046 2492 2180 2554 lum.
2211 2502 2268 2548 et
2323 2493 2554 2563 lapidem
2605 2494 2660 2547 in
2715 2491 3102 2558 fundamenta,
3154 2494 3250 2549 sed
3296 2496 3544 2564 perditus
3597 2498 3652 2551 in

2045 2593 2311 2636 aternum
2329 2582 2440 2637 eris
2453 2581 2589 2654 (Jer.
2616 2584 2714 2652 LI).
2734 2600 2752 2632 ›
2771 2581 2836 2636 Ει
2868 2583 3066 2637 iterum
3096 2601 3108 2636 :
3140 2601 3159 2634 ι
3190 2583 3334 2639 Ecce
3357 2599 3459 2656 ego
3479 2586 3549 2642 ad
3581 2595 3652 2652 te,

2046 2678 2300 2745 superbe,
2330 2677 2462 2732 dicit
2493 2677 2779 2742 Dominus,
2813 2677 2938 2747 quia
2969 2677 3150 2732 veniet
3183 2675 3301 2732 dies
3329 2685 3474 2742 tuus,
3509 2685 3650 2733 tem-

2045 2781 2148 2836 pus
2178 2765 2510 2821 visitationis
2543 2776 2648 2822 tua
2676 2785 2688 2820 :
2717 2775 2774 2822 et
2801 2768 2961 2822 cadet
3003 2767 3294 2836 superbus.
3322 2777 3376 2820 et
3407 2776 3648 2829 corruet,

2046 2869 2100 2912 et
2129 2873 2233 2910 non
2259 2857 2366 2911 erit
2395 2858 2484 2928 qui
2509 2859 2740 2913 suscitet
2761 2873 2885 2912 eum
2920 2858 3054 2926 (λεν.
3090 2857 3163 2930 ι).
3209 2877 3228 2910 ι
3261 2857 3570 2912 Tantumne
3593 2857 3646 2911 in

2046 2957 2096 3002 te
2125 2947 2488 3003 damnationis
2515 2948 2678 3004 ardor
2708 2948 3011 3003 inferbuit?
3031 2947 3276 3005 lluceine
3300 2959 3352 3004 te
3375 2949 3645 3018 superbia

2043 3038 2236 3103 fastus,
2259 3047 2316 3094 et
2335 3039 2678 3094 celsitudinis
2704 3039 2929 3093 ambitio
2955 3041 3290 3108 provocavit,
3320 3047 3379 3094 ut
3405 3039 3648 3110 rcgina'tn

2043 3128 2439 3196 Etzclcsiarum,
2467 3131 2604 3195 sive,
2637 3138 2696 3184 ut
2739 3131 2808 3184 ita
2844 3130 3041 3196 fatear,
3083 3147 3375 3202 regnorum
3402 3131 3647 3185 omnium

353 3223 578 3279 ωιυοὶδί
616 3222 853 3287 fuerant,
907 3223 1101 3293 gladiis
1140 3230 1513 3291 peremerunt.
1561 3221 1640 3275 Tu
1685 3237 1836 3289 ergo,
1881 3232 1933 3275 tu
1965 3217 2012 3280 C
2045 3229 2343 3276 temerares
2372 3222 2699 3290 imperium?
2728 3222 2836 3276 Sed
2868 3242 2885 3273 ι
2918 3223 3168 3292 despexit
3200 3232 3269 3285 te,
3296 3221 3656 3277 subsannavit

350 3325 520 3368 novus
543 3326 605 3367 es
627 3311 848 3378 Sicben,
877 3323 1165 3380 corruptor
1190 3312 1357 3375 Dina,
1397 3312 1628 3366 violator
1659 3311 1935 3365 E-eiesim.

350 3402 709 3457 Circumcidis
736 3418 977 3466 carnem,
1021 3412 1078 3457 ut
1113 3404 1298 3457 carnis
1341 3403 1525 3457 valcas
1557 3401 1775 3471 explere
1817 3403 1940 3457 libi-

352 3490 552 3546 dinem.
589 3492 795 3548 Pravos
823 3505 872 3547 te
899 3493 1172 3562 polliceris
1207 3508 1387 3549 mores
1420 3493 1762 3555 abscindere,
1797 3505 1855 3548 ut
1887 3496 1938 3548 in

350 3583 619 3650 pravitate
661 3585 1004 3652 postmodum
1045 3583 1265 3653 impune
1299 3593 1349 3639 te
1399 3585 1562 3639 liccat
1594 3598 1937 3655 permanere.

352 3674 454 3728 Sed
483 3691 616 3729 ecce
659 3674 878 3730 Sizneon
919 3687 973 3731 ct
1015 3675 1143 3730 Levi
1184 3674 1383 3731 Sicben
1415 3677 1610 3747 gladiis
1652 3680 1939 3745 iuipetuut,

351 3765 472 3833 quia
519 3765 688 3819 Vetus
733 3777 787 3821 et
835 3765 1042 3820 Novum
1086 3767 1517 3834 Testamentum,
1554 3768 1680 3822 dum
1729 3769 1845 3823 suis
1890 3778 1942 3822 te

351 3857 640 3913 sententiis
668 3858 947 3924 damnant,
978 3859 1130 3929 quasi
1165 3859 1386 3914 totidem
1419 3869 1472 3914 te
1509 3860 1705 3930 gladiis
1742 3861 1940 3916 annali

352 3953 545 4005 fratres
588 3953 937 4006 obtruncant.
975 3953 1099 4007 Sive
1131 3963 1188 4006 ut
1227 3952 1470 4006 vindices
1510 3955 1731 4022 propius
1762 3955 1944 4023 acqui-

354 4051 575 4108 rautur;
611 4042 803 4096 Petrus
830 4052 884 4096 et
927 4043 1147 4108 Paulus,
1192 4045 1283 4114 qui
1320 4047 1501 4099 mundi
1535 4056 1663 4099 sunt
1700 4044 1939 4113 judiccs,

353 4134 448 4201 ipsi
467 4149 689 4205 quoque
707 4135 833 4188 fiant
855 4145 957 4188 tua
981 4137 1429 4206 transgressitmis
1457 4137 1683 4190 ultores.
1714 4136 1940 4192 l-‘mdatn

351 4223 490 4275 enim
529 4240 647 4278 rein
682 4233 936 4293 operatus
983 4241 1042 4279 es
1073 4227 1126 4279 in
1159 4228 1344 4281 Israel.
1381 4228 1486 4281 Sed
1536 4245 1602 4282 ne
1643 4231 1766 4297 quis
1809 4231 1939 4285 mihi

351 4311 604 4369 fortassis
630 4315 870 4382 objiuiat,
909 4319 1050 4385 quod
1088 4319 1466 4374 interfectores
1493 4319 1564 4373 illi
1598 4322 1820 4386 Sicben,
1852 4323 1939 4376 Si-

351 4422 504 4461 meon
542 4409 802 4463 videlicet
837 4419 893 4464 et
935 4410 1084 4475 Levi,
1125 4413 1359 4467 abeunte
1389 4415 1702 4483 patriarcha
1749 4413 1938 4480 Iacob,

354 4501 758 4569 rcprobationis
790 4519 1035 4560 meruere
1068 4507 1430 4571 sententiam;
1460 4508 1598 4562 sciat
1628 4508 1737 4563 illic
1760 4526 1790 4563 a
1820 4525 1942 4578 pro.

352 4591 569 4659 pltetico
617 4593 812 4662 spiritu
859 4593 1092 4649 futuram
1139 4597 1318 4665 potius
1361 4606 1592 4651 mortem
1643 4598 1941 4654 Salvatoris

351 4683 577 4748 attendi,
627 4698 794 4754 quam
844 4695 1120 4754 peractam
1184 4687 1345 4756 digne
1393 4699 1630 4760 stragem
1664 4674 1939 4749 vluxtn-iosi

352 4775 588 4830 hominis
615 4777 991 4831 condemnari.
1023 4778 1099 4834 De
1145 4778 1364 4835 Simeon
1393 4782 1538 4835 enim
1570 4783 1764 4837 scriba:
1813 4793 1940 4838 sunt

350 4862 695 4933 Judaorum;
727 4867 794 4922 de
827 4867 954 4922 Levi
991 4885 1121 4926 vero
1153 4871 1319 4938 tribu,
1363 4873 1639 4944 principes
1685 4876 1943 4930 sacerdo-

354 4963 479 5009 tum.
509 4957 589 5013 De
615 4959 816 5027 quibus
849 4961 1031 5028 utique
1064 4961 1325 5032 scriptum
1353 4972 1439 5020 est
1471 4977 1488 5018 :
1523 4984 1543 5016 ‹
1583 4965 1720 5033 Quia
1753 4970 1938 5022 consi-

351 5045 475 5101 l‘um
502 5047 760 5104 fecerunt
785 5063 834 5101 ut
865 5051 1046 5106 .lesum
1076 5054 1197 5110 dolo
1237 5065 1504 5122 tenerent,
1546 5069 1601 5114 et
1628 5059 1943 5116 occiderent

353 5136 564 5202 (Halm.
602 5143 778 5208 xxvi).
822 5163 840 5192 ι
876 5143 946 5197 De
981 5160 1088 5213 quo
1125 5147 1354 5202 consilio
1379 5148 1625 5204 dicitur:
1663 5170 1682 5202 ι
1717 5151 1774 5206 In
1805 5168 1942 5206 con-

351 5227 467 5284 silio
489 5244 688 5286 eorum
717 5246 822 5287 non
855 5233 1034 5288 veniat
1063 5237 1243 5290 anima
1277 5254 1393 5292 mea
1423 5256 1436 5293 :
1471 5249 1526 5294 et
1553 5241 1602 5294 in
1629 5252 1773 5295 coetu
1818 5243 1940 5297 illo-

354 5333 465 5372 rum
513 5335 624 5376 non
679 5321 750 5375 sit
787 5322 956 5394 gloria
999 5341 1139 5381 mea.
1191 5326 1350 5395 Quia,
1405 5330 1603 5400 inquit,
1667 5333 1722 5387 in
1754 5333 1940 5390 furore

354 5421 446 5462 suo
469 5411 794 5466 occiderunt
829 5414 1028 5480 virum,
1061 5425 1116 5472 et
1161 5418 1214 5472 in
1255 5419 1536 5477 voluntate
1567 5438 1664 5477 sua
1704 5424 1938 5480 suffode-

356 5510 476 5554 runt
512 5517 732 5557 murum
766 5501 919 5573 (Gen.
956 5507 1103 5579 nix)
1131 5526 1144 5573 ;
1179 5529 1196 5559 ι
1228 5511 1403 5566 virum
1432 5513 1643 5570 scilicet
1677 5515 1844 5576 illum.
1875 5518 1939 5572 de

354 5603 455 5657 quo
492 5587 775 5662 Sapientia
819 5593 899 5647 ait
941 5614 954 5648 :
1007 5615 1026 5649 ι
1073 5597 1458 5669 Opprimamus
1495 5601 1671 5656 virum
1704 5602 1937 5672 justum,

357 5680 472 5742 quia
500 5684 816 5772 contrarius
837 5693 920 5739 est
942 5688 1196 5757 operibus
1228 5693 1430 5748 nostris
1467 5693 1622 5766 (Sup.
1657 5698 1741 5770 ιι).
1779 5717 1796 5749 ι
1820 5698 1936 5754 Mu-

357 5782 465 5824 ruzu
496 5780 678 5828 autem
721 5773 1076 5845 sutl’odcmnt,
1121 5779 1224 5836 hoc
1267 5790 1370 5850 cst,
1406 5782 1533 5841 illud
1577 5785 1936 5843 fortissimum

2048 3323 2099 3367 te
2128 3313 2281 3382 virgo
2312 3313 2421 3368 filia
2454 3313 2616 3380 Sion;
2653 3324 2774 3384 post
2806 3325 2855 3368 te
2886 3324 3050 3385 caput
3082 3317 3253 3369 movit
3280 3314 3388 3369 filia
3419 3313 3644 3370 Jerusa-

2044 3403 2174 3459 lem.
2209 3401 2307 3460 Cui
2335 3406 2702 3475 exprobrasti,
2739 3399 2794 3460 et
2821 3421 2984 3475 quem
3013 3406 3442 3475 blasphemasti?
3471 3407 3651 3478 Super

2044 3508 2206 3563 quem
2241 3493 2496 3549 exaltasti
2529 3511 2742 3558 vocem,
2771 3505 2828 3550 et
2856 3496 3046 3550 levasti
3081 3497 3426 3552 altitudinem
3457 3499 3648 3552 oculo-

2047 3601 2172 3638 rum
2198 3587 2560 3641 tuorum?Atl
2592 3597 2842 3640 sanctum
2885 3586 3090 3641 Israel?
3149 3587 3204 3641 In
3269 3589 3642 3652 multitudine,

2047 3676 2322 3744 inquiens,
2361 3676 2749 3748 quadrigarum
2784 3694 3028 3732 mearum
3071 3693 3171 3747 ego
3201 3679 3498 3734 ascendam
3530 3682 3652 3734 alti-

2047 3769 2287 3825 tudinem
2305 3771 2590 3830 montium.
2609 3769 2743 3840 juga
2771 3770 2960 3826 Libani
2986 3770 3121 3842 (Ian.
3153 3774 3381 3842 xxxvn).
3410 3794 3426 3826 ι
3452 3774 3647 3829 Itoma-

2048 3875 2175 3913 nam
2208 3860 2461 3915 videlicet
2499 3861 2824 3926 Ecelcsiam,
2875 3863 2929 3916 iu
2979 3864 3163 3916 mundi
3207 3865 3372 3918 totius
3413 3865 3651 3920 culmine

2049 3952 2423 4015 constitutam,
2464 3963 2517 4006 ct
2549 3951 2728 4007 nitore
2758 3952 3041 4022 virginalis
3071 3954 3347 4022 pudicitia
3394 3957 3650 4010 candida-

2049 4048 2182 4094 tam.
2225 4039 2332 4094 Sed
2385 4040 2508 4094 audi
2557 4040 2688 4110 quid
2743 4041 2838 4096 tibi
2886 4058 2984 4111 per
3023 4043 3277 4097 etundem
3327 4046 3651 4114 prophetam

2047 4129 2228 4182 divina
2263 4143 2366 4182 vox
2411 4128 2556 4183 dicat
2588 4129 2765 4200 (ἰὺὶα.)
2802 4145 2815 4184 :
2864 4147 2882 4181 t
2922 4130 3328 4188 lIabitationem
3379 4142 3548 4199 tuam,
3595 4145 3652 4190 et

2048 4233 2324 4286 egressum
2360 4227 2529 4280 tuum,
2559 4228 2615 4274 et
2641 4219 2925 4276 introitum
2956 4229 3104 4276 tuum
3128 4224 3380 4294 cognovi,
3411 4233 3466 4280 et
3497 4227 3650 4279 iusa-

2048 4313 2194 4364 ttiatlt
2228 4320 2374 4363 tuam
2414 4322 2602 4365 contra
2639 4327 2754 4376 Inc;
2788 4329 2911 4368 cum
2945 4313 3159 4369 furores
3223 4317 3512 4370 adversum
3563 4334 3650 4372 mc

2048 4407 2300 4474 superbia
2335 4414 2424 4459 tua
2458 4407 2705 4461 ascendit
2730 4407 2782 4462 in
2808 4423 2969 4463 aures
2997 4426 3168 4464 nicas.
3205 4429 3226 4462 ι
3265 4411 3497 4483 Moxque
3525 4428 3650 4467 seno

2051 4496 2278 4551 tentiam
2312 4496 2366 4550 in
2397 4496 2746 4551 conclusione
2773 4497 3049 4555 subnectit
3086 4499 3264 4570 (ibid)
3303 4519 3318 4557 :
3373 4521 3392 4554 ‹
3446 4501 3655 4557 Ponant

1975 4578 2018 4636 D
2047 4605 2176 4657 ergo
2223 4587 2488 4642 circulum
2539 4589 2591 4641 in
2641 4590 2894 4644 manibus
2939 4592 3067 4655 tuis,
3114 4601 3169 4648 et
3214 4593 3428 4648 frenum
3475 4596 3527 4649 in
3578 4595 3657 4648 Ia-

2048 4679 2154 4734 biis
2202 4679 2345 4745 tuis,
2399 4689 2455 4733 et
2504 4682 2763 4737 reducam
2814 4693 2866 4753 te
2914 4684 2974 4738 in
3024 4685 3107 4739 via
3137 4725 3153 4751 ,
3205 4701 3303 4756 per
3349 4703 3514 4756 quant
3564 4705 3656 4743 ve-

2049 4772 2199 4827 nisti.
2243 4789 2262 4823 ι

2123 4863 2231 4920 Sed
2257 4878 2387 4920 ecce
2411 4881 2509 4920 nos
2533 4865 2699 4920 multa
2725 4868 2904 4922 adhuc
2928 4866 3102 4938 plura,
3133 4871 3374 4925 dictante
3397 4873 3651 4937 materia,

2050 4957 2282 5014 necdum
2312 4959 2648 5030 explevimus
2688 4972 2907 5027 votum;
2942 4974 2998 5016 et
3039 4965 3152 5032 jam
3185 4967 3501 5021 cxcedimus
3544 4967 3657 5038 cpio

2051 5050 2253 5105 stolare
2297 5053 2700 5122 compendium.
2754 5055 3049 5124 ltogandus
3095 5067 3178 5111 est
3221 5072 3353 5129 ergo
3389 5059 3657 5117 duntaxat

2045 5141 2391 5213 omnipotens
2442 5146 2603 5211 Deus,
2649 5155 2707 5201 ut
2751 5156 2805 5203 et
2853 5149 2922 5202 ad
2972 5159 3023 5204 te
3053 5150 3382 5207 humilitatis
3433 5164 3656 5209 revocet

2044 5236 2331 5304 spiritum;
2357 5248 2415 5292 et
2435 5240 2627 5308 sopitis
2649 5241 2928 5297 erroribus
2959 5242 3301 5298 simultatum
3330 5245 3381 5299 in
3409 5245 3654 5303 Ecclesia

2045 5338 2140 5380 Sua
2174 5326 2348 5394 pacis,
2385 5337 2550 5397 atque
2589 5331 2918 5395 concordia,
2950 5347 3070 5400 qua
3111 5348 3209 5402 per
3255 5343 3307 5389 te
3339 5338 3512 5391 scissa
3545 5349 3651 5400 est,

2044 5415 2286 5470 stabiliat
2319 5415 2731 5474 fundamentum
2766 5438 2780 5474 :
2811 5421 2866 5476 in
2897 5421 3004 5478 fine
3033 5423 3161 5478 libet
3190 5425 3305 5481 hac
3350 5427 3650 5499 plangere:

2325 5521 2440 5576 IIeu
2468 5525 2480 5576 !
2511 5525 2670 5580 sedes
2701 5528 3016 5596 apostolica,

2398 5614 2560 5670 Orbis
2584 5616 2714 5669 olim
2744 5617 2939 5685 gloria,

2391 5703 2570 5768 Nunc,
2603 5707 2769 5775 prob!
2804 5706 3032 5764 eniceris

2400 5797 2618 5853 Ollicina
2650 5798 2906 5854 Simonis.
