4260 6408
799 380 903 434 ΞΗ

1147 492 1348 546 Terunt
1386 491 1627 544 incudem
1653 491 1846 555 mallei,

1215 580 1430 634 Nummi
1459 590 1582 634 sunt
1612 578 1856 646 tartarei,

1215 666 1369 721 Justo
1404 667 1498 722 Dei
1517 668 1723 736 judicio

1215 755 1304 811 Fit
1336 757 1438 811 ista
1469 758 1724 812 conditio.

1148 847 1216 903 Ut
1248 849 1494 917 quisquis
1523 847 1865 916 apostolicam

1216 935 1408 990 Sedem
1438 937 1601 991 semel
1628 944 1926 1004 comparat,

1214 1023 1323 1094 44,
1353 1024 1630 1078 Redimere
1659 1039 1760 1077 non
1791 1025 2024 1091 desinat,

1213 1114 1392 1168 Donec
1421 1114 1560 1168 male
1583 1123 1786 1183 pereat.

1150 1202 1467 1257 Cathedram
1499 1204 1834 1271 pestilentiae,

1218 1295 1443 1350 Pressus
1471 1295 1813 1348 anathemate

1212 1382 1380 1437 Tenet
1411 1401 1529 1438 cum
1561 1386 1931 1440 sacerdotibus

1211 1471 1411 1525 Christi
1435 1473 1882 1539 percmptoribus.

1151 1560 1237 1614 Fit
1263 1563 1360 1617 sibi
1393 1571 1534 1616 terra
1563 1563 1755 1625 ferrea,

1217 1648 1347 1704 lei
1379 1653 1532 1705 sedes
1569 1666 1735 1705 aenea.

869 1737 1159 1808 Diligenter
1185 1739 1346 1809 igitur
1367 1742 1602 1805 intende,
1629 1742 1775 1811 quod
1793 1741 1912 1797 dico
1943 1760 1956 1795 :

929 1831 1127 1886 Fumea
1146 1832 1254 1886 vita
1284 1833 1446 1898 volat,
1471 1848 1615 1888 mors
1642 1835 1928 1904 improvisa
1955 1837 2295 1907 propinquat,

935 1918 1183 1975 Imminet
1203 1920 1395 1989 expleti
1421 1936 1626 1992 przepes
1649 1923 1743 1976 tibi
1776 1924 2038 1977 terminus
2057 1924 2179 1978 sevi.

932 2008 1052 2064 Non
1076 2025 1176 2081 ego
1199 2019 1252 2068 te
1272 2009 1418 2078 fallo,
1447 2021 1624 2081 coepto
1653 2013 1900 2069 morieris
1923 2012 1979 2068 in
2006 2027 2172 2070 anno.

1420 2189 1729 2248 SCIIOLIA.

872 2295 891 2329 ι
933 2274 1340 2352 Cadaloo‘dicto
1365 2281 1636 2349 episcopo,
1662 2281 1854 2338 Petrus
1881 2289 2134 2352 peccator
2163 2295 2352 2337 mona-

797 2345 963 2419 chus,
983 2365 1002 2398 ι
1031 2356 1135 2402 etc.
1161 2345 1364 2414 Quibus
1392 2345 1722 2418 parentibus,
1757 2361 1811 2406 et
1836 2345 2002 2419 patria
2033 2363 2251 2406 exortus
2282 2353 2355 2406 sit

797 2413 1078 2478 Cadalous,
1125 2413 1282 2485 quem
1326 2413 1647 2474 recentiores
1686 2413 1924 2474 nonnulli
1970 2420 2223 2475 Cadalum
2256 2438 2351 2475 vo-

797 2494 940 2546 cant,
982 2485 1065 2538 vel
1104 2485 1659 2557 Cadaleunnoptime
1697 2505 1780 2543 me
1826 2491 2122 2544 docuerunt
2171 2499 2350 2542 vetera

797 2563 1140 2607 monumenta
1169 2557 1368 2608 archivi
1400 2556 1726 2612 Veronensis
1754 2560 2065 2612 monasterii
2098 2559 2156 2612 S.
2191 2559 2354 2613 Geor-

797 2622 868 2694 gii
923 2636 1001 2694 ex,
1036 2623 1269 2694 Di‘aida.
1303 2625 1424 2678 Fuit
1503 2627 1645 2680 enim
1697 2627 1839 2681 ﬁlius
1882 2627 2082 2682 domini
2136 2626 2349 2694 ingeni,

803 2691 1002 2760 domini
1025 2690 1276 2746 Guizardi
1302 2695 1512 2748 comitis
1538 2696 1604 2748 de
1630 2695 1923 2760 Sabulono,
1953 2698 2092 2760 quod
2115 2690 2349 2750 castrum

799 2759 867 2812 ab
895 2759 1080 2813 eadem
1110 2761 1324 2815 civitate
1355 2777 1459 2815 non
1488 2763 1714 2817 multum
1745 2759 1928 2818 distat.
1960 2759 2222 2819 Cadalons
2251 2766 2348 2817 ita-

797 2842 920 2896 que,
965 2838 1117 2896 patre
1146 2837 1198 2883 et
1236 2845 1334 2884 avo
1363 2833 1461 2884 vita
1492 2833 1777 2896 defunctis,
1806 2850 1909 2887 una
1941 2849 2062 2887 eum
2092 2834 2348 2888 fratribus

797 2895 1081 2970 Veteliam.
1101 2897 1432 2970 habitaturus
1461 2904 1685 2956 accessit
1715 2920 1727 2954 :
1759 2904 1997 2970 vixitque
2039 2904 2090 2955 in
2133 2905 2348 2970 regione

795 2966 856 3017 S.
885 2965 1117 3019 Faustini
1158 2967 1208 3018 in
1237 2977 1386 3022 curte
1419 2970 1587 3023 ducis.
1616 2972 1769 3024 Anno
1806 2965 1933 3025 vero
1960 2972 2154 3026 Christi
2188 2965 2343 3034 Ῐυίὲ,

796 3033 1025 3087 clericali
1052 3035 1239 3110 o_ri_li_n_e
1271 3037 1592 3110 insignitus,
1610 3055 1780 3108 neque
1808 3041 1962 3110 longe
1991 3051 2107 3108 post
2135 3033 2348 3094 circiter

796 3118 1012 3176 annum,
1049 3103 1295 3176 videlicet
1323 3103 1479 3169 1015,
1511 3103 1794 3176 episcopus
1823 3103 2130 3162 Parmensis
2164 3110 2346 3163 Eccle-

798 3154 1794 3246 asaam...‘ai'.;.a'.;.;i.;;i;a;aa:
1827 3154 2128 3246 '..‘.‘.'.'.'.'."g:.'.:
2163 3154 2345 3231 sibi-
2371 3154 2419 3216 c

798 3241 1014 3316 "edicti,
1044 3241 1226 3316 regula
1279 3241 1640 3316 militantibus,
1678 3241 2059 3316 monasterium
2092 3248 2344 3316 erigere;

796 3309 936 3376 quod
959 3319 1014 3382 et
1045 3309 1272 3382 feliciter
1301 3314 1564 3380 pnestitit.
1601 3315 1700 3368 sibi
1747 3317 1895 3382 prius
1923 3331 1952 3368 a
1981 3309 2222 3369 Walter-6
2251 3309 2349 3369 Vc?

796 3379 1014 3454 ronensi
1043 3380 1310 3454 episcopo,
1335 3397 1492 3450 super
1513 3384 1681 3450 ripam
1706 3379 1919 3454 Athesis
1937 3383 2170 3439 ﬂuminis
2185 3399 2347 3454 prope

796 3448 1038 3521 eamdem
1104 3448 1420 3512 civitatem}
1497 3448 1752 3507 concesso
1815 3453 1930 3507 loco
1998 3448 2348 3521 cegnm'ncn'to

795 3517 1012 3587 llraida,
1055 3532 1214 3587 quem
1257 3521 1490 3587 paternis
1530 3521 1682 3575 benis
1722 3523 1961 3576 dotatam
2010 3517 2348 3576 sanctissimo

798 3586 1019 3656 martyri
1050 3585 1279 3654 Georgio
1309 3590 1660 3644 consecravit.
1706 3590 1784 3644 Ex
1811 3592 1916 3646 ‘his
1959 3591 2114 3645 facile
2155 3601 2236 3646 est
2266 3606 2350 3644 re-

801 3656 1068 3730 centiores
1110 3657 1317 3730 diversa
1363 3659 1429 3710 ab
1476 3659 1561 3712 bis
1603 3661 1896 3714 scribentes
1937 3662 2226 3730 corrigere.
2274 3660 2350 3715 De

797 3722 1020 3798 tiadaloi
1056 3725 1107 3777 in
1152 3726 1514 3798 antipapatum
1557 3730 1850 3798 evectione,
1902 3730 2052 3798 plura
2082 3722 2350 3785 habentur

799 3792 928 3862 dist.
954 3793 1044 3855 9.5,
1072 3809 1188 3862 cap.
1223 3792 1282 3846 In
1319 3792 1520 3849 nomine
1547 3796 1772 3850 Domini.

876 3881 892 3912 ι
917 3861 1090 3934 llabes
1111 3878 1248 3914 nunc
1270 3863 1489 3918 forsitan
1513 3866 1742 3924 mitram.
1770 3868 1954 3930 babes,
1971 3870 2122 3934 juxta
2145 3881 2344 3921 morem

799 3933 1021 4005 ltoimini
1069 3933 1621 4005 pontilicis,rubram
1649 3950 1892 4002 cappam.
1950 3933 1981 3987 ι
2015 3937 2136 3990 llzec
2180 3942 2364 4005 eappa‘

798 4000 956 4053 rubra
981 4003 1169 4054 merito
1188 4017 1218 4074 Aa
1243 4002 1488 4074 maximis
1507 4000 1764 4057 Ecclesiieﬁ
1781 4005 2120 4072 pontiﬁcibus
2139 4000 2345 4074 suns-pta

801 4081 880 4121 est
909 4081 1158 4141 tauquam
1187 4072 1393 4139 insigne
1417 4073 1575 4141 regize
1605 4075 1884 4141 potestatis
1914 4093 1926 4127 :
1952 4086 2090 4128 eteo
2117 4072 2346 4128 maxime

800 4140 939 4209 quod
969 4140 1054 4209 hic
1083 4139 1229 4192 color
1253 4141 1302 4191 in
1329 4139 1773 4206 vcste‘pon‘tihcis
1803 4143 2164 4206 llelmeortnn,
2193 4143 2344 4209 jussu

799 4207 894 4261 Dei
921 4208 1187 4261 adhibitus
1224 4217 1307 4262 cst
1347 4226 1358 4260 :
1414 4228 1430 4259 ι
1473 4209 1694 4264 Facient
1723 4220 1898 4264 autem
1946 4212 2130 4274 (habet
2176 4207 2343 4263 Exod.

797 4275 987 4346 xxvm)
1010 4277 1443 4350 sititet-litlmerale
1467 4279 1532 4332 de
1554 4295 1704 4342 auro,
1727 4290 1786 4350 ct
1815 4281 2122 4350 hyacintho,
2146 4289 2198 4332 et
2225 4295 2348 4348 pur-

798 4360 951 4418 pura,
972 4345 1255 4418 coccoque
1283 4345 1364 4418 bis
1407 4347 1587 4411 tincto,
1614 4357 1687 4418 iet
1727 4345 1886 4418 bysso
1919 4357 2146 4408 extorta.
2186 4345 2348 4417 opere

800 4414 1073 4483 polymito.
1127 4433 1163 4486 ιγ
1195 4415 1259 4468 Ει
1296 4417 1452 4486 etiam
1494 4435 1505 4468 :
1546 4435 1565 4468 ι
1613 4417 1729 4486 ipsa
1763 4414 1978 4486 quoque
2009 4414 2238 4479 textura,
2296 4427 2349 4470 et

805 4493 992 4536 .ziiiieta
1022 4485 1197 4552 Operis
1220 4485 1455 4558 varietas
1473 4487 1575 4558 erit
1596 4485 1661 4541 cit
1692 4485 1843 4549 auro,
1875 4485 1927 4541 et
1957 4488 2264 4558 hyacintho,
2292 4496 2343 4538 et
2376 4498 2423 4558 ι)

827 4567 1058 4621 inrpura,
1103 4567 1367 4619 coccoque
1409 4555 1488 4607 bis
1525 4557 1711 4618 tincto,
1754 4567 1809 4609 et
1848 4555 2007 4625 bysso
2055 4565 2273 4609 retorta.
2323 4574 2340 4605 ι

802 4568 880 4675 Le
923 4621 1077 4675 huius
1120 4621 1312 4674 coloris
1350 4621 1734 4675 significatione
1775 4626 2032 4675 videndus
2074 4635 2155 4675 est
2199 4624 2340 4675 Phile

829 4624 880 4691 )e
923 4621 1312 4691 liujus‘coloris
1350 4621 1734 4691 significatione
1775 4621 2032 4677 videndus
2074 4635 2155 4677 est
2199 4624 2347 4677 Philo

803 4690 918 4762 (lib.
949 4705 986 4742 ιι
1018 4688 1268 4762 Allcgor.)
1298 4701 1350 4744 et
1373 4688 1427 4762 Si
1455 4691 1671 4747 llieron.
1703 4695 1776 4760 (in
1811 4694 1972 4758 Epist.
1999 4696 2066 4746 ad
2091 4693 2345 4762 Μίνωα.)

808 4761 949 4812 Sane
967 4769 1019 4813 et
1044 4760 1320 4827 pontifices
1344 4761 1540 4814 ethnici
1569 4763 1620 4814 in
1650 4763 1778 4816 urbe
1805 4763 1994 4824 iteina,
2028 4763 2159 4815 stola
2186 4760 2346 4814 etiam

804 4843 1072 4899 purpurea
1108 4827 1188 4899 usi
1234 4831 1528 4899 snntcnjus
1565 4832 1919 4884 meminerunt
1945 4831 2190 4884 Aurelius
2217 4831 2349 4883 I’ru-

806 4894 1015 4950 ili-trtius
1039 4896 1112 4968 (in
1141 4894 1421 4968 l’eristeplt.
1441 4894 1604 4951 carm.
1631 4901 1694 4951 de
1709 4900 1766 4953 S.
1795 4901 2054 4968 Stephano
2079 4901 2346 4967 inm-tyrr),

804 4977 860 5018 et
887 4964 1206 5038 recentiores
1230 4964 1303 5032 (in
1321 4964 1512 5038 fidunt.
1562 4971 1629 5020 ad
1679 4964 1932 5038 Turilunt,
1981 4985 2139 5038 prope
2180 4964 2346 5034 piiuc.

806 5038 843 5087 l.
898 5034 978 5101 ιι),
1021 5034 1109 5087 ubi
1161 5033 1271 5086 lucc
1321 5033 1561 5102 leguntur
1603 5054 1615 5088 :
1663 5054 1681 5086 ι
1729 5037 1868 5100 Nos,
1922 5033 2120 5092 eadem
2177 5038 2350 5089 betam

805 5104 1124 5158 Germanico
1166 5103 1396 5171 quietem
1447 5105 1599 5168 tulit,
1642 5106 1877 5173 viditque
1925 5121 1985 5160 se
2029 5117 2304 5173 operatum
2333 5147 2347 5168 ,

806 5184 860 5226 et
903 5173 1169 5242 sanguine
1206 5186 1378 5242 sacro,
1404 5187 1643 5241 respersa
1683 5184 1937 5241 pra'texta
1991 5173 2345 5242 pulchriorem

807 5245 962 5294 aliam
1010 5241 1430 5312 inanibusmavim
1461 5243 1714 5309 Angusta:
1742 5241 2026 5312 accepisse.
2071 5262 2088 5292 ι
2134 5241 2197 5295 Ει
2243 5242 2345 5295 Ζο-

808 5314 979 5365 zintns
1029 5324 1210 5364 comes
1247 5309 1358 5376 (lib.
1405 5311 1478 5379 iv)
1535 5313 1657 5364 dum
1706 5309 1890 5366 delatae
1934 5313 1997 5365 ad
2034 5312 2349 5364 Gratianum

807 5380 1166 5433 Christianum
1228 5379 1553 5447 principem,
1603 5391 1876 5448 praetexue,
1929 5381 2243 5448 pontiﬁciaa,
2297 5390 2353 5433 et

809 5459 1002 5517 spretae
1054 5448 1296 5519 meminit
1329 5465 1341 5498 :
1374 5467 1403 5519 lc
1451 5449 1748 5519 Cuinergo
1778 5491 1792 5516 ,
1862 5451 2074 5519 inquit,
2138 5451 2352 5518 pontiﬁ-

810 5516 899 5570 ces
945 5533 1008 5570 ex
1049 5531 1196 5570 more
1236 5516 1491 5572 Gratiano
1544 5516 1706 5571 taleni
1757 5516 2006 5573 amictum
2050 5516 2354 5572 attulissent

810 5586 916 5654 [ιδ
944 5595 1219 5640 aversatus
1245 5594 1326 5655 est
1355 5587 1430 5650 id,
1457 5589 1595 5655 quod
1627 5588 1906 5654 petebant,
1937 5599 2080 5643 ratus
2107 5605 2211 5642 non
2235 5601 2354 5642 esse

815 5658 893 5707 tu».
920 5655 1199 5709 illiusmodi
1231 5654 1408 5709 habitu
1432 5654 1851 5712 Christianorum
1888 5661 1981 5710 uti.
2022 5678 2040 5712 ι
2088 5658 2354 5713 Cmterum

819 5726 880 5776 de
909 5741 1069 5794 (mppx
1103 5726 1202 5780 ista
1230 5723 1404 5790 rubra,
1437 5742 1590 5795 quant
1619 5727 1893 5796 pontiﬁces
1926 5728 2147 5782 lionumi
2181 5742 2240 5793 ut:
2275 5736 2352 5782 la-

1283 382 1340 435 S.
1383 380 1583 435 PETRI
1621 378 1902 435 DAMIANI
1936 379 2085 434 OPP.
2115 378 2290 434 PARS
2327 378 2454 436 SEU
2485 379 2714 437 TOMUS
2751 383 2789 437 l.
2829 415 2895 424 —
2927 384 3139 438 EPlST.
3177 382 3303 436 LIB.
3346 381 3478 437 Vill.

2381 1829 2428 1890 Β

3915 381 4025 439 248

2378 497 2427 554 Α
2455 495 2606 566 bant,
2633 496 2798 551 habes
2823 497 2966 552 clara
2996 498 3294 552 testimonia
3324 497 3463 566 apud
3499 495 3752 566 doctores
3781 505 4028 566 nostros.

2453 563 2641 634 Petrus
2670 566 2932 634 Diaconus
2962 567 3026 620 de
3053 567 3265 621 Victore
3289 563 3490 634 ll|'(iib.
3535 581 3593 618 ιιι
3626 565 3824 619 Chron.
3864 565 4026 628 Cres"

2453 647 2501 686 c.
2528 633 2614 700 65)
2651 651 2677 704 :7
2703 652 2721 683 ι
2763 633 2878 688 Uno
2906 637 3066 702 igitur
3093 636 3302 697 animo,
3329 636 3572 702 parique,
3605 649 3876 704 consensu
3900 650 4033 704 cap-

2455 710 2564 753 tum
2597 741 2610 763 ,
2667 703 2890 756 invitum
2944 705 3068 757 licet
3117 720 3180 757 ac
3239 706 3562 758 renitentem
3600 703 3667 755 ad
3718 703 4028 756 Ecclesiam

2452 769 2654 824 Christi
2688 773 2956 840 imartyris
3000 773 3176 826 Lucizc
3231 774 3532 840 perducunt
3578 791 3590 825 :
3642 771 4033 839 ibique,juxta

2452 853 2653 910 morem
2687 839 2935 894 Ecclesiae
2960 882 2972 902 ,
3007 841 3177 895 electo
3203 840 3437 894 Victoris
3473 855 3669 895 nomen
3715 842 4027 910 imponunt.

2455 908 2558 960 Sed
2588 910 2836 975 quoniam
2871 911 2983 962 haec
3007 911 3206 973 omnia,
3244 911 3320 963 uti
3351 911 3586 963 diximus
3613 951 3626 972 .
3669 908 3860 964 contra
3909 910 4033 976 ejus

2455 978 2690 1046 animum
2740 979 2937 1031 lichant
2962 1019 2976 1041 ,
3003 994 3224 1046 cappam
3258 979 3474 1045 quidem
3531 981 3754 1032 rubeam
3803 979 3983 1033 induit
4015 1019 4029 1040 ,

2453 1044 2571 1097 alba
2612 1060 2737 1115 vero
2779 1061 2898 1100 eum
2950 1044 3169 1102 induere
3210 1044 3489 1115 nunquam
3539 1057 3854 1115 potuerunt.
3908 1068 3927 1100 ι
3964 1048 4036 1101 Et

2455 1116 2597 1183 (cap.
2629 1114 2717 1182 67)
2750 1133 2762 1167 :
2812 1135 2830 1165 σ
2865 1116 3045 1169 Victor
3073 1116 3320 1183 precibus
3347 1114 3412 1170 ac
3466 1114 3769 1170 rationibus
3815 1118 3985 1170 cessit
4013 1156 4029 1177 ,

2453 1182 2876 1252 electionemque
2917 1182 3265 1251 pta-te’ritam.
3305 1200 3522 1240 crucem
3550 1225 3564 1249 ,
3611 1200 3675 1239 ac
3723 1201 4032 1252 purpuram

2454 1253 2773 1322 resumenda
2798 1293 2811 1316 ,
2843 1254 3094 1306 ﬁrmavit.
3135 1274 3153 1306 ›
3184 1253 3299 1307 Lib.
3332 1270 3406 1317 tv,
3438 1269 3558 1322 cap.
3587 1253 3622 1307 2
3643 1294 3657 1314 ,
3704 1253 3771 1308 de
3804 1253 4033 1309 Urbano

2453 1318 2494 1372 ll
2525 1319 2637 1372 lucc
2661 1321 2735 1373 ait
2769 1339 2780 1374 :
2823 1341 2840 1372 ι
2866 1323 2946 1375 Ab
2976 1324 3222 1376 omnibus
3253 1325 3458 1391 rapitur
3481 1318 3514 1386 ,’
3536 1334 3590 1377 et
3618 1323 4028 1391 ilaneagexutus

2453 1396 2623 1461 veste,
2654 1405 2980 1461 purpuream
3013 1392 3199 1461 Aindnit
3241 1390 3486 1461 cappam.
3545 1411 3564 1444 ι
3601 1390 3727 1446 Οιιο
3768 1390 4024 1446 Frinsin-

2453 1459 2724 1530 gensisde
2758 1458 2932 1514 Leone
2963 1458 3032 1514 IX
3065 1460 3210 1530 (Chr.
3241 1458 3416 1514 lib—[vr
3445 1502 3460 1523 ,
3501 1476 3553 1514 c.
3592 1461 3681 1529 85)
3711 1479 3723 1513 :
3765 1479 3782 1511 ι
3816 1461 3899 1513 Ad
3932 1475 4028 1515 se-

2454 1527 2572 1579 dem
2612 1526 2663 1579 B.
2698 1527 2860 1594 Petri,
2916 1529 3021 1592 ait,
3049 1526 3368 1594 {destinatus
3417 1532 3612 1592 fuerat,
3654 1526 3890 1597 cumque
3931 1543 4027 1583 as—

2454 1606 2661 1668 elttnpta
2687 1611 2919 1668 purpura
2957 1598 3244 1668 pontifican
3275 1613 3368 1668 per
3393 1598 3593 1668 Gallias
3630 1599 3732 1651 iter
3766 1606 3975 1668 ageret,
4002 1617 4023 1649 ι

2455 1675 2558 1716 etc.
2592 1665 2816 1720 Carolus
2847 1667 3096 1730 Sigonius
3124 1669 3189 1720 de
3211 1665 3420 1720 Calixto
3443 1666 3508 1719 XI
3539 1668 3786 1722 scribens
3808 1665 3880 1720 'in
3909 1680 4028 1719 rem

2453 1743 2690 1786 nostram
2715 1736 2787 1786 ait
2810 1736 2894 1801 (de
2927 1734 3049 1804 Reg.
3085 1735 3208 1787 Ital.
3246 1735 3336 1788 lib.
3371 1749 3423 1800 Χ,
3455 1737 3522 1788 ad
3547 1751 3634 1790 an.
3669 1736 3793 1803 H9)
3820 1753 3836 1789 :
3883 1753 3902 1784 ι
3934 1734 4032 1790 Ille

2456 1815 2584 1854 vero
2612 1804 2832 1872 veritus,
2860 1819 2927 1858 ne
2951 1804 3143 1857 electio
3167 1820 3261 1859 sua
3288 1820 3316 1857 a
3343 1804 3601 1858 Romanis
3622 1804 4031 1872 antiquaretur,

2459 1871 2654 1942 restitit
2694 1889 2707 1924 :
2745 1887 2845 1942 nec
2866 1887 2922 1926 se
2949 1873 3225 1942 chlamyde
3267 1875 3516 1928 coccinea
3539 1873 3724 1928 ornari
3743 1871 3767 1937 ;’
3794 1873 3902 1942 nisi
3936 1872 4034 1927 lit-

2459 1940 2625 2011 teris,
2682 1941 2988 2011 nuntiisque
3039 1940 3204 1996 Roma
3250 1957 3413 2011 super
3442 1944 3646 2011 hacrre
3691 1941 3950 2011 acceptis.
4001 1959 4026 1994 ι

2455 2007 2790 2082 Postremum
2813 2011 2878 2064 de
2894 2007 3004 2082 hac
3031 2026 3264 2082 purpura
3294 2007 3496 2082 mentio
3539 2010 3598 2082 ﬁt
3643 2011 3696 2082 i_n
3720 2007 3854 2082 cap.
3887 2008 4035 2082 (Ion-

2455 2078 2730 2147 xtqutinus,
2770 2078 2908 2147 apud
2934 2078 3268 2143 Gratianum,
3299 2080 3366 2135 96
3396 2080 3549 2145 dist.,
3573 2079 3627 2133 in
3658 2079 3773 2132 haec
3807 2079 3973 2134 verba
4008 2092 4028 2133 :

2460 2164 2479 2197 ι
2517 2145 2894 2218 Verumtamen
2934 2147 3264 2218 chlamydem
3294 2163 3641 2218 purpuream,
3681 2157 3849 2217 atque
3882 2147 4031 2201 tuni-

2454 2229 2572 2269 cam
2611 2217 2913 2285 coecineam
2933 2257 2946 2279 ,
2977 2237 2994 2268 ι
3026 2226 3130 2270 etc.
3166 2217 3440 2284 lntellige’,
3487 2217 3783 2285 imperator
3814 2231 4035 2271 summo

2453 2284 3191 2366 pontiﬁcihquemadmodum
3215 2294 3269 2340 et
3314 2283 3428 2353 ipse
3474 2283 3719 2366 poritifex
3747 2285 3808 2341 S.
3842 2285 3910 2342 Β.
3957 2285 4028 2342 Ε.

2453 2353 2815 2409 cardinalibus
2842 2355 3004 2410 etiam
3031 2355 3226 2408 utenda
3250 2353 3534 2410 concessit.

2973 2461 3304 2517 EPISTOLA
3346 2462 3488 2516 XXI.

2488 2591 2555 2631 Αἰ)
2605 2591 2820 2631 Εωιυειι
2857 2589 3132 2630 ωυιιοιιιι
3177 2590 3464 2629 εριεοορυιι
3502 2589 3816 2630 ΡΑιιιιειιεει
3839 2614 3856 2641 ,
3896 2592 3992 2639 QUI

2857 2661 2926 2698 ΕΤ
2962 2659 3218 2698 ιιοιηοιιιιιε
3256 2661 3293 2698 ΙΙ
3335 2660 3615 2698 ΑΝΤΙΡΔΡΔ.

2449 2735 2844 2792 Anccueuruu.
2879 2765 2946 2775 —
2975 2734 3172 2788 Scribit
3207 2735 3397 2788 iterum
3438 2735 3504 2786 ad
3555 2734 3805 2788 eumdem
3853 2736 4033 2790 scele-

2518 2808 2807 2859 stissimum
2837 2804 3161 2864 Cadaloum.
3194 2805 3304 2871 qui,
3346 2803 3606 2870 superiori
3648 2804 3880 2870 epistola
3924 2821 4027 2858 ac-

2517 2885 2690 2941 cepta.
2723 2890 2823 2925 non
2847 2874 3002 2926 modo
3028 2874 3154 2925 nihil
3173 2875 3236 2927 de
3266 2874 3539 2940 impietate
3565 2874 3848 2926 remiserat
3874 2915 3890 2937 ,
3928 2889 4028 2928 ve-

2520 2960 2638 2996 rum
2687 2945 2847 2994 etiam
2897 2941 3074 3010 pejora
3108 2942 3309 2995 audens
3333 2981 3346 3002 ,
3370 2941 3594 2994 Ruinam
3624 2956 3744 2995 cum
3778 2945 4030 2997 exercitu

2519 3013 2774 3065 violenter
2807 3012 3098 3079 ingressus,
3129 3026 3300 3078 pugna
3332 3025 3453 3063 cum
3489 3011 3820 3064 adversariis
3858 3027 4018 3064 eom-

2527 3083 2690 3134 missa
2723 3080 3115 3133 cruentissian
3141 3079 3336 3148 stragis
3366 3087 3556 3132 auctor
3580 3080 3888 3148 exstiterat.
3907 3079 4030 3133 Non

2521 3163 2698 3203 autem
2751 3165 2928 3212 nunc,
2979 3159 3036 3200 ut
3087 3157 3242 3201 antea
3262 3147 3508 3212 "fecerat,
3540 3165 3661 3202 eum
3711 3164 3776 3202 eo
3829 3147 4033 3202 leniter

2517 3221 2626 3288 agit
2663 3237 2674 3270 :
2704 3220 2796 3271 sed
2827 3233 2912 3288 ea.
2941 3231 3043 3288 qua
3089 3227 3328 3288 meretur
3355 3256 3389 3288 ,ί
3411 3219 3701 3288 severitate
3733 3227 3964 3288 accusat
3999 3232 4017 3270 :

2516 3287 2572 3342 et
2594 3289 2694 3341 nisi
2731 3287 2942 3340 tandem
2972 3287 3608 3356 aliquandoresipiscat,
3645 3287 4020 3356 prepinquum

2518 3358 2711 3412 divina:
2737 3356 2956 3410 ultionis
2983 3355 3182 3409 fulmen
3214 3355 3516 3409 minitatur.

2514 3469 2728 3524 Perses
2770 3477 3022 3538 peccator
3078 3467 3414 3532 monachus,
3481 3465 3732 3522 CADALOO
3785 3469 4022 3539 pseudo-

2448 3561 2721 3630 cpisc0po,
2753 3558 2895 3627 quod
2924 3565 3184 3610 uteretur.

2518 3649 2574 3702 Si
2601 3646 2790 3702 Ninive
2815 3654 2937 3714 post
2959 3644 3389 3713 pmdicationem
3411 3640 3560 3697 Jonaz
3587 3643 3660 3696 ita
3692 3650 4020 3700 constanter

2449 3754 2476 3791 a
2501 3751 2595 3791 sua
2626 3750 2682 3790 se
2711 3735 2974 3803 pravitate
3001 3731 3318 3800 corrigeret,
3345 3738 3406 3784 ut
3443 3731 3639 3800 spretis
3661 3729 3828 3785 semel
3851 3732 4027 3796 vitiis,

2447 3829 2622 3880 denuo
2669 3839 2725 3878 se
2754 3821 3054 3876 nullatenus
3104 3819 3465 3888 implicassct;
3515 3819 3780 3888 prepheta
3808 3818 4027 3890 Nahum

2447 3917 2703 3970 adversus
2723 3927 2842 3966 eam
2870 3925 3205 3979 nequaquam
3236 3925 3372 3963 onus
3407 3910 3508 3963 hoc
3559 3908 3804 3974 levaret,
3856 3919 3917 3964 ut
3965 3911 4026 3965 in

2447 4006 2561 4074 ipso
2592 4003 2709 4057 libri
2743 4002 2822 4056 sui
2863 4000 3126 4069 principio
3157 3999 3401 4067 protinus
3431 3999 3482 4051 in
3526 3998 3642 4052 lucc
3688 3999 3852 4053 verba
3890 4014 4025 4069 pro-

2447 4103 2718 4162 rumperet
2753 4111 2765 4146 :
2802 4111 2818 4143 ι
2857 4092 2998 4145 Deus
3026 4088 3306 4143 annnlator
3339 4097 3394 4142 et
3435 4087 3702 4142 ulciscens
3730 4087 4021 4156 Dominus,

2446 4193 2500 4237 et
2548 4185 2747 4236 habens
2777 4181 3012 4233 furorem
3057 4194 3069 4230 :
3117 4177 3382 4231 ulciscens
3427 4175 3685 4231 Dominus
3731 4176 3786 4229 in
3831 4176 4021 4256 hostes

2448 4287 2594 4334 suos,
2616 4282 2669 4326 et
2689 4272 2925 4323 irascens
2947 4269 3057 4336 ipse
3085 4268 3313 4321 inimicis
3339 4267 3450 4320 suis
3469 4264 3641 4319 (Na/1.
3669 4265 3730 4335 ι).
3756 4284 3774 4317 ι
3808 4266 4021 4338 Scripsi

2448 4362 2541 4416 tibi
2584 4374 2752 4430 nuper
2801 4368 3086 4426 antequam
3116 4356 3338 4409 Romam
3370 4371 3490 4410 cum
3521 4356 3845 4412 satellitibus
3869 4356 4026 4413 Satao

2451 4468 2532 4506 nte
2564 4451 2755 4504 fuisses
2781 4461 3081 4517 aggressus,
3109 4445 3433 4498 denuntians
3469 4455 3523 4498 et
3549 4454 3867 4501 contestans
3903 4466 3916 4500 :
3957 4457 4020 4502 ut

2455 4555 2504 4598 te
2541 4559 2568 4596 a
2603 4551 2707 4596 tam
2748 4539 2953 4595 cruenti
3006 4537 3293 4592 moliminis
3356 4538 3652 4593 intentione
3709 4553 4027 4608 compesce-

2452 4647 2560 4694 res,
2598 4629 2706 4700 46
2745 4637 2802 4682 ιιι
2829 4630 2965 4681 intra
3003 4643 3263 4680 mensura:
3285 4642 3394 4681 sua:
3427 4637 3476 4681 te
3499 4637 3647 4697 septa
3671 4629 4024 4698 repritueres,

2451 4730 2502 4774 et
2527 4734 2623 4772 nec
2646 4727 2847 4771 tnotum
2873 4716 3036 4769 divini
3068 4715 3264 4768 luroris
3301 4715 3586 4768 adversum
3619 4725 3689 4778 te,
3723 4730 3824 4770 nec
3851 4732 4014 4772 Inuu-

2453 4811 2576 4863 dum
2603 4809 2859 4861 adversus
2889 4805 3180 4859 Ecelesiam
3208 4805 3259 4857 in
3287 4803 3419 4857 bella
3453 4803 3655 4857 nefaria
3687 4807 4021 4863 concitares.

2456 4898 2653 4950 Verum
2704 4905 2759 4949 tn
2809 4905 3058 4962 tanquam
3116 4893 3357 4948 Vesuvus
3403 4893 3712 4968 [Vesuvius]
3756 4897 4025 4965 gehennm

2457 4987 2699 5040 ﬂammas
2747 4995 3017 5047 eructans,
3050 4999 3154 5036 non
3205 4984 3479 5052 quiescis;
3510 4987 3753 5053 pecunia:
3783 4987 4021 5056 favillas,

2456 5086 2514 5129 ut
2541 5077 2610 5129 ita
2640 5077 2847 5143 loquar,
2887 5089 2980 5142 per
3026 5072 3277 5141 populum
3333 5073 3559 5142 spargis,
3613 5083 3668 5128 ct
3702 5090 3802 5143 per
3827 5085 4023 5131 :rstum

2454 5167 2717 5235 Cupidinis
2771 5166 3088 5219 miserorum
3143 5164 3419 5217 hominum
3474 5163 3636 5218 corda
3691 5167 4020 5235 corrumpis.

2455 5253 2619 5308 Tuam
2662 5252 2912 5322 proﬂigas
2963 5250 3278 5317 Ecclesiam,
3311 5262 3369 5304 ut
3404 5251 3650 5308 obtincas
3677 5254 3936 5310 alienam.
3963 5256 4024 5310 ll-

2455 5342 2562 5398 linc
2583 5358 2792 5406 aurum,
2836 5350 3224 5411 argentumque
3253 5342 3470 5395 stateris
3499 5343 3821 5411 appenditur
3845 5360 3858 5407 ;
3893 5344 4025 5399 hinc

2458 5435 2851 5504 stipulationes.
2900 5441 3036 5494 rata,
3088 5433 3321 5502 etsigna
3367 5433 3682 5498 procedunt,
3714 5433 3816 5486 sub
3854 5433 4026 5502 hypo-

2459 5525 2700 5578 thecario
2730 5523 2852 5591 jure
2881 5522 3206 5575 monimenta
3259 5522 3430 5586 fiunt;
3465 5523 3650 5589 sicque
3685 5522 4026 5590 prolabantis

2459 5613 2710 5669 Ecclesiae
2733 5615 2930 5684 praedia
2967 5615 3358 5667 distrahuntur.
3397 5612 3559 5666 Ducis
3591 5622 3713 5682 post
3735 5621 3789 5668 te
3818 5623 4021 5682 castra,

2462 5721 2590 5761 auro
2624 5707 2802 5777 potius
2830 5716 3055 5772 armata,
3089 5721 3248 5775 quam
3277 5704 3418 5760 ferro
3443 5721 3455 5770 ;
3488 5713 3540 5759 ct
3569 5704 3645 5760 sic
3667 5707 3873 5762 nummi
3897 5722 4025 5777 ιιι-υς
