4238 6354
327 402 432 458 με

1503 403 1706 459 LIBER
1735 403 2015 470 PRIMUS,
2056 407 2269 465 EPIST.
2309 409 2444 465 XXI.

3503 419 3611 472 250

328 515 583 569 feruntur
606 529 638 570 e
662 514 885 579 loculis,
907 522 1162 584 tanquam
1186 514 1348 586 gladii
1376 516 1657 570 vibrentur
1676 531 1708 569 e
1729 516 1922 569 thecis.
1953 520 2002 577 Α
2030 517 2214 585 (Joan.
2251 522 2388 585 xix),
2409 529 2464 572 et
2498 529 2551 573 tu
2583 519 2635 572 in
2675 518 2812 575 duos
2841 534 3010 589 papas
3040 522 3362 578 catholicam
3388 527 3611 592 partiris

328 604 640 674 Phalangas
695 603 879 675 plane,
924 620 1044 673 qua:
1081 614 1133 659 te
1179 614 1499 673 sequuntur,
1544 606 1610 658 ad
1639 614 1745 658 tum
1777 603 1929 673 signa

327 694 539 749 militia:
564 710 676 748 non
705 704 819 748 tam
850 693 992 758 litui,
1021 695 1284 759 buccinae,
1312 695 1397 749 vel
1419 696 1558 749 tuba
1585 693 1807 763 clangor
1829 707 1926 747 ex-

327 785 484 849 citat,
518 798 693 853 quam
741 798 881 837 vena
912 783 1114 837 metalli
1152 783 1418 838 vibrantis
1467 784 1679 837 invitat.
1711 782 1928 836 Habeas

325 873 496 933 enim,
543 880 604 924 ut
651 872 811 925 aiunt
862 871 1080 934 rustici,
1119 869 1376 941 pugillnm
1420 886 1674 933 aureum,
1722 869 1927 939 frangis

325 974 543 1014 murum
581 957 854 1013 ferreum.
882 959 988 1013 Sed
1009 969 1134 1012 sunt
1179 978 1197 1010 ι
1245 960 1465 1023 divitize,
1517 978 1536 1011 ›
1574 968 1633 1012 ιιι
1673 958 1926 1013 Salomon

323 1048 422 1110 ait,
451 1065 472 1099 ι
503 1058 854 1100 conservatae
877 1047 932 1100 in
958 1047 1158 1101 malum
1196 1047 1396 1102 domini
1429 1048 1511 1102 sui
1543 1047 1738 1116 (Eccle.
1785 1049 1861 1114 v).
1902 1067 1920 1100 ι

323 1135 462 1202 Quid
479 1135 631 1190 enim
653 1135 1058 1206 profuitaurum
1075 1135 1382 1202 Ptolommo,
1410 1137 1521 1206 regi
1548 1136 1928 1208 sciliceth”-

323 1227 398 1297 pti
423 1225 728 1296 (Eanum,
757 1225 901 1280 Hist.
930 1225 1080 1280 Rom.
1108 1227 1205 1281 lib.
1229 1243 1306 1293 νι,
1331 1228 1384 1282 in
1409 1227 1546 1299 ﬁn.).
1568 1229 1658 1298 qui
1681 1239 1801 1298 post
1826 1245 1923 1282 na-

324 1315 444 1369 vale
475 1315 713 1381 bellum,
743 1317 891 1386 quod
914 1317 1055 1371 Julio
1085 1315 1284 1373 Cmsari
1308 1319 1548 1388 perﬁdus
1574 1335 1638 1374 ac
1661 1321 1924 1387 superbus

324 1410 615 1474 intulerat,
653 1420 921 1466 enecatus
951 1409 1220 1472 ﬂuctibus.
1277 1411 1570 1480 neglectus,
1623 1423 1785 1480 atque
1831 1413 1924 1466 de—

327 1512 550 1569 spectus
581 1503 637 1554 in
671 1502 862 1556 littore
888 1502 1004 1556 sine
1026 1503 1248 1558 custode
1269 1503 1508 1572 jacebat,
1540 1520 1640 1558 nec
1664 1505 1823 1559 aliter
1843 1517 1927 1561 est

324 1594 470 1645 inter
521 1603 766 1647 cmteros
799 1595 1038 1662 agnitus,
1088 1595 1192 1648 nisi
1241 1595 1367 1662 quia
1417 1611 1580 1650 aurea
1607 1605 1727 1650 erat
1754 1597 1923 1651 lorica

325 1685 665 1753 pra-cinctus
695 1685 720 1736 ἲ
754 1683 944 1738 Melius
972 1685 1021 1738 ei
1057 1684 1234 1739 fuerat
1265 1687 1365 1740 sub
1411 1701 1656 1756 pannoso
1689 1689 1923 1757 tegmine

323 1773 528 1838 vivere,
559 1787 734 1842 quam
762 1773 818 1828 in
849 1789 1106 1843 purpura,
1133 1773 1216 1828 vel
1240 1789 1373 1829 auro
1393 1777 1594 1845 perire.
1624 1776 1923 1846 Imperator

2031 608 2328 687 Ecclesiam
2365 610 2492 665 Hlli
2542 611 2830 681 pendentis
2873 614 2925 666 in
2959 629 3121 668 cruce
3151 613 3452 669 Salvatoris
3483 632 3609 671 ossa

2030 715 2136 753 non
2175 700 2460 770 frangunt;
2499 711 2554 756 et
2585 711 2639 756 tu
2672 704 2838 757 seetis
2883 702 3139 758 Ecclesia:
3173 705 3450 767 membris,
3492 722 3612 774 qua:

2028 788 2405 856 proculdubio
2451 804 2647 858 corpus
2696 789 2814 858 ejus
2859 799 2961 854 est,
3011 802 3409 846 sacramentum
3443 795 3611 850 violas

2029 877 2253 930 unitatis
2279 877 2302 930 ἲ
2329 876 2550 945 Captam
2580 879 2724 933 bello
2775 895 2957 934 arcam
2987 881 3082 936 Dei
3114 883 3301 945 Israel,
3332 881 3611 938 Philisthi-

2027 980 2219 1018 norum
2243 968 2516 1039 principes
2551 977 2826 1024 temerare
2855 983 2962 1025 non
2999 973 3219 1036 audent,
3245 973 3338 1026 sed
3365 974 3605 1030 clausam

2028 1056 2654 1128 undiqueillibatamque
2675 1072 3000 1115 conservant
3020 1062 3071 1131 (1
3099 1062 3227 1132 Reg.
3254 1063 3341 1133 v);
3375 1074 3428 1117 tu
3454 1065 3611 1120 Chri-

2027 1146 2216 1201 stiana:
2249 1149 2466 1217 pietatis
2504 1165 2784 1216 arcanum,
2817 1162 2872 1207 et
2901 1168 3006 1208 non
3037 1153 3372 1225 lapidearum
3403 1155 3611 1210 tabula-

2027 1250 2166 1297 rum.
2226 1237 2319 1291 sed
2378 1239 2529 1294 verbi
2570 1240 2664 1294 Dei
2712 1241 2840 1307 vivi,
2882 1252 2938 1297 et
2973 1246 3345 1312 permanentis
3389 1245 3611 1301 caeleste

2025 1325 2341 1392 mysterium
2386 1341 2605 1388 vexare.
2647 1343 2712 1382 ac
2749 1330 2958 1385 solvere
3010 1332 3205 1387 niteris
3257 1332 3609 1387 frementium

2026 1413 2212 1465 cuneis
2241 1413 2607 1468 bellatorum?
2630 1416 2686 1471 Si
2717 1416 2826 1472 Oza
2882 1420 3131 1484 moritur,
3162 1422 3287 1489 quia
3316 1423 3606 1478 humerum

2023 1503 2297 1570 supponit,
2331 1520 2397 1558 ne
2420 1521 2544 1560 arca
2573 1507 2784 1562 Domini
2815 1519 3037 1564 corruat
3064 1508 3137 1578 (V
3167 1511 3293 1579 Reg.
3328 1519 3402 1577 vi)
3429 1530 3442 1575 ;
3475 1515 3606 1582 quid

2023 1590 2101 1644 illi
2136 1594 2330 1647 merito
2376 1594 2492 1659 ﬁet,
2539 1599 2630 1665 qui
2664 1614 2722 1652 se
2769 1615 2932 1669 super
2967 1599 3263 1655 Ecclesiam
3294 1601 3517 1665 Christi,
3547 1613 3608 1657 ut

2024 1680 2077 1732 in
2107 1680 2222 1749 ejus
2244 1682 2398 1736 ruina
2443 1683 2556 1752 ipse
2597 1686 2848 1741 sublimis
2885 1688 3154 1769 videatur,
3180 1688 3434 1743 exaltat?
3469 1691 3607 1745 Audi

2024 1771 2152 1838 quid
2186 1771 2280 1826 tibi
2310 1786 2407 1841 per
2437 1774 2667 1828 Abdiam
2693 1775 2874 1830 divina
2900 1791 3003 1831 vox
3029 1777 3176 1832 dicat
3197 1778 3355 1848 (ΑΜ.
3403 1778 3458 1843 5.
3495 1780 3552 1849 ι)
3592 1798 3609 1836 :

322 1857 465 1914 Nero
496 1861 715 1916 retibus
737 1862 923 1918 aureis
946 1861 1258 1932 piscabatur
1279 1863 1567 1934 (Eua-non,
1597 1845 1738 1918 Hist.
1767 1863 1918 1920 Rom.
1951 1845 1997 1906 Β
2032 1878 2050 1912 ι
2086 1861 2348 1932 Superbia
2379 1865 2559 1920 cordis
2591 1867 2668 1919 tui
2710 1867 2906 1922 extulit
2940 1877 2992 1922 te
3022 1845 3355 1925 habitantem
3385 1871 3440 1924 in
3475 1845 3615 1926 scis-

324 1947 417 2005 lib.
444 1950 568 2019 vn),
593 1965 803 2021 eaque,
830 1959 892 2007 ut
919 1952 1162 2007 historia:
1191 1954 1431 2018 tradunt,
1470 1954 1716 2009 blattinis
1739 1969 1770 2010 e
1799 1971 1926 2026 gur-

330 2039 432 2109 gite
462 2038 698 2096 funibus
726 2041 1071 2106 eatrahebat,
1100 2041 1197 2098 sed
1235 2057 1358 2098 eum
1404 2044 1709 2099 nullatenus
1737 2055 1926 2114 potue-

332 2139 454 2184 runt
489 2131 561 2187 ab
586 2131 906 2187 imminenti
936 2133 1270 2200 discrimine,
1298 2150 1474 2206 neque
1500 2136 1720 2200 divitiae,
1749 2149 1926 2204 neque

329 2221 540 2277 delicia
588 2222 856 2278 liberare.
908 2223 1040 2278 Nam
1077 2240 1198 2280 cum
1231 2242 1260 2280 a
1289 2226 1550 2283 Romanis
1587 2244 1684 2298 pro
1717 2228 1926 2282 incom-

329 2312 592 2381 parabilis
629 2315 969 2370 enormitate
994 2313 1182 2386 ﬂagitii
1221 2315 1288 2370 ad
1308 2317 1630 2387 supplicium
1655 2333 1925 2388 quaerere-

328 2415 429 2464 tur,
446 2402 774 2469 pavefactus
794 2417 825 2458 e
843 2403 1046 2474 palatio
1066 2405 1300 2475 fugiens,
1331 2407 1444 2475 ipse
1459 2407 1696 2470 [sibimet
1725 2407 1776 2461 in
1802 2407 1924 2461 sub.

329 2491 482 2546 urbio
532 2491 814 2546 conscivit
861 2493 1159 2548 interitum.
1195 2492 1772 2564 Justinusjimperator
1807 2507 1925 2552 tan-

328 2589 432 2632 tam
449 2581 700 2634 thesauri
730 2581 941 2650 copiam
957 2583 1264 2651 possidebat
1291 2582 1476 2652 (Ριυι.
1509 2600 1675 2648 num,
1694 2584 1768 2638 De
1790 2595 1918 2655 gest.

333 2667 561 2738 Longob.
593 2669 632 2722 Ι.
681 2685 769 2732 ιιι,
805 2685 854 2724 c.
886 2672 994 2740 ll),
1026 2681 1084 2725 nt
1117 2673 1185 2726 ad
1230 2688 1391 2741 opum
1434 2675 1736 2728 custodiam
1787 2690 1925 2728 uxor

329 2759 440 2822 ejus
467 2775 631 2814 arcas
656 2758 871 2814 ferreas
902 2759 1220 2827 fabricaret;
1255 2765 1349 2818 sed
1380 2765 1718 2831 postmodum
1749 2765 1922 2832 impos

329 2846 520 2899 mentis
537 2846 798 2911 effectus,
822 2848 948 2901 dum
971 2862 1028 2902 se
1044 2849 1304 2918 perdidit,
1322 2851 1484 2904 etiam
1507 2867 1753 2920 possessa
1775 2869 1923 2922 qua:-

331 2933 457 2988 libct
490 2950 618 2989 cum
668 2935 807 3004 ipsis
857 2951 1072 3005 quoque
1125 2939 1396 3009 regalibus
1445 2943 1679 3010 sceptris
1714 2943 1918 2998 amisit.

331 3022 476 3077 Unde
502 3025 644 3079 bene
667 3039 771 3094 per
793 3027 1113 3093 prophetam
1151 3029 1350 3083 dicitur
1382 3045 1395 3082 :
1439 3050 1457 3081 ι
1499 3032 1792 3099 Argentum
1821 3046 1916 3086 eo-

330 3127 444 3164 rum
475 3111 626 3168 foras
666 3111 1012 3183 projicietur,
1052 3122 1108 3169 et
1142 3130 1334 3170 aurum
1380 3133 1568 3173 eorum
1604 3120 1656 3172 in
1685 3118 1922 3188 sterqui-

329 3199 512 3254 linium
547 3202 698 3267 erit;
731 3211 1020 3270 argentum
1042 3218 1252 3268 eorum,
1281 3214 1338 3259 et
1365 3221 1555 3260 aurum
1583 3221 1688 3260 non
1719 3207 1920 3261 valebit

330 3290 562 3345 liberare
607 3305 709 3346 eos
771 3290 827 3344 in
857 3290 944 3345 die
989 3289 1188 3348 furoris
1214 3291 1462 3359 Domini;
1505 3296 1742 3349 animam
1764 3310 1919 3349 suam

329 3391 432 3429 non
454 3377 814 3443 saturabunt,
845 3386 903 3432 et
931 3389 1151 3435 ventres
1173 3394 1360 3436 eorum
1387 3397 1492 3436 non
1518 3383 1916 3452 implebuntur;

329 3465 453 3535 quia
478 3467 808 3522 scandalum
840 3467 1145 3536 iniquitatis
1174 3483 1361 3523 eorum
1388 3469 1593 3525 factum
1617 3477 1724 3536 est,
1754 3480 1808 3525 et
1830 3487 1919 3526 or-

330 3565 581 3610 namenta
633 3556 927 3612 monilium
956 3573 1179 3612 suorum
1204 3560 1258 3613 in
1289 3562 1596 3631 superbiam
1623 3573 1920 3632 posuerunt

331 3644 542 3713 (Exerit.
575 3647 702 3716 vn).
749 3665 771 3699 ι
803 3645 1105 3703 Gothorum
1133 3651 1240 3703 dux
1275 3651 1547 3716 Alaricus,
1584 3661 1644 3706 ut
1689 3653 1919 3708 authen-

331 3736 428 3791 tica
451 3747 684 3793 testatur
700 3737 934 3793 historia
968 3738 1313 3807 (Jonaaunzs,
1335 3741 1409 3797 De
1428 3740 1584 3796 Goth.
1608 3741 1914 3812 orig.c.30),

331 3826 452 3880 dum
474 3829 792 3899 inopinatas
821 3843 881 3884 se
905 3830 1184 3898 possidere
1214 3832 1430 3886 divitias
1455 3832 1744 3902 gloriatur,
1775 3834 1917 3903 apud

332 3913 632 3972 Consentia:
659 3919 943 3988 regionem
969 3921 1152 3974 subita
1186 3930 1364 3976 morte
1389 3922 1722 3994 defungitur.
1753 3924 1914 3980 Gothi

331 4018 456 4060 vero
503 4007 764 4077 protinus
819 4007 1116 4063 Barentum
1171 4025 1388 4064 amnem
1440 4026 1469 4064 a
1511 4026 1610 4067 suo
1639 4012 1790 4066 alveo
1819 4028 1919 4081 per

334 4096 492 4152 alium
521 4101 802 4156 tramitem
825 4101 1162 4170 captivorum
1190 4101 1374 4156 labore
1393 4102 1712 4158 deﬂectunt:
1732 4104 1917 4172 sicque

332 4188 601 4246 Alaricum
656 4206 788 4246 cum
835 4189 1019 4245 multis
1065 4191 1259 4261 opibus
1291 4193 1342 4246 in
1382 4193 1568 4248 eodem
1593 4193 1745 4250 alveo
1777 4209 1914 4263 aqua

334 4279 612 4337 deﬁciente
640 4281 936 4350 sepeliunt,
988 4297 1221 4352 moxque
1251 4281 1468 4337 ﬂuvium
1519 4287 1738 4354 proprio
1763 4301 1912 4340 mea-

335 4370 404 4422 tui
427 4369 582 4437 juxta
633 4370 1087 4426 consuetudinem
1119 4371 1350 4426 reddunt
1376 4389 1390 4437 ;
1416 4388 1480 4428 ac
1515 4388 1582 4428 ne
1610 4377 1730 4443 quis
1759 4371 1911 4430 adili-

335 4471 479 4513 scere
525 4459 706 4515 locum
756 4467 962 4529 posset,
1009 4460 1250 4528 captivos
1276 4475 1484 4526 omnes,
1531 4464 1620 4532 qui
1656 4464 1913 4518 interfue-

333 4557 468 4609 rant,
491 4549 901 4604 exstinxerunt.
932 4547 1018 4611 Et,
1053 4562 1086 4603 ο
1109 4549 1316 4602 utinam
1341 4551 1420 4604 sic
1447 4563 1592 4604 tuam
1626 4553 1716 4606 tibi
1748 4568 1911 4622 pecn-

335 4636 471 4689 niam
495 4647 618 4692 tuus
655 4637 829 4692 etiam
860 4635 1012 4690 miles
1038 4637 1327 4703 infoderet,
1373 4654 1440 4694 ne
1479 4656 1576 4710 per
1599 4657 1743 4706 eam,
1771 4644 1910 4698 sicut

330 4723 431 4792 jam
458 4726 642 4796 cmpit,
674 4735 858 4780 status
882 4725 1140 4781 Ecclesiae
1176 4729 1448 4797 deperiret
1480 4731 1492 4780 !
1535 4739 1611 4788 ut.
1631 4733 1771 4799 quod
1798 4747 1911 4785 ma-

335 4813 619 4882 gistrotuo
648 4816 860 4871 dictum
892 4814 1112 4884 legitur,
1146 4816 1242 4870 tibi
1294 4832 1510 4888 quoque
1545 4819 1741 4873 merito
1765 4821 1911 4876 dice-

336 4913 478 4958 retur
521 4923 534 4959 :
595 4924 615 4958 ‹
674 4904 916 4960 Pecunia
971 4915 1060 4958 tua
1111 4916 1288 4961 tecum
1333 4908 1405 4960 sit
1453 4909 1504 4962 in
1546 4909 1906 4978 perditionem

335 4989 465 5057 (Act.
496 4993 636 5062 vni).
671 5014 690 5048 ι
728 4992 930 5048 Habuit
956 5008 1118 5063 porro
1149 5006 1322 5050 mater
1349 4995 1556 5060 Michm,
1597 5000 1737 5053 sicut
1762 5001 1813 5054 in
1843 5000 1908 5055 li-

334 5077 426 5134 bro
469 5079 719 5137 Iudicum
772 5080 972 5150 legitur
1003 5083 1205 5150 (Judic.
1235 5087 1393 5153 xvn),
1435 5098 1740 5155 argentum,
1767 5089 1907 5144 unde

334 5170 608 5226 conﬂatum
623 5173 736 5245 47
755 5171 1076 5238 cstidolum,
1098 5174 1192 5228 sed
1215 5175 1371 5236 absit,
1399 5184 1458 5228 ut
1475 5185 1681 5229 tantum
1704 5192 1770 5231 ex
1791 5178 1904 5242 illa,

336 5271 580 5326 quantum
609 5262 676 5314 de
709 5271 801 5315 tua
833 5262 1080 5328 pecunia,
1114 5263 1380 5330 prodierit
1424 5265 1790 5334 sacrilegium.
1823 5267 1899 5322 Ex

338 5346 419 5400 illa
447 5351 637 5420 qu'ppe
655 5365 872 5406 summa
904 5351 958 5404 in
987 5367 1092 5405 una
1115 5361 1322 5406 tantum
1348 5355 1486 5407 tribu
1515 5354 1676 5409 Israel
1698 5355 1897 5410 factum

339 5448 412 5489 est
456 5440 772 5495 scandalum
798 5455 814 5504 ;
873 5448 961 5493 tua
991 5455 1120 5495 vero
1141 5441 1367 5509 pecunia
1393 5441 1714 5498 Christiana:
1750 5445 1896 5510 ﬁdei,

341 5533 388 5578 et
411 5531 566 5582 totius
589 5539 796 5585 sancta:
826 5529 1078 5585 Ecclesia:
1101 5531 1291 5584 nititur
1315 5542 1560 5588 evertere
1582 5533 1897 5591 fundamen-

343 5623 460 5669 tum.
490 5619 569 5680 Et.
599 5637 633 5675 ο
653 5619 834 5675 scelus
866 5619 1164 5674 inauditum
1195 5619 1208 5672 !
1241 5618 1398 5674 Piiati
1424 5621 1622 5677 milites
1648 5623 1902 5679 inconsu-

346 5708 480 5763 tilem
528 5711 740 5768 Domini
804 5728 912 5766 non
969 5721 1301 5780 przesumunt
1359 5713 1605 5770 scindere
1662 5716 1896 5771 tunicam

1938 4514 1989 4572 D

2027 1953 2171 2008 suris
2193 1965 2496 2023 petrarum,
2548 1954 2879 2011 exaltantem
2909 1957 3103 2013 solium
3130 1970 3301 2014 tuum.
3333 1959 3436 2026 Qui
3474 1960 3612 2015 dicis

2027 2040 2082 2094 in
2113 2041 2276 2096 corde
2308 2050 2437 2096 tuo:
2475 2042 2608 2111 Quis
2642 2044 2892 2100 detrahet
2931 2061 3016 2101 me
3061 2048 3113 2101 in
3148 2058 3352 2102 terram
3390 2049 3415 2101 ?
3447 2067 3466 2099 ι
3504 2048 3604 2107 Ubi

2025 2145 2150 2184 mox
2176 2132 2419 2200 sequitur
2455 2150 2466 2186 :
2513 2152 2532 2184 ι
2571 2131 2627 2188 Si
2661 2133 2930 2192 axaltatus
2961 2136 3128 2192 fueris
3156 2146 3214 2191 ut
3237 2136 3438 2207 aquila,
3477 2147 3532 2192 et
3562 2139 3611 2194 si

2025 2220 2169 2276 inter
2191 2223 2366 2276 sidera
2391 2225 2638 2293 posueris
2661 2225 2845 2280 nidum
2873 2235 3048 2291 tuum,
3078 2229 3202 2282 inde
3222 2229 3506 2283 detraham
3532 2239 3606 2295 te,

2025 2309 2155 2364 dicit
2194 2311 2470 2367 Dominus.
2514 2333 2532 2364 ι
2567 2312 2712 2368 Luce
2760 2314 2963 2370 clarius
3007 2324 3245 2382 constat,
3273 2317 3401 2386 quia
3438 2317 3607 2372 David

2026 2398 2078 2451 in
2113 2413 2292 2468 regem
2337 2416 2437 2469 per
2489 2402 2759 2458 Samuelis
2794 2405 3153 2459 ministerium
3203 2407 3447 2476 ungitur,
3477 2405 3610 2462 Saul

1975 2479 1978 2486 ’
2023 2501 2154 2542 vero
2183 2489 2348 2542 divini
2382 2488 2572 2556 judicii
2603 2493 2874 2547 sententia
2911 2494 3255 2561 reprobalur.
3288 2493 3394 2550 Sed
3433 2496 3608 2552 donec

2025 2574 2154 2630 Sanl
2200 2575 2426 2638 advixit.
2486 2592 2585 2632 nec
2630 2581 2980 2651 perexiguam
3023 2583 3243 2651 quidem
3272 2584 3418 2653 regni
3441 2585 3611 2653 parti-

2023 2663 2200 2717 cuiam
2229 2664 2392 2718 David
2419 2664 2638 2720 sibimet
2665 2683 2927 2737 usurpare
2955 2671 3320 2739 praesumpsit.
3350 2669 3455 2724 Sed
3478 2671 3608 2739 quid

2025 2752 2282 2818 dicimus,
2336 2753 2480 2823 quod
2531 2755 2720 2817 David,
2750 2757 2966 2811 vivente
2994 2756 3140 2820 Saul,
3191 2758 3324 2828 regii
3356 2757 3610 2814 culminis

2024 2843 2234 2912 apicem
2285 2858 2390 2897 non
2423 2845 2667 2899 ascendit
2695 2846 2718 2898 ἲ
2747 2860 2870 2900 cum
2913 2856 2968 2902 et
2989 2861 3054 2902 eo
3077 2849 3240 2902 etiam
3271 2848 3386 2918 jam
3412 2847 3606 2902 defun-

2022 2941 2131 2995 cto,
2165 2946 2506 3000 nequaquam
2560 2948 2685 2988 mox
2715 2934 2782 2988 ad
2821 2935 3114 2991 obtinenda
3158 2939 3360 3005 regalia
3391 2945 3607 3005 sceptra

2022 3035 2081 3074 se
2111 3020 2340 3074 contulit
2367 3038 2381 3085 ;
2416 3022 2508 3075 sed
2537 3031 2714 3076 utrum
2737 3022 2825 3090 jus
2847 3023 3038 3078 saltem
3069 3025 3349 3080 habitandi
3383 3027 3434 3079 in
3467 3041 3602 3096 qua-

2021 3109 2151 3164 libet
2181 3111 2334 3180 regni
2360 3111 2494 3166 urbe
2520 3122 2845 3178 mereretur,
2874 3114 3154 3169 humiliter
3176 3117 3478 3184 inquisivit,
3510 3117 3599 3171 di-

2021 3214 2150 3253 cens
2179 3199 2262 3268 (ll
2293 3199 2422 3269 Reg.
2454 3201 2515 3270 ιι)
2547 3218 2560 3254 :
2599 3221 2617 3252 ι
2655 3201 2793 3256 Num
2823 3205 3113 3258 ascendam
3160 3205 3216 3258 in
3246 3221 3409 3260 unam
3437 3207 3505 3261 de
3528 3207 3608 3262 ci-

2021 3287 2278 3342 vitatibus
2321 3287 2455 3344 Juda
2500 3289 2525 3343 τ
2578 3308 2598 3342 ι
2653 3289 2752 3345 Cui
2789 3307 2914 3347 cum
2961 3293 3222 3349 divinitus
3274 3294 3547 3350 diceretur
3588 3313 3604 3352 :

2027 3395 2047 3428 ‹
2076 3377 2354 3443 Ascende;
2386 3397 2405 3430 ι
2441 3393 2548 3433 non
2576 3394 2723 3445 mox,
2751 3381 2805 3435 in
2831 3396 2995 3451 quam
3027 3383 3131 3438 sibi
3162 3383 3355 3439 melius
3393 3384 3608 3441 videre-

2019 3477 2130 3534 tur,
2163 3470 2396 3525 credidit
2435 3473 2835 3528 ascendendum
2861 3490 2876 3539 ;
2904 3475 3000 3529 sed
3026 3477 3269 3544 geminat
3294 3476 3609 3546 inquisitio-

2020 3575 2165 3623 nem,
2191 3569 2250 3614 ut
2279 3561 2456 3630 capiat
2482 3563 2886 3617 certitudinem.
2916 3563 3147 3634 lnquirit
3175 3565 3352 3620 adhuc
3373 3581 3482 3636 quo
3503 3582 3606 3636 po-

2018 3650 2289 3705 tissimum
2340 3651 2634 3706 ascendere
2680 3651 2896 3719 debeat,
2934 3669 3000 3708 ne
3020 3654 3284 3725 judicium
3331 3670 3390 3710 se
3419 3655 3605 3724 dispo-

2018 3740 2199 3794 nentis
2243 3741 2298 3794 in
2344 3740 2523 3808 aliquo
2574 3739 2660 3795 vel
2708 3741 2953 3806 minimo,
2981 3743 3124 3811 quod
3158 3744 3319 3808 absit,
3347 3742 3603 3800 oﬂendat.

2024 3847 2043 3879 ι
2073 3827 2206 3894 Quo,
2256 3829 2454 3896 inquit,
2500 3830 2861 3884 ascendam?»
2910 3832 3001 3886 Ait
3039 3831 3297 3886 Dominus
3328 3850 3383 3884 τ(
3409 3832 3464 3886 1η
3496 3832 3603 3888 lle-

2018 3915 2178 3972 bron.
2217 3935 2237 3969 ι
2267 3916 2437 3971 David
2473 3932 2605 3989 ergo
2652 3934 2748 3974 rex
2787 3919 2840 3974 in
2869 3934 3036 3989 regno
3066 3922 3167 3975 sibi
3207 3921 3468 3976 divinitus
3499 3932 3605 3978 tra-

2018 4005 2158 4070 dito,
2212 4021 2317 4060 non
2356 4007 2516 4062 modo
2573 4021 2821 4077 regnare,
2853 4011 2947 4064 sed
2998 4025 3068 4064 ne
3105 4011 3322 4080 quidem
3349 4011 3602 4068 habitare

2016 4095 2316 4166 praesumit,
2342 4095 2445 4150 nisi
2467 4097 2663 4152 divina:
2679 4097 2944 4166 jussionis
2975 4099 3152 4155 adhuc
3179 4109 3472 4156 renovetur
3499 4102 3600 4156 im-

2015 4186 2224 4256 perium
2250 4203 2264 4251 ;
2293 4195 2346 4240 et
2378 4203 2493 4251 nos,
2524 4189 2614 4256 qni
2643 4190 2954 4244 sacerdotes
2980 4191 3232 4254 dicimur,
3265 4190 3470 4246 alienas
3499 4191 3600 4246 Ee-

2015 4275 2212 4330 clesias
2230 4276 2545 4344 pra‘donum
2567 4289 2728 4346 atque
2747 4288 3021 4348 raptorum
3048 4295 3197 4335 more
3230 4283 3596 4350 pervadimus.

2015 4381 2214 4433 easque
2246 4366 2448 4420 mundo
2481 4376 2749 4434 stupente,
2782 4367 2893 4422 Deo
2923 4369 3262 4437 prohibente,
3295 4380 3483 4424 contra
3509 4373 3602 4426 de-

2015 4462 2162 4506 creta
2218 4453 2422 4523 legum,
2480 4466 2667 4509 contra
2729 4458 3030 4511 sententias
3083 4473 3370 4524 canonum,
3422 4462 3600 4516 venali

2017 4543 2341 4596 connuercio
2373 4543 2644 4597 redimere
2671 4544 3011 4601 festinamus.
3034 4547 3109 4601 De
3123 4562 3320 4616 qumus
3332 4551 3432 4603 sub
3447 4550 3602 4603 adul-

2014 4639 2252 4685 terorum
2300 4633 2478 4698 specie
2521 4648 2618 4702 per
2649 4631 2939 4689 Jcremiam
2992 4637 3188 4690 dicitur
3236 4656 3249 4691 :
3292 4659 3308 4688 ι
3348 4640 3599 4694 Satnravi

2013 4735 2129 4785 eos,
2161 4730 2216 4774 et
2258 4721 2513 4774 mmchati
2545 4732 2696 4786 sunt,
2746 4735 2801 4778 et
2828 4725 2882 4779 in
2917 4727 3078 4779 domo
3108 4730 3411 4783 meretricis
3443 4730 3601 4782 luxu-

2012 4812 2294 4865 riabantur
2328 4831 2341 4864 :
2373 4813 2495 4880 equi
2525 4824 2799 4868 amatores
2837 4832 2888 4868 ιιι
2915 4817 3146 4870 feminas
3167 4818 3435 4872 emissarii
3467 4820 3598 4876 facti

2012 4912 2156 4967 sunt,
2183 4905 2550 4974 unusquisque
2579 4907 2644 4960 ad
2677 4923 2901 4961 uxorem
2939 4909 3174 4977 proximi
3198 4910 3278 4963 sui
3321 4910 3600 4965 hinniebat

2010 4990 2144 5059 (Jer.
2177 4992 2254 5062 v).
2290 5011 2308 5044 ι
2343 4993 2492 5048 Unde
2545 5003 2599 5048 et
2631 4997 2878 5064 sequitur
2906 5015 2918 5050 :
2963 5016 2982 5048 ι
3040 4996 3294 5068 Nunquid
3319 5016 3482 5069 super
3515 5003 3600 5056 his

2009 5093 2114 5132 non
2166 5081 2416 5146 visitabo,
2457 5081 2588 5136 dicit
2623 5081 2928 5138 Dominus?
2961 5096 3014 5138 et
3061 5085 3114 5138 in
3165 5098 3384 5153 gentem
3435 5088 3598 5142 talem

2007 5185 2115 5224 non
2147 5171 2437 5226 ulciscetur
2461 5173 2636 5226 anima
2668 5173 2832 5226 mea?
2865 5193 2883 5224 ι
2912 5175 3088 5244 (ibid.)
3112 5175 3271 5229 Enim
3305 5191 3436 5230 vero
3457 5180 3599 5232 sicut

2006 5275 2104 5328 per
2148 5261 2400 5320 auxesin.
2420 5261 2620 5314 dicitur
2639 5249 2845 5316 Sancta
2893 5271 3233 5324 sanctorum,
3275 5277 3331 5320 et
3366 5263 3594 5321 Cantica

2003 5353 2368 5416 Canticorum;
2401 5354 2480 5407 sic
2527 5352 2825 5408 Romanam
2856 5353 3153 5409 Ecclesiam
3184 5357 3452 5412 venaliter
3481 5359 3592 5410 dis-

2009 5444 2171 5506 trahi,
2225 5452 2502 5512 peccatum
2537 5454 2622 5499 est
2669 5446 2851 5514 utique
2883 5457 3244 5516 peccatorum.
3279 5448 3592 5513 Quamlibet

2005 5536 2323 5608 “quippe
2346 5536 2639 5591 Ecclesiam
2665 5539 2954 5603 redimens,
2979 5539 3318 5592 Simoniacus
3344 5551 3457 5603 est;
3491 5541 3584 5609 qui

2006 5637 2186 5680 autem
2211 5625 2508 5679 Romanam
2548 5626 2842 5684 l-jcclesiam
2868 5630 2932 5678 ad
2977 5629 3302 5680 taxationem
3343 5630 3585 5695 pecunia:

2009 5717 2226 5788 redigit,
2246 5717 2371 5786 quid
2397 5718 2556 5783 aliud,
2588 5733 2748 5788 quam
2777 5735 2962 5774 uinnes
2990 5736 3084 5787 per
3101 5720 3284 5775 orbem
3313 5730 3578 5776 terrarum
