4238 6356
809 389 908 443 ﬁt

1339 387 1396 441 S.
1439 385 1637 443 PETRI
1681 383 1957 438 DAMIANI
1993 382 2141 437 OPP.
2171 377 2348 434 PARS
2389 373 2524 429 εει]
2565 374 2796 432 τοδιυδ
2831 378 2866 431 l.
2907 408 2970 416 —
3012 376 3224 432 EPIST.
3265 374 3391 430 LIB.
3433 373 3565 430 \‘lll.

3925 84 4084 110 ’⁷1⁵-

3935 371 4032 428 25;!

810 497 1109 560 Ecclesias,
1158 500 1349 564 quibus
1379 495 1464 548 illa
1513 494 1730 564 praelata
1761 502 1843 547 est
1874 533 1887 556 ,
1922 492 2180 546 venaliter
2215 505 2371 542 u-tur-
2398 490 2444 547 Λ
2474 486 2602 540 Cum
2636 498 2786 557 pater
2801 489 2972 561 Magni
3002 491 3336 545 Constantini
3363 488 3729 554 Constantius,
3754 495 3913 561 atque
3936 491 4034 546 Ga-

809 605 938 657 pare
969 587 1279 643 contendit?
1310 587 1450 640 Sane
1495 587 1632 639 sicut
1677 585 1891 652 triginta
1921 585 2157 637 denariis
2203 581 2372 637 ludas

809 680 1062 735 lscariotlt
1089 677 1371 731 Dominum
1386 677 1653 736 vendidit;
1690 677 1758 727 ita
1780 676 1996 745 triginta
2023 674 2372 726 nihilominus

809 765 1209 822 tualedictiones
1238 765 1354 833 ejus
1382 768 1724 833 reperiuntur
1752 766 1804 817 in
1838 765 2062 832 psalmo,
2088 779 2246 831 quem
2272 763 2371 815 ad—

803 870 990 909 versus
1012 870 1132 908 eum
1167 853 1431 922 Propheta
1478 855 1777 923 descripsit.
1815 855 1942 918 Qute
1966 854 2173 906 scilicet
2203 852 2372 905 male-

801 948 1064 1000 dictiones
1087 945 1152 998 ab
1182 960 1245 998 eo
1276 945 1538 998 versiculo
1570 946 1830 1014 incipiunt
1855 985 1870 1009 ,
1900 947 1988 998 ubi
2038 946 2241 999 dictum
2285 953 2372 998 est

802 1037 973 1107 (Psal.
1006 1040 1156 1107 cvm)
1186 1080 1195 1091 .
1227 1057 1245 1091 ι
1276 1039 1550 1091 Constitue
1587 1052 1747 1105 super
1769 1052 1889 1090 eum
1923 1047 2262 1106 peccatorem
2291 1053 2302 1088 :
2343 1053 2361 1086 ι

799 1129 908 1182 illic
935 1137 1112 1182 autent
1141 1128 1428 1190 desinunt,
1459 1127 1546 1179 ubi
1575 1125 1915 1192 subjunctum
1968 1135 2052 1179 est
2097 1142 2110 1177 :
2151 1144 2168 1176 ι
2230 1124 2369 1193 Ope-

798 1217 1004 1270 riantur
1032 1218 1168 1272 sicut
1191 1215 1419 1284 diploide
1443 1214 1753 1268 confusione
1778 1229 1893 1268 sua.
1933 1233 1953 1265 ι
1977 1215 2031 1267 Si
2058 1229 2188 1283 ergo
2208 1211 2364 1278 juxta

795 1307 1000 1376 peccati
1030 1306 1264 1367 modum,
1301 1305 1688 1357 maledictionis
1708 1305 1820 1357 sive
1848 1304 2207 1357 damnationis
2232 1316 2370 1370 pon-

797 1395 1017 1450 deratur
1035 1393 1284 1464 elogium,
1318 1404 1533 1463 quantae
1561 1394 1844 1462 perditioni
1888 1394 2144 1448 Romana:
2178 1393 2363 1446 EceleL

793 1483 888 1538 size
913 1493 1182 1538 mercator
1210 1484 1313 1538 erit
1343 1485 1629 1546 obnoxius,
1663 1484 1753 1551 qui
1785 1485 1908 1536 dunt
1938 1498 2096 1536 uuam
2121 1485 2362 1553 negotia-

793 1586 901 1637 tur,
932 1588 1121 1629 omnes
1143 1573 1298 1627 simul
1330 1573 1599 1628 Ecclesias
1639 1589 1954 1642 comparare
1975 1574 2360 1628 convincitur?

791 1664 1149 1729 Quamobrem
1182 1679 1288 1718 non
1320 1663 1499 1718 subdit
1524 1665 1676 1734 ,hanc
1714 1664 1763 1716 in
1799 1674 1848 1717 te
1900 1664 2202 1735 redundare
2232 1679 2361 1716 sen-

791 1752 1014 1806 tentiam
1037 1793 1052 1817 ,
1083 1768 1243 1821 quam
1289 1768 1384 1822 per
1411 1754 1743 1806 Ezechielem
1788 1754 2042 1807 Dominus
2089 1755 2352 1816 intentat,

788 1844 972 1897 dicens
1005 1859 1018 1894 :
1053 1861 1072 1893 ‹
1114 1843 1268 1896 Venit
1324 1853 1554 1912 tempus,
1593 1858 1758 1911 prope
1787 1854 1870 1896 est
1899 1845 2013 1898 dies
2044 1845 2353 1909 occisionis,

787 1943 841 1988 ct
870 1949 972 1987 non
994 1935 1173 2006 gloria:
1195 1937 1474 1990 montium.
1504 1936 1654 1992 Nunc
1679 1937 1745 1990 de
1767 1940 2064 2007 propinquo
2083 1937 2353 1992 eﬂu‘ndam

788 2023 924 2077 iram
973 2041 1143 2078 meant
1176 2041 1335 2094 super
1366 2035 1417 2080 te
1442 2065 1456 2089 ,
1485 2036 1539 2080 et
1575 2028 1850 2094 complebo
1889 2027 2128 2082 furorem
2177 2042 2354 2081 meum

787 2113 840 2167 in
874 2123 944 2176 te,
977 2112 1300 2181 etjudicabo
1321 2113 1541 2190 tejuxta
1570 2116 1684 2169 vias
1714 2125 1852 2179 tuas,
1879 2127 1932 2170 et
1965 2117 2235 2185 imponam
2263 2117 2354 2169 tibi

787 2206 967 2258 omnia
990 2207 1192 2260 scelera
1222 2217 1310 2260 tua
1345 2226 1357 2260 :
1387 2217 1444 2262 et
1474 2224 1577 2262 non
1609 2220 1795 2277 parcet
1816 2209 2005 2263 oculus
2037 2224 2208 2272 meus,
2260 2223 2355 2262 ne-

783 2311 888 2364 que
914 2295 1232 2356 miserebor.
1263 2298 1355 2352 sed
1381 2299 1494 2352 vias
1523 2308 1642 2352 tuas
1669 2300 1942 2367 imponam
1970 2299 2062 2358 tibi
2091 2339 2106 2362 ,
2143 2309 2197 2353 et
2225 2300 2357 2354 alio-

787 2383 1109 2437 tniuationes
1152 2394 1254 2438 tua:
1299 2386 1351 2438 in
1382 2387 1560 2440 medio
1601 2389 1674 2440 tui
1709 2398 1908 2442 erunt:
1942 2399 1997 2443 et
2039 2390 2178 2443 scies
2229 2390 2353 2457 quia

785 2489 883 2544 ego
913 2491 1028 2528 sum
1071 2476 1327 2532 Dominus
1351 2479 1658 2546 percutiens
1699 2490 1749 2534 te
1779 2481 1994 2550 (Eucti.
2024 2485 2143 2551 vti).
2184 2501 2200 2532 ι
2252 2483 2355 2536 De-

783 2567 969 2621 functo
1018 2568 1228 2623 Caesare
1274 2570 1554 2639 Augusto,
1605 2587 1710 2640 quo
1760 2573 2006 2627 videlicet
2054 2575 2351 2641 imperante

781 2653 1032 2711 Salvator
1054 2659 1235 2711 mundi
1259 2661 1404 2712 nasci
1434 2660 1680 2729 dignatus
1695 2671 1794 2724 est,
1816 2676 2050 2716 maerens
2074 2662 2348 2717 Romanus

779 2746 1005 2818 populus
1035 2746 1256 2816 lugubre
1283 2748 1593 2802 clamitabat
1623 2765 1636 2802 :
1676 2770 1694 2800 ‹
1747 2750 1959 2804 Utinam
1996 2762 2089 2804 aut
2113 2767 2218 2805 non
2260 2767 2346 2804 ua-

779 2845 1041 2899 sceretur,
1074 2846 1167 2889 aut
1189 2853 1291 2890 non
1315 2848 1616 2892 moreretur
1653 2840 1953 2909 (Martyrol.
1982 2839 2129 2894 Rom.
2159 2842 2224 2894 ad
2249 2857 2341 2895 vi:t

779 2922 894 2975 Kal.
914 2921 1033 2977 Jan.
1054 2934 1104 2977 et
1134 2926 1202 2978 ibi
1232 2927 1377 2978 card.
1406 2926 1602 2980 Baaoa.
1622 2929 1882 2989 Eurnoe.,
1907 2928 2293 2997 Hist.lib.vu).
2321 2949 2338 2980 ι

777 3012 852 3065 De
883 3022 933 3065 te
963 3022 1162 3076 autem,
1186 3012 1437 3076 Cadaloe,
1469 3017 1660 3069 merito
1685 3016 1914 3070 dicimus
1951 3035 1962 3070 :
1997 3016 2215 3072 Utinam
2251 3026 2346 3070 aut

775 3115 881 3153 non
909 3103 1240 3174 nascereris,
1266 3113 1356 3156 aut
1383 3104 1525 3158 illico
1561 3107 1873 3159 morereris.
1903 3106 2116 3161 Fuisset
2158 3108 2343 3175 utique

773 3191 924 3260 juxta
960 3191 1292 3260 Scripturam
1313 3192 1445 3262 (Jer.
1479 3195 1592 3261 xx),
1626 3214 1643 3245 ‹
1667 3207 1955 3264 conceptus
1979 3206 2120 3262 tuus,
2155 3212 2348 3252 conce-

774 3291 897 3350 ptus
921 3291 1179 3334 alemus:
1206 3302 1222 3334 ι
1253 3285 1539 3338 abortissct
1564 3295 1733 3340 mater
1756 3298 1862 3351 tua,
1886 3303 1989 3341 non
2006 3290 2303 3357 peperisset
2328 3309 2342 3344 :

777 3381 834 3423 et
859 3371 1102 3424 abortum
1121 3374 1297 3441 potius
1319 3373 1581 3438 funderet,
1608 3391 1766 3444 quam
1792 3379 2029 3431 sobolem
2048 3383 2341 3448 genuisset.

781 3457 973 3512 Narrat
1003 3461 1291 3529 Eutropius
1342 3463 1506 3532 (Hist.
1537 3466 1628 3519 lib.
1662 3469 1735 3533 tv)
1766 3508 1779 3529 ,
1825 3470 1950 3537 quia
1999 3471 2157 3538 paulo
2188 3483 2342 3527 ante-

777 3565 937 3618 quam
961 3549 1241 3619 Saguntini
1271 3553 1606 3607 abAnnibale
1625 3555 1778 3608 famis
1803 3558 1974 3625 inopia
2000 3572 2341 3628 caperentur,

774 3654 838 3692 ac
866 3639 1066 3693 ultimis
1093 3653 1410 3709 cogerentur
1434 3644 1651 3698 interire
1678 3648 1971 3714 suppliciis,
2003 3666 2122 3702 cum
2152 3652 2345 3705 mulier

775 3730 1017 3797 quaedam
1063 3730 1174 3799 jam
1225 3747 1361 3799 pene
1414 3734 1601 3787 fuisset
1647 3737 1801 3789 enixa
1834 3779 1848 3800 ,
1901 3739 2075 3792 infans
2122 3751 2345 3810 repente

777 3834 1055 3887 regressus
1081 3822 1132 3874 in
1148 3830 1354 3876 uterum
1367 3865 1389 3884 ν
1411 3825 1552 3879 illius
1569 3827 1801 3881 civitatis
1816 3833 2338 3897 portenditexitium.

774 3907 1094 3976 Optarcmus
1117 3914 1300 3977 etiam,
1333 3925 1392 3967 ut
1424 3924 1476 3966 tu
1511 3931 1722 3984 quoque
1753 3919 1805 3972 in
1838 3921 2045 3974 viscera
2093 3935 2336 3979 materna

773 4016 1068 4070 regressus,
1097 4019 1256 4073 super
1274 4007 1458 4060 urbem
1487 4024 1644 4062 unam
1672 4012 1845 4079 potius
1874 4013 2022 4067 triste
2039 4017 2335 4084 prodigium

774 4091 1091 4156 intentares,
1124 4110 1281 4161 quam
1307 4098 1370 4148 ad
1410 4099 1583 4152 aetatis
1614 4101 1941 4155 incrementa
1985 4107 2332 4172 perveniens,

768 4194 933 4238 totam
972 4187 1264 4241 Ecclesiam
1299 4192 1615 4244 catholicam
1654 4209 1756 4246 non
1779 4194 1888 4260 jam
1919 4197 2332 4263 significatione,

770 4277 863 4329 sed
885 4277 1003 4330 viva
1034 4279 1210 4346 potius
1239 4281 1550 4347 Operatione
1583 4284 1908 4338 dcstrucres.
1948 4286 2021 4337 Ad
2058 4302 2158 4339 uoc
2190 4289 2332 4339 enim

769 4373 821 4419 te
854 4363 1049 4419 furiosa
1073 4369 1375 4421 dominandi
1406 4369 1588 4433 libido,
1619 4380 1672 4424 et
1704 4388 1806 4425 non
1831 4374 2141 4442 appetenda
2169 4376 2331 4429 subli-

2477 579 2636 634 lerius
2659 592 2970 634 crearentur
2993 582 3210 651 Augusti
3237 582 3516 650 (Eurnor,
3548 580 3685 634 Hist.
3722 584 3812 635 lib.
3846 587 3899 646 ι)
3932 583 4034 636 Ro-

2476 686 2664 724 manus
2697 671 2834 723 inter
2861 670 2970 742 49
2991 686 3083 725 eos
3118 673 3188 724 ita
3212 671 3413 723 divisus
3437 679 3519 724 est
3540 670 3703 731 orbis,
3729 681 3786 722 ut
3810 671 4028 732 Gallias,

2476 762 2697 824 Italiam,
2734 763 3072 829 Afiicamque
3119 761 3491 822 Constantius;
3526 761 3809 830 lllyricum,
3851 760 4029 815 Asiam

2473 850 2630 902 simul
2677 859 2730 902 et
2777 849 3048 904 Orientem
3075 849 3319 902 Galerius
3347 849 3627 902 obtineret.
3676 849 4027 903 AtConstan-

2474 939 2578 992 tius
2629 940 2848 1007 Augusti
2898 941 3156 993 duntaxat
3208 955 3328 993 cum
3379 939 3565 994 Galliis
3600 941 3858 1010 dignitate
3909 956 4029 994 cono

2473 1037 2682 1092 tentus,
2723 1029 2886 1083 italia
2929 1030 3085 1084 simul
3140 1038 3193 1084 et
3234 1031 3427 1084 Africa:
3465 1032 3897 1086 administrandae
3930 1031 4028 1086 sol-

2471 1117 2800 1172 licitudinem
2845 1119 3129 1173 recusavit.
3185 1119 3280 1172 V'ir
3323 1120 3485 1173 etiam
3526 1119 3612 1172 ille
3655 1120 3932 1189 egregius,
3980 1128 4033 1174 et

2469 1210 2927 1277 praestantissima
2966 1211 3270 1272 civilitatis,
3315 1211 3442 1263 dum
3485 1212 3838 1280 privatorum,
3873 1223 4034 1282 atque

2467 1299 2874 1368 provincialium
2919 1299 3121 1353 divitiis
3166 1298 3401 1363 studuit,
3455 1299 3568 1353 ﬁsci
3608 1303 3884 1355 commoda
3922 1317 4030 1356 non

2465 1389 2751 1443 admodum
2781 1389 3049 1444 affectavit
3079 1407 3092 1444 :
3132 1391 3320 1444 melius
3350 1390 3596 1458 judicans
3634 1393 3874 1462 publicas
3901 1407 4036 1462 0pc:

2463 1495 2494 1533 a
2541 1480 2764 1547 privatis
2812 1481 3030 1546 haberi,
3082 1496 3241 1551 quam
3274 1483 3411 1536 intra
3461 1483 3634 1536 aerarii
3666 1483 3819 1537 unius
3865 1499 4015 1552 angu-

2461 1571 2596 1625 stias
2642 1572 2926 1626 reservari.
2966 1572 3140 1642 Reges
3181 1588 3309 1642 ergo
3345 1574 3580 1643 gentium
3630 1583 3845 1642 propter
3873 1591 4028 1627 cura-

2463 1678 2580 1716 rum
2635 1664 2996 1733 ingruentium
3036 1665 3250 1718 taadium
3295 1665 3568 1734 amplioris
3606 1667 3876 1734 regimiuis
3905 1666 4032 1734 jura

2461 1757 2848 1817 contemnunt,
2880 1754 3232 1824 imperialium
3254 1754 3568 1824 dignitatum
3591 1755 3767 1822 apices
3790 1754 4026 1821 fugiunt;

2385 1833 2513 1896 let
2558 1843 2864 1898 sacerdotes
2914 1843 3042 1908 Dei,
3098 1844 3189 1912 (ιυὶ
3235 1844 3340 1898 hoc
3391 1843 3692 1913 specialiter
3739 1845 4029 1912 praedicare

2460 1933 2753 1987 debuerant
2773 1974 2786 1994 .
2815 1933 2869 1988 in
2897 1933 3160 2004 sUperliize
3189 1948 3246 1988 se
3282 1931 3532 1987 cornibus
3573 1933 3810 1996 elevant,
3838 1945 3893 1988 et
3923 1949 4026 1986 nou

2462 2021 2888 2085 sacerdotalem,
2935 2023 3028 2076 sed
3094 2021 3365 2090 regalem,
3419 2022 3527 2076 imo
3575 2023 3900 2094 tyrannicam
3950 2023 4030 2076 fe-

2465 2114 2636 2167 ruiam
2695 2128 2937 2183 arripere
2991 2128 3153 2182 super
3217 2114 3511 2167 humanum
3546 2128 3714 2184 genus
3755 2113 4023 2167 anhelant.

2462 2202 2539 2255 llli
2588 2217 2840 2257 concessa
2872 2203 3046 2258 ordini
3079 2219 3176 2259 suo
3227 2218 3376 2256 arma
3424 2204 3724 2272 deponunt,
3770 2214 3828 2258 ut
3873 2205 4027 2273 quie-

2462 2293 2531 2345 tis
2589 2294 2698 2348 otio
2757 2293 3163 2362 perfruantur:
3217 2294 3308 2347 isti
3375 2295 3660 2362 constipati
3734 2294 4032 2365 legionibus

2460 2394 2791 2438 armatorum
2821 2424 2836 2448 ,
2898 2385 3039 2439 velut
3101 2385 3336 2439 hostium
3404 2396 3580 2439 castra
3611 2426 3628 2450 ,
3679 2385 3875 2440 Christi
3923 2386 4025 2439 Ec—

2458 2474 2650 2528 clcsias
2702 2476 2994 2544 impetum,
3034 2485 3087 2530 et
3122 2476 3297 2544 gladio
3343 2478 3706 2530 corruentium
3747 2477 4030 2546 sanguine,

2459 2575 2710 2634 tauquam
2761 2567 3042 2620 brutorum
3093 2567 3402 2620 animalium
3432 2568 3750 2637 pinguedine
3776 2569 4032 2639 saginan-

2459 2668 2563 2710 tur.
2599 2658 2743 2712 Strix
2789 2659 3028 2714 malefica
3073 2661 3280 2712 etiamsi
3311 2661 3540 2714 alienum
3571 2662 3879 2730 sanguinem
3907 2662 4029 2715 fitti-

2455 2749 2562 2812 dit,
2609 2749 2720 2801 suis
2780 2758 2955 2803 tamen
3013 2749 3321 2819 pignoribus
3371 2753 3543 2820 parcit
3577 2751 3895 2820 (Ovto.,lib.
3947 2769 4024 2816 νι,

2452 2837 2653 2899 Fam).
2687 2837 2951 2892 Saturnus
2981 2839 3104 2892 dum
3148 2840 3419 2908 proprium
3449 2842 3705 2895 devorare
3749 2841 3910 2896 filium
3939 2844 4026 2896 ni-

2455 2930 2613 2992 titur,
2665 2930 2718 2981 in
2751 2929 2860 2982 suis
2885 2945 2941 2983 se
2977 2930 3224 2984 dentibus
3268 2931 3501 2984 Abbadir
3539 2931 3768 3006 [Ἃεαήρ.
3796 2933 3908 2988 Lat.
3943 2947 4026 2988 te-

2458 3019 2596 3081 nuis,
2628 3017 2881 3089 minutus]
2904 3020 3142 3073 invenire
3170 3021 3410 3072 miratur.
3439 3020 3710 3076 Romanos
3730 3032 3874 3078 certe
3905 3033 4027 3078 tuos

2458 3115 2577 3155 esse
2622 3101 2762 3155 filios
2818 3104 3144 3167 asserebas,
3202 3117 3336 3171 quos
3382 3112 3560 3157 tamen
3609 3106 3661 3158 in
3713 3120 3806 3161 ore
3861 3107 4024 3178 gladii

2457 3192 2716 3245 devorare
2765 3208 2868 3246 non
2918 3203 2976 3246 ut
3025 3205 3208 3262 pater,
3248 3195 3340 3248 sed
3381 3203 3631 3265 tanquam
3681 3199 3910 3253 crudelis
3944 3201 4025 3254 vi-

2454 3281 2619 3332 tricus
2644 3280 2946 3335 decrevisti.
2979 3281 3033 3335 In
3059 3281 3287 3336 fortibus
3316 3285 3529 3352 quidem
3573 3285 3716 3340 velut
3760 3286 4020 3357 lapideam

2449 3373 2696 3440 reperisti
2747 3374 3035 3436 duritiam,
3082 3375 3174 3428 sed
3218 3391 3281 3428 ex
3332 3376 3577 3440 miseris,
3625 3385 3785 3446 atque
3830 3379 4021 3433 debili-

2447 3461 2547 3515 bus
2577 3462 2792 3529 gavisus
2827 3477 2885 3515 es
2912 3463 3285 3532 triumphalem
3332 3474 3602 3532 reportare
3631 3465 3927 3520 victoriam.
3960 3467 4020 3522 lu

2448 3567 2555 3621 quo
2602 3556 2759 3622 plane
2803 3558 3102 3610 certamine
3143 3569 3193 3611 et
3245 3569 3296 3610 tu
3355 3559 3496 3629 regis
3544 3558 3727 3614 Totila:
3764 3558 4023 3629 judicat'is

2447 3661 2702 3714 superare
2757 3649 3090 3716 tyrannidem
3111 3691 3124 3712 ,
3174 3661 3228 3704 et
3260 3661 3378 3706 tuus
3424 3653 3576 3707 miles
3601 3653 3892 3709 Gothorum
3921 3670 4019 3710 ex-

2447 3738 2589 3790 cedit
2636 3738 3041 3794 immanitatem.
3073 3742 3162 3796 llle
3205 3745 3466 3810 namque',
3498 3745 3637 3800 sicut
3684 3759 3805 3801 nota
3836 3758 4019 3802 narrat

2447 3830 2668 3884 historia
2702 3832 2886 3899 (ΡΑυι.
2935 3835 3110 3899 οης.⁹
3153 3834 3290 3889 Hist.
3333 3836 3484 3890 Rom.
3532 3839 3600 3890 ad
3647 3838 3823 3908 Eum.
3918 3839 4012 3894 lib.

2442 3937 2551 3975 xvtt
2592 3923 2643 3976 in
2674 3924 2790 3994 fin.)
2812 3965 2827 3988 ,
2859 3942 2980 3979 cum
3006 3926 3228 3980 Romam
3258 3928 3595 3982 circumfusis
3634 3931 3890 3984 militibus
3919 3933 4019 3986 oh-

2446 4012 2678 4076 sideret,
2710 4024 2765 4068 et
2815 4016 3051 4070 inclusus
3085 4017 3309 4084 populus
3339 4026 3483 4071 tanta
3520 4018 3786 4073 laboraret
3818 4021 4015 4086 inedia,

2443 4114 2500 4155 ut
2532 4104 2642 4172 jam
2673 4107 2952 4174 pignorum
2996 4124 3218 4162 suorum
3253 4120 3452 4164 matres
3478 4109 3842 4166 decrevissent
3867 4121 4018 4168 artus

2442 4197 2723 4251 absumere
2741 4239 2754 4263 ,
2791 4200 3002 4252 tandem
3029 4215 3124 4267 per
3147 4199 3448 4254 Ostiensem
3478 4201 3751 4271 ingressus
3776 4213 3853 4257 est
3885 4218 4010 4272 por-

2441 4296 2548 4339 tam
2582 4302 2594 4339 :
2626 4293 2716 4355 qui
2756 4303 2976 4355 parcere
3010 4289 3266 4343 Romanis
3298 4291 3500 4344 civibus
3525 4291 3744 4360 cupiens
3765 4332 3778 4354 ,
3802 4307 3898 4361 per
3927 4302 4006 4346 to-

2441 4386 2547 4428 tam
2602 4386 2813 4430 noctem
2870 4378 3116 4446 clangere
3157 4381 3335 4432 tubam
3379 4379 3571 4447 jussit,
3619 4391 3676 4434 ut
3716 4381 3839 4436 dum
3874 4382 4011 4434 irru-

768 4455 972 4508 mitatis
996 4457 1348 4526 praacipitavit
1397 4457 1606 4513 insania
1633 4502 1646 4524 ,
1681 4471 1740 4514 ut
1787 4465 1945 4517 unius
1993 4466 2331 4534 episcopatus
2361 4497 2412 4558 υ
2441 4468 2581 4534 pisse
2628 4467 2835 4520 hostem
2874 4469 3094 4521 buccina
3144 4469 3342 4522 diutius
3388 4471 3690 4531 intonante,
3728 4487 4010 4539 pernosce-

767 4559 873 4597 tion
905 4545 979 4598 sis
1008 4561 1258 4600 mensura
1281 4558 1565 4602 contentus
1589 4590 1602 4611 ,
1635 4553 1725 4603 sed
1772 4569 1932 4620 super
1976 4557 2330 4611 univcrsalem

770 4632 1060 4688 Ecclesiam
1093 4636 1395 4704 generalem
1423 4639 1626 4692 ambias
1648 4642 2004 4710 principatum
2033 4664 2043 4697 :
2073 4655 2125 4700 ct
2152 4656 2209 4699 tit
2241 4664 2327 4702 so-

767 4721 849 4776 lus
872 4723 1111 4776 emineas
1136 4764 1150 4786 ,
1189 4733 1354 4778 totum
1386 4728 1570 4782 orhent
1606 4731 1656 4782 in
1689 4733 2040 4800 praecipitium
2090 4751 2332 4806 mergere

769 4832 872 4868 non
922 4816 1196 4870 formidas.
1229 4817 1391 4872 Plane
1421 4820 1784 4877 Diocletianus
1819 4825 2148 4893 imperator,
2192 4831 2333 4884 sicut

771 4907 1122 4962 Historiarum
1155 4911 1315 4962 tradit
1336 4914 1626 4981 antiquitas
1653 4916 1936 4984 (Eunom,
1966 4919 2107 4973 Hist.
2127 4921 2327 4988 lib.ix),

767 4999 964 5068 regalis
997 4998 1190 5067 fastigii
1226 5001 1431 5069 insigne
1460 5004 1725 5071 deposuit,
1750 5017 1798 5060 et
1833 5024 1935 5061 non
1964 5013 2148 5077 procul
2179 5028 2205 5065 a
2233 5013 2330 5066 Sa-

767 5087 903 5143 lonis
931 5105 1024 5158 per
1053 5106 1239 5144 novem
1274 5091 1387 5146 fere
1437 5109 1606 5149 annos
1647 5113 1814 5165 usque
1846 5101 1911 5152 ad
1941 5102 2144 5156 obitum
2172 5146 2186 5170 ,
2219 5106 2329 5173 pri-

764 5188 916 5233 vatus
949 5180 998 5232 in
1025 5196 1234 5235 amoena
1264 5184 1490 5237 virentis
1529 5186 1724 5239 hortuli
1770 5189 1978 5243 cultura
2009 5198 2323 5259 permansit.

767 5268 866 5332 Qui
898 5271 1020 5322 dum
1057 5272 1122 5324 ab
1149 5272 1397 5327 Ilerculio
1427 5285 1586 5343 atque
1611 5277 1823 5333 Galerio
1863 5283 1927 5336 ad
1961 5285 2324 5353 recipiendum

762 5357 996 5412 obnoxie
1036 5371 1313 5428 rogaretur
1343 5364 1622 5434 imperium
1651 5408 1665 5433 ,
1699 5379 1950 5438 tanquam
1980 5385 2184 5442 pestem
2235 5380 2328 5433 ali-

766 5461 925 5514 quam
951 5453 1380 5520 perhorrescens,
1405 5457 1502 5510 hoc
1538 5458 1705 5515 fertur
1734 5462 1949 5518 dedisse
1974 5482 2322 5535 responsum:

776 5557 793 5587 ι
833 5540 1044 5594 Utinam
1073 5540 1279 5598 Salonae
1312 5549 1539 5612 possetis
1570 5551 1716 5604 olera
1745 5553 1916 5608 visere
1963 5559 2164 5612 nostris
2215 5576 2328 5612 ma-

770 5628 928 5682 nibus
958 5632 1224 5694 instituta,
1263 5635 1501 5703 profecto
1535 5657 1803 5710 nunquam
1827 5643 2144 5711 judicaretis
2187 5650 2326 5704 hanc

769 5721 1032 5774 sarcinam
1064 5725 1260 5793 nostris
1291 5727 1481 5783 iterum
1523 5733 1820 5787 cervicibus
1861 5736 2249 5807 imponendam.
2305 5765 2320 5792 ο

2441 4570 2588 4622 rent,
2637 4575 2664 4612 a
2725 4560 3022 4614 Gothorum
3079 4578 3136 4616 se
3187 4563 3378 4632 gladiis
3427 4563 3749 4632 quibuslibet
3796 4564 4008 4618 interim

2437 4650 2671 4706 latibulis
2691 4652 3022 4707 occultarent
3051 4655 3331 4723 (Pnocopt,
3355 4655 3428 4708 De
3449 4656 3578 4708 bello
3602 4654 3752 4708 Galli.
3791 4655 3878 4708 lih.
3904 4658 4005 4726 tu).

2435 4741 2512 4794 Tu
2557 4754 2772 4806 autem,
2821 4744 3081 4813 milesque
3122 4754 3276 4806 tuus,
3312 4753 3514 4798 tantam
3550 4745 3720 4812 plebis
3765 4744 4010 4800 invalida:

2436 4841 2598 4900 atque
2649 4833 2910 4902 imperita:
2952 4834 3214 4888 bellorum
3245 4844 3478 4903 stragem
3526 4834 3783 4897 dedistis.
3817 4843 3872 4887 ut
3904 4851 4007 4888 ca!-

2433 4937 2612 4974 sorum
2646 4937 2902 4976 numerus
2933 4922 3226 4992 ignoretur.
3265 4922 3422 4978 Certe
3448 4923 3572 4976 dum
3602 4922 3886 4990 Pompeius
3915 4924 4008 4976 ad.

2434 5026 2619 5065 versus
2669 5012 2935 5066 Ctesarem
2987 5013 3128 5067 civili
3179 5013 3360 5082 praelio
3391 5013 3670 5068 dimicaret
3721 5014 4002 5087 (Ευτιιοιη

2433 5100 2569 5154 Hist.
2602 5101 2693 5154 lih.
2727 5103 2835 5170 Vl),
2877 5103 3017 5156 inter
3044 5103 3368 5156 horrendum
3390 5144 3405 5167 ,
3445 5103 3641 5172 cuique
3664 5113 3867 5156 tantum
3897 5104 4007 5156 aie-

2428 5193 2522 5246 bat
2553 5210 2566 5245 :
2605 5210 2624 5244 ι
2661 5192 2829 5247 Parce
2872 5195 3095 5248 civibus.
3140 5213 3156 5244 ι
3189 5194 3320 5248 Cum
3359 5195 3537 5249 Ctesar
3569 5210 3600 5247 e
3625 5194 3897 5249 contrario
3924 5195 4005 5248 in-

2427 5284 2674 5346 sisteret,
2705 5283 2950 5351 inquiens
2982 5302 2995 5337 :
3033 5304 3050 5335 ι
3085 5284 3232 5338 Miles
3253 5325 3268 5348 ,
3298 5285 3486 5338 faciem
3515 5283 3633 5339 feri.
3675 5301 3692 5335 ι
3725 5283 3800 5336 Tu
3826 5284 4006 5352 itaque

2429 5372 2688 5428 Caesarea:
2725 5373 3055 5427 crudelitatis
3103 5374 3390 5435 instinctu,
3433 5374 3556 5428 dum
3599 5373 3850 5427 accendis
3884 5373 4002 5426 ani-

2429 5483 2574 5522 mosa
2612 5469 2771 5522 corda
2802 5468 3126 5534 satellitum,
3160 5468 3383 5522 retulisti
3416 5467 3723 5530 manubias,
3751 5475 3804 5518 et
3831 5464 4002 5533 spolia

2429 5558 2494 5611 de
2531 5558 2882 5611 cadaveribus
2918 5566 3348 5626 peremptorum,
3389 5568 3448 5610 ut
3495 5558 3560 5610 de
3597 5565 3649 5610 te
3685 5569 3778 5626 per
3822 5554 4004 5609 simili-

2431 5649 2666 5702 tudinem
2725 5648 2850 5701 illud
2897 5648 3000 5702 dici
3049 5647 3219 5716 possit
3267 5667 3350 5726 τ’(
3410 5647 3475 5701 Et
3511 5649 3577 5702 de
3615 5646 3810 5716 prteliis
3855 5643 4001 5698 Judte

2432 5738 2726 5792 narrabant
2774 5753 2960 5792 omnes
2993 5746 3177 5806 gentes
3230 5737 3276 5809 (I
3327 5737 3502 5792 Maeli.
3542 5737 3658 5808 ut);
3696 5758 3714 5791 ι
3744 5745 3794 5793 et
3833 5736 3885 5790 in
3917 5736 4000 5790 his
