4238 6286
345 385 453 442 ὶὸδ

1523 383 1725 438 LIBER
1766 383 2156 450 SECUNDUS,
2193 383 2412 442 EPIST.
2452 385 2493 440 Ι.

3546 393 3654 452 254

345 496 604 552 omnibus
630 497 710 552 nil
749 497 901 552 aliud
935 495 1146 558 niteris,
1180 494 1282 551 nisi
1321 505 1378 549 ut
1408 497 1690 566 prtesnlem
1739 507 1954 566 aposto-
1989 505 2032 563 Α
2063 497 2280 567 dignam
2326 513 2498 568 usque
2541 497 2606 551 ad
2652 496 2814 552 finem
2873 513 3266 568 prosequamur
3322 501 3650 576 historiam,

345 593 462 645 lica!
487 591 640 645 sedis
669 593 906 660 ejicias,
937 600 990 644 et
1019 591 1330 644 cathedram
1359 605 1462 644 non
1489 601 1768 643 vacantem
1795 589 1954 642 alieni

339 682 476 750 juris
510 681 741 732 invasor
783 681 1054 734 obtinens.
1108 680 1214 732 Sed
1268 687 1326 730 ut
1380 680 1622 738 noveris,
1664 678 1791 747 quia
1843 694 1956 731 mo-

345 773 511 826 l'men
533 771 645 825 hoc
688 783 1039 840 nequaquam
1072 769 1165 825 tibi
1205 768 1436 823 faustum
1465 772 1721 824 concedet
1761 771 1810 822 in
1840 770 1954 822 exi-

343 873 453 914 tum
475 899 491 925 ,
543 862 612 915 de
645 863 904 930 proxima
951 862 1074 924 tibi,
1107 871 1269 928 atque
1294 862 1544 929 contigua
1576 861 1788 928 regione
1817 875 1954 929 prae-

341 952 572 1006 heamus
597 952 945 1020 exemplum.

409 1043 522 1114 50
564 1043 924 1097 Convieanea
973 1051 1150 1096 autem
1195 1042 1289 1096 tibi
1328 1042 1477 1110 regio
1522 1041 1794 1096 Placentia
1838 1049 1948 1104 est,

337 1132 492 1200 cujus
515 1129 952 1201 episcopus(32)
968 1147 1070 1186 non
1085 1131 1175 1184 diu
1189 1139 1316 1184 ante
1333 1141 1574 1186 nostram
1597 1140 1806 1185 aatatem
1829 1132 1951 1184 sub-

337 1220 474 1274 dulxe
524 1220 860 1275 calliditatis
911 1220 1112 1275 artifex
1162 1221 1406 1284 exSIitit.
1446 1230 1503 1275 et
1527 1221 1593 1274 ad
1618 1222 1790 1274 instar
1828 1222 1944 1284 tui,

333 1310 700 1366 sublimitatis
733 1351 750 1374 ,
809 1320 867 1365 et
921 1311 1102 1381 gloria:
1159 1311 1291 1366 satis
1339 1326 1608 1380 superque
1655 1311 1947 1364 ambitione

331 1399 610 1469 ﬂagravit,
651 1400 798 1454 adeo
845 1410 907 1453 ut
947 1400 1094 1468 prius
1146 1406 1272 1455 aute
1323 1415 1382 1454 se
1430 1400 1772 1471 gestandum,
1807 1401 1947 1454 sicut

330 1499 384 1545 et
430 1501 488 1545 tu
544 1507 700 1546 nunc
742 1506 910 1562 agere
961 1491 1191 1556 diceris,
1238 1506 1453 1546 crucem
1497 1501 1809 1561 argenteam
1847 1492 1944 1544 im-

330 1592 604 1652 pctraret;
666 1584 767 1652 qui
814 1583 982 1637 etiam
1033 1597 1156 1635 cum
1217 1583 1591 1651 imperati-ioc,
1645 1597 1765 1651 qua:
1819 1590 1944 1636 tunc

329 1681 446 1725 erat
469 1711 484 1736 ,
527 1671 787 1726 οἰκεωηὶ
819 1671 1020 1741 negotii
1053 1671 1333 1726 dicebatur
1360 1672 1560 1726 habere
1600 1672 1939 1741 mysterium,

329 1760 522 1814 diinde
570 1761 790 1814 sensim
847 1760 914 1813 ad
965 1759 1168 1827 majora
1214 1761 1532 1829 prosiliens,
1568 1763 1784 1815 tandem
1816 1777 1937 1830 apo-

2063 597 2346 656 postquam
2405 587 2630 640 Romani
2675 587 2779 652 ita,
2814 599 2873 640 ut
2919 588 3119 642 dictum
3165 599 3284 654 est,
3334 595 3648 662 respondis-

2061 686 2180 731 sent
2233 675 2296 748 [ί.
2342 675 2740 748 rependissent]
2816 677 3092 746 pontiﬁci;
3149 693 3274 733 mox
3327 690 3451 734 ante
3504 694 3650 738 retro

2058 782 2376 820 conversum
2428 768 2479 820 in
2517 767 2686 820 asello
2729 767 3018 836 gloriosum
3057 769 3290 838 equitem
3321 781 3647 840 posuerunt,

2061 867 2440 926 tenentemqne
2481 858 2561 910 sui
2597 857 2830 910 vectoris
2873 858 2926 910 in
2976 859 3223 912 manibus
3269 862 3494 914 caudam
3551 877 3648 930 per

2055 947 2322 1014 publicam
2361 949 2525 1004 totius
2571 945 2720 1000 urbis
2747 948 2924 1010 viam,
2958 948 3068 1001 haec
3089 989 3104 1010 ,
3139 959 3193 1000 ut
3223 959 3515 1013 canerent,
3547 952 3647 1004 im-

2053 1037 2307 1104 pulerunt
2351 1050 2366 1089 :
2422 1053 2442 1086 ι
2492 1035 2654 1100 Tale,
2715 1035 2921 1104 inquit,
2974 1035 3295 1106 supplicium
3366 1038 3643 1108 patiatur,

2051 1127 2143 1194 qui
2176 1125 2479 1180 Retnanum
2523 1141 2714 1195 papam
2748 1126 2814 1180 de
2853 1142 2947 1180 sua
2983 1128 3110 1181 sede
3144 1127 3342 1196 pellere
3370 1129 3578 1182 nititur.
3620 1147 3638 1178 ι

2049 1216 2248 1276 Audiat
2276 1216 2436 1286 igitur
2466 1215 2568 1270 hoc
2599 1215 2825 1286 quilibet
2852 1216 3108 1271 Ecclesia:
3137 1217 3433 1271 fornicator
3460 1233 3643 1272 exem-

2049 1309 2216 1378 plum.
2275 1308 2610 1375 Expavescat
2661 1307 2892 1376 idipsum
2945 1308 3218 1378 hodieque
3261 1324 3423 1378 super
3458 1324 3517 1363 se
3561 1309 3643 1363 dio

2048 1398 2186 1450 vina:
2212 1396 2520 1451 severitatis
2544 1395 2829 1465 invigilare
2852 1397 3134 1466 judicium.
3160 1397 3358 1450 Audiat
3385 1398 3512 1466 quid
3544 1413 3642 1466 per

2045 1486 2296 1539 eumdem
2350 1484 2675 1554 prophetam
2719 1484 2821 1540 sibi
2867 1485 3049 1539 divina
3102 1501 3203 1540 vox
3247 1487 3390 1540 dicat
3434 1503 3496 1538 ει
3535 1486 3643 1541 Νο-

2045 1576 2356 1640 νίοοὶιηιιπι,
2409 1574 2619 1644 inquit,
2675 1583 2829 1629 tuum
2880 1575 3230 1630 devorabitur
3277 1575 3422 1645 igni,
3471 1584 3527 1630 ct
3554 1575 3641 1628 dt.»

2045 1667 2324 1722 nudabunt
2363 1675 2415 1721 te
2445 1666 2788 1722 vestimentis
2832 1668 2968 1730 tuis,
3000 1675 3053 1722 et
3079 1667 3267 1722 tollent
3299 1681 3423 1721 vasa
3455 1665 3639 1737 gloria:

2046 1769 2150 1812 ture
2183 1777 2196 1812 :
2229 1768 2284 1812 et
2322 1759 2670 1828 requiescere
2721 1757 2914 1812 faciam
2967 1757 3144 1813 scelus
3186 1761 3334 1812 tutfm
3383 1771 3413 1810 a
3469 1765 3556 1821 te,
3583 1764 3638 1811 et

327 1848 579 1902 stolicam
630 1850 828 1903 sedem
879 1846 1162 1904 familiaris
1198 1849 1298 1904 sibi
1347 1851 1588 1918 pecunia:
1635 1852 1936 1918 patrocinio
1972 1843 2015 1902 Β
2047 1851 2458 1906 fornicationem
2487 1861 2635 1906 tuam
2667 1851 2734 1906 de
2763 1861 2907 1904 terra
2936 1849 3183 1921 IEgypti;
3217 1851 3343 1920 quia
3367 1849 3482 1904 bene
3507 1849 3638 1903 dicit

328 1936 601 1992 violentus
649 1937 962 1992 invaderet.
1019 1937 1205 2006 Ejecto
1256 1940 1436 2006 itaque
1483 1936 1779 2006 Gregorio,
1833 1940 1937 1993 im-

326 2027 596 2094 peratoris
625 2025 858 2081 Ottonis
883 2027 1067 2096 utique
1094 2030 1492 2097 consanguineo
1511 2069 1525 2090 ,
1557 2029 1808 2082 Romamn
1834 2029 1937 2083 Ec-

327 2115 503 2171 clesia:
544 2116 916 2180 cathedram,
970 2131 1075 2170 non
1125 2126 1184 2169 ut
1231 2119 1486 2170 sacerdos
1531 2133 1793 2186 magnus,
1845 2121 1937 2172 sed

327 2217 384 2261 ut
433 2207 552 2272 fur,
595 2217 772 2275 atque
815 2217 1077 2277 tyrannus
1120 2208 1385 2272 obtinuit;
1445 2209 1539 2263 sed
1595 2208 1750 2276 paulo
1785 2218 1936 2278 post,

327 2298 690 2368 resipiscente
712 2297 1238 2366 Quiritnm'pOpnlo,
1270 2306 1432 2366 atque
1475 2299 1526 2350 in
1560 2297 1730 2350 zelum
1765 2299 1936 2366 digna:

326 2389 548 2442 ultionis
579 2389 929 2442 unanimiter
976 2387 1394 2451 cxardesccnte,
1435 2388 1701 2442 irruentes
1732 2389 1781 2440 in
1813 2402 1934 2441 eum

327 2491 520 2531 manus
569 2477 874 2547 injiciunt,
927 2476 1110 2530 oculos
1163 2487 1402 2542 eruunt,
1457 2493 1616 2532 aures
1670 2491 1948 2558 naresque

327 2566 645 2634 praecidunt.
696 2567 972 2637 Expertus
1002 2577 1082 2621 est
1113 2568 1326 2635 itaque,
1365 2568 1508 2636 quod
1538 2576 1592 2620 et
1643 2577 1769 2622 tunc
1799 2568 1932 2632 sibi,

327 2667 377 2710 et
426 2673 571 2713 nunc
625 2659 728 2712 tibi
789 2673 888 2726 per
936 2658 1272 2714 Ezechielem
1307 2659 1623 2727 prophetam
1677 2659 1935 2712 Dominus

331 2748 701 2801 comminatur
753 2748 944 2801 dicens
983 2763 996 2799 :
1044 2767 1061 2798 ι
1104 2745 1330 2801 Venient
1373 2763 1537 2816 super
1587 2757 1636 2800 te
1686 2747 1933 2801 instructi

329 2851 521 2901 curru,
585 2847 642 2892 et
704 2848 830 2892 rota
888 2837 1205 2906 populorum
1258 2837 1574 2900 multitudo;
1633 2838 1828 2898 lorica,
1882 2846 1938 2892 et

329 2928 545 2996 clypeo.
596 2936 654 2980 et
701 2927 861 2996 galea
915 2927 1272 2980 arinahuntur
1323 2936 1510 2981 contra
1559 2937 1608 2980 te
1657 2925 1929 2995 undique,

329 3030 381 3075 et
435 3023 577 3076 dabo
625 3035 823 3076 coram
877 3021 957 3074 eis
989 3020 1282 3089 judicium,
1332 3028 1385 3073 et
1417 3020 1735 3088 judicabunt
1769 3028 1818 3071 te
1838 3017 1932 3083 ju-

330 3111 478 3165 diciis
527 3111 647 3164 suis
697 3128 709 3162 :
760 3118 819 3162 et
861 3123 1056 3178 ponam
1110 3108 1283 3161 zelum
1333 3122 1509 3162 meum
1546 3108 1596 3160 in
1642 3115 1726 3169 te,
1775 3120 1933 3172 quem

2042 1943 2347 1997 Dominus:
2391 1943 2531 1998 Ecce
2577 1959 2679 2013 ego
2729 1945 2934 1997 tradam
2987 1952 3037 1997 te
3083 1943 3136 1997 in
3183 1959 3386 2000 manus
3422 1957 3636 2006 eorum,

2039 2050 2176 2102 quos
2203 2033 2363 2087 odisti
2393 2052 2406 2087 :
2442 2033 2495 2086 in
2530 2049 2754 2099 manus,
2805 2034 2872 2088 de
2900 2034 3095 2103 quibus
3121 2034 3312 2086 satiata
3344 2041 3430 2087 est
3454 2033 3634 2085 anima

2039 2132 2151 2179 tua.
2200 2123 2262 2176 Et
2311 2133 2473 2192 agent
2521 2134 2697 2179 tecum
2748 2125 2799 2177 in
2848 2125 3007 2187 odio,
3040 2133 3094 2178 et
3127 2123 3316 2178 tollent
3343 2138 3532 2177 omnes
3560 2123 3636 2175 la-

2039 2211 2200 2264 bores
2244 2221 2397 2276 tuos,
2434 2221 2489 2266 et
2520 2213 2798 2266 dimittent
2853 2221 2902 2266 te
2957 2213 3196 2275 nudum,
3239 2220 3294 2265 ει
3336 2210 3634 2280 ignominia

2039 2302 2254 2370 plenum
2273 2343 2286 2365 ,
2321 2312 2375 2355 et
2402 2302 2728 2358 revelabitur
2749 2304 3042 2374 ignominia
3073 2303 3490 2356 fornicationem
3517 2311 3636 2355 tua-

2042 2406 2180 2443 rum.
2240 2390 2430 2445 Scelus
2475 2401 2662 2454 tuum,
2711 2402 2763 2446 et
2805 2392 3188 2445 fornicationes
3241 2398 3342 2444 tute
3388 2388 3636 2444 fecerunt

2040 2481 2155 2535 hsce
2183 2482 2274 2534 tibi
2311 2480 2527 2551 (Ezech.
2557 2482 2739 2554 xxiii).
2774 2504 2792 2535 ι
2822 2484 3099 2552 Propriam
3124 2483 3320 2552 quippe
3337 2481 3632 2543 dimittere.

2039 2580 2093 2624 et
2142 2571 2302 2624 aliam
2357 2573 2654 2626 Ecclesiam
2706 2573 3034 2629 Simoniacis
3084 2572 3634 2628 contaminationibus

2038 2659 2362 2730 profanare,
2417 2671 2774 2730 perextrcma:
2823 2662 3196 2717 fornicationis
3243 2675 3416 2731 genus
3465 2675 3632 2730 agno-

2037 2752 2224 2803 scitur.
2267 2750 2436 2804 Porro
2467 2763 2647 2804 autem
2698 2753 2740 2804 si
2783 2763 2837 2804 tu
2879 2751 3091 2805 cuiincn
3147 2749 3459 2817 apostolica:
3487 2748 3633 2803 sedis

2040 2839 2239 2902 fueris,
2271 2838 2381 2891 Deo
2413 2842 2673 2892 mundum
2703 2841 3040 2910 negligente,
3076 2841 3328 2900 sortitus,
3362 2838 3628 2906 gliscunt.

2038 2939 2094 2982 et
2141 2929 2417 2982 exsultant
2463 2944 2653 2983 omnes
2685 2929 2938 2997 reprobi,
2984 2944 3172 2983 omnes
3200 2926 3522 2981 Christiane
3550 2941 3632 2980 re-

2038 3020 2253 3088 ligionis
2287 3021 2586 3088 tripudiant
2610 3020 2812 3073 inimici
2841 3037 2853 3072 :
2887 3035 2918 3072 e
2950 3030 3168 3082 contra,
3197 3019 3506 3087 quicunque
3535 3015 3626 3070 Dei

2033 3111 2301 3179 justitiam
2333 3111 2636 3164 esurientes
2681 3111 2908 3174 sitiunt,
2935 3110 3024 3178 qui
3073 3109 3294 3179 pietatis
3322 3122 3483 3176 opera
3514 3121 3629 3161 cer-

329 3199 656 3253 cxcrccbunt
706 3207 890 3252 tecum
921 3197 971 3250 in
1003 3197 1217 3263 furore,
1248 3212 1438 3251 nasum
1473 3209 1620 3248 tttmn
1641 3237 1654 3257 ,
1687 3205 1742 3248 et
1771 3209 1930 3248 aures
1958 3185 2002 3242 C
2037 3211 2165 3250 nere
2191 3200 2613 3265 concupiscunt,
2641 3207 2690 3250 te
2721 3213 2898 3251 rerum
2923 3198 3133 3250 culmen
3156 3197 3439 3265 adeptum,
3465 3195 3627 3249 totius

333 3296 444 3340 tuas
490 3288 826 3357 prmeident,
865 3295 920 3340 et
955 3302 1073 3354 qua:
1119 3288 1510 3350 remanserint,
1565 3286 1743 3355 gladio
1799 3299 1928 3338 con-

331 3379 504 3432 cident
553 3379 777 3449 (Ezecli.
827 3381 1007 3446 xxiii).
1047 3397 1065 3430 ι
1105 3379 1170 3432 Et
1223 3388 1280 3431 ut
1314 3379 1612 3431 attentione
1675 3386 1760 3428 tua
1795 3390 1927 3429 con-

2036 3285 2290 3340 Ecclesia:
2327 3287 2680 3355 praecipitium
2711 3287 2961 3341 credunt.

396 3507 506 3577 (εἰ)
540 3507 702 3564 Joan.
734 3509 1024 3578 episcopus
1054 3508 1428 3568 Placentinus.
1463 3509 1714 3578 antipapa
1737 3549 1751 3571 ,
1777 3509 1843 3561 de
1870 3521 1975 3576 quo
2010 3507 2160 3559 card.
2214 3503 2339 3558 Bar.
2385 3520 2476 3558 an.
2521 3503 2667 3558 Eccl.
2701 3501 2788 3556 l0.

2101 3645 3588 3672 —_———-——-—————-

1457 3756 1819 3845 LIBER
1881 3755 2532 3845 SECUNDUS.

1333 3942 1426 3997 AD
1465 3941 1522 3997 S.
1566 3944 1630 3998 Β.
1672 3943 1736 3998 Ε.
1774 3942 2143 4000 EPISCOPOS
2179 3943 2635 4000 CARDINALES.

641 4226 940 4300 51—52
979 4225 1308 4282 EPISTOLA
1351 4227 1601 4293 PRlMA,

588 4355 659 4394 AD
699 4356 748 4393 ὃ.
795 4353 851 4392 Β.
895 4354 947 4391 Ε.
988 4351 1268 4392 ειιιεοοροε
1303 4351 1648 4392 (ςιιιοικλιεε.

330 4448 717 4505 Auentinum.
745 4478 817 4489 —
840 4446 1157 4502 Cardinales
1183 4447 1467 4514 episcopos
1486 4486 1499 4507 ,
1536 4446 1600 4498 ad
1624 4460 1759 4513 quos
1783 4445 1916 4499 seri-

394 4521 467 4570 bit
497 4559 511 4578 .
559 4520 820 4573 hortatur
851 4557 866 4579 ,
923 4526 983 4570 ut
1035 4518 1088 4570 in
1147 4525 1257 4568 tam
1313 4527 1569 4582 corrupto
1623 4516 1818 4567 δςιειιιΙο
1863 4525 1918 4568 et

394 4598 538 4641 tanta
587 4588 842 4642 omnium
881 4587 1096 4640 vivendi
1138 4585 1388 4645 licentia,
1440 4586 1512 4638 ita
1565 4585 1732 4636 vitam
1766 4585 1917 4637 insli-

395 4667 562 4718 tnant,
586 4668 648 4711 ut
673 4672 776 4711 eos
798 4657 979 4710 caeteri
1010 4669 1198 4708 omnes
1222 4663 1476 4722 tanquam
1502 4669 1707 4707 morum
1730 4668 1915 4706 exem-

394 4726 506 4793 plar
538 4730 880 4787 intueantur,
911 4734 965 4779 et
995 4724 1283 4778 imitandos
1310 4724 1410 4775 sibi
1442 4733 1761 4790 proponant.
1784 4721 1915 4775 Bre-

394 4797 637 4865 viterque
687 4795 931 4849 ostendit
964 4835 978 4854 ,
1025 4803 1227 4864 quanta
1279 4794 1354 4865 psit
1399 4793 1826 4865 sacerdotibus,
1862 4802 1918 4846 et

395 4863 692 4931 praesertim
726 4865 999 4934 episcopis
1018 4863 1053 4922 .“
1080 4863 1378 4918 necessitas
1428 4863 1626 4934 indicta
1651 4905 1656 4909 .
1677 4863 1915 4928 probita-

394 4935 493 4996 tis,
534 4943 725 5003 utpote
766 4933 897 4988 icum
932 4947 1121 4986 eorum
1173 4947 1367 5003 munus
1417 4933 1487 5003 sit
1528 4942 1912 5003 peccatorum,

397 5014 446 5054 et
498 5000 786 5071 culparum
844 5004 1060 5054 veniam
1116 5018 1214 5071 pro
1264 5001 1484 5068 reliquis
1528 5000 1833 5054 hominibus
1883 5019 1912 5052 ιι

396 5072 499 5126 Deo
543 5073 876 5142 deprecari:
909 5085 1069 5136 quam
1127 5072 1170 5123 si
1208 5071 1392 5142 volunt
1443 5071 1757 5142 impetrare.
1817 5084 1914 5142 ne-_-

397 5155 541 5195 cesse
594 5140 679 5196 est
737 5152 798 5194 ut
845 5142 946 5209 ipsi
992 5143 1059 5193 ab
1107 5140 1252 5194 omni
1307 5154 1526 5206 prorsus
1567 5140 1826 5200 crimine,
1868 5140 1912 5192 si

399 5210 507 5264 fieri
551 5222 735 5280 potest
757 5251 772 5272 .
825 5211 1064 5279 integros
1096 5223 1155 5264 se
1185 5209 1557 5276 immunesque
1589 5209 1911 5262 custodiant.

399 5320 814 5378 \‘enerahilihus
846 5320 898 5374 in
937 5320 1151 5376 Christo
1200 5320 1404 5373 sanctis
1443 5319 1708 5388 episcop's
1757 5317 1914 5372 Late-

340 5414 567 5468 ranensis
616 5413 882 5470 Ecclesia:
930 5411 1296 5465 cardinalibus
1328 5450 1342 5475 ,
1393 5408 1610 5463 Perses
1664 5409 1912 5480 indignus

341 5501 524 5559 intima:
562 5505 876 5561 devotionis
902 5501 1172 5556 allectum.

399 5594 764 5651 Castrensium
801 5593 1144 5662 specularum
1164 5631 1178 5656 ,
1210 5591 1506 5646 tnrriumve
1530 5591 1815 5654 custodes,
1853 5600 1912 5645 ut

342 5692 394 5733 se
430 5686 723 5754 promptius
767 5683 1096 5744 exhibeant,
1153 5680 1475 5750 intempesta
1531 5690 1689 5735 nocte
1729 5680 1906 5748 pervi-

346 5767 493 5836 siles,
540 5772 807 5828 clamosa:
843 5771 1063 5826 sibimet
1110 5769 1335 5824 invicem
1381 5785 1522 5840 sa-pe
1549 5770 1789 5840 dirigunt
1818 5785 1907 5826 vo-

1947 4216 1999 4275 Ῑ)
2025 4246 2116 4286 ces
2143 4251 2154 4284 :
2189 4231 2268 4285 sic
2314 4232 2497 4300 itaque
2526 4231 2652 4284 dum
2698 4231 2832 4286 alios
2859 4233 3134 4299 excitant,
3163 4234 3482 4304 semetipsos
3509 4233 3620 4290 uti-

2019 4337 2124 4389 que
2169 4321 2236 4374 ad
2279 4322 2614 4390 peragendas
2658 4322 2915 4375 excubias
2962 4322 3331 4391 vigilantiores
3371 4333 3613 4379 servant.

2019 4409 2132 4476 Ego
2178 4424 2424 4478 quoque,
2475 4411 2568 4478 qui
2611 4425 2710 4478 pro
2751 4412 2947 4465 castris
2989 4413 3377 4468 ecclesiasticae
3405 4412 3616 4469 militia:

2019 4500 2277 4552 stantium
2309 4507 2584 4568 utcunque
2623 4501 2896 4569 particeps
2942 4516 3065 4556 esse
3091 4512 3312 4558 coactus
3356 4518 3478 4557 sum
3498 4542 3513 4568 ,
3543 4503 3613 4557 ad

2017 4604 2145 4652 vos,
2192 4589 2531 4643 venerabiles
2564 4590 2785 4655 Patres,
2841 4592 2944 4646 ista
2993 4594 3310 4657 conscribo,
3358 4603 3413 4648 et
3443 4594 3617 4663 impo-

2017 4682 2112 4736 l'.to
2160 4682 2300 4752 ston
2351 4683 2504 4752 quasi
2555 4684 2736 4738 raucis
2783 4684 3008 4738 vocibus
3056 4697 3378 4756 perstrepo:
3414 4701 3520 4740 non
3554 4695 3616 4739 ut

2016 4788 2113 4828 vos
2160 4789 2322 4842 sopor
2365 4774 2616 4838 deserat,
2666 4785 2853 4844 utpote
2902 4787 3124 4831 strenue
3170 4777 3489 4848 vigilantes.
3519 4776 3616 4832 sed

2014 4876 2074 4917 ut
2127 4879 2214 4919 me
2264 4865 2442 4934 potius
2491 4866 2763 4930 excitem,
2811 4866 2912 4920 sub
2946 4875 3165 4936 torpore
3211 4868 3430 4923 desidia:
3461 4869 3614 4938 igno-

2015 4954 2262 5008 rabiliter
2291 4955 2634 5009 oscitantem.
2685 4954 2840 5025 Saepe
2888 4971 3124 5026 namque
3170 4956 3366 5012 melius
3403 4958 3504 5026 ipsi
3535 4957 3615 5010 di-

2014 5047 2248 5110 scimus,
2299 5045 2425 5099 dum
2458 5047 2748 5110 docemus,
2797 5055 2851 5100 et
2879 5061 3034 5114 quasi
3089 5049 3311 5117 proprio
3339 5063 3435 5103 ore
3464 5062 3612 5102 com-

2013 5139 2262 5208 pellimur
2289 5140 2544 5208 exsequi,
2585 5141 2726 5208 quod
2757 5139 2876 5194 aliis
2919 5140 3287 5204 inculcamus.
3321 5139 3613 5195 Salomone

2014 5237 2304 5283 attestante
2325 5269 2340 5292 ,
2370 5230 2459 5298 qui
2490 5231 2565 5284 ait
2595 5246 2608 5282 :
2641 5249 2661 5282 ι
2690 5229 2882 5282 Anima
2913 5229 3210 5283 laborantis
3241 5229 3456 5284 laborat
3485 5230 3608 5294 sibi,

2013 5317 2102 5385 qui
2152 5318 2424 5386 compellit
2467 5333 2588 5372 eum
2640 5333 2702 5372 os
2752 5333 2908 5372 suum
2960 5317 3140 5386 (Prov.
3172 5333 3286 5371 xvi.
3333 5335 3353 5369 ι

2087 5407 2289 5461 Videtis
2332 5409 2544 5476 itaque,
2589 5407 2957 5474 dilectissimi,
3009 5409 3134 5477 quia
3185 5416 3328 5461 totus
3369 5408 3608 5463 mundus

2010 5510 2214 5564 pronus
2260 5495 2315 5549 in
2363 5499 2560 5548 malum
2605 5511 2704 5566 per
2733 5496 2936 5551 lubrica
2971 5498 3240 5556 .vitiorum
3279 5499 3332 5551 in
3363 5511 3610 5566 pra-cepit

2017 5587 2168 5640 ruit:
2199 5595 2255 5640 et
2296 5598 2497 5656 quanto
2544 5587 2636 5641 fini
2682 5603 2780 5642 suo
2820 5586 3042 5656 jamjam
3073 5589 3280 5642 vicinus
3310 5588 3601 5656 appropin-

2017 5687 2175 5746 quat,
2210 5685 2358 5731 tanto
2387 5678 2694 5748 graviorum
2735 5693 2896 5747 super
2923 5694 2982 5732 se
3026 5678 3266 5747 quotidie
3310 5676 3596 5730 criminum

2015 5766 2183 5822 moles
2206 5776 2512 5838 exaggeret.
2545 5765 2910 5822 Ecclesiastici
2938 5766 3198 5825 siquidem
3225 5766 3363 5830 genii
3399 5765 3596 5835 ubique
