4260 6416
848 413 952 469 255

1377 409 1432 464 S.
1476 410 1673 465 PETRI
1715 405 1989 463 [hu-11AM
2030 405 2178 461 OPP.
2219 401 2399 458 PARS
2427 397 2556 456 SEU
2596 396 2828 454 TOMUS
2867 395 2906 450 l.
2944 425 3012 435 —
3050 392 3269 450 EPIST.
3312 392 3439 448 LIB.
3482 391 3614 448 Vlla.

3979 386 4084 440 256

842 541 980 597 pene
1024 524 1301 594 disciplina
1343 526 1658 594 negligitur,
1714 524 1888 577 debita
1926 523 2292 578 sacerdotibus
2323 535 2406 572 rc-
2435 523 2479 578 Α
2509 511 2824 584 Apocalypsi
2854 526 2911 566 se
2937 511 3188 565 didicisse
3231 524 3335 563 non
3365 508 3549 573 tacuit,
3597 504 3683 562 cui
3725 505 3934 559 dictum
3962 513 4080 560 est:

842 616 1081 671 verentia
1127 632 1230 671 non
1262 615 1560 683 praebetur,
1609 614 1877 672 canonica
1909 611 2202 664 sanctionis
2250 610 2408 664 insti-

835 713 956 760 tuta
993 705 1297 768 calcantur,
1351 715 1409 757 et
1448 704 1542 757 soli
1597 712 1820 756 terrena
1871 704 1933 772 Lf.
1980 701 2290 755 substantia
2336 700 2410 752 rel

845 793 1154 862 cupiditati,
1197 794 1272 847 vel
1305 794 1426 862 quid
1460 793 1626 846 simile
1654 791 1802 862 ΝΜ]
1844 793 2111 844 inhianter
2138 789 2410 858 explenda

843 883 998 946 digna
1048 882 1155 936 Deo
1201 896 1330 936 cura
1378 883 1627 935 servitur.
1658 881 1712 934 lu
1745 880 2065 934 fmderandis
2093 894 2254 948 porro
2283 893 2411 932 con-

841 969 1001 1040 iugiis
1046 970 1310 1040 legitimus
1355 972 1484 1026 ordo
1515 971 1856 1024 confunditur
1887 988 1898 1021 :
1939 978 2020 1032 et,
2058 984 2091 1022 ο
2126 967 2309 1022 nefas!
2342 968 2409 1022 ab

844 1059 923 1111 eis
962 1058 1014 1110 in
1037 1058 1265 1112 veritate
1301 1057 1519 1112 Judaice
1547 1059 1772 1119 vivitur,
1820 1058 1913 1124 qui
1944 1056 2225 1125 superficie
2254 1066 2410 1110 tenus

844 1145 1148 1202 Christiano
1191 1148 1445 1202 vocabulo
1490 1147 1775 1216 palliantur
1807 1164 1818 1198 :
1853 1147 2142 1201 Enimvero
2184 1145 2272 1199 ubi
2324 1161 2412 1199 ra-

843 1237 984 1306 pina
1026 1237 1260 1292 desunt?
1286 1240 1374 1299 ubi
1406 1239 1543 1292 furta
1580 1248 1834 1294 caventur
1853 1242 1876 1279 9
1901 1241 1988 1308 qui
2021 1239 2252 1307 perjuria
2271 1239 2295 1292 ἲ
2316 1241 2408 1308 qui

846 1323 1152 1378 lenocinia?
1175 1325 1264 1393 qui
1303 1327 1578 1396 sacrilegia
1609 1329 1892 1381 metuunt?
1917 1328 2006 1396 qui
2034 1328 2263 1397 denique
2292 1344 2410 1396 per-

844 1420 1054 1480 petrare
1077 1413 1323 1481 qualibet
1344 1417 1676 1470 atrocissima
1699 1419 1920 1473 crimina
1961 1419 2412 1486 perhorrescunt?

843 1498 1162 1554 Iamdudum
1203 1503 1357 1571 plane
1409 1505 1660 1558 virtutum
1705 1507 1895 1560 studiis
1938 1507 2213 1576 repudium
2256 1508 2408 1562 dedi-

846 1604 998 1652 mus,
1046 1592 1390 1661 omniumque
1423 1596 1830 1662 pervcrsitatum
1879 1607 2089 1665 pestes,
2126 1597 2270 1651 velut
2305 1598 2410 1650 im-

847 1686 974 1748 petu
1021 1679 1200 1748 facto,
1230 1678 1467 1740 feraliter
1505 1698 1858 1743 emerserunt.
1905 1688 2009 1744 Sed
2059 1705 2126 1744 ne
2157 1700 2409 1760 tanquam

845 1769 1149 1826 cothurnati
1181 1776 1492 1844 tragadiam
1528 1779 1802 1833 videamur
1847 1782 2086 1836 attollere
2116 1823 2131 1847 ,
2185 1783 2411 1837 sumciat

2518 628 2535 660 ι
2569 606 2874 676 Mysterium
2903 612 3107 674 septem
3155 601 3450 664 stellarum,
3493 615 3626 668 quas
3665 597 3846 651 vidisti
3877 597 3930 649 in
3960 597 4084 650 dea-

2513 705 2624 750 lcra
2675 710 2829 757 mea,
2886 704 2940 748 et
3001 701 3203 761 septem
3253 688 3570 744 candelabra
3625 679 3822 750 aurea;
3877 693 4084 753 septem

2511 787 2696 849 stella,
2722 784 2893 854 angeli
2925 793 3047 838 sunt
3081 791 3283 851 septem
3307 780 3700 842 Ecclesiarum;
3738 787 3793 832 et
3834 775 4087 831 candela-

2510 879 2604 930 bra
2635 884 2862 942 septem,
2893 883 3094 944 septem
3130 871 3382 926 Ecclesia
3409 879 3531 924 sunt
3559 870 3744 940 (Apoc.
3770 867 3832 937 ι).
3865 883 3888 919 ι

2582 963 2704 1022 Πεεο
2730 965 2891 1032 igitur
2915 963 2981 1017 ad
3025 963 3280 1016 honorem
3313 960 3525 1015 condita
3559 957 3615 1012 S.
3647 956 3950 1011 Salvatoris
3987 955 4086 1010 Ec—

2511 1055 2670 1110 clesia
2712 1055 2924 1108 culmen
2967 1067 3029 1107 ac
3070 1051 3351 1106 summitas
3395 1051 3556 1104 totius
3601 1048 3923 1104 Christiana
3959 1045 4085 1100 reli-

2509 1145 2682 1215 gionis
2710 1142 2918 1207 eﬂ‘ecta,
2946 1152 3004 1196 ut
3039 1142 3109 1195 ita
3149 1141 3394 1203 dixerim,
3425 1137 3662 1192 Ecclesia
3685 1145 3777 1190 est
3813 1135 4089 1190 Ecclesia-

2511 1250 2664 1294 rum,
2724 1242 2776 1286 et
2821 1242 3007 1286 sancta
3063 1239 3390 1283 sanctorum.
3446 1227 3618 1282 Habet
3671 1235 3853 1279 autem
3904 1224 4088 1278 altrin-

2511 1337 2665 1376 secus
2694 1323 2972 1376 beatorum
3007 1318 3370 1388 apostolorum
3399 1316 3540 1371 Petri
3579 1325 3634 1371 et
3664 1313 3815 1368 Pauli
3853 1313 4088 1368 diversis

2509 1412 2726 1480 quiuem
2767 1409 2902 1464 locis
2944 1409 3264 1462 constitutas
3314 1405 3621 1470 Ecclesias,
3664 1405 3758 1460 sed
3807 1404 3890 1457 sui
3939 1417 4085 1457 com-

2509 1515 2644 1570 page
2672 1500 3016 1562 sacramenti,
3043 1499 3168 1567 quia
3190 1496 3436 1552 videlicet
3467 1497 3519 1550 in
3565 1495 3796 1566 quodam
3828 1492 4085 1547 meditul-

2511 1589 2582 1643 lio
2615 1589 2807 1658 posita,
2852 1587 3004 1658 quasi
3049 1595 3209 1656 caput
3254 1585 3509 1640 membris
3551 1581 3959 1653 supereminet,
4007 1580 4086 1633 in.

2509 1677 2824 1733 diil'erenter
2879 1677 3080 1731 unitas.
3129 1675 3222 1729 llis
3273 1675 3453 1745 itaque
3491 1683 3772 1743 ,tanquam
3832 1669 4087 1739 expensis

2512 1774 2705 1830 divina
2748 1771 3131 1828 misericordia
3149 1769 3383 1826 brachiis
3409 1783 3616 1824 summa
3651 1765 3762 1831 illa,
3787 1775 3841 1820 et
3870 1763 4088 1819 univer-

846 1856 998 1912 nobis
1039 1863 1329 1930 apostolica
1373 1865 1632 1920 duntaxat
1657 1881 1819 1936 super
1862 1869 1943 1923 his
1980 1871 2139 1924 verba
2184 1869 2405 1927 referre.
2436 1856 2483 1916 Β
2511 1866 2637 1920 salis
2665 1864 2901 1921 Ecclesia
2949 1878 3164 1921 omnem
3205 1861 3465 1917 ambitum
3507 1858 3672 1915 totius
3707 1856 3856 1911 orbis
3885 1853 4086 1923 ample-

845 1944 978 2000 Nam
1029 1949 1172 2003 velut
1215 1944 1505 2022 prophetia
1539 1955 1801 2024 depromit
1825 1959 2133 2023 oraculum,
2175 1960 2401 2016 dicens:

851 2051 870 2085 ι
905 2032 1017 2088 Hoc
1042 2045 1217 2091 autem
1247 2040 1381 2095 scito
1401 2080 1414 2104 ,
1458 2043 1596 2111 quod
1629 2045 1680 2097 in
1709 2047 2015 2101 novissimis
2039 2047 2224 2102 diebus
2251 2059 2409 2102 erunt

847 2129 1084 2191 tempora
1111 2124 1401 2192 periculosa
1430 2147 1442 2182 :
1469 2141 1522 2184 et
1543 2142 1699 2187 erunt
1722 2135 1964 2188 homines
1993 2136 2195 2205 seipsos
2223 2153 2408 2192 aman-

847 2217 964 2275 tes,
1015 2216 1224 2284 cupidi,
1279 2221 1534 2286 superbi,
1581 2221 1905 2291 blasphemi,
1956 2227 2264 2294 parentibus
2300 2241 2406 2282 non

845 2301 1186 2370 obedientes,
1243 2307 1467 2375 ingrati,
1508 2313 1750 2378 scelesti,
1781 2315 1896 2369 sine
1941 2315 2251 2382 affectione,
2287 2319 2406 2373 sine

846 2405 978 2460 pace
1004 2431 1019 2453 ,
1059 2394 1449 2462 criminatores,
1486 2399 1876 2458 incontinentes
1903 2445 1917 2468 ,
1977 2406 2211 2461 immites
2243 2448 2257 2472 ,
2289 2407 2406 2462 sine

846 2478 1205 2552 benignitate,
1263 2487 1599 2556 proditores,
1651 2495 1925 2561 protervi,
1987 2497 2212 2562 tumidi,
2261 2496 2407 2552 volu-

844 2579 1048 2636 ptatum
1086 2583 1353 2629 amatores
1396 2581 1568 2646 magis
1603 2589 1761 2648 quam
1802 2583 1893 2638 Dei
1940 2602 1951 2636 :
1998 2586 2252 2640 habentes
2291 2588 2408 2655 qui-

844 2656 964 2710 dem
996 2655 1100 2728 53
1127 2662 1357 2730 speciem
1399 2669 1729 2733 sanctitatis,
1776 2671 2028 2726 virtutem
2071 2685 2250 2729 autem
2292 2675 2408 2743 ejus

835 2745 1170 2834 abnegantes
1197 2751 1282 2820 (II
1315 2752 1447 2807 Tim.
1472 2760 1575 2825 nt).
1618 2777 1637 2809 i
1669 2758 1814 2814 lnter
1844 2762 1955 2816 hac
1989 2778 2114 2832 ergo
2155 2775 2260 2818 tam
2283 2781 2406 2834 pro-

846 2833 1010 2924 funda
1056 2841 1406 2906 periclitantis
1460 2848 1640 2901 mundi
1684 2851 1999 2923 naufragosa
2052 2833 2360 2911 discrimina
2387 2898 2403 2924 ,

846 2923 989 2978 inter
1019 2935 1095 2980 tot
1123 2929 1355 2986 immane
1374 2941 1618 3001 patentes
1643 2939 1955 3004 perditionis
1980 2944 2224 3000 humana
2250 2961 2406 3000 vora-

844 3013 1019 3104 gines,
1071 3017 1258 3073 unicus
1301 3030 1356 3074 et
1399 3023 1685 3091 singularis
1737 3043 1922 3096 portus
1967 3031 2205 3087 Romana
2258 3046 2406 3104 patet

844 3101 1080 3159 Ecclesia
1105 3125 1119 3160 :
1149 3117 1220 3172 et,
1245 3117 1302 3162 ut
1323 3111 1396 3164 ita
1419 3113 1618 3180 fatear,
1659 3123 1965 3188 pauperculi
2002 3101 2283 3192 piscatoris
2319 3135 2403 3183 est

2509 1960 2693 2014 ctitur.
2756 1957 2957 2018 Omnes
3006 1957 3096 2028 qui
3142 1956 3334 2012 salvari
3375 1962 3667 2025 appetunt,
3721 1952 3774 2005 in
3832 1959 4085 2004 materna

2507 2050 2721 2120 pietatis
2748 2049 2953 2119 gremio
2991 2047 3239 2103 confovet
3262 2054 3316 2101 et
3346 2054 3545 2100 tuetur.
3585 2042 3696 2097 Hac
3735 2041 3913 2104 Jcsns,
3943 2054 4085 2092 sum.

2508 2157 2628 2195 mus
2676 2141 2927 2195 videlicet
2971 2138 3246 2209 pontifex,
3291 2150 3416 2192 arce
3474 2132 3766 2195 subnixus,
3818 2139 3988 2184 totam
4033 2128 4086 2181 in

2507 2229 2638 2282 orbe
2687 2237 2954 2282 terrarum
2999 2227 3291 2282 Ecclesiam
3329 2240 3481 2280 suam
3513 2225 3570 2277 in
3606 2220 3936 2278 sacramenti
3968 2218 4083 2271 uni-

2508 2327 2619 2374 tate
2649 2317 3001 2380 confmderat,
3035 2328 3091 2370 ut
3114 2330 3253 2370 unus
3295 2315 3567 2378 sacerdos,
3591 2327 3697 2366 una
3737 2310 3935 2365 merito
3970 2323 4080 2361 cre-

2507 2408 2664 2461 datur
2693 2407 2948 2462 Ecclesia.
2976 2406 3128 2462 Unde
3157 2421 3253 2474 per
3276 2404 3594 2474 prophetam
3621 2401 3823 2457 dicitur
3849 2416 3862 2450 :
3891 2418 3910 2449 ι
3949 2398 4083 2452 Ecce

2505 2499 2588 2552 vir
2614 2499 2808 2553 Oriens
2842 2512 3033 2552 nomen
3081 2495 3222 2564 ejus,
3266 2503 3322 2548 et
3364 2493 3551 2548 subter
3593 2506 3716 2547 eum
3757 2488 3988 2553 orietur,
4033 2495 4084 2540 et

2507 2588 2794 2642 adiﬁcabit
2841 2587 3092 2655 templum
3137 2584 3383 2646 Domino.
3422 2592 3476 2638 et
3518 2583 3632 2650 ipse
3664 2587 3912 2637 exstruet
3953 2589 4086 2633 tem-

2505 2676 2672 2746 plum,
2701 2686 2754 2730 et
2778 2676 3009 2746 portabit
3043 2674 3289 2744 gloriam,
3328 2681 3383 2728 et
3427 2671 3655 2735 sedebit,
3682 2678 3736 2725 et
3775 2667 4084 2724 dominabi-

2506 2773 2590 2816 tur
2617 2779 2778 2832 super
2796 2763 2984 2816 solium
3012 2777 3193 2826 suum,
3235 2769 3290 2816 et
3330 2760 3435 2815 erit
3474 2760 3726 2814 sacerdos
3753 2772 3920 2827 super
3951 2755 4086 2811 solio

2504 2869 2602 2909 suo
2627 2853 2811 2923 (Zuch.
2835 2852 2930 2924 γι).
2967 2871 2986 2904 ι
3026 2851 3132 2906 Sed
3154 2851 3276 2921 quia
3306 2851 3460 2906 nobis
3489 2866 3594 2904 non
3639 2857 3722 2904 est
3749 2847 4084 2918 propositum

2505 2951 2694 2996 cuncta
2742 2941 3030 3012 ﬁgurarum
3083 2940 3336 3009 mysteria
3389 2939 3531 2994 illius
3581 2937 4090 3007 comprehendere,

2505 3027 2616 3100 55
2640 3031 2751 3083 hac
2779 3029 2898 3082 aliis
2925 3027 3312 3083 consideranda
3358 3027 3733 3096 relinquimus,
3772 3027 3841 3081 ad
3888 3026 4084 3082 exhor-

2505 3124 2724 3177 tationis
2769 3138 2899 3178 vero
2946 3123 3164 3188 seriem,
3213 3121 3356 3177 sicut
3400 3121 3752 3186 instituimus,
3794 3119 4084 3175 articulum

844 3203 1030 3287 para-ta
1061 3211 1276 3267 sagena,
1301 3217 1421 3270 qua
1446 3219 1632 3261 omnes
1657 3208 1721 3262 ad
1761 3225 1820 3264 se
1862 3213 2068 3269 sincere
2095 3219 2402 3287 confugien-
2429 3193 2474 3254 (ί
2506 3209 2866 3266 reﬂeclamlls-

846 3282 1387 3376 tesdeprocellarum
1415 3293 1883 3353 intumescentium
1927 3299 2176 3358 ﬂuctibus
2220 3282 2398 3376 eripit,

845 3379 902 3465 et
927 3371 980 3425 in
1006 3372 1185 3465 littore
1207 3377 1495 3436 salutifera
1517 3385 1712 3452 quietis
1734 3392 1970 3458 exponit.
1997 3392 2132 3447 llinc
2153 3404 2236 3449 est
2259 3371 2401 3465 quod

846 3459 960 3528 ipsa
1007 3463 1242 3522 Ecclesia
1293 3471 1757 3531 excellentioribus
1813 3493 1922 3547 pra
1987 3483 2196 3536 cateris
2241 3459 2404 3540 totius

844 3553 993 3646 orbis
1036 3555 1288 3646 Ecclesiis
1335 3563 1524 3617 nititur
1566 3567 1874 3636 privilegiis,
1931 3574 2122 3628 sedet
2168 3577 2406 3646 mysticis

845 3642 1006 3700 etiam
1033 3645 1272 3705 instituta
1299 3659 1457 3722 atque
1482 3655 1734 3725 disposita
1763 3675 1868 3715 non
1899 3663 2189 3735 ambigitur
2223 3642 2411 3723 sacra-

847 3736 1062 3827 mentis.
1107 3736 1262 3804 Nam,
1321 3753 1380 3796 ut
1430 3745 1499 3827 de
1537 3747 1776 3815 pluribus
1821 3767 1986 3819 pauca
2028 3757 2405 3827 perstringam,

849 3824 1222 3919 Lateranensis
1249 3825 1506 3903 Ecclesia,
1536 3839 1676 3894 sicut
1703 3840 1993 3901 Salvatoris
2033 3856 2115 3902 est
2154 3824 2406 3919 insignita

845 3918 1126 4007 vocabulo,
1156 3923 1244 3990 qui
1274 3925 1522 3980 nimirum
1547 3931 1782 3986 omnium
1804 3944 1963 4002 caput
1986 3945 2069 3990 est
2093 3918 2404 4007 electorum,

847 4004 920 4059 ita
958 4019 1148 4075 mater,
1194 4021 1248 4066 et
1285 4015 1497 4082 quidam
1538 4023 1694 4088 apex,
1738 4032 1792 4077 et
1831 4034 2013 4080 vertex
2047 4037 2128 4082 est
2166 4004 2404 4085 omnium

845 4108 944 4162 per
1004 4097 1186 4152 orbem
1236 4101 1608 4161 Eeclesiarum.
1666 4109 1788 4166 Hac
1849 4124 2052 4180 septem
2106 4117 2408 4175 cardinales

847 4180 1010 4238 habet
1067 4189 1378 4257 episcopos,
1427 4197 1622 4262 quibus
1679 4200 1806 4252 solis
1860 4213 1980 4270 post
2024 4191 2407 4274 apestoncum,

844 4281 1248 4327 sacrosanctum
1282 4277 1405 4331 illud
1451 4281 1620 4338 altare
1656 4284 1780 4340 licet
1819 4291 2110 4358 accedere,
2152 4309 2216 4349 ac
2246 4296 2410 4350 divini

845 4359 1022 4414 cultus
1046 4365 1296 4432 mysteria
1337 4369 1628 4427 celebrare.
1666 4374 1721 4428 ln
1745 4392 1850 4446 quo
1879 4381 2127 4435 nimirum
2154 4383 2280 4439 illud
2310 4386 2410 4440 Za-

847 4451 1042 4507 charia
1087 4458 1392 4514 continetur
1436 4463 1710 4518 evidenter
1757 4470 2026 4523 oraculum
2079 4489 2092 4524 :
2149 4493 2169 4523 r
2225 4474 2403 4542 Ecce,

2573 3301 2681 3355 Nos
2711 3302 2913 3371 itaque,
2946 3301 3141 3356 fratres
3171 3301 3297 3366 mei,
3326 3310 3386 3356 ut
3429 3307 3484 3357 et
3521 3315 3607 3356 me
3633 3299 3786 3355 vobis
3819 3300 4081 3354 audenter

2503 3392 2855 3448 interferam:
2891 3407 3010 3457 nos,
3055 3393 3298 3461 inquam,
3325 3392 3415 3460 qui
3463 3401 3719 3460 tanquam
3759 3399 3970 3458 septem
3997 3403 4072 3443 sa

2503 3499 2624 3539 mus
2651 3485 2790 3540 oculi
2821 3501 2982 3554 super
3028 3485 3257 3554 lapidem
3303 3501 3488 3549 unum,
3515 3485 3606 3554 qui
3638 3483 3918 3538 stellarum
3959 3497 4082 3552 por-

2505 3579 2680 3627 tamus
2723 3573 3032 3643 imaginem,
3087 3573 3176 3643 qui
3222 3573 3528 3641 angelorum
3575 3581 3820 3627 tenemus
3865 3585 3964 3640 per
3988 3585 4075 3625 an-

2510 3660 2860 3714 nuntiationis
2907 3660 3136 3715 cilicium
3180 3661 3530 3731 dignitatem,
3577 3661 3877 3723 videamus,
3907 3659 4080 3728 splen-

2506 3749 2748 3814 deamus,
2802 3759 2858 3804 et
2885 3751 3047 3805 verba
3084 3751 3208 3804 vita
3255 3749 3473 3820 populis
3497 3765 3604 3805 non
3634 3747 3806 3803 solum
3834 3746 4081 3810 vocibus,

2507 3843 2602 3896 sed
2650 3850 2704 3896 et
2752 3843 2992 3896 moribus
3041 3842 3374 3895 nuntiemus.
3438 3840 3752 3895 Sermonem
3813 3837 4081 3906 siquidem

2505 3932 2912 4000 pradicantium
2946 3931 3120 3998 lingua
3149 3930 3364 3999 quidem
3397 3929 3626 3991 nuntiat,
3653 3929 3746 3982 sed
3787 3928 3895 3981 vita
3927 3941 4079 3982 com-

2507 4021 2744 4074 mendat.
2775 4018 2944 4073 Porro
2973 4019 3098 4087 quia
3127 4018 3191 4071 ad
3223 4017 3586 4072 Lateranense
3629 4015 3889 4084 palatium
3929 4029 3957 4066 a
3991 4013 4074 4068 di-

2506 4111 2678 4163 versis
2720 4108 2928 4178 populis
2979 4108 3044 4162 de
3103 4116 3213 4161 toto
3263 4117 3527 4161 terrarum
3580 4104 3715 4158 orbe
3766 4102 4080 4166 conﬂuitur,

2507 4215 2732 4256 necesse
2777 4208 2859 4254 est
2898 4207 2958 4252 ut
2997 4199 3066 4253 ibi
3104 4213 3213 4266 pra
3243 4196 3456 4252 cateris
3483 4195 3690 4265 uspiam
3721 4193 3892 4258 locis,
3934 4200 4080 4247 recta

2511 4305 2726 4359 semper
2755 4291 2966 4344 vivendi
2998 4291 3070 4344 sit
3093 4290 3286 4352 forma,
3317 4289 3562 4342 districta
3591 4295 3842 4341 teneatur
3865 4284 4080 4340 assidue

2509 4381 2610 4435 sub
2677 4381 2917 4435 honestis
2966 4380 3205 4434 moribus
3253 4379 3554 4446 disciplina.
3610 4377 3677 4431 Et
3727 4385 3984 4444 tanquam
4033 4373 4077 4428 si

2504 4468 2702 4537 jngiter
2723 4469 2900 4538 jaceat
2938 4468 2990 4520 in
3020 4467 3237 4521 fornace
3261 4476 3494 4528 moneta,
3525 4480 3644 4534 qua
3669 4464 3811 4518 lasis
3845 4462 4079 4518 nummis

847 4539 1041 4609 inquit,
1067 4543 1220 4611 lapis,
1245 4562 1399 4613 quem
1430 4552 1548 4605 dedi
1580 4570 1758 4608 coram
1798 4557 1919 4612 Jesu
1947 4579 1958 4612 :
1990 4577 2146 4630 super
2177 4534 2404 4635 lapidem'
2432 4534 2481 4593 Ῑ)
2507 4534 2762 4614 refertiiet
2789 4559 3074 4626 imaginem
3101 4575 3115 4623 ;
3151 4558 3229 4612 sic
3254 4558 3305 4611 in
3333 4555 3653 4612 sacerdotali
3675 4555 3837 4610 domo
3863 4567 4077 4608 omnem

846 4643 1009 4683 unum
1034 4643 1236 4702 septem
1263 4637 1400 4692 oculi
1429 4650 1551 4694 sunt
1578 4642 1758 4711 (Zach.
1808 4649 1946 4717 vnn).
1992 4671 2010 4702 ι
2044 4650 2202 4721 Lapis
2228 4667 2402 4712 autem

847 4721 948 4777 iste
979 4725 1063 4776 illa
1093 4728 1275 4794 procul
1301 4730 1460 4786 dubio
1501 4746 1649 4801 petra
1693 4747 1795 4803 est,
1838 4739 1904 4793 de
1937 4756 2037 4808 qua
2065 4758 2224 4797 verus
2251 4745 2405 4802 Jesns

846 4808 1002 4866 Petro
1029 4814 1325 4882 pollicetur,
1351 4820 1532 4875 dicens
1561 4840 1574 4874 :
1607 4841 1625 4872 ἰ
1662 4823 1834 4892 Super
1873 4827 2009 4882 hanc
2049 4840 2252 4898 petram
2279 4835 2407 4886 adi-

848 4899 1017 4992 ticaho
1044 4903 1332 4959 Ecclesiam
1359 4925 1529 4962 meam
1552 4911 1766 4978 (Matth.
1796 4917 1924 4986 xvi).
1960 4937 1977 4968 ι
2010 4920 2220 4989 Septem
2244 4923 2405 4992 igitur

845 4990 1027 5045 oculos
1057 4993 1217 5047 habet
1247 4997 1357 5050 hac
1383 5008 1556 5065 petra,
1583 5003 1706 5068 quia
1737 5007 1950 5060 totidem
1977 5011 2146 5064 sancti
2175 4990 2405 5081 Spii-i:us

847 5083 1001 5136 donis
1043 5094 1228 5139 sancta
1279 5087 1554 5156 prafulget
1604 5091 1866 5158 Ecclesia,
1914 5097 2106 5164 quibus
2153 5100 2401 5156 nimirum

847 5172 991 5224 velut
1024 5174 1406 5229 candelabrum
1449 5193 1667 5232 aureum
1723 5182 2223 5254 inexstinguibiliter
2269 5191 2400 5244 ruti-

848 5262 986 5326 lans,
1013 5264 1322 5334 ignorantia
1352 5272 1596 5325 tenebras
1627 5273 1842 5344 efl'ugat,
1873 5285 1927 5331 et
1952 5281 2016 5332 ad
2040 5281 2402 5349 contemplan-

847 5354 974 5409 dum
998 5355 1217 5424 jnstitia
1256 5361 1419 5414 solem
1461 5361 1732 5418 hominum
1779 5376 1984 5423 mentes
2030 5369 2280 5424 illustrat.
2327 5373 2402 5427 De

848 5458 955 5511 quo
1000 5444 1140 5499 idem
1187 5449 1442 5519 prepheta
1476 5468 1488 5502 :
1526 5471 1543 5503 ι
1581 5454 1718 5523 Vidi,
1751 5456 1842 5521 ait,
1892 5466 1946 5512 et
1991 5473 2116 5514 ecce
2159 5460 2402 5515 candela-

849 5532 1002 5588 brum
1044 5551 1263 5590 aureum
1313 5548 1501 5607 totum,
1534 5550 1587 5595 et
1630 5543 1833 5612 lampas
1876 5545 1991 5614 ejus
2036 5563 2195 5614 super
2246 5559 2406 5617 caput

853 5621 1036 5690 ipsius,
1078 5633 1133 5678 et
1179 5635 1377 5695 septem
1422 5629 1650 5686 lucerna:
1696 5634 1811 5703 ejus
1844 5649 2005 5704 super
2045 5636 2168 5691 illud
2217 5637 2400 5707 (Zarlt.

857 5711 958 5772 III).
991 5732 1008 5764 ο
1037 5717 1183 5780 Quod
1228 5719 1408 5788 utique
1457 5737 1846 5781 sacramentum
1893 5739 1941 5782 et
1982 5727 2035 5780 Β.
2078 5727 2308 5784 Joannes
2349 5730 2400 5784 in

2505 4650 2809 4719 depravata
2854 4650 2975 4703 vita
3011 4664 3124 4726 sua
3153 4649 3348 4703 debent
3378 4647 3624 4702 homines
3676 4645 3954 4715 corrigere
3984 4642 4079 4697 fal-

2504 4742 2740 4796 sitatcm.
2769 4739 2921 4806 Quod
2952 4740 2994 4792 si
3034 4739 3198 4809 ipsius
3226 4747 3451 4793 moneta
3509 4737 3840 4796 oblitterata,
3873 4735 3959 4789 vel
3985 4734 4078 4789 de-

2507 4833 2628 4886 trita
2656 4832 2726 4886 sit
2756 4831 2956 4900 regula,
2985 4840 3265 4900 postquam
3305 4829 3534 4884 metallis
3574 4828 3922 4898 imprimitur,
3975 4843 4078 4881 non

2507 4937 2775 4983 nummus.
2809 4923 2898 4976 sed
2925 4922 3362 4990 paracaraximus
3402 4921 3476 4990 (id
3505 4929 3602 4984 est,
3650 4920 3765 4973 sine
3814 4922 3965 4985 nota)
3997 4920 4077 4971 in-

2506 5014 2740 5067 venitur.
2773 5011 2886 5065 Non
2917 5027 3046 5082 ergo
3077 5003 3436 5081 quorumlibet
3465 5012 3740 5070 hominum
3775 5021 3883 5064 tam
3919 5010 4078 5066 noxia

2503 5110 2586 5154 est
2608 5116 2767 5170 quam
2795 5101 3028 5170 pravitas
3076 5101 3437 5164 sacerdotum,
3461 5101 3585 5154 dum
3612 5111 3990 5170 proponuntur
4013 5101 4078 5155 ad

2501 5193 2822 5263 exemplum.
2856 5189 2987 5244 Nam
3011 5192 3101 5260 qui
3125 5191 3230 5245 dux
3261 5190 3469 5246 itineris
3495 5191 3862 5254 constituitur,
3892 5191 3938 5244 si
3967 5193 4080 5261 ipse

2500 5283 2554 5338 in
2584 5282 2936 5353 pracipitium
2961 5281 3176 5345 lahitur,
3226 5295 3444 5336 necesse
3481 5291 3566 5337 est
3602 5291 3661 5335 ιιι
3688 5281 3936 5351 quisquis
3963 5281 4079 5350 ejus

2501 5371 2725 5442 vestigia
2765 5371 3026 5439 sequitur,
3071 5370 3126 5424 in
3155 5369 3396 5438 ejusdem
3435 5371 3602 5426 ruina
3632 5369 3902 5440 profundo
3931 5387 4078 5427 tuer-

2503 5472 2680 5533 gatur.

2572 5554 2983 5609 Cousidcremus
3027 5555 3228 5609 interea
3276 5555 3404 5625 quid
3453 5569 3616 5626 super
3657 5554 3759 5609 hac
3809 5557 4075 5610 sententia

2505 5645 2820 5713 praedicator
2865 5647 3112 5716 egregius
3158 5646 3340 5701 dicat:
3381 5663 3400 5697 ε
3440 5645 3541 5714 Qui
3583 5645 3976 5715 episcOpattnn.
4002 5649 4078 5700 in?

2504 5734 2637 5795 quit,
2669 5734 2957 5794 desiderat.
2984 5739 3178 5791 bonum
3212 5753 3344 5795 unus
3370 5737 3636 5794 desiderat
3659 5737 3708 5808 (1
3744 5736 3880 5791 Tim.
3921 5738 4024 5805 tu).
4055 5755 4072 5784 ι
