4260 6374
381 437 470 493 957

1529 431 1730 488 LIBER
1773 431 2159 497 SECUNDUS,
2205 431 2425 490 El’lST.
2473 434 2511 489 l.

3550 441 3656 498 258

381 554 463 609 llic
489 548 760 605 evidenter
784 547 1084 601 ostenditur
1110 547 1241 603 nihil
1270 548 1414 602 aliud
1452 564 1572 604 esse
1601 548 1932 618 pontiﬁcem,
1965 556 2016 610 Α
2041 545 2326 615 piendisve
2384 547 2741 620 dignitatibus
2791 547 3180 608 ecclesiasticis
3225 569 3331 609 una
3391 555 3657 616 duntaxat

377 660 517 714 quam
550 639 671 694 boni
721 638 900 706 operis
944 648 1283 694 sectatorem.
1334 638 1449 694 Non
1489 639 1632 694 enim
1662 639 1818 704 dixit,
1843 639 1942 693 bo-

378 751 484 790 nam
511 729 844 800 dignitatem,
867 730 948 783 ν;·1
978 730 1173 785 bomnn
1200 731 1458 786 honorent
1482 731 1777 796 desiderat,
1803 731 1896 786 sed
1923 747 1936 760 ·

381 848 396 879 σ
425 827 513 894 Qui
551 822 914 890 episc0patum
968 823 1268 887 desiderat,
1317 824 1516 877 bonum
1559 837 1695 891 opus
1729 823 1941 877 deside-

375 930 494 974 rat.»
526 916 596 967 Ac
627 913 670 965 si
703 913 883 966 dicat:
919 912 1017 978 Qui
1060 915 1127 968 ad
1159 915 1528 983 episcopatum
1561 913 1785 967 anhelat
1817 929 1940 982 pos-

372 1009 626 1068 sideudum
660 1005 777 1058 sine
797 1005 938 1059 bono
962 1011 1140 1075 opete,
1167 1007 1327 1060 inane
1351 1006 1468 1059 vult
1493 1021 1686 1060 nomen
1713 1005 1938 1059 induere

371 1103 474 1158 sine
509 1098 578 1152 rei
611 1097 777 1166 ipsius
814 1095 1058 1152 veritate.
1097 1095 1211 1150 Non
1239 1110 1369 1164 ergo
1401 1104 1614 1149 constat
1651 1095 1934 1164 episcopa-

371 1205 446 1248 tus
503 1194 552 1247 in
608 1192 817 1247 turritis
865 1188 1271 1245 Gehellinorum
1304 1227 1319 1251 ,
1377 1186 1935 1239 transmarinaruun'e

369 1286 582 1340 ferarum
610 1284 785 1353 pileis,
823 1298 928 1336 non
970 1283 1020 1336 in
1048 1279 1453 1334 ﬂammantibus
1485 1277 1781 1333 Martorum
1807 1278 1936 1332 sub-

368 1377 669 1434 mentalibus
713 1375 873 1436 rosis.
925 1389 1029 1429 non
1082 1373 1134 1426 in
1181 1371 1524 1426 bractearum
1553 1369 1935 1426 circumﬂuen-

365 1474 482 1528 tium
511 1470 763 1542 phaleris,
792 1485 896 1523 non
931 1467 1162 1537 denique
1203 1467 1254 1521 iu
1284 1465 1594 1536 glomeratis
1615 1466 1926 1533 constipan-

366 1569 483 1621 tium
520 1566 745 1620 militum
778 1562 983 1626 cuneis,
1017 1575 1190 1630 neque
1230 1560 1282 1614 in
1320 1558 1674 1613 frementibus
1703 1573 1766 1612 ac
1807 1573 1933 1627 spu-

362 1657 549 1712 mantia
583 1655 734 1709 frena
767 1652 1145 1706 mandentibus
1177 1653 1360 1721 equis;
1415 1652 1509 1706 sed
1547 1651 1598 1704 in
1649 1650 1932 1704 honestate

363 1763 576 1810 morum,
606 1732 668 1800 et.
689 1753 998 1798 sanctarum
1037 1743 1428 1798 exercitatione
1479 1743 1756 1796 virtutum.
1789 1741 1931 1795 Mox-

359 1813 453 1906 que
479 1832 746 1904 subjnngit
774 1851 784 1885 :
826 1851 843 1882 ‹
876 1830 1098 1901 Oportet
1129 1833 1441 1902 episc0pum
1479 1831 1930 1902 irreprehensibi-

359 1929 452 1981 lein
488 1940 602 1980 esse
641 1923 848 1993 (Ibid).
883 1942 901 1973 ι
936 1923 1037 1977 Hic
1065 1932 1224 1977 tanta:
1266 1922 1377 1975 vult
1419 1937 1539 1976 esse
1578 1921 1927 1991 perfectionis

356 2017 670 2087 episcopum,
700 2027 760 2071 ut
793 2033 929 2086 pene
955 2029 1106 2073 extra
1138 2027 1385 2071 naturam
1412 2018 1663 2086 loquatur
1693 2018 1927 2086 Aposto-

354 2109 444 2162 lus.
477 2108 603 2174 Quis
632 2109 776 2162 enim
808 2110 860 2162 in
891 2125 1055 2163 carne
1082 2110 1411 2163 constitutus
1442 2119 1549 2162 tam
1577 2120 1734 2163 caute
1765 2110 1925 2171 vivat,

355 2209 450 2252 tam
504 2214 560 2253 se
605 2199 837 2254 sollicite
885 2200 1118 2270 undique
1178 2200 1598 2270 circumspiciat,
1640 2209 1698 2254 ut
1743 2215 1927 2268 repre-

355 2288 498 2341 hendi
525 2287 812 2355 aliquando
840 2290 1108 2358 nequeat?
1141 2290 1230 2343 Va:
1263 2290 1343 2343 his
1374 2291 1465 2358 qui
1499 2298 1552 2344 et
1581 2289 1927 2359 reprehensi-

351 2381 517 2434 biliter
554 2381 761 2443 vivunt,
800 2391 854 2434 et
885 2379 1064 2435 locum
1108 2381 1662 2451 irreprehensibiliter
1711 2381 1927 2436 vivendi

350 2471 513 2524 adhuc
543 2470 1022 2538 reprehensibilius
1060 2471 1481 2539 concupiscunt!
1533 2473 1611 2526 Ex
1645 2474 1730 2528 his
1773 2475 1926 2529 nimi~

351 2577 455 2614 rum
475 2570 618 2626 sunt,
651 2562 742 2630 qui
781 2562 1162 2619 oblivisceutes
1205 2564 1456 2620 allectum
1496 2567 1834 2636 cognatioois
1874 2578 1929 2625 et

349 2654 541 2721 pan-hc,
583 2665 886 2723 sequuntur
929 2663 1110 2710 castra
1155 2671 1340 2726 regum
1374 2674 1470 2727 per
1510 2660 1690 2728 ignota
1721 2671 1774 2714 et
1805 2663 1928 2714 bar-

349 2744 464 2796 bara
512 2759 674 2813 regna
725 2753 1012 2798 terrarum.
1052 2746 1116 2799 Et
1159 2747 1224 2798 ad
1270 2745 1371 2800 hoc
1405 2762 1499 2801 eos
1544 2749 1769 2818 impellit
1801 2766 1928 2818 pcr-

348 2838 575 2889 euntimn
606 2837 832 2891 ambitio
879 2838 1220 2909 digmtatum,
1259 2839 1404 2908 quod
1445 2849 1774 2910 extorquere
1817 2859 1925 2896 non

348 2932 506 2999 potuit
551 2933 855 2986 ctelestium
905 2933 1195 3004 promissi:
1245 2935 1621 3003 praemiorum;
1675 2945 1732 2990 ut
1779 2940 1923 2993 enim

346 3038 443 3076 non
475 3023 580 3076 sint
610 3023 904 3077 domestica
962 3022 1220 3079 facultate
1269 3027 1547 3089 contenti,
1597 3028 1732 3080 fiunt
1782 3030 1924 3098 apud

343 3121 616 3167 extraneos
674 3114 980 3183 peregrini:
1011 3123 1174 3185 atque
1217 3129 1382 3184 super
1433 3115 1569 3170 alios
1614 3117 1695 3171 vel
1733 3117 1922 3172 Seram

343 3203 598 3272 arripiant
649 3203 901 3270 ferulam,
948 3205 1138 3260 duram
1169 3207 1298 3278 ipsis
1323 3210 1615 3278 propositis
1663 3211 1924 3266 exhibent

344 3297 656 3353 clientelam.
702 3299 986 3356 Enimvero
1018 3300 1276 3356 facilioris
1311 3303 1487 3357 exitus
1519 3303 1712 3368 fuerat,
1754 3307 1796 3359 si
1827 3322 1924 3375 pro

345 3389 624 3444 honoribus
649 3392 912 3446 vcnaliter
949 3393 1294 3461 acquirendis
1323 3396 1582 3464 pecunias
1619 3397 1724 3466 55
1754 3399 1923 3452 semel

341 3488 720 3555 appenderenl,
767 3503 928 3558 quam
984 3496 1064 3542 tot
1111 3487 1376 3548 laborum.
1415 3498 1496 3544 tot
1545 3506 1922 3559 pt‘cssurarttm

341 3574 605 3630 molestias
658 3577 1007 3631 sustinerent.
1049 3575 1185 3631 Nam
1218 3593 1340 3631 cum
1384 3579 1642 3647 propheta
1687 3580 1753 3633 de
1807 3579 1924 3634 viro

332 3664 467 3731 justo
494 3667 678 3722 dicat:
717 3687 733 3720 ι
767 3667 868 3735 Qui
895 3670 1102 3724 excutit
1133 3684 1327 3724 manus
1368 3685 1496 3725 suas
1533 3672 1600 3725 ab
1629 3671 1776 3726 omni
1810 3687 1922 3725 tnu-

337 3771 457 3810 nere
497 3757 631 3827 (Im.
679 3761 872 3828 χχχιι),
911 3778 930 3811 ι
964 3761 1085 3830 quis
1131 3776 1256 3815 eum
1293 3776 1320 3816 a
1365 3777 1649 3816 munerum
1705 3773 1923 3832 praesta-

341 3850 473 3904 tione
498 3850 773 3917 defendat,
802 3853 895 3922 qui
921 3861 976 3908 et
1008 3854 1359 3924 semetipsum
1406 3853 1598 3909 alienae
1640 3857 1922 3912 servitutis

338 3941 552 4010 imperio
579 3944 853 4014 subjugat,
891 3953 948 4000 et
973 3944 1192 4014 insuper
1233 3945 1286 4000 in
1317 3945 1588 4001 diuturna:
1618 3949 1922 4018 expeditio-

336 4036 413 4090 nis
442 4037 711 4107 impensas
737 4038 1054 4093 facultatum
1081 4053 1303 4092 suarum
1335 4037 1484 4093 lucra
1520 4039 1810 4110 proﬂigat?

398 4130 507 4199 (83)
533 4129 700 4185 Plane
726 4132 1039 4200 prophetica
1075 4131 1163 4186 illa
1190 4132 1459 4187 sententia
1489 4133 1568 4188 sic
1595 4135 1915 4203 exponitur,

333 4229 387 4273 ut
414 4223 510 4275 tria
536 4223 790 4276 dicantur
815 4239 1096 4278 munerum
1123 4239 1347 4296 genera,
1389 4225 1599 4280 scilicet
1640 4243 1838 4282 munus
1883 4243 1914 4282 a

331 4325 501 4374 manu,
538 4327 738 4366 munus
765 4313 834 4367 ab
859 4313 1138 4383 obsequio,
1175 4330 1371 4370 munus
1416 4330 1446 4368 a
1482 4314 1686 4385 lingua.
1733 4317 1914 4387 Siqui-

331 4401 440 4455 dem
486 4419 682 4458 nnmus
712 4419 741 4458 a
777 4419 936 4458 manu
979 4405 1252 4473 pecunia:
1296 4421 1491 4460 nnmus
1539 4407 1607 4462 ab
1650 4407 1914 4477 obsequio

328 4493 621 4549 obedientia
651 4496 1039 4566 snbjectiouis:
1076 4514 1271 4553 munus
1317 4513 1346 4551 a
1385 4497 1562 4568 lingua
1597 4498 1748 4554 favor
1778 4500 1912 4556 adu-

330 4584 550 4642 lalionis.
595 4589 662 4643 Et
687 4604 811 4644 cum
843 4590 910 4645 ab
943 4606 1267 4660 unoquoque
1297 4591 1491 4645 horum
1519 4606 1714 4645 manus
1743 4607 1909 4647 excu-

330 4675 524 4731 ticudas
552 4680 818 4747 propheta
846 4679 1148 4744 denuntiet,
1177 4679 1428 4734 omnibus
1458 4680 1541 4734 his
1582 4696 1776 4735 manus
1802 4681 1906 4735 im-

328 4767 542 4834 plicasse
599 4770 980 4835 convincitur,
1038 4771 1128 4840 qui
1189 4772 1565 4826 nanciscenda:
1627 4772 1908 4842 dignitatis

326 4857 512 4913 ambitu
546 4870 876 4931 potestatum
907 4862 1219 4918 sublimium
1250 4873 1428 4917 castra
1473 4874 1740 4922 sectatur.
1773 4863 1905 4919 Nam

325 4949 440 5002 dum
478 4951 530 5004 in
561 4953 828 5007 vehiculis
857 4953 1222 5023 acquireudis,
1277 4955 1724 5024 diversorumque
1758 4972 1906 5010 sum-

324 5050 494 5106 ptuum
545 5043 918 5112 apparatibus,
964 5059 1071 5098 non
1122 5045 1329 5098 modica
1361 5060 1569 5098 summa
1620 5040 1903 5113 profundi-

327 5141 424 5196 tur,
449 5135 537 5190 hic
559 5136 750 5204 procul
781 5137 941 5189 dubio
966 5136 1103 5191 datze
1131 5138 1372 5206 pecunia:
1402 5138 1667 5192 obnoxius
1699 5138 1904 5192 iuveni-

327 5229 434 5276 tur:
466 5226 555 5294 qui
603 5225 770 5282 etiam
805 5227 930 5281 nulli
978 5228 1197 5282 dubium
1244 5230 1374 5298 quin
1420 5230 1468 5284 ei
1498 5239 1555 5284 et
1583 5231 1902 5299 obsequium

325 5315 567 5378 pra-beat,
601 5319 691 5371 cui
723 5318 896 5372 factus
927 5319 1133 5373 assecla
1161 5321 1262 5374 sub
1294 5331 1444 5375 tanto
1472 5321 1672 5377 laboris
1713 5333 1766 5377 et
1809 5325 1900 5377 iti-

325 5404 455 5457 neris
508 5405 657 5461 fasce
703 5407 945 5462 desudat.
1000 5409 1282 5464 Postremo
1333 5411 1460 5465 dum
1524 5411 1744 5468 domino
1801 5429 1901 5469 suo

325 5491 556 5558 blandiri,
603 5497 835 5568 ejusque
906 5500 1166 5556 voluntati
1215 5517 1515 5572 congruere
1570 5517 1669 5575 per
1715 5507 1896 5560 omnia

323 5581 516 5647 nititur,
563 5601 708 5656 saepe
761 5588 864 5642 sibi
905 5591 1225 5659 quibusdam
1281 5593 1573 5649 adnlatoris
1624 5594 1897 5652 favoribus

322 5684 632 5730 assentetur.
681 5676 852 5734 Porro
899 5690 1075 5734 autem
1118 5683 1365 5752 quisquis
1417 5683 1469 5737 iu
1522 5687 1713 5742 dandis
1750 5687 1894 5742 acc?-

384 5831 484 5903 (85)
523 5837 654 5894 Vide
685 5837 968 5909 epistolam
995 5841 1028 5895 5
1058 5839 1176 5894 libri
1212 5857 1268 5895 tt.

2043 653 2232 692 earum
2262 653 2383 708 qua:
2411 641 2685 709 prtedicla:
2716 650 2860 706 sunt,
2886 653 3039 710 peste
3062 647 3451 716 corrumpitur,
3482 648 3658 704 Simo-

2043 729 2212 782 niacae
2245 730 2519 785 haereseos
2549 731 2720 785 teneri
2752 733 2980 788 crimine
3001 733 3296 801 judicatur.
3322 737 3495 804 Quam
3523 757 3655 812 ergo

2041 822 2123 876 sui
2167 822 2396 878 afferent
2436 826 2869 892 excusationem,
2910 829 2998 897 qui
3032 828 3157 883 licet
3182 830 3362 886 verbis
3391 848 3498 888 non
3525 849 3656 889 cou-

2042 914 2310 968 traxeriut
2361 916 2568 970 venalis
2613 926 2768 985 pacta
2823 922 3158 986 commercii,
3204 926 3522 993 operatione
3571 937 3655 982 ta-

2041 1021 2163 1058 men
2213 1023 2317 1060 non
2369 1024 2510 1072 uno,
2548 1012 2642 1063 sed
2680 1011 2934 1066 omnibus
2973 1013 3057 1066 his
3099 1016 3401 1083 probantur
3447 1017 3656 1089 laqueis

2038 1092 2275 1147 irretiti?
2326 1096 2708 1151 Verumtamen
2756 1097 2970 1165 jactant
3015 1117 3092 1165 se,
3143 1114 3196 1157 et
3237 1121 3304 1160 eo
3353 1107 3655 1175 gloriantur

2038 1184 2320 1251 innoxios,
2355 1187 2483 1255 quia
2528 1189 2732 1242 nullam
2769 1191 2958 1244 talenti
3004 1208 3274 1249 summam
3324 1213 3426 1266 pro
3474 1201 3650 1254 susci-

2037 1279 2250 1348 piendis
2279 1281 2576 1335 honoribus
2605 1297 2662 1336 se
2686 1283 2941 1353 pepigere
2967 1286 3209 1340 daturos.
3238 1288 3344 1342 Sed
3378 1292 3464 1345 die
3492 1293 3650 1356 mihi,

2035 1383 2070 1422 ο
2103 1369 2322 1434 clerice,
2355 1373 2604 1441 quisquis
2653 1389 2734 1438 es,
2781 1375 2826 1428 si
2879 1376 3159 1447 redemplo
3195 1381 3440 1449 quolibet
3481 1400 3653 1441 aureo

2035 1472 2164 1512 vase
2191 1459 2273 1512 vel
2304 1461 2526 1529 praedio,
2559 1462 2855 1517 distractor
2883 1464 3126 1534 exigeret
3174 1477 3233 1522 ut
3278 1472 3473 1524 retenti
3507 1473 3652 1542 apud

2037 1555 2088 1601 te
2121 1547 2238 1601 vice
2276 1550 2433 1617 pretii
2469 1550 2780 1620 hujusmodi
2834 1553 2938 1608 sibi
2971 1555 3278 1612 sedulitatis
3315 1559 3648 1628 impendium

2034 1638 2342 1704 exhiberes;
2373 1643 2616 1711 nunquid
2647 1658 2752 1697 non
2777 1647 3120 1712 postmodum
3151 1659 3470 1706 constanter
3491 1670 3648 1709 assc-

2035 1745 2188 1784 reres
2212 1741 2284 1793 te,
2304 1733 2444 1800 quod
2469 1745 2752 1803 acceptum
2778 1736 3043 1805 est,justo
3062 1741 3236 1807 pretio
3253 1747 3650 1813 comparasse?

2035 1837 2141 1876 non
2188 1823 2439 1879 videlicet
2491 1828 2617 1896 quia
2675 1831 2962 1897 pecuniam
3009 1833 3338 1900 persiolvisti,
3381 1839 3477 1891 sed
3516 1839 3648 1907 quia

1963 1903 2002 1962 Β
2033 1914 2314 1968 servitium
2346 1919 2648 1986 prmbuisti.
2698 1921 2922 1976 Diceres
2950 1924 3118 1990 enim,
3166 1934 3221 1980 et
3261 1943 3369 1982 non
3397 1903 3648 1987 fortassis

2033 2009 2379 2080 impudenter
2420 2022 2715 2080 astrueres,
2743 2016 2974 2073 Charius
3015 2019 3146 2086 emi,
3187 2022 3314 2076 dum
3362 2034 3512 2081 tanto
3559 2040 3648 2083 me

2032 2102 2220 2156 labore
2271 2117 2527 2158 vexarent
2563 2146 2576 2170 ,
2628 2106 2756 2160 dum
2803 2108 2963 2163 toties
3023 2108 3342 2166 facultatum
3396 2131 3645 2172 mearum

2032 2203 2281 2262 sumptus
2307 2197 2696 2265 expenderent,
2725 2215 2888 2268 quam
2926 2201 2972 2255 si
3005 2202 3173 2258 semel
3210 2205 3444 2273 praefixa;
3467 2223 3644 2278 quan-

2033 2286 2207 2340 titatis
2237 2287 2521 2353 pecuniam
2555 2304 2928 2344 numerarem.
2974 2290 3330 2363 Nequaquam
3373 2311 3504 2368 ergo
3542 2299 3646 2355 sibi

2032 2377 2403 2432 innocentiam
2460 2379 2786 2448 spondeant,
2832 2391 2887 2437 et
2925 2398 2956 2436 a
3009 2382 3332 2441 Simoniacze
3376 2389 3649 2446 hmreseos

2032 2468 2257 2522 maculis
2295 2484 2352 2522 se
2385 2471 2614 2524 mundos
2653 2486 2773 2526 esse
2799 2471 3102 2536 confidant.
3133 2476 3224 2545 qui
3253 2476 3379 2534 licet
3424 2481 3645 2536 metalla

2030 2557 2299 2610 vibrantia
2328 2573 2435 2612 non
2468 2561 2801 2628 appendunt,
2840 2563 3073 2630 pretium
3101 2572 3283 2620 tamen
3326 2583 3428 2638 pro
3469 2572 3646 2625 susci-

2031 2650 2240 2717 piendis
2270 2651 2569 2707 honoribus
2597 2669 2696 2722 per
2734 2653 3094 2723 subjectionis
3127 2668 3190 2714 et
3221 2661 3469 2732 obsequii
3499 2679 3646 2732 qum-

2029 2740 2153 2793 dam
2199 2741 2356 2810 quasi
2415 2743 2619 2796 talenta
2676 2745 3012 2813 persolvunt.
3063 2747 3188 2803 Haec
3253 2752 3520 2808 adversus
3548 2769 3644 2810 eos

2029 2829 2173 2883 dicta
2203 2829 2491 2896 suﬂiciant,
2520 2833 2612 2902 qui
2643 2844 2842 2904 negant
2873 2851 2930 2890 se
2963 2837 3171 2891 venalis
3199 2853 3322 2894 reos
3344 2855 3465 2896 esse
3493 2859 3643 2897 cont-

2030 2923 2235 2984 mercii,
2272 2923 2397 2977 dum
2431 2933 2612 2979 tamen
2645 2925 2848 2980 fuerint
2871 2942 2971 2998 pro
3001 2929 3394 2987 dominationis
3432 2934 3642 2991 ambitu

2027 3014 2160 3068 dura
2188 3015 2279 3069 diu
2307 3017 2571 3070 servitute
2597 3019 2828 3085 gravati.

2100 3107 2209 3160 Vos
2238 3117 2442 3173 autem,
2465 3109 2832 3178 dilectissimi,
2864 3113 3064 3182 quibus
3095 3113 3211 3171 haec
3245 3125 3302 3172 et
3344 3118 3448 3173 alia
3475 3133 3641 3191 prava

1952 3244 1997 3304 Ο
2030 3196 2217 3252 datum
2249 3207 2332 3254 est
2375 3215 2438 3254 ex
2467 3203 2779 3271 apostolica:
2817 3205 2960 3259 sedis
2986 3209 3309 3264 auctoritate
3336 3213 3636 3283 corrigere,

2034 3295 2390 3362 vosmetipsos
2420 3297 2634 3351 caneris
2668 3312 2774 3350 non
2808 3298 2967 3353 modo
3000 3299 3267 3365 fidelibus.
3315 3305 3410 3359 sed
3449 3314 3506 3359 et
3554 3322 3642 3362 sa-

2027 3383 2343 3437 cerdotibus
2391 3387 2684 3453 quamdam
2727 3387 2941 3442 vivendi
2998 3389 3239 3460 regulam
3281 3393 3551 3451 exhibete.
3581 3397 3638 3452 lu

2028 3475 2132 3526 vita
2167 3483 2350 3528 nostra
2382 3476 2590 3546 legatur
2621 3479 2750 3547 quid
2798 3480 2908 3549 agi,
2961 3481 3089 3548 quid
3121 3483 3280 3538 vitari
3311 3487 3635 3552 conveniat;

2025 3583 2089 3620 ex
2119 3567 2275 3621 labiis
2307 3570 2508 3624 nostris
2547 3571 2709 3624 verba
2754 3571 2931 3625 otiosa
2970 3587 3078 3627 non
3105 3572 3348 3640 emuant,
3380 3578 3636 3635 sacerdo~

2028 3659 2190 3714 talem
2227 3661 2462 3730 linguam
2508 3662 2728 3718 discreti
2775 3664 2978 3719 silentii
3029 3680 3262 3722 censura
3301 3679 3635 3739 compescat,

2025 3752 2257 3820 nonjoci
2291 3753 2525 3819 solvant,
2559 3771 2664 3810 non
2713 3766 2902 3826 pectus
2943 3767 3189 3813 nostrum
3224 3760 3406 3815 lwtitia
3446 3762 3640 3818 immo-

2025 3849 2212 3902 derata
2244 3848 2353 3920 56
2381 3852 2680 3906 concutiat.
2716 3851 2948 3908 Puerilis
2993 3853 3152 3909 ludus
3181 3852 3459 3921 abscedat,
3484 3873 3636 3913 mor-

2024 3939 2126 3993 dax
2157 3938 2489 4010 eloquentia,
2516 3943 2725 3999 urbana
2749 3943 3014 4001 dicacitas
3037 3956 3350 4003 evanescat.
3385 3949 3635 4006 Cavean-

2023 4039 2112 4084 tur
2143 4033 2391 4086 scurrilia
2425 4034 2614 4099 verba,
2644 4050 2746 4090 nec
2777 4035 3074 4106 aliquando
3104 4037 3439 4093 misceantur
3476 4039 3636 4095 fabu-

2021 4120 2133 4174 losa
2182 4120 2473 4192 colloquia.
2535 4123 2818 4191 Quomodo
2865 4126 3011 4180 enim
3061 4143 3127 4182 ex
3192 4144 3289 4183 ore
3334 4129 3636 4186 sacerdotis

2019 4213 2197 4267 oratio
2246 4214 2314 4268 ad
2376 4215 2542 4269 Deum
2598 4216 2801 4271 nmnda
2851 4217 3137 4287 dirigitur,
3192 4219 3335 4288 quod
3385 4221 3637 4277 videlicet

2019 4304 2171 4372 pravi
2216 4305 2487 4359 sermonis
2533 4307 2787 4362 sordibus
2833 4308 3188 4379 inquinatur?
3229 4319 3324 4364 aut
3363 4313 3636 4380 quomodo

2018 4394 2159 4447 inter
2175 4393 2342 4448 Deum
2362 4404 2416 4448 et
2440 4396 2688 4451 homines
2707 4397 2890 4468 lingua
2919 4399 3208 4453 mediatrix
3228 4399 3485 4466 edicitur,
3506 4418 3632 4472 qua:

2017 4487 2154 4540 iram
2193 4486 2395 4554 judicis
2423 4505 2486 4542 ex
2525 4491 2747 4559 proprio
2797 4500 2953 4544 reatu
2997 4500 3052 4545 et
3102 4492 3219 4562 ipsa
3268 4495 3546 4548 meretur?
3575 4494 3632 4549 In

1940 4594 2234 4676 Dcausam
2280 4580 2479 4650 quippe
2543 4597 2670 4636 reus
2723 4582 3214 4651 supplicationibus
3272 4585 3478 4649 utitur,
3521 4601 3630 4640 non

2016 4671 2349 4726 intercessor
2401 4674 2515 4742 ipse
2579 4674 2869 4742 cnlpahilis
2931 4677 3227 4730 invenitur.
3304 4677 3632 4732 Mementote

2014 4766 2157 4834 quod
2179 4765 2556 4820 sacerdotibus
2580 4768 2778 4820 dicitur
2822 4767 3040 4836 (.‘a'attlt.
3068 4769 3122 4841 v)
3152 4789 3163 4822 :
3203 4788 3220 4819 ε
3259 4767 3362 4824 Vos
3389 4771 3522 4826 estis
3549 4771 3629 4825 sal

2016 4867 2194 4912 terrm.
2235 4878 2250 4908 ι
2291 4858 2396 4913 Sed
2423 4859 2563 4913 sicut
2591 4860 2806 4913 Veritas
2832 4861 2965 4915 dicit
2996 4879 3008 4914 :
3049 4880 3068 4911 ι
3105 4860 3161 4915 Si
3211 4861 3292 4914 sal
3320 4864 3624 4924 evantterit,

2014 4949 2067 5002 in
2094 4965 2201 5016 quo
2231 4949 2555 5004 condielur?
2591 4969 2609 5003 ι
2655 4951 2863 5020 Exiguo
2895 4953 3094 5022 quippe
3140 4953 3258 5008 sale
3304 4952 3473 5007 multa
3508 4952 3627 5007 dul-

2011 5050 2258 5106 cescunt,
2296 5051 2350 5097 et
2377 5057 2545 5112 parvo
2593 5044 2935 5098 sacerdotum
2989 5061 3222 5100 numero
3264 5047 3428 5101 totius
3465 5046 3625 5101 Chri-

2009 5135 2199 5187 stiana:
2228 5133 2400 5204 plebis
2423 5136 2687 5200 eruditur,
2712 5145 2766 5191 et
2793 5137 3096 5191 instituitur
3122 5137 3437 5192 multitudo.
3467 5138 3624 5193 Sicut

2009 5225 2154 5278 enim
2179 5225 2417 5295 episcopi
2459 5227 2740 5282 duodecim
2771 5226 3138 5296 apostolorum
3182 5237 3484 5281 noscuntur
3517 5229 3619 5281 oh-

2011 5315 2182 5370 tinere
2208 5317 2536 5386 primatum;
2571 5319 2642 5372 ita
2670 5326 2723 5372 et
2754 5319 3066 5372 sacerdotes
3102 5317 3361 5372 Ecclesiae
3393 5325 3618 5387 septua-

2007 5405 2156 5475 ginta
2211 5407 2600 5477 discipulorttm
2667 5409 2914 5463 ordinem
2980 5417 3393 5476 repraesentant.
3459 5410 3616 5478 ρίαν]

2007 5496 2254 5564 profectu
2287 5500 2495 5554 mansio
2524 5499 2608 5553 illa
2658 5499 2933 5554 lsraelitici
2967 5497 3144 5568 populi
3187 5497 3240 5551 in
3272 5496 3444 5552 Ilel'rm
3471 5498 3613 5565 figu-

2009 5600 2126 5645 rate
2176 5592 2444 5661 designat.
2500 5593 2575 5647 lbi
2625 5593 2880 5647 nimirum
2939 5592 3223 5647 duodecim
3272 5588 3612 5658 proﬂuebant

2005 5682 2286 5750 apostolici
2320 5682 2518 5751 fontes,
2561 5684 2650 5753 qui
2697 5683 2863 5736 divini
2907 5682 3054 5737 verbi
3105 5681 3370 5736 imbribus
3396 5680 3607 5733 arentia
