4260 6436
791 491 902 548 259

1321 482 1381 537 S.
1418 475 1620 534 PETRI
1658 468 1940 528 DAMIANI
1978 466 2127 525 OPP.
2165 463 2345 520 PARS
2393 461 2522 518 SEU
2562 456 2792 515 TOMUS
2829 455 2869 510 Ι.
2900 485 2971 496 —-
3001 453 3216 510 EPIST.
3258 451 3385 507 LIB.
3427 450 3559 507 Vill.

3938 447 4050 506 260

795 598 1071 655 hominmn
1101 587 1258 649 corda
1287 584 1671 657 perfunderent
1699 601 1712 636 :
1746 581 1818 635 ibi
1855 580 2191 649 septuaginta
2221 578 2365 631 vire-
2392 588 2439 645 Α
2464 570 2640 626 liendo
2667 568 2974 639 perlustrat.
3023 566 3361 636 Quapropter
3401 565 3625 619 obsecro
3672 562 4052 617 fraternitatis

794 692 924 747 bant
948 687 1155 758 palma,
1202 682 1420 737 totidem
1451 677 1697 732 videlicet
1737 672 2003 742 discipuli,
2042 670 2131 739 qui
2166 668 2364 721 mundo

794 779 1067 837 diabolica:
1126 772 1423 845 tyrannidis
1482 768 1741 823 servitute
1783 764 2077 832 depresso,
2126 759 2367 812 victoriae

793 868 991 924 Clu-isti
1040 864 1246 935 palmas
1284 860 1561 915 inferrent.
1612 856 1689 909 illi
1726 854 1990 922 siquidem
2034 849 2212 903 fodies
2254 848 2367 916 pal-

792 974 1002 1015 tnarum
1032 957 1254 1011 arbores
1281 951 1527 1017 irrigant,
1556 946 1680 1016 quia
1710 948 1849 1001 sacri
1877 942 2158 1014 pontifices
2186 940 2365 993 verbis

794 1050 1034 1109 affluunt,
1069 1046 1208 1100 unde
1241 1038 1421 1094 caueri
1467 1037 1772 1092 sacerdotes
1815 1032 2068 1089 Ecclesia:
2115 1032 2167 1084 in
2214 1044 2364 1098 spem

794 1137 1092 1195 cmlestium
1141 1131 1484 1203 pmmiorum
1549 1116 2017 1181 sine’cessatione
2066 1121 2362 1175 virescunt.

794 1230 894 1296 Qui
926 1228 1177 1281 nimirum
1208 1220 1486 1291 decuplato
1523 1215 1825 1286 septenario
1870 1226 2094 1267 numero
2138 1210 2240 1264 hoc
2291 1210 2369 1262 si-

794 1321 1050 1390 gnificare
1070 1317 1336 1378 videntur,
1382 1321 1441 1366 ut
1484 1326 1580 1381 per
1615 1308 1943 1379 septiformis
1995 1305 2169 1359 rratiae
2197 1301 2366 1363 Spiri-

799 1420 909 1464 tum
938 1408 1068 1478 legis
1102 1403 1387 1475 decalogus
1422 1401 1726 1469 impleatur.

865 1499 999 1565 Quia
1044 1497 1227 1565 igitur,
1274 1492 1626 1557 dilectissimi,
1677 1505 1784 1544 non
1832 1490 1991 1544 modo
2031 1485 2365 1549 sacerdotes,

793 1591 889 1645 sed
917 1598 973 1644 et
995 1586 1333 1643 sacerdotum
1359 1599 1456 1638 vos
1478 1584 1633 1637 decet
1652 1595 1771 1635 esse
1801 1579 2116 1649 magistros,
2149 1589 2366 1629 necesse

793 1691 876 1736 est
902 1689 960 1735 ut
984 1680 1089 1733 vita
1111 1686 1289 1731 vestra
1318 1674 1560 1743 quaedam
1581 1674 1653 1727 sit
1673 1671 1837 1735 linea,
1864 1678 1920 1724 et
1944 1668 2088 1722 velut
2112 1665 2365 1719 adaman-

793 1774 867 1829 tis
902 1770 1253 1841 signaculum,
1286 1765 1427 1835 quod
1471 1762 1683 1817 vivendi
1734 1760 1944 1815 caateris
1971 1758 2225 1812 adhibeat
2256 1756 2366 1809 for-

796 1877 959 1916 mam.
1007 1856 1419 1913 Adamantinum
1462 1853 1657 1921 quippe
1700 1849 1929 1919 sigillum
1974 1861 2125 1900 suam
2153 1844 2363 1899 ueteris

793 1954 1073 2023 imprimit,
1122 1967 1152 2004 a
1202 1948 1361 2002 nullis
1401 1960 1527 2000 vero
1569 1944 1796 1997 metallis
1840 1941 2127 2009 imaginem
2180 1937 2362 1991 sumit.

792 2044 924 2098 Cum
956 2042 1115 2112 igitur
1144 2055 1212 2094 ex
1234 2037 1461 2091 diversis
1491 2034 1669 2087 mundi
1698 2032 1937 2100 partibus
1965 2026 2367 2081 adventantium

793 2134 947 2187 vobis
972 2130 1170 2200 ingruit
1190 2126 1496 2187 multitudo,
1525 2138 1645 2176 cum
1675 2118 1999 2174 multimoda:
2032 2113 2370 2182 conspersio-

794 2222 879 2276 nis
910 2221 1153 2275 homines
1178 2216 1511 2281 obstrepunt,
1537 2224 1658 2264 cum
1684 2206 1993 2274 morigerari
2020 2204 2117 2257 sibi
2145 2202 2371 2269 quisque

795 2324 892 2364 vos
949 2308 1251 2377 importune
1296 2301 1659 2371 compellunt,
1709 2296 1883 2350 vultus
1929 2304 2106 2348 vester
2160 2305 2371 2360 semper

795 2401 960 2463 idem,
987 2399 1067 2451 sic
1091 2396 1279 2449 festiva
1307 2392 1535 2461 quadam
1572 2388 1861 2443 serenitate
1899 2384 2254 2452 resplendeat,
2281 2388 2368 2446 ne',

794 2488 937 2559 quod
973 2486 1133 2549 absit,
1186 2484 1239 2537 in
1287 2481 1463 2550 aliquo
1500 2479 1689 2532 levitas
1732 2475 1949 2546 puerilis
1981 2480 2263 2541 ermnpat:
2292 2472 2372 2525 sic

794 2576 1181 2635 sacerdotalem
1218 2573 1420 2625 vultum
1453 2570 1690 2640 gravitas
1730 2576 1937 2620 matura
1966 2572 2274 2632 componat,
2305 2576 2373 2615 ne

795 2670 1026 2737 rigorem
1058 2666 1279 2732 nimium
1308 2661 1627 2715 intuentium
1658 2658 1937 2713 inlirmitas
1971 2655 2371 2725 perhorrescat.

795 2762 891 2817 Sic
929 2761 1061 2814 alios
1114 2756 1403 2813 hilaritatis
1447 2762 1644 2807 nostra:
1683 2751 1905 2805 dulcedo
1952 2748 2271 2812 demulceat,
2313 2755 2371 2800 ut

793 2851 1055 2906 severitas
1105 2855 1285 2900 nostra
1346 2859 1464 2897 sese
1488 2843 1539 2896 in
1590 2840 1941 2910 petulantiam
1969 2838 2053 2892 vel
2090 2836 2365 2892 lasciviam

797 2956 901 2995 non
961 2938 1213 2991 resolvat.
1258 2936 1453 2988 Ridere
1499 2934 1641 3001 quis,
1699 2932 1783 2985 vel
1822 2930 2016 2985 leniter
2044 2929 2187 2996 loqui
2231 2927 2367 2980 inci-

794 3030 967 3099 piens,
1009 3027 1051 3080 si
1096 3040 1192 3079 nos
1242 3032 1459 3093 repente
1489 3019 1862 3090 conSpexerit,
1892 3018 2116 3071 verbum
2164 3016 2371 3085 suppri-

795 3127 929 3183 mat,
967 3117 1047 3170 ori
1094 3116 1317 3183 digitum
1352 3121 1697 3180 supcrponat,
1754 3110 1971 3165 territus
2016 3109 2367 3162 Obmutescat.

796 3208 889 3261 Sic
919 3209 998 3259 sic
1034 3204 1280 3258 videlicet
1322 3218 1444 3255 cum
1483 3201 1643 3254 Petro
1684 3199 1863 3253 claves
1897 3197 2150 3252 Ecclesia:
2178 3196 2370 3249 merito

795 3294 920 3348 facti
951 3293 1259 3362 participes.
1307 3289 1647 3345 obtinemus:
1680 3289 1804 3341 dum
1855 3285 2214 3353 nosmetipsos
2248 3298 2367 3337 cer-

796 3394 907 3435 tam
936 3381 1144 3434 vivendi
1179 3378 1405 3432 formam
1435 3387 1596 3434 atuuc
1633 3376 1966 3446 signaculum
1998 3374 2206 3428 carteris
2235 3373 2365 3426 fide-

796 3469 937 3524 libus
971 3468 1307 3523 exhibemus.

1358 3554 1685 3610 EPISTOLA
1728 3555 1787 3608 11.

1097 3663 1165 3701 AD
1196 3661 1240 3700 8.
1271 3661 1323 3697 ιι.
1348 3660 1399 3698 Ε.
1431 3658 1703 3697 EPISCOPOS
1720 3658 2061 3697 CARDINALES.

959 3737 1219 3809 (Hubetur
1243 3749 1367 3790 tom.
1406 3735 1523 3798 III,
1552 3747 1723 3803 estque
1762 3738 2063 3800 opusculum
2090 3735 2200 3804 5|.)

1278 3824 1380 3893 57
1422 3823 1759 3876 EPISTULA
1796 3823 1879 3876 ιιι.

867 3935 935 3974 ΔΙ)
984 3930 1302 3972 ΒΟΝΙΕΔΕΙΠΜ
1350 3929 1395 3966 S.
1425 3916 1487 3964 Ἰί-
1528 3929 1579 3965 E.
1620 3927 1956 3966 σλιωιΝΑιειι
2008 3928 2295 3969 EPISCOPUI

1407 3998 1767 4036 ALBANENSEM.

964 4078 1225 4151 (Habetur
1253 4084 1377 4129 tom.
1408 4072 1526 4135 III,
1550 4084 1723 4145 estque
1753 4076 2053 4138 opusculum
2085 4074 2199 4145 22.)

1361 4164 1689 4218 EPISTULA
1718 4164 1799 4217 IV.

800 4276 867 4317 AD
903 4273 949 4313 Β.
989 4274 1041 4312 ιι.
1082 4274 1134 4310 Ε.
1176 4270 1534 4317 ελιιυικλιεε.
1574 4270 1891 4309 BONIFACIUI
1939 4270 2225 4309 ειδιδεοριιιι
2272 4273 2365 4310 ΑΙ.-

998 4342 1290 4390 BANENSEM,
1329 4339 1397 4378 ΕΤ
1432 4339 1737 4378 δἸΊΞΡΙΙΑΝυΜ
1778 4340 2170 4381 ιιιιεεβῑτειιωι.

801 4422 1197 4477 Ancousuruu.
1219 4415 1453 4469 ——-Hanc
1480 4416 1761 4483 epistolam
1793 4415 1979 4469 scribit
2010 4431 2109 4484 pro
2136 4416 2369 4484 qundam

874 4489 1041 4543 sancti
1066 4486 1389 4555 Apollinaris
1432 4485 1740 4555 monasterii
1766 4484 1985 4555 abbate,
2015 4502 2177 4538 orans
2209 4486 2367 4538 Boni-

877 4559 1093 4617 facium,
1122 4554 1179 4608 et
1207 4556 1538 4621 Stephanum
1582 4554 1639 4608 S.
1668 4555 1731 4606 ιι.
1763 4554 1821 4607 Ε.
1856 4556 2178 4616 cardinales,
2215 4566 2271 4606 ut
2296 4556 2365 4609 illi

876 4626 1261 4681 humanitatem
1316 4633 1369 4677 et
1421 4623 1758 4675 clementiam
1809 4625 2132 4677 exhibeant.
2166 4623 2447 4691 Quam-1)

874 4697 1056 4750 ohrem
1084 4704 1283 4757 autem,
1316 4702 1404 4744 aut
1430 4707 1533 4759 qua
1574 4692 1625 4744 in
1654 4708 1711 4746 re
1734 4692 2117 4762 humanitatem
2147 4697 2193 4746 ei
2228 4710 2364 4762 prm-

876 4764 1003 4819 stari
1038 4764 1200 4826 velit,
1242 4762 1364 4831 quia
1400 4763 1510 4830 ipse
1539 4777 1644 4815 non
1675 4760 1894 4825 indicat,
1919 4764 2061 4817 haud
2092 4760 2368 4817 sanelicet

873 4833 1132 4887 divinare.

878 4923 1034 4978 Sedis
1059 4921 1363 4989 apostolicae
1392 4924 1591 4977 sanctis
1619 4939 1682 4977 ac
1700 4925 2165 4981 revercndissmiis
2192 4944 2368 4982 sacer-

806 5013 1018 5068 dotibus
1070 5010 1356 5064 BoNIl-‘ACIO
1409 5021 1463 5065 et
1512 5012 1813 5079 Srsrusno,
1860 5015 2073 5071 Ριιτιιυε
2119 5028 2369 5085 peccator

807 5104 1100 5159 monachus
1125 5104 1457 5157 servitutem.

878 5193 1011 5248 Nolo
1049 5209 1143 5247 vos
1179 5192 1361 5256 lateat,
1395 5193 1732 5250 dilectissimi
1781 5198 1913 5251 mihi
1943 5197 2137 5253 fratres
2181 5209 2234 5253 et
2275 5200 2368 5252 do-

808 5285 972 5348 mini,
1008 5285 1131 5352 quia
1182 5284 1469 5338 modernus
1522 5287 1621 5341 iste
1665 5286 1850 5353 Jacob,
1900 5301 2080 5344 rector
2124 5292 2369 5346 videlicet

809 5375 1115 5427 monasterii
1158 5375 1328 5428 sancti
1374 5374 1723 5445 Apollinaris,
1754 5381 1921 5435 nostri
1968 5382 2165 5436 montis
2208 5400 2368 5437 caen-

806 5476 929 5516 tnen
958 5463 1201 5530 irrepsit;
1235 5463 1361 5526 imo,
1392 5465 1479 5531 qui
1512 5466 1563 5518 in
1591 5466 1763 5535 planis
1784 5484 1847 5523 ac
1871 5470 2142 5526 inoll'ensis
2178 5473 2367 5527 solitus

804 5562 888 5607 est
916 5553 1245 5606 convallibus
1290 5568 1495 5622 repere,
1531 5555 1738 5609 timoris
1784 5560 2084 5616 calcaribus
2126 5567 2366 5618 concita-

802 5652 910 5703 tus,
939 5644 1086 5697 velut
1128 5644 1335 5697 alarum
1377 5648 1597 5715 remigio
1638 5652 1919 5719 praeruptis
1970 5655 2232 5709 montium
2271 5673 2368 5711 co-

805 5741 957 5783 actus
984 5742 1066 5784 est
1113 5732 1403 5801 perniciter
1441 5734 1714 5791 involare:
1748 5747 1803 5791 et
1846 5741 1935 5807 qui
1964 5756 2061 5809 per
2088 5742 2243 5811 plana
2282 5748 2369 5799 vis

807 5820 1115 5875 claudicans
1160 5830 1360 5891 reptat,
1410 5826 1685 5895 scopulosa
1722 5834 1985 5885 montium
2026 5832 2151 5904 jnga
2198 5836 2371 5892 subsi-

2467 671 2655 716 vestrte
2682 660 3047 723 clementiam,
3084 666 3142 710 ut
3183 658 3276 725 qui
3323 656 3430 709 duo
3474 665 3728 724 tanquam
3763 654 3961 708 Petrus
3990 662 4053 708 et

2462 750 2694 807 Joannes
2741 750 3011 814 claudum,
3041 747 3362 817 compellitis
3408 760 3654 811 currere,
3700 761 3808 798 non
3846 758 4048 797 aurum

2465 843 2587 907 sibi,
2617 841 2699 894 vel
2728 851 3029 908 argentum,
3058 836 3200 906 quod
3230 836 3507 893 vobiscum
3538 834 3770 890 fortasse
3817 852 3925 889 non
3960 845 4051 889 cst

2466 932 2611 1001 (Act.
2662 931 2756 999 ιιι)
2786 947 2799 982 :
2830 931 2923 982 sed
2970 928 3425 991 misericordiam,
3476 940 3641 995 quam
3690 925 3943 986 habetis.
3992 934 4052 979 et

2462 1022 2799 1075 abundanter
2833 1019 3081 1082 aflluitis.
3129 1018 3425 1073 clementer
3475 1018 3746 1072 exhibete.
3790 1015 4051 1071 Consuli-

2465 1114 2662 1167 dentur
2688 1113 2870 1180 itaque
2898 1108 3013 1177 ejus
3049 1111 3205 1165 bases
3231 1119 3287 1164 et
3314 1109 3528 1179 planta»,
3556 1116 3616 1162 ut
3643 1107 3709 1163 de
3753 1107 3918 1161 ruina
3961 1108 4049 1162 sui

2465 1203 2590 1267 loci,
2622 1202 2705 1257 vel
2750 1202 3097 1256 habitationis
3123 1201 3335 1277 excidio
3383 1214 3487 1255 non
3526 1212 3747 1254 necesse
3776 1197 3849 1251 sit
3880 1196 4052 1264 trepi—

2466 1294 2619 1348 dare.
2650 1293 2829 1348 Prosit
2865 1293 3028 1364 igitur
3083 1292 3156 1346 illi
3206 1301 3312 1344 tam
3358 1289 3512 1343 ardui
3562 1288 3763 1343 montis
3808 1286 4051 1341 subiisse

2466 1382 2756 1453 fastigium,
2802 1392 2857 1437 et
2903 1382 2975 1435 sit
3027 1382 3166 1435 unde
3214 1380 3323 1434 Deo
3373 1380 3577 1448 gratias
3629 1376 3832 1431 referat
3864 1376 4049 1430 adhuc

2466 1488 2620 1527 suum
2667 1474 3012 1542 ingressurus
3059 1471 3111 1523 in
3158 1468 3447 1539 templum,
3476 1465 3779 1531 ambulans,
3812 1475 3871 1520 et
3905 1466 4052 1520 exsi-

2465 1562 2617 1627 lietts,
2656 1570 2711 1615 ct
2737 1561 2959 1616 laudans
2989 1559 3176 1614 Deum.

3028 1648 3364 1705 El‘lSTOLA
3403 1649 3470 1703 ν.

2501 1755 2568 1793 ΔΙ.)
2607 1756 2652 1796 3.
2694 1757 2746 1795 ιι.
2786 1756 2838 1794 Ε.
2875 1754 3223 1801 ωιιυιιηιιιεε,
3259 1751 3667 1792 ιιιιυειιιιλιιιιιυι
3702 1750 4015 1790 Αιιειιιυιλε.

2925 1826 2993 1863 ET
3040 1824 3353 1862 STEPHANI)!
3392 1823 3573 1862 PRESB.

2398 1914 2437 1972 ι]
2468 1904 2863 1957 Ancuusa‘ruu.
2893 1930 2961 1939 ——
3000 1899 3212 1972 Arcana
3258 1898 3441 1972 r-to‘t‘ius
3502 1897 3685 1949 nmndi
3753 1895 3979 1972 creatio:
4008 1895 4052 1950 is

2546 1973 2899 2041 mysteria,et
2944 1970 3207 2041 pra-cipue
3245 1968 3564 2041 Sabbalum,
3607 1980 3716 2035 quo
3744 1966 3829 2041 die
3869 1982 4051 2041 rerum

2542 2036 2779 2095 omnium
2808 2040 3065 2091 Conditor
3098 2040 3164 2097 ali
3201 2037 3346 2089 onmi
3385 2052 3549 2103 opere
3590 2036 3846 2098 cessavit,
3883 2036 4054 2087 inter-

2543 2119 2801 2179 pretatur.
2853 2107 2954 2161 Per
2986 2106 3277 2179 Saliliatum
3307 2105 3786 2179 an’tetn_Cbris_t_um
3820 2104 4051 2179 intelligi

2541 2174 2715 2238 docet,
2749 2179 2799 2229 in
2829 2192 2963 2245 quo,
2997 2176 3153 2243 hujus
3200 2176 3380 2227 nmndi
3426 2174 3793 2242 voluptatibus
3824 2175 4053 2241 postha-

2544 2249 2686 2309 bitis,
2716 2246 2825 2315 58
2852 2244 2917 2299 et
2946 2256 3293 2315 terrenarum
3323 2259 3516 2315 rerum
3550 2257 3735 2315 amore
3777 2244 4049 2315 deposito,
4112 2296 4115 2299 _

2546 2310 2972 2370 lmmathivmens
3001 2314 3154 2381 quasi
3201 2314 3389 2365 furiata
3432 2310 3745 2365 felicissime
3787 2314 4054 2379 conquie-

2541 2389 2644 2440 scit
2676 2404 2687 2437 :
2728 2385 3088 2438 necessarium
3123 2394 3301 2435 tamen
3340 2396 3478 2446 esse,
3526 2390 3584 2434 ut
3616 2382 3754 2433 hanc
3800 2382 4050 2447 requiem

2542 2456 2921 2522 adipiscamur,
2952 2454 3189 2507 animum
3220 2460 3462 2505 nostrum
3504 2467 3533 2504 a
3564 2448 3807 2522 profanis
3834 2451 4046 2522 cogita-

2544 2519 2809 2588 tionibus,
2837 2532 2891 2575 et
2922 2523 3102 2575 mumli
3146 2522 3410 2574 illecebris
3443 2530 3695 2588 tanquam
3728 2519 3797 2572 ab
3831 2521 4049 2588 injustis

2543 2593 2940 2661 possessoribus
2970 2592 3270 2654 vindicare,
3300 2599 3355 2642 et
3394 2588 3625 2661 Christo_
3641 2603 3771 2641 vero
3804 2590 4051 2661 Domino

2542 2656 2830 2724 Sillcel'um,
2869 2661 3235 2728 illibatumque
3277 2656 3683 2728 reservare.__lta
3728 2658 3874 2711 enim
3928 2673 4055 2712 vere

2541 2734 2897 2787 sabbatismus
2945 2726 3272 2797 implebitur,
3321 2729 3447 2781 dum
3486 2726 3699 2797 scilicet
3742 2737 3799 2780 et
3842 2742 3947 2780 nos
3997 2728 4049 2780 in

2540 2817 2635 2864 eo,
2664 2811 2718 2855 et
2751 2800 2841 2854 ille
2885 2800 2940 2853 in
2969 2796 3122 2853 nobis
3166 2806 3426 2852 aeternum
3475 2796 3807 2851 domicilium
3840 2805 4049 2850 statue-

2539 2886 2677 2925 mus.

2540 2960 2769 3015 Gemino
2816 2958 2961 3013 sedis
3011 2956 3317 3025 apostolica:
3369 2956 3785 3019 Ηιιυειιιιιιοο,
3826 2955 4049 3011 Penus

2471 3059 2728 3120 peccator
2775 3049 3073 3104 monachus
3125 3046 3495 3102 indissolubile
3544 3046 3819 3101 vinculum
3866 3048 4050 3101 citari-

2474 3142 2598 3197 tatis

2546 3230 2777 3301 Vulgare
2808 3237 2909 3293 est,
2944 3227 3303 3291 dilectissimi,
3333 3228 3455 3296 quia
3489 3226 3782 3296 locupletes
3816 3226 4051 3294 quilibet

2467 3325 2721 3380 uberibus
2741 3322 3046 3376 divitiarum
3070 3320 3238 3389 copiis
3262 3336 3365 3374 non
3390 3319 3689 3382 allluerent,
3712 3319 3757 3372 si
3780 3334 4051 3387 pauperes

2467 3416 2566 3469 sibi
2606 3414 2732 3466 vilia
2761 3412 2947 3466 saltem
2994 3412 3333 3476 munuscula,
3364 3412 3445 3465 vel
3471 3410 3659 3464 exenia
3704 3410 3772 3463 de
3815 3410 3933 3463 suis
3965 3424 4053 3463 re-

2468 3503 2603 3557 culis
2638 3518 2742 3556 non
2791 3483 3067 3554 oil‘errent.
3117 3501 3183 3554 Et
3224 3516 3365 3569 sarpc
3410 3500 3723 3555 deliciosum
3774 3514 4053 3569 quemque

2468 3602 2627 3646 tenue
2659 3592 2908 3661 pauperis
2954 3591 3183 3645 delectat
3228 3590 3547 3654 olus-culum,
3595 3600 3760 3658 atque
3797 3591 4053 3660 protinus

2462 3686 2735 3753 jacentem
2786 3684 3121 3736 stomachmn
3168 3691 3396 3743 recreat,
3442 3681 3525 3734 cui
3571 3680 3778 3735 scilicet
3816 3690 4053 3735 eatenus

2468 3772 2619 3840 quasi
2676 3772 2934 3837 languens
2992 3771 3191 3837 adipati
3240 3772 3377 3839 juris
3431 3769 3666 3824 edulium
3721 3770 4047 3823 nauseahat.

2472 3863 2541 3918 Ut
2567 3861 2693 3930 quid
2721 3861 2881 3929 igitur
2907 3875 3027 3926 ego.
3062 3861 3184 3914 licet
3209 3862 3561 3915 circumcisus
3588 3860 4054 3930 eloquio,pauper

2470 3950 2707 4019 ingenio,
2730 3949 2904 4002 claros
2930 3959 2981 4002 et
3010 3950 3249 4004 eruditos
3274 3952 3421 4004 viros
3448 3965 3637 4003 verear
3658 3950 3893 4019 alloqui;
3921 3967 4048 4004 cum

2468 4041 2628 4094 iidem
2665 4040 2763 4108 ipsi
2811 4041 3090 4094 nobiscum
3140 4056 3243 4093 non
3273 4041 3733 4110 philosophorum,
3762 4042 3856 4096 sed
3882 4042 4052 4096 disci-

2467 4130 2576 4199 puli
2605 4131 2713 4184 sint
2744 4131 2929 4199 utique
2960 4130 3319 4199 piscatorum?
3350 4131 3654 4185 Praesertim
3681 4141 3883 4187 cumet
3911 4131 4051 4186 Pau-

2469 4220 2552 4274 lus
2587 4220 2772 4273 dicat:
2808 4238 2826 4271 ι
2878 4218 3259 4287 Sapientibus,
3305 4230 3359 4275 et
3409 4221 3785 4289 insipientibus
3833 4221 4049 4276 debitor

2470 4325 2588 4365 sum
2628 4309 2805 4381 (Rom.
2854 4311 2914 4377 ι).
2958 4332 2975 4361 ›
3014 4310 3120 4373 Sed
3164 4312 3418 4380 quoniam
3467 4327 3566 4382 ego
3612 4328 3786 4381 nuper
3823 4328 3851 4367 ιι
3892 4314 4052 4368 vobis

2471 4414 2652 4463 carne,
2683 4415 2789 4453 non
2833 4401 3013 4460 corde,
3044 4401 3243 4468 quietis
3286 4416 3468 4455 amore
3513 4402 3836 4471 disiunctus,
3886 4403 4053 4473 spiri-

2472 4490 2614 4545 tuale
2657 4491 2911 4560 proposui
2962 4489 3255 4545 Sabbatum
3295 4492 3513 4545 colere:
3560 4492 3687 4545 libet
3732 4509 3891 4562 super
3945 4495 4050 4549 hoc

2474 4577 2711 4633 Sabbato
2737 4594 2858 4633 cum
2883 4589 3071 4634 sancta
3098 4592 3279 4633 vestra
3306 4582 3589 4648 prudentia
3619 4584 3898 4638 succincte
3921 4586 4049 4654 quid

2473 4669 2767 4739 disputare.
2801 4671 2983 4738 Itaque
3010 4670 3101 4738 qui
3149 4670 3442 4726 Sabbatum
3475 4671 3707 4737 celebro,
3740 4674 3871 4743 quid
3915 4675 4049 4731 milii

2474 4763 2540 4816 de
2569 4761 2659 4814 illo
2696 4763 2959 4825 videatur,
2992 4776 3219 4830 expono.

2544 4848 2759 4903 Nullum
2789 4866 3020 4919 namque
3041 4862 3367 4921 praeceptum
3396 4851 3450 4906 in
3483 4860 3593 4906 tota
3622 4853 3821 4907 veteris
3849 4854 4049 4910 instru-

2474 4940 2638 4993 menti
2673 4938 2787 5007 lege
2818 4940 3029 5009 reperio
3059 4949 3169 4993 tam
3215 4940 3463 5001 districte
3509 4944 3849 5012 propositum
3871 4984 3885 5008 ,
3938 4953 4048 4999 tam

2475 5028 2783 5096 frequenter
2808 5029 3089 5093 indictum,
3115 5038 3194 5083 tot
3220 5030 3674 5089 admonitionibus
3696 5034 4046 5089 inculcatum.

2474 5118 2585 5174 lloc
2608 5120 2754 5173 enim
2802 5133 2909 5173 non
2940 5120 3099 5175 modo
3134 5121 3429 5191 sepissime
3471 5124 3613 5177 inter
3657 5124 3974 5180 sanctiones
3996 5133 4051 5181 et

2470 5210 2821 5263 caeremonias
2869 5210 3024 5280 legis,
3075 5213 3168 5267 sed
3213 5214 3373 5268 etiam
3420 5215 3473 5268 iu
3517 5216 3909 5285 prophetarum
3941 5218 4053 5273 fre-

2469 5306 2757 5365 quentatur
2787 5298 3037 5355 oraculis.
3077 5319 3095 5353 ι
3145 5301 3452 5366 Custodite,
3484 5305 3690 5373 inquit,
3730 5306 3873 5360 diem
3906 5306 4051 5362 Sab-

2471 5389 2601 5441 bati.
2632 5386 2820 5442 Omnis
2849 5390 3009 5446 homo
3037 5391 3128 5459 qui
3173 5408 3277 5447 non
3309 5395 3680 5452 observaverit
3723 5399 3866 5454 diem
3912 5400 4054 5456 Sab-

2470 5478 2601 5541 bati,
2628 5480 2824 5548 peribit
2844 5482 3022 5537 anima
3044 5483 3131 5537 illa
3156 5485 3223 5541 de
3249 5488 3443 5557 populo
3470 5503 3568 5543 suo
3590 5487 3788 5557 (Exod.
3813 5492 3995 5565 xxxi).
4030 5512 4047 5543 ι

2472 5570 2607 5635 Quid
2636 5585 2765 5639 ergo
2794 5587 2889 5640 per
2931 5572 3223 5629 Sabbatum
3270 5578 3529 5634 debemus
3576 5579 3911 5649 intelligere,
3947 5582 4052 5635 nisi

2473 5662 2781 5715 Chrismm?
2827 5664 2884 5716 lu
2938 5663 3041 5718 isto
3084 5666 3282 5735 quippe
3330 5666 3567 5723 Sabbato
3616 5670 4053 5739 requiescimus,

2474 5765 2595 5804 cum
2634 5750 2685 5804 in
2714 5751 2803 5807 illo
2832 5753 2945 5807 solo
2972 5769 3119 5821 spem
3147 5757 3418 5826 ponimus.
3446 5775 3568 5814 cum
3601 5761 3746 5815 hunc
3790 5770 3907 5817 toto
3936 5780 4057 5817 cor-

2476 5840 2556 5896 dis
2582 5857 2764 5903 amore
2790 5844 3062 5914 diligimus
3094 5862 3109 5901 :
3139 5863 3200 5905 ac
3232 5863 3408 5906 rerum
3448 5854 3827 5917 tenmoralium
3857 5872 4058 5911 concu-
