  <div class='ocr_page' id='page_1' title='image "/cluster/home/n/w/nwhite01/storage/ocr_20150623/144-145/uc1.31175001639262/138.png"; bbox 0 0 4260 6366; ppageno 0'>
   <div class='ocr_carea' id='block_1_1' title="bbox 351 449 435 506">
    <p class='ocr_par' dir='ltr' id='par_1_1' title="bbox 351 449 435 506">
     <span class='ocr_line' id='line_1_1' title="bbox 351 449 435 506; baseline 0 0"><span class='ocrx_word' id='word_1_1' title='bbox 351 449 435 506; x_wconf 75' lang='grc'><strong>261</strong></span> 
     </span>
    </p>
   </div>
   <div class='ocr_carea' id='block_1_2' title="bbox 1510 432 2496 494">
    <p class='ocr_par' dir='ltr' id='par_1_2' title="bbox 1510 432 2496 494">
     <span class='ocr_line' id='line_1_2' title="bbox 1510 432 2496 494; baseline -0.003 -1"><span class='ocrx_word' id='word_1_2' title='bbox 1510 435 1713 493; x_wconf 80' lang='lat' dir='ltr'><strong>LIBER</strong></span> <span class='ocrx_word' id='word_1_3' title='bbox 1751 432 2137 493; x_wconf 80' lang='lat' dir='ltr'><strong>SECUNDUS.</strong></span> <span class='ocrx_word' id='word_1_4' title='bbox 2177 435 2399 494; x_wconf 84' lang='lat' dir='ltr'><strong>EPIST.</strong></span> <span class='ocrx_word' id='word_1_5' title='bbox 2435 434 2496 492; x_wconf 77' lang='grc' dir='ltr'><strong>γ.</strong></span> 
     </span>
    </p>
   </div>
   <div class='ocr_carea' id='block_1_3' title="bbox 3528 441 3635 500">
    <p class='ocr_par' dir='ltr' id='par_1_3' title="bbox 3528 441 3635 500">
     <span class='ocr_line' id='line_1_3' title="bbox 3528 441 3635 500; baseline 0.028 -3"><span class='ocrx_word' id='word_1_6' title='bbox 3528 441 3635 500; x_wconf 66' lang='lat'><strong>262</strong></span> 
     </span>
    </p>
   </div>
   <div class='ocr_carea' id='block_1_4' title="bbox 347 550 3634 638">
    <p class='ocr_par' dir='ltr' id='par_1_4' title="bbox 347 550 3634 638">
     <span class='ocr_line' id='line_1_4' title="bbox 347 550 3634 638; baseline -0 -24"><span class='ocrx_word' id='word_1_7' title='bbox 347 560 647 638; x_wconf 73' lang='lat' dir='ltr'><strong>piscentiatn</strong></span> <span class='ocrx_word' id='word_1_8' title='bbox 689 557 1095 630; x_wconf 79' lang='lat' dir='ltr'><strong>postponentes,</strong></span> <span class='ocrx_word' id='word_1_9' title='bbox 1122 568 1149 607; x_wconf 88' lang='lat' dir='ltr'><strong>a</strong></span> <span class='ocrx_word' id='word_1_10' title='bbox 1177 551 1454 609; x_wconf 90' lang='lat' dir='ltr'><strong>servilium</strong></span> <span class='ocrx_word' id='word_1_11' title='bbox 1481 567 1704 622; x_wconf 84' lang='lat' dir='ltr'><strong>Operum</strong></span> <span class='ocrx_word' id='word_1_12' title='bbox 1735 550 1921 606; x_wconf 90' lang='lat' dir='ltr'><strong>labore</strong></span> <span class='ocrx_word' id='word_1_13' title='bbox 1947 552 1996 612; x_wconf 77' lang='grc' dir='ltr'>Α</span> <span class='ocrx_word' id='word_1_14' title='bbox 2027 551 2433 622; x_wconf 90' lang='lat' dir='ltr'><strong>signiﬁcatione</strong></span> <span class='ocrx_word' id='word_1_15' title='bbox 2455 563 2807 609; x_wconf 90' lang='lat' dir='ltr'><strong>concurrunt.</strong></span> <span class='ocrx_word' id='word_1_16' title='bbox 2847 572 2864 605; x_wconf 72' lang='grc' dir='ltr'><strong><em>ι</em></strong></span> <span class='ocrx_word' id='word_1_17' title='bbox 2911 554 3029 626; x_wconf 83' lang='lat' dir='ltr'><strong>Ipse</strong></span> <span class='ocrx_word' id='word_1_18' title='bbox 3060 563 3146 610; x_wconf 88' lang='lat' dir='ltr'><strong>est</strong></span> <span class='ocrx_word' id='word_1_19' title='bbox 3193 556 3340 612; x_wconf 91' lang='lat' dir='ltr'><strong>enim</strong></span> <span class='ocrx_word' id='word_1_20' title='bbox 3389 571 3494 628; x_wconf 97' lang='lat' dir='ltr'><strong>pax</strong></span> <span class='ocrx_word' id='word_1_21' title='bbox 3531 573 3634 613; x_wconf 80' lang='lat' dir='ltr'><strong>no-</strong></span> 
     </span>
    </p>
   </div>
   <div class='ocr_carea' id='block_1_5' title="bbox 345 644 1918 715">
    <p class='ocr_par' dir='ltr' id='par_1_5' title="bbox 345 644 1918 715">
     <span class='ocr_line' id='line_1_5' title="bbox 345 644 1918 715; baseline -0.011 -1"><span class='ocrx_word' id='word_1_22' title='bbox 345 671 628 714; x_wconf 88' lang='lat' dir='ltr'><strong>cessamus.</strong></span> <span class='ocrx_word' id='word_1_23' title='bbox 665 653 842 709; x_wconf 88' lang='lat' dir='ltr'><strong>Unum</strong></span> <span class='ocrx_word' id='word_1_24' title='bbox 873 649 1103 712; x_wconf 84' lang='lat' dir='ltr'><strong>scilicet,</strong></span> <span class='ocrx_word' id='word_1_25' title='bbox 1137 648 1386 715; x_wconf 89' lang='lat' dir='ltr'><strong>idemque</strong></span> <span class='ocrx_word' id='word_1_26' title='bbox 1427 644 1562 714; x_wconf 80' lang='lat' dir='ltr'><strong>legis</strong></span> <span class='ocrx_word' id='word_1_27' title='bbox 1588 652 1918 714; x_wconf 64' lang='lat' dir='ltr'><strong>praeceptum</strong></span> 
     </span>
    </p>
   </div>
   <div class='ocr_carea' id='block_1_6' title="bbox 338 736 1920 814">
    <p class='ocr_par' dir='ltr' id='par_1_6' title="bbox 338 736 1920 814">
     <span class='ocr_line' id='line_1_6' title="bbox 338 736 1920 814; baseline -0.01 -8"><span class='ocrx_word' id='word_1_28' title='bbox 338 761 438 814; x_wconf 85' lang='lat' dir='ltr'><strong>est,</strong></span> <span class='ocrx_word' id='word_1_29' title='bbox 465 759 514 803; x_wconf 87' lang='lat' dir='ltr'><strong>et</strong></span> <span class='ocrx_word' id='word_1_30' title='bbox 541 746 835 802; x_wconf 85' lang='lat' dir='ltr'><strong>Sabbatum</strong></span> <span class='ocrx_word' id='word_1_31' title='bbox 868 742 1066 805; x_wconf 87' lang='lat' dir='ltr'><strong>colere,</strong></span> <span class='ocrx_word' id='word_1_32' title='bbox 1096 751 1150 793; x_wconf 90' lang='lat' dir='ltr'><strong>et</strong></span> <span class='ocrx_word' id='word_1_33' title='bbox 1187 737 1542 808; x_wconf 71' lang='lat' dir='ltr'><strong>praecedentis</strong></span> <span class='ocrx_word' id='word_1_34' title='bbox 1567 736 1740 807; x_wconf 79' lang='lat' dir='ltr'><strong>angeli</strong></span> <span class='ocrx_word' id='word_1_35' title='bbox 1770 736 1920 792; x_wconf 89' lang='lat' dir='ltr'><strong>voci-</strong></span> 
     </span>
    </p>
   </div>
   <div class='ocr_carea' id='block_1_7' title="bbox 343 826 1917 900">
    <p class='ocr_par' dir='ltr' id='par_1_7' title="bbox 343 826 1917 900">
     <span class='ocr_line' id='line_1_7' title="bbox 343 826 1917 900; baseline -0.012 -1"><span class='ocrx_word' id='word_1_36' title='bbox 343 845 435 899; x_wconf 87' lang='lat' dir='ltr'><strong>bus</strong></span> <span class='ocrx_word' id='word_1_37' title='bbox 475 838 716 894; x_wconf 85' lang='lat' dir='ltr'><strong>obedire.</strong></span> <span class='ocrx_word' id='word_1_38' title='bbox 749 853 766 884; x_wconf 74' lang='grc' dir='ltr'>ι</span> <span class='ocrx_word' id='word_1_39' title='bbox 807 833 977 896; x_wconf 84' lang='lat' dir='ltr'><strong>Ecce,</strong></span> <span class='ocrx_word' id='word_1_40' title='bbox 1019 832 1223 900; x_wconf 86' lang='lat' dir='ltr'><strong>inquit,</strong></span> <span class='ocrx_word' id='word_1_41' title='bbox 1271 844 1369 899; x_wconf 85' lang='lat' dir='ltr'><strong>ego</strong></span> <span class='ocrx_word' id='word_1_42' title='bbox 1413 828 1624 882; x_wconf 88' lang='lat' dir='ltr'><strong>mittam</strong></span> <span class='ocrx_word' id='word_1_43' title='bbox 1664 826 1917 896; x_wconf 81' lang='lat' dir='ltr'><strong>angelum</strong></span> 
     </span>
    </p>
   </div>
   <div class='ocr_carea' id='block_1_8' title="bbox 342 917 1920 997">
    <p class='ocr_par' dir='ltr' id='par_1_8' title="bbox 342 917 1920 997">
     <span class='ocr_line' id='line_1_8' title="bbox 342 917 1920 997; baseline -0.011 -9"><span class='ocrx_word' id='word_1_44' title='bbox 342 946 529 992; x_wconf 87' lang='lat' dir='ltr'><strong>meum,</strong></span> <span class='ocrx_word' id='word_1_45' title='bbox 563 928 654 997; x_wconf 93' lang='lat' dir='ltr'><strong>qui</strong></span> <span class='ocrx_word' id='word_1_46' title='bbox 681 928 947 996; x_wconf 74' lang='lat' dir='ltr'><strong>prtecedat</strong></span> <span class='ocrx_word' id='word_1_47' title='bbox 973 931 1046 986; x_wconf 89' lang='lat' dir='ltr'><strong>te,</strong></span> <span class='ocrx_word' id='word_1_48' title='bbox 1073 930 1128 975; x_wconf 90' lang='lat' dir='ltr'><strong>et</strong></span> <span class='ocrx_word' id='word_1_49' title='bbox 1149 920 1424 976; x_wconf 88' lang='lat' dir='ltr'><strong>custodiat</strong></span> <span class='ocrx_word' id='word_1_50' title='bbox 1451 919 1503 971; x_wconf 91' lang='lat' dir='ltr'><strong>in</strong></span> <span class='ocrx_word' id='word_1_51' title='bbox 1532 918 1640 984; x_wconf 90' lang='lat' dir='ltr'><strong>via,</strong></span> <span class='ocrx_word' id='word_1_52' title='bbox 1669 928 1722 973; x_wconf 90' lang='lat' dir='ltr'><strong>et</strong></span> <span class='ocrx_word' id='word_1_53' title='bbox 1753 917 1920 972; x_wconf 89' lang='lat' dir='ltr'><strong>intro-</strong></span> 
     </span>
    </p>
   </div>
   <div class='ocr_carea' id='block_1_9' title="bbox 339 1005 1915 1084">
    <p class='ocr_par' dir='ltr' id='par_1_9' title="bbox 339 1005 1915 1084">
     <span class='ocr_line' id='line_1_9' title="bbox 339 1005 1915 1084; baseline -0.01 -6"><span class='ocrx_word' id='word_1_54' title='bbox 339 1026 491 1079; x_wconf 87' lang='lat' dir='ltr'><strong>ducat</strong></span> <span class='ocrx_word' id='word_1_55' title='bbox 514 1019 567 1072; x_wconf 91' lang='lat' dir='ltr'><strong>in</strong></span> <span class='ocrx_word' id='word_1_56' title='bbox 600 1018 798 1081; x_wconf 80' lang='lat' dir='ltr'><strong>locum,</strong></span> <span class='ocrx_word' id='word_1_57' title='bbox 831 1028 990 1084; x_wconf 91' lang='lat' dir='ltr'><strong>quem</strong></span> <span class='ocrx_word' id='word_1_58' title='bbox 1019 1011 1222 1081; x_wconf 77' lang='lat' dir='ltr'><strong>paravi.</strong></span> <span class='ocrx_word' id='word_1_59' title='bbox 1250 1009 1488 1065; x_wconf 84' lang='lat' dir='ltr'><strong>Observa</strong></span> <span class='ocrx_word' id='word_1_60' title='bbox 1513 1023 1658 1072; x_wconf 92' lang='lat' dir='ltr'><strong>eum,</strong></span> <span class='ocrx_word' id='word_1_61' title='bbox 1691 1016 1747 1060; x_wconf 92' lang='lat' dir='ltr'><strong>et</strong></span> <span class='ocrx_word' id='word_1_62' title='bbox 1789 1005 1915 1062; x_wconf 90' lang='lat' dir='ltr'><strong>audi</strong></span> 
     </span>
    </p>
   </div>
   <div class='ocr_carea' id='block_1_10' title="bbox 336 1097 1914 1176">
    <p class='ocr_par' dir='ltr' id='par_1_10' title="bbox 336 1097 1914 1176">
     <span class='ocr_line' id='line_1_10' title="bbox 336 1097 1914 1176; baseline -0.011 -9"><span class='ocrx_word' id='word_1_63' title='bbox 336 1126 510 1168; x_wconf 88' lang='lat' dir='ltr'><strong>vocem</strong></span> <span class='ocrx_word' id='word_1_64' title='bbox 557 1106 696 1176; x_wconf 86' lang='lat' dir='ltr'><strong>ejus,</strong></span> <span class='ocrx_word' id='word_1_65' title='bbox 749 1120 851 1160; x_wconf 91' lang='lat' dir='ltr'><strong>nec</strong></span> <span class='ocrx_word' id='word_1_66' title='bbox 895 1101 1347 1157; x_wconf 89' lang='lat' dir='ltr'><strong>contemnendum</strong></span> <span class='ocrx_word' id='word_1_67' title='bbox 1394 1107 1582 1168; x_wconf 90' lang='lat' dir='ltr'><strong>putes,</strong></span> <span class='ocrx_word' id='word_1_68' title='bbox 1630 1097 1756 1166; x_wconf 85' lang='lat' dir='ltr'><strong>quia</strong></span> <span class='ocrx_word' id='word_1_69' title='bbox 1807 1110 1914 1150; x_wconf 92' lang='lat' dir='ltr'><strong>non</strong></span> 
     </span>
    </p>
   </div>
   <div class='ocr_carea' id='block_1_11' title="bbox 337 1187 1910 1265">
    <p class='ocr_par' dir='ltr' id='par_1_11' title="bbox 337 1187 1910 1265">
     <span class='ocr_line' id='line_1_11' title="bbox 337 1187 1910 1265; baseline -0.011 -5"><span class='ocrx_word' id='word_1_70' title='bbox 337 1201 561 1260; x_wconf 83' lang='lat' dir='ltr'><strong>dimittet</strong></span> <span class='ocrx_word' id='word_1_71' title='bbox 591 1215 711 1254; x_wconf 89' lang='lat' dir='ltr'><strong>cmn</strong></span> <span class='ocrx_word' id='word_1_72' title='bbox 737 1195 1070 1265; x_wconf 88' lang='lat' dir='ltr'><strong>peccaveris,</strong></span> <span class='ocrx_word' id='word_1_73' title='bbox 1098 1201 1152 1248; x_wconf 91' lang='lat' dir='ltr'><strong>et</strong></span> <span class='ocrx_word' id='word_1_74' title='bbox 1176 1202 1258 1247; x_wconf 89' lang='lat' dir='ltr'><strong>est</strong></span> <span class='ocrx_word' id='word_1_75' title='bbox 1285 1205 1479 1245; x_wconf 86' lang='lat' dir='ltr'><strong>nomen</strong></span> <span class='ocrx_word' id='word_1_76' title='bbox 1509 1204 1688 1243; x_wconf 89' lang='lat' dir='ltr'><strong>meum</strong></span> <span class='ocrx_word' id='word_1_77' title='bbox 1719 1188 1772 1242; x_wconf 93' lang='lat' dir='ltr'><strong>in</strong></span> <span class='ocrx_word' id='word_1_78' title='bbox 1800 1187 1910 1242; x_wconf 89' lang='lat' dir='ltr'><strong>illo.</strong></span> 
     </span>
    </p>
   </div>
   <div class='ocr_carea' id='block_1_12' title="bbox 334 1282 1914 1362">
    <p class='ocr_par' dir='ltr' id='par_1_12' title="bbox 334 1282 1914 1362">
     <span class='ocr_line' id='line_1_12' title="bbox 334 1282 1914 1362; baseline -0.009 -13"><span class='ocrx_word' id='word_1_79' title='bbox 334 1294 478 1362; x_wconf 84' lang='lat' dir='ltr'><strong>Quod</strong></span> <span class='ocrx_word' id='word_1_80' title='bbox 518 1291 564 1347; x_wconf 93' lang='lat' dir='ltr'><strong>si</strong></span> <span class='ocrx_word' id='word_1_81' title='bbox 597 1288 833 1344; x_wconf 86' lang='lat' dir='ltr'><strong>audieris</strong></span> <span class='ocrx_word' id='word_1_82' title='bbox 872 1302 1059 1342; x_wconf 87' lang='lat' dir='ltr'><strong>vocem</strong></span> <span class='ocrx_word' id='word_1_83' title='bbox 1089 1284 1231 1354; x_wconf 84' lang='lat' dir='ltr'><strong>ejus,</strong></span> <span class='ocrx_word' id='word_1_84' title='bbox 1273 1292 1328 1338; x_wconf 93' lang='lat' dir='ltr'><strong>et</strong></span> <span class='ocrx_word' id='word_1_85' title='bbox 1363 1282 1556 1336; x_wconf 80' lang='lat' dir='ltr'><strong>feceris</strong></span> <span class='ocrx_word' id='word_1_86' title='bbox 1585 1283 1765 1336; x_wconf 86' lang='lat' dir='ltr'><strong>omnia</strong></span> <span class='ocrx_word' id='word_1_87' title='bbox 1794 1296 1914 1349; x_wconf 81' lang='lat' dir='ltr'><strong>quae</strong></span> 
     </span>
    </p>
   </div>
   <div class='ocr_carea' id='block_1_13' title="bbox 333 1368 1914 1456">
    <p class='ocr_par' dir='ltr' id='par_1_13' title="bbox 333 1368 1914 1456">
     <span class='ocr_line' id='line_1_13' title="bbox 333 1368 1914 1456; baseline -0.009 -14"><span class='ocrx_word' id='word_1_88' title='bbox 333 1388 534 1456; x_wconf 87' lang='lat' dir='ltr'><strong>loquor,</strong></span> <span class='ocrx_word' id='word_1_89' title='bbox 583 1381 838 1448; x_wconf 85' lang='lat' dir='ltr'><strong>inimicus</strong></span> <span class='ocrx_word' id='word_1_90' title='bbox 867 1395 961 1434; x_wconf 89' lang='lat' dir='ltr'><strong>ero</strong></span> <span class='ocrx_word' id='word_1_91' title='bbox 1000 1379 1234 1433; x_wconf 90' lang='lat' dir='ltr'><strong>inimicis</strong></span> <span class='ocrx_word' id='word_1_92' title='bbox 1263 1379 1390 1440; x_wconf 92' lang='lat' dir='ltr'><strong>tuis,</strong></span> <span class='ocrx_word' id='word_1_93' title='bbox 1420 1385 1474 1431; x_wconf 86' lang='lat' dir='ltr'><strong>et</strong></span> <span class='ocrx_word' id='word_1_94' title='bbox 1517 1368 1750 1445; x_wconf 81' lang='lat' dir='ltr'><strong>atlligam</strong></span> <span class='ocrx_word' id='word_1_95' title='bbox 1781 1375 1914 1428; x_wconf 84' lang='lat' dir='ltr'><strong>atﬂi-</strong></span> 
     </span>
    </p>
   </div>
   <div class='ocr_carea' id='block_1_14' title="bbox 329 1463 1910 1548">
    <p class='ocr_par' dir='ltr' id='par_1_14' title="bbox 329 1463 1910 1548">
     <span class='ocr_line' id='line_1_14' title="bbox 329 1463 1910 1548; baseline -0.011 -15"><span class='ocrx_word' id='word_1_96' title='bbox 329 1485 507 1548; x_wconf 83' lang='lat' dir='ltr'><strong>gentes</strong></span> <span class='ocrx_word' id='word_1_97' title='bbox 554 1480 647 1537; x_wconf 94' lang='lat' dir='ltr'><strong>te,</strong></span> <span class='ocrx_word' id='word_1_98' title='bbox 701 1469 1074 1539; x_wconf 70' lang='lat' dir='ltr'><strong>prmeedetque</strong></span> <span class='ocrx_word' id='word_1_99' title='bbox 1125 1476 1176 1522; x_wconf 91' lang='lat' dir='ltr'><strong>te</strong></span> <span class='ocrx_word' id='word_1_100' title='bbox 1227 1465 1452 1536; x_wconf 76' lang='lat' dir='ltr'><strong>angelus</strong></span> <span class='ocrx_word' id='word_1_101' title='bbox 1498 1479 1654 1520; x_wconf 90' lang='lat' dir='ltr'><strong>meus</strong></span> <span class='ocrx_word' id='word_1_102' title='bbox 1699 1463 1910 1534; x_wconf 76' lang='lat' dir='ltr'><strong>(Exod.</strong></span> 
     </span>
    </p>
   </div>
   <div class='ocr_carea' id='block_1_15' title="bbox 329 1556 1908 1636">
    <p class='ocr_par' dir='ltr' id='par_1_15' title="bbox 329 1556 1908 1636">
     <span class='ocr_line' id='line_1_15' title="bbox 329 1556 1908 1636; baseline -0.008 -15"><span class='ocrx_word' id='word_1_103' title='bbox 329 1565 502 1636; x_wconf 88' lang='lat' dir='ltr'><strong>xxtn).</strong></span> <span class='ocrx_word' id='word_1_104' title='bbox 539 1582 558 1616; x_wconf 74' lang='grc' dir='ltr'><strong>ι</strong></span> <span class='ocrx_word' id='word_1_105' title='bbox 609 1561 762 1617; x_wconf 89' lang='lat' dir='ltr'><strong>Unde</strong></span> <span class='ocrx_word' id='word_1_106' title='bbox 804 1570 919 1624; x_wconf 85' lang='lat' dir='ltr'><strong>est,</strong></span> <span class='ocrx_word' id='word_1_107' title='bbox 966 1559 1111 1630; x_wconf 90' lang='lat' dir='ltr'><strong>quod</strong></span> <span class='ocrx_word' id='word_1_108' title='bbox 1153 1559 1206 1613; x_wconf 90' lang='lat' dir='ltr'><strong>in</strong></span> <span class='ocrx_word' id='word_1_109' title='bbox 1250 1559 1426 1628; x_wconf 88' lang='lat' dir='ltr'><strong>prima</strong></span> <span class='ocrx_word' id='word_1_110' title='bbox 1468 1572 1658 1611; x_wconf 89' lang='lat' dir='ltr'><strong>earum</strong></span> <span class='ocrx_word' id='word_1_111' title='bbox 1703 1556 1908 1622; x_wconf 87' lang='lat' dir='ltr'><strong>tabula,</strong></span> 
     </span>
    </p>
   </div>
   <div class='ocr_carea' id='block_1_16' title="bbox 327 1648 1914 1728">
    <p class='ocr_par' dir='ltr' id='par_1_16' title="bbox 327 1648 1914 1728">
     <span class='ocr_line' id='line_1_16' title="bbox 327 1648 1914 1728; baseline -0.007 -16"><span class='ocrx_word' id='word_1_112' title='bbox 327 1673 440 1728; x_wconf 72' lang='lat' dir='ltr'><strong>quae</strong></span> <span class='ocrx_word' id='word_1_113' title='bbox 469 1653 640 1726; x_wconf 81' lang='lat' dir='ltr'><strong>Moysi</strong></span> <span class='ocrx_word' id='word_1_114' title='bbox 685 1654 824 1707; x_wconf 74' lang='lat' dir='ltr'><strong>data:</strong></span> <span class='ocrx_word' id='word_1_115' title='bbox 871 1661 1020 1716; x_wconf 82' lang='lat' dir='ltr'><strong>sunt,</strong></span> <span class='ocrx_word' id='word_1_116' title='bbox 1065 1652 1157 1706; x_wconf 92' lang='lat' dir='ltr'><strong>ubi</strong></span> <span class='ocrx_word' id='word_1_117' title='bbox 1202 1667 1309 1704; x_wconf 92' lang='lat' dir='ltr'><strong>non</strong></span> <span class='ocrx_word' id='word_1_118' title='bbox 1339 1658 1463 1705; x_wconf 89' lang='lat' dir='ltr'><strong>sunt</strong></span> <span class='ocrx_word' id='word_1_119' title='bbox 1507 1649 1611 1704; x_wconf 90' lang='lat' dir='ltr'><strong>nisi</strong></span> <span class='ocrx_word' id='word_1_120' title='bbox 1643 1649 1746 1703; x_wconf 88' lang='lat' dir='ltr'><strong>tria</strong></span> <span class='ocrx_word' id='word_1_121' title='bbox 1773 1648 1914 1702; x_wconf 89' lang='lat' dir='ltr'><strong>dun-</strong></span> 
     </span>
    </p>
   </div>
   <div class='ocr_carea' id='block_1_17' title="bbox 328 1741 1908 1812">
    <p class='ocr_par' dir='ltr' id='par_1_17' title="bbox 328 1741 1908 1812">
     <span class='ocr_line' id='line_1_17' title="bbox 328 1741 1908 1812; baseline -0.004 -11"><span class='ocrx_word' id='word_1_122' title='bbox 328 1757 468 1801; x_wconf 85' lang='lat' dir='ltr'><strong>taxat</strong></span> <span class='ocrx_word' id='word_1_123' title='bbox 508 1745 764 1800; x_wconf 89' lang='lat' dir='ltr'><strong>mandata</strong></span> <span class='ocrx_word' id='word_1_124' title='bbox 807 1743 1150 1812; x_wconf 88' lang='lat' dir='ltr'><strong>conscripta,</strong></span> <span class='ocrx_word' id='word_1_125' title='bbox 1199 1742 1302 1796; x_wconf 88' lang='lat' dir='ltr'><strong>hoc</strong></span> <span class='ocrx_word' id='word_1_126' title='bbox 1348 1741 1566 1795; x_wconf 89' lang='lat' dir='ltr'><strong>tertium</strong></span> <span class='ocrx_word' id='word_1_127' title='bbox 1616 1741 1908 1795; x_wconf 85' lang='lat' dir='ltr'><strong>invenitur.</strong></span> 
     </span>
    </p>
   </div>
   <div class='ocr_carea' id='block_1_18' title="bbox 323 1829 1910 1906">
    <p class='ocr_par' dir='ltr' id='par_1_18' title="bbox 323 1829 1910 1906">
     <span class='ocr_line' id='line_1_18' title="bbox 323 1829 1910 1906; baseline -0.006 -13"><span class='ocrx_word' id='word_1_128' title='bbox 323 1837 450 1893; x_wconf 81' lang='lat' dir='ltr'><strong>Nam</strong></span> <span class='ocrx_word' id='word_1_129' title='bbox 498 1843 784 1906; x_wconf 86' lang='lat' dir='ltr'><strong>postquam</strong></span> <span class='ocrx_word' id='word_1_130' title='bbox 819 1833 926 1888; x_wconf 91' lang='lat' dir='ltr'><strong>illic</strong></span> <span class='ocrx_word' id='word_1_131' title='bbox 972 1833 1232 1901; x_wconf 88' lang='lat' dir='ltr'><strong>scriptum</strong></span> <span class='ocrx_word' id='word_1_132' title='bbox 1281 1838 1366 1886; x_wconf 90' lang='lat' dir='ltr'><strong>est</strong></span> <span class='ocrx_word' id='word_1_133' title='bbox 1405 1844 1419 1884; x_wconf 89' lang='lat'><strong>:</strong></span> <span class='ocrx_word' id='word_1_134' title='bbox 1454 1849 1473 1882; x_wconf 73' lang='grc' dir='ltr'><strong><em>ι</em></strong></span> <span class='ocrx_word' id='word_1_135' title='bbox 1518 1829 1636 1885; x_wconf 80' lang='lat' dir='ltr'><strong>Non</strong></span> <span class='ocrx_word' id='word_1_136' title='bbox 1682 1829 1910 1885; x_wconf 87' lang='lat' dir='ltr'><strong>habebis</strong></span> 
     </span>
    </p>
   </div>
   <div class='ocr_carea' id='block_1_19' title="bbox 325 1903 1984 1989">
    <p class='ocr_par' dir='ltr' id='par_1_19' title="bbox 325 1903 1984 1989">
     <span class='ocr_line' id='line_1_19' title="bbox 325 1903 1984 1989; baseline -0.008 -5"><span class='ocrx_word' id='word_1_137' title='bbox 325 1929 447 1984; x_wconf 84' lang='lat' dir='ltr'><strong>deos</strong></span> <span class='ocrx_word' id='word_1_138' title='bbox 485 1903 732 1989; x_wconf 84' lang='lat' dir='ltr'><strong>alienos;</strong></span> <span class='ocrx_word' id='word_1_139' title='bbox 773 1943 790 1976; x_wconf 76' lang='grc' dir='ltr'><strong><em>ι</em></strong></span> <span class='ocrx_word' id='word_1_140' title='bbox 824 1935 918 1978; x_wconf 90' lang='lat' dir='ltr'><strong>et:</strong></span> <span class='ocrx_word' id='word_1_141' title='bbox 955 1941 973 1974; x_wconf 79' lang='grc' dir='ltr'>ι</span> <span class='ocrx_word' id='word_1_142' title='bbox 1003 1921 1122 1977; x_wconf 80' lang='lat' dir='ltr'><strong>Non</strong></span> <span class='ocrx_word' id='word_1_143' title='bbox 1165 1935 1413 1976; x_wconf 89' lang='lat' dir='ltr'><strong>assumes</strong></span> <span class='ocrx_word' id='word_1_144' title='bbox 1455 1934 1652 1974; x_wconf 91' lang='lat' dir='ltr'><strong>nomen</strong></span> <span class='ocrx_word' id='word_1_145' title='bbox 1693 1917 1908 1974; x_wconf 89' lang='lat' dir='ltr'><strong>Domini</strong></span> <span class='ocrx_word' id='word_1_146' title='bbox 1941 1903 1984 1962; x_wconf 82' lang='grc' dir='ltr'>Β</span> 
     </span>
    </p>
   </div>
   <div class='ocr_carea' id='block_1_20' title="bbox 325 2011 1911 2085">
    <p class='ocr_par' dir='ltr' id='par_1_20' title="bbox 325 2011 1911 2085">
     <span class='ocr_line' id='line_1_20' title="bbox 325 2011 1911 2085; baseline -0.007 -10"><span class='ocrx_word' id='word_1_147' title='bbox 325 2020 414 2075; x_wconf 89' lang='lat' dir='ltr'><strong>Dei</strong></span> <span class='ocrx_word' id='word_1_148' title='bbox 460 2017 535 2072; x_wconf 91' lang='lat' dir='ltr'><strong>tui</strong></span> <span class='ocrx_word' id='word_1_149' title='bbox 585 2016 641 2070; x_wconf 93' lang='lat' dir='ltr'><strong>in</strong></span> <span class='ocrx_word' id='word_1_150' title='bbox 688 2031 926 2080; x_wconf 88' lang='lat' dir='ltr'><strong>vanum;</strong></span> <span class='ocrx_word' id='word_1_151' title='bbox 968 2034 986 2066; x_wconf 75' lang='grc' dir='ltr'><strong><em>ι</em></strong></span> <span class='ocrx_word' id='word_1_152' title='bbox 1015 2013 1264 2085; x_wconf 88' lang='lat' dir='ltr'><strong>protinus</strong></span> <span class='ocrx_word' id='word_1_153' title='bbox 1304 2013 1556 2068; x_wconf 89' lang='lat' dir='ltr'><strong>additur:</strong></span> <span class='ocrx_word' id='word_1_154' title='bbox 1587 2030 1607 2064; x_wconf 82' lang='lat'><strong>(</strong></span> <span class='ocrx_word' id='word_1_155' title='bbox 1636 2011 1911 2066; x_wconf 85' lang='lat' dir='ltr'><strong>Memento</strong></span> 
     </span>
    </p>
   </div>
   <div class='ocr_carea' id='block_1_21' title="bbox 321 2103 1911 2174">
    <p class='ocr_par' dir='ltr' id='par_1_21' title="bbox 321 2103 1911 2174">
     <span class='ocr_line' id='line_1_21' title="bbox 321 2103 1911 2174; baseline -0.004 -10"><span class='ocrx_word' id='word_1_156' title='bbox 321 2120 376 2165; x_wconf 92' lang='lat' dir='ltr'><strong>ut</strong></span> <span class='ocrx_word' id='word_1_157' title='bbox 419 2109 561 2163; x_wconf 91' lang='lat' dir='ltr'><strong>diem</strong></span> <span class='ocrx_word' id='word_1_158' title='bbox 609 2106 832 2162; x_wconf 64' lang='lat' dir='ltr'><strong>Sabinati</strong></span> <span class='ocrx_word' id='word_1_159' title='bbox 875 2105 1186 2161; x_wconf 89' lang='lat' dir='ltr'><strong>sanctiﬁces</strong></span> <span class='ocrx_word' id='word_1_160' title='bbox 1227 2104 1423 2173; x_wconf 69' lang='lat' dir='ltr'><strong>(Exod.</strong></span> <span class='ocrx_word' id='word_1_161' title='bbox 1468 2103 1584 2174; x_wconf 90' lang='lat' dir='ltr'><strong>xx).</strong></span> <span class='ocrx_word' id='word_1_162' title='bbox 1637 2122 1657 2156; x_wconf 82' lang='grc'><strong>›</strong></span> <span class='ocrx_word' id='word_1_163' title='bbox 1704 2103 1761 2158; x_wconf 83' lang='grc' dir='ltr'><strong>1η</strong></span> <span class='ocrx_word' id='word_1_164' title='bbox 1805 2104 1911 2158; x_wconf 88' lang='lat' dir='ltr'><strong>alia</strong></span> 
     </span>
    </p>
   </div>
   <div class='ocr_carea' id='block_1_22' title="bbox 317 2189 1911 2269">
    <p class='ocr_par' dir='ltr' id='par_1_22' title="bbox 317 2189 1911 2269">
     <span class='ocr_line' id='line_1_22' title="bbox 317 2189 1911 2269; baseline -0.003 -13"><span class='ocrx_word' id='word_1_165' title='bbox 317 2217 439 2259; x_wconf 82' lang='lat' dir='ltr'><strong>vero</strong></span> <span class='ocrx_word' id='word_1_166' title='bbox 471 2199 688 2264; x_wconf 88' lang='lat' dir='ltr'><strong>tabula,</strong></span> <span class='ocrx_word' id='word_1_167' title='bbox 719 2200 806 2254; x_wconf 88' lang='lat' dir='ltr'><strong>ubi</strong></span> <span class='ocrx_word' id='word_1_168' title='bbox 848 2214 955 2253; x_wconf 89' lang='lat' dir='ltr'><strong>non</strong></span> <span class='ocrx_word' id='word_1_169' title='bbox 995 2197 1108 2268; x_wconf 90' lang='lat' dir='ltr'><strong>jam</strong></span> <span class='ocrx_word' id='word_1_170' title='bbox 1141 2199 1208 2253; x_wconf 87' lang='lat' dir='ltr'><strong>ad</strong></span> <span class='ocrx_word' id='word_1_171' title='bbox 1243 2197 1353 2269; x_wconf 82' lang='lat'><strong>59</strong></span> <span class='ocrx_word' id='word_1_172' title='bbox 1379 2197 1617 2252; x_wconf 90' lang='lat' dir='ltr'><strong>divinam</strong></span> <span class='ocrx_word' id='word_1_173' title='bbox 1659 2189 1911 2252; x_wconf 79' lang='lat' dir='ltr'><strong>substan-</strong></span> 
     </span>
    </p>
   </div>
   <div class='ocr_carea' id='block_1_23' title="bbox 319 2288 1911 2361">
    <p class='ocr_par' dir='ltr' id='par_1_23' title="bbox 319 2288 1911 2361">
     <span class='ocr_line' id='line_1_23' title="bbox 319 2288 1911 2361; baseline -0.003 -14"><span class='ocrx_word' id='word_1_174' title='bbox 319 2293 442 2348; x_wconf 87' lang='lat' dir='ltr'><strong>tiam</strong></span> <span class='ocrx_word' id='word_1_175' title='bbox 490 2289 856 2361; x_wconf 77' lang='lat' dir='ltr'><strong>pertinentia,</strong></span> <span class='ocrx_word' id='word_1_176' title='bbox 912 2290 1010 2344; x_wconf 92' lang='lat' dir='ltr'><strong>sed</strong></span> <span class='ocrx_word' id='word_1_177' title='bbox 1063 2289 1337 2344; x_wconf 78' lang='lat' dir='ltr'><strong>exteriora</strong></span> <span class='ocrx_word' id='word_1_178' title='bbox 1398 2296 1602 2358; x_wconf 88' lang='lat' dir='ltr'><strong>septem</strong></span> <span class='ocrx_word' id='word_1_179' title='bbox 1656 2288 1911 2343; x_wconf 86' lang='lat' dir='ltr'><strong>videntur</strong></span> 
     </span>
    </p>
   </div>
   <div class='ocr_carea' id='block_1_24' title="bbox 317 2376 1906 2450">
    <p class='ocr_par' dir='ltr' id='par_1_24' title="bbox 317 2376 1906 2450">
     <span class='ocr_line' id='line_1_24' title="bbox 317 2376 1906 2450; baseline -0.001 -16"><span class='ocrx_word' id='word_1_180' title='bbox 317 2380 489 2450; x_wconf 78' lang='lat' dir='ltr'><strong>inesse</strong></span> <span class='ocrx_word' id='word_1_181' title='bbox 515 2378 798 2442; x_wconf 85' lang='lat' dir='ltr'><strong>mandata,</strong></span> <span class='ocrx_word' id='word_1_182' title='bbox 827 2377 904 2433; x_wconf 88' lang='lat' dir='ltr'><strong>sic</strong></span> <span class='ocrx_word' id='word_1_183' title='bbox 930 2377 1120 2449; x_wconf 78' lang='lat' dir='ltr'><strong>incipit</strong></span> <span class='ocrx_word' id='word_1_184' title='bbox 1148 2395 1162 2432; x_wconf 90' lang='lat'><strong>:</strong></span> <span class='ocrx_word' id='word_1_185' title='bbox 1199 2395 1216 2429; x_wconf 73' lang='grc' dir='ltr'>ι</span> <span class='ocrx_word' id='word_1_186' title='bbox 1251 2376 1469 2432; x_wconf 84' lang='lat' dir='ltr'><strong>Honora</strong></span> <span class='ocrx_word' id='word_1_187' title='bbox 1493 2385 1706 2448; x_wconf 88' lang='lat' dir='ltr'><strong>patrem</strong></span> <span class='ocrx_word' id='word_1_188' title='bbox 1733 2387 1906 2445; x_wconf 91' lang='lat' dir='ltr'><strong>tuum,</strong></span> 
     </span>
    </p>
   </div>
   <div class='ocr_carea' id='block_1_25' title="bbox 316 2467 1904 2539">
    <p class='ocr_par' dir='ltr' id='par_1_25' title="bbox 316 2467 1904 2539">
     <span class='ocr_line' id='line_1_25' title="bbox 316 2467 1904 2539; baseline -0.003 -12"><span class='ocrx_word' id='word_1_189' title='bbox 316 2481 370 2527; x_wconf 88' lang='lat' dir='ltr'><strong>et</strong></span> <span class='ocrx_word' id='word_1_190' title='bbox 416 2479 648 2526; x_wconf 88' lang='lat' dir='ltr'><strong>matrem</strong></span> <span class='ocrx_word' id='word_1_191' title='bbox 680 2468 874 2539; x_wconf 83' lang='lat' dir='ltr'><strong>(Deut.</strong></span> <span class='ocrx_word' id='word_1_192' title='bbox 901 2469 1000 2538; x_wconf 91' lang='lat' dir='ltr'><strong>v);</strong></span> <span class='ocrx_word' id='word_1_193' title='bbox 1042 2487 1060 2521; x_wconf 77' lang='grc' dir='ltr'><strong><em>ι</em></strong></span> <span class='ocrx_word' id='word_1_194' title='bbox 1098 2467 1162 2525; x_wconf 93' lang='lat' dir='ltr'><strong>de</strong></span> <span class='ocrx_word' id='word_1_195' title='bbox 1197 2483 1304 2537; x_wconf 91' lang='lat' dir='ltr'><strong>quo</strong></span> <span class='ocrx_word' id='word_1_196' title='bbox 1343 2467 1547 2523; x_wconf 90' lang='lat' dir='ltr'><strong>idcirco</strong></span> <span class='ocrx_word' id='word_1_197' title='bbox 1584 2468 1718 2522; x_wconf 89' lang='lat' dir='ltr'><strong>dicit</strong></span> <span class='ocrx_word' id='word_1_198' title='bbox 1757 2469 1904 2537; x_wconf 80' lang='lat' dir='ltr'><strong>Apo-</strong></span> 
     </span>
    </p>
   </div>
   <div class='ocr_carea' id='block_1_26' title="bbox 315 2557 1906 2630">
    <p class='ocr_par' dir='ltr' id='par_1_26' title="bbox 315 2557 1906 2630">
     <span class='ocr_line' id='line_1_26' title="bbox 315 2557 1906 2630; baseline -0.004 -11"><span class='ocrx_word' id='word_1_199' title='bbox 315 2561 499 2628; x_wconf 85' lang='lat' dir='ltr'><strong>stolus,</strong></span> <span class='ocrx_word' id='word_1_200' title='bbox 545 2562 692 2630; x_wconf 90' lang='lat' dir='ltr'><strong>quod</strong></span> <span class='ocrx_word' id='word_1_201' title='bbox 723 2559 794 2614; x_wconf 83' lang='lat' dir='ltr'><strong>sit</strong></span> <span class='ocrx_word' id='word_1_202' title='bbox 839 2559 1073 2630; x_wconf 89' lang='lat' dir='ltr'><strong>primum</strong></span> <span class='ocrx_word' id='word_1_203' title='bbox 1109 2558 1426 2613; x_wconf 90' lang='lat' dir='ltr'><strong>mandatum</strong></span> <span class='ocrx_word' id='word_1_204' title='bbox 1460 2557 1512 2611; x_wconf 87' lang='lat' dir='ltr'><strong>itt</strong></span> <span class='ocrx_word' id='word_1_205' title='bbox 1543 2557 1906 2627; x_wconf 85' lang='lat' dir='ltr'><strong>promissione</strong></span> 
     </span>
    </p>
   </div>
   <div class='ocr_carea' id='block_1_27' title="bbox 315 2647 1905 2723">
    <p class='ocr_par' dir='ltr' id='par_1_27' title="bbox 315 2647 1905 2723">
     <span class='ocr_line' id='line_1_27' title="bbox 315 2647 1905 2723; baseline -0.003 -17"><span class='ocrx_word' id='word_1_206' title='bbox 315 2652 524 2723; x_wconf 73' lang='lat' dir='ltr'><strong>(Ephes.</strong></span> <span class='ocrx_word' id='word_1_207' title='bbox 564 2650 668 2721; x_wconf 91' lang='lat' dir='ltr'><strong>vt),</strong></span> <span class='ocrx_word' id='word_1_208' title='bbox 717 2650 973 2720; x_wconf 89' lang='lat' dir='ltr'><strong>quoniam</strong></span> <span class='ocrx_word' id='word_1_209' title='bbox 1020 2649 1256 2720; x_wconf 91' lang='lat' dir='ltr'><strong>primum</strong></span> <span class='ocrx_word' id='word_1_210' title='bbox 1305 2648 1358 2702; x_wconf 87' lang='lat' dir='ltr'><strong>itt</strong></span> <span class='ocrx_word' id='word_1_211' title='bbox 1410 2648 1660 2702; x_wconf 64' lang='lat' dir='ltr'><strong>secundae</strong></span> <span class='ocrx_word' id='word_1_212' title='bbox 1710 2647 1905 2703; x_wconf 71' lang='lat' dir='ltr'><strong>tabula:</strong></span> 
     </span>
    </p>
   </div>
   <div class='ocr_carea' id='block_1_28' title="bbox 313 2723 1903 2812">
    <p class='ocr_par' dir='ltr' id='par_1_28' title="bbox 313 2723 1903 2812">
     <span class='ocr_line' id='line_1_28' title="bbox 313 2723 1903 2812; baseline -0.001 -17"><span class='ocrx_word' id='word_1_213' title='bbox 313 2744 524 2812; x_wconf 88' lang='lat' dir='ltr'><strong>ponitur</strong></span> <span class='ocrx_word' id='word_1_214' title='bbox 574 2741 802 2806; x_wconf 87' lang='lat' dir='ltr'><strong>ordine,</strong></span> <span class='ocrx_word' id='word_1_215' title='bbox 849 2740 1086 2810; x_wconf 91' lang='lat' dir='ltr'><strong>alioquin</strong></span> <span class='ocrx_word' id='word_1_216' title='bbox 1141 2748 1396 2809; x_wconf 90' lang='lat' dir='ltr'><strong>quartum</strong></span> <span class='ocrx_word' id='word_1_217' title='bbox 1450 2723 1634 2808; x_wconf 79' lang='lat' dir='ltr'><strong>potius</strong></span> <span class='ocrx_word' id='word_1_218' title='bbox 1683 2737 1903 2794; x_wconf 86' lang='lat' dir='ltr'><strong>deberet</strong></span> 
     </span>
    </p>
   </div>
   <div class='ocr_carea' id='block_1_29' title="bbox 311 2828 1899 2900">
    <p class='ocr_par' dir='ltr' id='par_1_29' title="bbox 311 2828 1899 2900">
     <span class='ocr_line' id='line_1_29' title="bbox 311 2828 1899 2900; baseline -0.001 -15"><span class='ocrx_word' id='word_1_219' title='bbox 311 2831 408 2886; x_wconf 90' lang='lat' dir='ltr'><strong>dici</strong></span> <span class='ocrx_word' id='word_1_220' title='bbox 437 2847 600 2900; x_wconf 89' lang='lat' dir='ltr'><strong>quam</strong></span> <span class='ocrx_word' id='word_1_221' title='bbox 651 2831 904 2900; x_wconf 92' lang='lat' dir='ltr'><strong>primum,</strong></span> <span class='ocrx_word' id='word_1_222' title='bbox 956 2830 1010 2883; x_wconf 94' lang='lat' dir='ltr'><strong>in</strong></span> <span class='ocrx_word' id='word_1_223' title='bbox 1049 2829 1410 2899; x_wconf 89' lang='lat' dir='ltr'><strong>promissione</strong></span> <span class='ocrx_word' id='word_1_224' title='bbox 1439 2829 1650 2883; x_wconf 88' lang='lat' dir='ltr'><strong>scilicet</strong></span> <span class='ocrx_word' id='word_1_225' title='bbox 1693 2828 1899 2899; x_wconf 60' lang='lat' dir='ltr'><strong>longa!-</strong></span> 
     </span>
    </p>
   </div>
   <div class='ocr_carea' id='block_1_30' title="bbox 316 2919 1902 2989">
    <p class='ocr_par' dir='ltr' id='par_1_30' title="bbox 316 2919 1902 2989">
     <span class='ocr_line' id='line_1_30' title="bbox 316 2919 1902 2989; baseline 0.001 -16"><span class='ocrx_word' id='word_1_226' title='bbox 316 2921 511 2976; x_wconf 86' lang='lat' dir='ltr'><strong>vitatis.</strong></span> <span class='ocrx_word' id='word_1_227' title='bbox 540 2920 685 2974; x_wconf 90' lang='lat' dir='ltr'><strong>Dicit</strong></span> <span class='ocrx_word' id='word_1_228' title='bbox 710 2921 854 2974; x_wconf 91' lang='lat' dir='ltr'><strong>enim</strong></span> <span class='ocrx_word' id='word_1_229' title='bbox 885 2919 1014 2974; x_wconf 89' lang='lat' dir='ltr'><strong>alibi</strong></span> <span class='ocrx_word' id='word_1_230' title='bbox 1049 2937 1064 2974; x_wconf 87' lang='lat'>:</span> <span class='ocrx_word' id='word_1_231' title='bbox 1096 2938 1114 2970; x_wconf 74' lang='grc' dir='ltr'><strong>ε</strong></span> <span class='ocrx_word' id='word_1_232' title='bbox 1149 2920 1365 2974; x_wconf 76' lang='lat' dir='ltr'><strong>Ilonora</strong></span> <span class='ocrx_word' id='word_1_233' title='bbox 1405 2928 1614 2989; x_wconf 88' lang='lat' dir='ltr'><strong>patrem</strong></span> <span class='ocrx_word' id='word_1_234' title='bbox 1645 2927 1817 2982; x_wconf 92' lang='lat' dir='ltr'><strong>tuum,</strong></span> <span class='ocrx_word' id='word_1_235' title='bbox 1848 2928 1902 2974; x_wconf 92' lang='lat' dir='ltr'><strong>et</strong></span> 
     </span>
    </p>
   </div>
   <div class='ocr_carea' id='block_1_31' title="bbox 310 3003 1893 3080">
    <p class='ocr_par' dir='ltr' id='par_1_31' title="bbox 310 3003 1893 3080">
     <span class='ocr_line' id='line_1_31' title="bbox 310 3003 1893 3080; baseline -0.002 -16"><span class='ocrx_word' id='word_1_236' title='bbox 310 3021 553 3074; x_wconf 84' lang='lat' dir='ltr'><strong>matrem,</strong></span> <span class='ocrx_word' id='word_1_237' title='bbox 590 3018 654 3063; x_wconf 91' lang='lat' dir='ltr'><strong>ut</strong></span> <span class='ocrx_word' id='word_1_238' title='bbox 681 3011 756 3064; x_wconf 83' lang='lat' dir='ltr'><strong>sis</strong></span> <span class='ocrx_word' id='word_1_239' title='bbox 779 3009 1052 3080; x_wconf 65' lang='lat' dir='ltr'><strong>longaevus</strong></span> <span class='ocrx_word' id='word_1_240' title='bbox 1084 3023 1247 3080; x_wconf 88' lang='lat' dir='ltr'><strong>super</strong></span> <span class='ocrx_word' id='word_1_241' title='bbox 1274 3018 1472 3063; x_wconf 92' lang='lat' dir='ltr'><strong>terram</strong></span> <span class='ocrx_word' id='word_1_242' title='bbox 1499 3007 1697 3079; x_wconf 77' lang='lat' dir='ltr'><strong>(Exod.</strong></span> <span class='ocrx_word' id='word_1_243' title='bbox 1728 3003 1843 3080; x_wconf 89' lang='lat' dir='ltr'><strong>xx).</strong></span> <span class='ocrx_word' id='word_1_244' title='bbox 1875 3029 1893 3061; x_wconf 74' lang='grc' dir='ltr'><strong><em>ι</em></strong></span> 
     </span>
    </p>
   </div>
   <div class='ocr_carea' id='block_1_32' title="bbox 311 3100 1899 3172">
    <p class='ocr_par' dir='ltr' id='par_1_32' title="bbox 311 3100 1899 3172">
     <span class='ocr_line' id='line_1_32' title="bbox 311 3100 1899 3172; baseline 0 -17"><span class='ocrx_word' id='word_1_245' title='bbox 311 3100 438 3168; x_wconf 84' lang='lat' dir='ltr'><strong>Quia</strong></span> <span class='ocrx_word' id='word_1_246' title='bbox 487 3117 622 3172; x_wconf 84' lang='lat' dir='ltr'><strong>ergo</strong></span> <span class='ocrx_word' id='word_1_247' title='bbox 658 3116 754 3171; x_wconf 87' lang='lat' dir='ltr'><strong>per</strong></span> <span class='ocrx_word' id='word_1_248' title='bbox 785 3100 1084 3155; x_wconf 86' lang='lat' dir='ltr'><strong>Sabbatum</strong></span> <span class='ocrx_word' id='word_1_249' title='bbox 1133 3100 1385 3156; x_wconf 87' lang='lat' dir='ltr'><strong>Christus</strong></span> <span class='ocrx_word' id='word_1_250' title='bbox 1431 3101 1706 3164; x_wconf 87' lang='lat' dir='ltr'><strong>innuitur,</strong></span> <span class='ocrx_word' id='word_1_251' title='bbox 1751 3112 1899 3156; x_wconf 88' lang='lat' dir='ltr'><strong>recte</strong></span> 
     </span>
    </p>
   </div>
   <div class='ocr_carea' id='block_1_33' title="bbox 308 3193 1893 3264">
    <p class='ocr_par' dir='ltr' id='par_1_33' title="bbox 308 3193 1893 3264">
     <span class='ocr_line' id='line_1_33' title="bbox 308 3193 1893 3264; baseline -0.001 -14"><span class='ocrx_word' id='word_1_252' title='bbox 308 3196 358 3249; x_wconf 93' lang='lat' dir='ltr'><strong>in</strong></span> <span class='ocrx_word' id='word_1_253' title='bbox 405 3196 491 3250; x_wconf 91' lang='lat' dir='ltr'><strong>illa</strong></span> <span class='ocrx_word' id='word_1_254' title='bbox 527 3194 710 3248; x_wconf 90' lang='lat' dir='ltr'><strong>tabula</strong></span> <span class='ocrx_word' id='word_1_255' title='bbox 747 3193 970 3248; x_wconf 83' lang='lat' dir='ltr'><strong>Sabbati</strong></span> <span class='ocrx_word' id='word_1_256' title='bbox 1003 3196 1317 3249; x_wconf 88' lang='lat' dir='ltr'><strong>mandatum</strong></span> <span class='ocrx_word' id='word_1_257' title='bbox 1366 3194 1608 3264; x_wconf 86' lang='lat' dir='ltr'><strong>ponitur,</strong></span> <span class='ocrx_word' id='word_1_258' title='bbox 1653 3196 1744 3250; x_wconf 90' lang='lat' dir='ltr'><strong>ubi</strong></span> <span class='ocrx_word' id='word_1_259' title='bbox 1781 3195 1893 3250; x_wconf 88' lang='lat' dir='ltr'><strong>sola</strong></span> 
     </span>
    </p>
   </div>
   <div class='ocr_carea' id='block_1_34' title="bbox 2024 643 3634 718">
    <p class='ocr_par' dir='ltr' id='par_1_34' title="bbox 2024 643 3634 718">
     <span class='ocr_line' id='line_1_34' title="bbox 2024 643 3634 718; baseline 0.004 -19"><span class='ocrx_word' id='word_1_260' title='bbox 2024 653 2138 699; x_wconf 89' lang='lat' dir='ltr'><strong>stra</strong></span> <span class='ocrx_word' id='word_1_261' title='bbox 2185 645 2276 714; x_wconf 89' lang='lat' dir='ltr'><strong>qui</strong></span> <span class='ocrx_word' id='word_1_262' title='bbox 2308 643 2439 702; x_wconf 79' lang='lat' dir='ltr'><strong>fecit</strong></span> <span class='ocrx_word' id='word_1_263' title='bbox 2481 655 2712 716; x_wconf 88' lang='lat' dir='ltr'><strong>utraque</strong></span> <span class='ocrx_word' id='word_1_264' title='bbox 2751 662 2918 700; x_wconf 91' lang='lat' dir='ltr'><strong>unum</strong></span> <span class='ocrx_word' id='word_1_265' title='bbox 2951 645 3168 714; x_wconf 78' lang='lat' dir='ltr'><strong>(Ep/tes.</strong></span> <span class='ocrx_word' id='word_1_266' title='bbox 3213 647 3297 718; x_wconf 89' lang='lat' dir='ltr'><strong>tt).</strong></span> <span class='ocrx_word' id='word_1_267' title='bbox 3330 666 3348 699; x_wconf 71' lang='grc' dir='ltr'><strong><em>ι</em></strong></span> <span class='ocrx_word' id='word_1_268' title='bbox 3383 648 3452 702; x_wconf 82' lang='lat' dir='ltr'><strong>Et</strong></span> <span class='ocrx_word' id='word_1_269' title='bbox 3485 659 3634 706; x_wconf 87' lang='lat' dir='ltr'><strong>recte</strong></span> 
     </span>
    </p>
   </div>
   <div class='ocr_carea' id='block_1_35' title="bbox 2023 736 3633 807">
    <p class='ocr_par' dir='ltr' id='par_1_35' title="bbox 2023 736 3633 807">
     <span class='ocr_line' id='line_1_35' title="bbox 2023 736 3633 807; baseline 0.002 -16"><span class='ocrx_word' id='word_1_270' title='bbox 2023 737 2078 791; x_wconf 88' lang='lat' dir='ltr'><strong>in</strong></span> <span class='ocrx_word' id='word_1_271' title='bbox 2108 737 2213 792; x_wconf 89' lang='lat' dir='ltr'><strong>hoc</strong></span> <span class='ocrx_word' id='word_1_272' title='bbox 2234 736 2484 806; x_wconf 29' lang='lat' dir='ltr'><strong>.Sabbalo</strong></span> <span class='ocrx_word' id='word_1_273' title='bbox 2532 751 2716 791; x_wconf 90' lang='lat' dir='ltr'><strong>rerum</strong></span> <span class='ocrx_word' id='word_1_274' title='bbox 2759 736 3022 790; x_wconf 89' lang='lat' dir='ltr'><strong>Conditor</strong></span> <span class='ocrx_word' id='word_1_275' title='bbox 3068 737 3358 806; x_wconf 83' lang='lat' dir='ltr'><strong>requievit,</strong></span> <span class='ocrx_word' id='word_1_276' title='bbox 3404 737 3532 807; x_wconf 88' lang='lat' dir='ltr'><strong>quia</strong></span> <span class='ocrx_word' id='word_1_277' title='bbox 3577 738 3633 794; x_wconf 87' lang='lat' dir='ltr'><strong>in</strong></span> 
     </span>
    </p>
   </div>
   <div class='ocr_carea' id='block_1_36' title="bbox 2021 823 3631 891">
    <p class='ocr_par' dir='ltr' id='par_1_36' title="bbox 2021 823 3631 891">
     <span class='ocr_line' id='line_1_36' title="bbox 2021 823 3631 891; baseline 0.002 -12"><span class='ocrx_word' id='word_1_278' title='bbox 2021 825 2240 881; x_wconf 84' lang='lat' dir='ltr'><strong>Christo</strong></span> <span class='ocrx_word' id='word_1_279' title='bbox 2267 823 2396 881; x_wconf 79' lang='lat' dir='ltr'><strong>.Iesu</strong></span> <span class='ocrx_word' id='word_1_280' title='bbox 2427 825 2728 881; x_wconf 90' lang='lat' dir='ltr'><strong>mediatore</strong></span> <span class='ocrx_word' id='word_1_281' title='bbox 2767 826 2860 881; x_wconf 88' lang='lat' dir='ltr'><strong>Dei</strong></span> <span class='ocrx_word' id='word_1_282' title='bbox 2893 837 2947 880; x_wconf 91' lang='lat' dir='ltr'><strong>et</strong></span> <span class='ocrx_word' id='word_1_283' title='bbox 2976 827 3257 880; x_wconf 85' lang='lat' dir='ltr'><strong>hominum</strong></span> <span class='ocrx_word' id='word_1_284' title='bbox 3277 869 3291 891; x_wconf 95' lang='lat'><strong>,</strong></span> <span class='ocrx_word' id='word_1_285' title='bbox 3324 827 3486 884; x_wconf 83' lang='lat' dir='ltr'><strong>Pater</strong></span> <span class='ocrx_word' id='word_1_286' title='bbox 3508 844 3631 883; x_wconf 84' lang='lat' dir='ltr'><strong>om-</strong></span> 
     </span>
    </p>
   </div>
   <div class='ocr_carea' id='block_1_37' title="bbox 2019 905 3632 988">
    <p class='ocr_par' dir='ltr' id='par_1_37' title="bbox 2019 905 3632 988">
     <span class='ocr_line' id='line_1_37' title="bbox 2019 905 3632 988; baseline -0.001 -16"><span class='ocrx_word' id='word_1_287' title='bbox 2019 905 2292 988; x_wconf 61' lang='lat' dir='ltr'><strong>nipotens,</strong></span> <span class='ocrx_word' id='word_1_288' title='bbox 2321 917 2468 987; x_wconf 92' lang='lat' dir='ltr'><strong>quod</strong></span> <span class='ocrx_word' id='word_1_289' title='bbox 2503 932 2562 971; x_wconf 88' lang='lat' dir='ltr'><strong>se</strong></span> <span class='ocrx_word' id='word_1_290' title='bbox 2603 928 2788 986; x_wconf 88' lang='lat' dir='ltr'><strong>posset</strong></span> <span class='ocrx_word' id='word_1_291' title='bbox 2826 915 3123 980; x_wconf 83' lang='lat' dir='ltr'><strong>oﬁ&#39;enderc,</strong></span> <span class='ocrx_word' id='word_1_292' title='bbox 3157 917 3376 985; x_wconf 85' lang='lat' dir='ltr'><strong>penitus</strong></span> <span class='ocrx_word' id='word_1_293' title='bbox 3407 934 3514 973; x_wconf 92' lang='lat' dir='ltr'><strong>non</strong></span> <span class='ocrx_word' id='word_1_294' title='bbox 3547 917 3632 973; x_wconf 85' lang='lat' dir='ltr'><strong>itt-</strong></span> 
     </span>
    </p>
   </div>
   <div class='ocr_carea' id='block_1_38' title="bbox 2017 1005 3630 1078">
    <p class='ocr_par' dir='ltr' id='par_1_38' title="bbox 2017 1005 3630 1078">
     <span class='ocr_line' id='line_1_38' title="bbox 2017 1005 3630 1078; baseline 0.001 -19"><span class='ocrx_word' id='word_1_295' title='bbox 2017 1007 2188 1060; x_wconf 90' lang='lat' dir='ltr'><strong>venit.</strong></span> <span class='ocrx_word' id='word_1_296' title='bbox 2254 1005 2309 1060; x_wconf 93' lang='lat' dir='ltr'><strong>In</strong></span> <span class='ocrx_word' id='word_1_297' title='bbox 2359 1021 2426 1060; x_wconf 90' lang='lat' dir='ltr'><strong>eo</strong></span> <span class='ocrx_word' id='word_1_298' title='bbox 2479 1007 2714 1078; x_wconf 92' lang='lat' dir='ltr'><strong>denique</strong></span> <span class='ocrx_word' id='word_1_299' title='bbox 2779 1006 2978 1060; x_wconf 93' lang='lat' dir='ltr'><strong>merito</strong></span> <span class='ocrx_word' id='word_1_300' title='bbox 3039 1006 3347 1075; x_wconf 87' lang='lat' dir='ltr'><strong>requievit,</strong></span> <span class='ocrx_word' id='word_1_301' title='bbox 3401 1007 3469 1061; x_wconf 91' lang='lat' dir='ltr'><strong>de</strong></span> <span class='ocrx_word' id='word_1_302' title='bbox 3519 1021 3630 1077; x_wconf 91' lang='lat' dir='ltr'><strong>quo</strong></span> 
     </span>
    </p>
   </div>
   <div class='ocr_carea' id='block_1_39' title="bbox 2018 1097 3631 1165">
    <p class='ocr_par' dir='ltr' id='par_1_39' title="bbox 2018 1097 3631 1165">
     <span class='ocr_line' id='line_1_39' title="bbox 2018 1097 3631 1165; baseline 0.001 -14"><span class='ocrx_word' id='word_1_303' title='bbox 2018 1097 2296 1165; x_wconf 88' lang='lat' dir='ltr'><strong>discipulis</strong></span> <span class='ocrx_word' id='word_1_304' title='bbox 2345 1098 2693 1154; x_wconf 87' lang='lat' dir='ltr'><strong>audientibus</strong></span> <span class='ocrx_word' id='word_1_305' title='bbox 2741 1098 3006 1161; x_wconf 89' lang='lat' dir='ltr'><strong>intonuit,</strong></span> <span class='ocrx_word' id='word_1_306' title='bbox 3058 1098 3289 1152; x_wconf 90' lang='lat' dir='ltr'><strong>dicens:</strong></span> <span class='ocrx_word' id='word_1_307' title='bbox 3329 1118 3347 1149; x_wconf 75' lang='grc' dir='ltr'>ι</span> <span class='ocrx_word' id='word_1_308' title='bbox 3395 1097 3496 1153; x_wconf 83' lang='lat' dir='ltr'><strong>Ilic</strong></span> <span class='ocrx_word' id='word_1_309' title='bbox 3543 1107 3631 1153; x_wconf 80' lang='lat' dir='ltr'><strong>est</strong></span> 
     </span>
    </p>
   </div>
   <div class='ocr_carea' id='block_1_40' title="bbox 2017 1185 3625 1259">
    <p class='ocr_par' dir='ltr' id='par_1_40' title="bbox 2017 1185 3625 1259">
     <span class='ocr_line' id='line_1_40' title="bbox 2017 1185 3625 1259; baseline -0.002 -15"><span class='ocrx_word' id='word_1_310' title='bbox 2017 1188 2188 1244; x_wconf 83' lang='lat' dir='ltr'><strong>Filius</strong></span> <span class='ocrx_word' id='word_1_311' title='bbox 2216 1203 2370 1243; x_wconf 89' lang='lat' dir='ltr'><strong>meus</strong></span> <span class='ocrx_word' id='word_1_312' title='bbox 2404 1189 2654 1254; x_wconf 88' lang='lat' dir='ltr'><strong>diIectus,</strong></span> <span class='ocrx_word' id='word_1_313' title='bbox 2687 1190 2739 1243; x_wconf 94' lang='lat' dir='ltr'><strong>in</strong></span> <span class='ocrx_word' id='word_1_314' title='bbox 2765 1204 2874 1259; x_wconf 86' lang='lat' dir='ltr'><strong>quo</strong></span> <span class='ocrx_word' id='word_1_315' title='bbox 2902 1187 3033 1240; x_wconf 87' lang='lat' dir='ltr'><strong>mihi</strong></span> <span class='ocrx_word' id='word_1_316' title='bbox 3066 1185 3368 1256; x_wconf 86' lang='lat' dir='ltr'><strong>compiacui</strong></span> <span class='ocrx_word' id='word_1_317' title='bbox 3402 1185 3625 1256; x_wconf 73' lang='lat' dir='ltr'><strong>(Matth.</strong></span> 
     </span>
    </p>
   </div>
   <div class='ocr_carea' id='block_1_41' title="bbox 2020 1276 3630 1347">
    <p class='ocr_par' dir='ltr' id='par_1_41' title="bbox 2020 1276 3630 1347">
     <span class='ocr_line' id='line_1_41' title="bbox 2020 1276 3630 1347; baseline -0.001 -15"><span class='ocrx_word' id='word_1_318' title='bbox 2020 1285 2123 1344; x_wconf 86' lang='lat' dir='ltr'><strong>nt).</strong></span> <span class='ocrx_word' id='word_1_319' title='bbox 2168 1296 2185 1328; x_wconf 86' lang='grc'>›</span> <span class='ocrx_word' id='word_1_320' title='bbox 2221 1277 2275 1331; x_wconf 92' lang='lat' dir='ltr'><strong>In</strong></span> <span class='ocrx_word' id='word_1_321' title='bbox 2322 1277 2414 1332; x_wconf 91' lang='lat' dir='ltr'><strong>illo</strong></span> <span class='ocrx_word' id='word_1_322' title='bbox 2466 1278 2736 1347; x_wconf 86' lang='lat' dir='ltr'><strong>siquidem</strong></span> <span class='ocrx_word' id='word_1_323' title='bbox 2786 1277 3028 1332; x_wconf 90' lang='lat' dir='ltr'><strong>suaviter</strong></span> <span class='ocrx_word' id='word_1_324' title='bbox 3073 1276 3373 1346; x_wconf 88' lang='lat' dir='ltr'><strong>requievit,</strong></span> <span class='ocrx_word' id='word_1_325' title='bbox 3423 1285 3478 1331; x_wconf 92' lang='lat' dir='ltr'><strong>et</strong></span> <span class='ocrx_word' id='word_1_326' title='bbox 3529 1290 3630 1330; x_wconf 82' lang='lat' dir='ltr'><strong>nos</strong></span> 
     </span>
    </p>
   </div>
   <div class='ocr_carea' id='block_1_42' title="bbox 2016 1368 3626 1438">
    <p class='ocr_par' dir='ltr' id='par_1_42' title="bbox 2016 1368 3626 1438">
     <span class='ocr_line' id='line_1_42' title="bbox 2016 1368 3626 1438; baseline 0.001 -15"><span class='ocrx_word' id='word_1_327' title='bbox 2016 1368 2361 1436; x_wconf 81' lang='lat' dir='ltr'><strong>requiescere</strong></span> <span class='ocrx_word' id='word_1_328' title='bbox 2407 1369 2676 1438; x_wconf 77' lang='lat' dir='ltr'><strong>przecipit.</strong></span> <span class='ocrx_word' id='word_1_329' title='bbox 2734 1368 2885 1425; x_wconf 89' lang='lat' dir='ltr'><strong>Unde</strong></span> <span class='ocrx_word' id='word_1_330' title='bbox 2933 1377 2991 1422; x_wconf 93' lang='lat' dir='ltr'><strong>et</strong></span> <span class='ocrx_word' id='word_1_331' title='bbox 3039 1368 3092 1422; x_wconf 91' lang='lat' dir='ltr'><strong>in</strong></span> <span class='ocrx_word' id='word_1_332' title='bbox 3142 1368 3389 1423; x_wconf 87' lang='lat' dir='ltr'><strong>Levitico</strong></span> <span class='ocrx_word' id='word_1_333' title='bbox 3443 1369 3626 1424; x_wconf 87' lang='lat' dir='ltr'><strong>dicit:</strong></span> 
     </span>
    </p>
   </div>
   <div class='ocr_carea' id='block_1_43' title="bbox 2020 1459 3625 1524">
    <p class='ocr_par' dir='ltr' id='par_1_43' title="bbox 2020 1459 3625 1524">
     <span class='ocr_line' id='line_1_43' title="bbox 2020 1459 3625 1524; baseline 0.001 -12"><span class='ocrx_word' id='word_1_334' title='bbox 2020 1479 2038 1512; x_wconf 70' lang='grc' dir='ltr'>ς</span> <span class='ocrx_word' id='word_1_335' title='bbox 2077 1459 2318 1513; x_wconf 87' lang='lat' dir='ltr'><strong>Sabbata</strong></span> <span class='ocrx_word' id='word_1_336' title='bbox 2371 1475 2492 1514; x_wconf 89' lang='lat' dir='ltr'><strong>mea</strong></span> <span class='ocrx_word' id='word_1_337' title='bbox 2541 1460 2849 1524; x_wconf 91' lang='lat' dir='ltr'><strong>custodite,</strong></span> <span class='ocrx_word' id='word_1_338' title='bbox 2908 1469 2964 1513; x_wconf 91' lang='lat' dir='ltr'><strong>et</strong></span> <span class='ocrx_word' id='word_1_339' title='bbox 3012 1460 3386 1514; x_wconf 89' lang='lat' dir='ltr'><strong>sanctuarium</strong></span> <span class='ocrx_word' id='word_1_340' title='bbox 3444 1475 3625 1516; x_wconf 88' lang='lat' dir='ltr'><strong>meum</strong></span> 
     </span>
    </p>
   </div>
   <div class='ocr_carea' id='block_1_44' title="bbox 2015 1536 3626 1625">
    <p class='ocr_par' dir='ltr' id='par_1_44' title="bbox 2015 1536 3626 1625">
     <span class='ocr_line' id='line_1_44' title="bbox 2015 1536 3626 1625; baseline -0.001 -17"><span class='ocrx_word' id='word_1_341' title='bbox 2015 1555 2242 1609; x_wconf 88' lang='lat' dir='ltr'><strong>metuite</strong></span> <span class='ocrx_word' id='word_1_342' title='bbox 2273 1536 2461 1624; x_wconf 49' lang='lat' dir='ltr'><strong>(Livit.</strong></span> <span class='ocrx_word' id='word_1_343' title='bbox 2495 1554 2634 1625; x_wconf 82' lang='lat' dir='ltr'><strong>xtx).</strong></span> <span class='ocrx_word' id='word_1_344' title='bbox 2667 1573 2686 1606; x_wconf 73' lang='grc' dir='ltr'><strong><em>ι</em></strong></span> <span class='ocrx_word' id='word_1_345' title='bbox 2718 1553 2819 1621; x_wconf 88' lang='lat' dir='ltr'><strong>Qui</strong></span> <span class='ocrx_word' id='word_1_346' title='bbox 2847 1555 2993 1608; x_wconf 91' lang='lat' dir='ltr'><strong>enim</strong></span> <span class='ocrx_word' id='word_1_347' title='bbox 3038 1552 3360 1620; x_wconf 86' lang='lat' dir='ltr'><strong>Sabbatum,</strong></span> <span class='ocrx_word' id='word_1_348' title='bbox 3401 1555 3517 1624; x_wconf 89' lang='lat' dir='ltr'><strong>ipse</strong></span> <span class='ocrx_word' id='word_1_349' title='bbox 3542 1561 3626 1608; x_wconf 90' lang='lat' dir='ltr'><strong>est</strong></span> 
     </span>
    </p>
   </div>
   <div class='ocr_carea' id='block_1_45' title="bbox 2013 1647 3629 1716">
    <p class='ocr_par' dir='ltr' id='par_1_45' title="bbox 2013 1647 3629 1716">
     <span class='ocr_line' id='line_1_45' title="bbox 2013 1647 3629 1716; baseline 0 -14"><span class='ocrx_word' id='word_1_350' title='bbox 2013 1657 2069 1702; x_wconf 91' lang='lat' dir='ltr'><strong>et</strong></span> <span class='ocrx_word' id='word_1_351' title='bbox 2094 1647 2492 1701; x_wconf 91' lang='lat' dir='ltr'><strong>sanctuarium.</strong></span> <span class='ocrx_word' id='word_1_352' title='bbox 2529 1666 2548 1697; x_wconf 83' lang='grc'><strong><em>‹</em></strong></span> <span class='ocrx_word' id='word_1_353' title='bbox 2584 1647 2640 1700; x_wconf 93' lang='lat' dir='ltr'><strong>In</strong></span> <span class='ocrx_word' id='word_1_354' title='bbox 2672 1662 2780 1716; x_wconf 92' lang='lat' dir='ltr'><strong>quo</strong></span> <span class='ocrx_word' id='word_1_355' title='bbox 2814 1667 2832 1699; x_wconf 72' lang='grc' dir='ltr'><strong><em>ι</em></strong></span> <span class='ocrx_word' id='word_1_356' title='bbox 2860 1647 3117 1702; x_wconf 87' lang='lat' dir='ltr'><strong>videlicet</strong></span> <span class='ocrx_word' id='word_1_357' title='bbox 3145 1667 3164 1700; x_wconf 88' lang='grc'><strong>‹</strong></span> <span class='ocrx_word' id='word_1_358' title='bbox 3203 1649 3416 1703; x_wconf 88' lang='lat' dir='ltr'><strong>habitat</strong></span> <span class='ocrx_word' id='word_1_359' title='bbox 3446 1648 3629 1704; x_wconf 85' lang='lat' dir='ltr'><strong>omnis</strong></span> 
     </span>
    </p>
   </div>
   <div class='ocr_carea' id='block_1_46' title="bbox 2014 1735 3630 1809">
    <p class='ocr_par' dir='ltr' id='par_1_46' title="bbox 2014 1735 3630 1809">
     <span class='ocr_line' id='line_1_46' title="bbox 2014 1735 3630 1809; baseline 0.002 -20"><span class='ocrx_word' id='word_1_360' title='bbox 2014 1737 2296 1806; x_wconf 87' lang='lat' dir='ltr'><strong>plenitudo</strong></span> <span class='ocrx_word' id='word_1_361' title='bbox 2333 1737 2637 1791; x_wconf 85' lang='lat' dir='ltr'><strong>divinitatis</strong></span> <span class='ocrx_word' id='word_1_362' title='bbox 2687 1738 3049 1808; x_wconf 89' lang='lat' dir='ltr'><strong>corporaliter</strong></span> <span class='ocrx_word' id='word_1_363' title='bbox 3095 1735 3333 1809; x_wconf 79' lang='lat' dir='ltr'><strong>(Coloss.</strong></span> <span class='ocrx_word' id='word_1_364' title='bbox 3384 1740 3482 1808; x_wconf 87' lang='lat' dir='ltr'><strong>tt),</strong></span> <span class='ocrx_word' id='word_1_365' title='bbox 3515 1757 3534 1791; x_wconf 80' lang='grc'>›</span> <span class='ocrx_word' id='word_1_366' title='bbox 3571 1746 3630 1792; x_wconf 89' lang='lat' dir='ltr'><strong>et</strong></span> 
     </span>
    </p>
   </div>
   <div class='ocr_carea' id='block_1_47' title="bbox 2013 1830 3623 1902">
    <p class='ocr_par' dir='ltr' id='par_1_47' title="bbox 2013 1830 3623 1902">
     <span class='ocr_line' id='line_1_47' title="bbox 2013 1830 3623 1902; baseline 0.001 -18"><span class='ocrx_word' id='word_1_367' title='bbox 2013 1832 2080 1885; x_wconf 92' lang='lat' dir='ltr'><strong>de</strong></span> <span class='ocrx_word' id='word_1_368' title='bbox 2108 1845 2216 1900; x_wconf 90' lang='lat' dir='ltr'><strong>quo</strong></span> <span class='ocrx_word' id='word_1_369' title='bbox 2239 1830 2382 1884; x_wconf 91' lang='lat' dir='ltr'><strong>idem</strong></span> <span class='ocrx_word' id='word_1_370' title='bbox 2407 1831 2538 1885; x_wconf 90' lang='lat' dir='ltr'><strong>dicit</strong></span> <span class='ocrx_word' id='word_1_371' title='bbox 2567 1830 2856 1902; x_wconf 82' lang='lat' dir='ltr'><strong>Apostolus</strong></span> <span class='ocrx_word' id='word_1_372' title='bbox 2889 1848 2902 1884; x_wconf 86' lang='lat'><strong>:</strong></span> <span class='ocrx_word' id='word_1_373' title='bbox 2935 1850 2954 1883; x_wconf 71' lang='grc' dir='ltr'><strong><em>ι</em></strong></span> <span class='ocrx_word' id='word_1_374' title='bbox 2993 1832 3134 1887; x_wconf 91' lang='lat' dir='ltr'><strong>Deus</strong></span> <span class='ocrx_word' id='word_1_375' title='bbox 3161 1832 3356 1888; x_wconf 87' lang='lat' dir='ltr'><strong>eratin</strong></span> <span class='ocrx_word' id='word_1_376' title='bbox 3382 1830 3623 1895; x_wconf 89' lang='lat' dir='ltr'><strong>Christo,</strong></span> 
     </span>
    </p>
   </div>
   <div class='ocr_carea' id='block_1_48' title="bbox 2014 1921 3626 1994">
    <p class='ocr_par' dir='ltr' id='par_1_48' title="bbox 2014 1921 3626 1994">
     <span class='ocr_line' id='line_1_48' title="bbox 2014 1921 3626 1994; baseline 0.001 -21"><span class='ocrx_word' id='word_1_377' title='bbox 2014 1922 2272 1976; x_wconf 91' lang='lat' dir='ltr'><strong>mundum</strong></span> <span class='ocrx_word' id='word_1_378' title='bbox 2309 1923 2669 1978; x_wconf 89' lang='lat' dir='ltr'><strong>reconcilians</strong></span> <span class='ocrx_word' id='word_1_379' title='bbox 2709 1923 2816 1978; x_wconf 85' lang='lat' dir='ltr'><strong>sibi</strong></span> <span class='ocrx_word' id='word_1_380' title='bbox 2849 1921 2935 1991; x_wconf 86' lang='lat' dir='ltr'><strong>(II</strong></span> <span class='ocrx_word' id='word_1_381' title='bbox 2966 1922 3092 1976; x_wconf 79' lang='lat' dir='ltr'><strong>Cor.</strong></span> <span class='ocrx_word' id='word_1_382' title='bbox 3119 1923 3197 1994; x_wconf 87' lang='lat' dir='ltr'><strong>v).</strong></span> <span class='ocrx_word' id='word_1_383' title='bbox 3236 1942 3253 1974; x_wconf 74' lang='grc' dir='ltr'><strong>ι</strong></span> <span class='ocrx_word' id='word_1_384' title='bbox 3288 1923 3398 1978; x_wconf 89' lang='lat' dir='ltr'><strong>Sed</strong></span> <span class='ocrx_word' id='word_1_385' title='bbox 3446 1931 3502 1976; x_wconf 89' lang='lat' dir='ltr'><strong>et</strong></span> <span class='ocrx_word' id='word_1_386' title='bbox 3533 1937 3626 1976; x_wconf 87' lang='lat' dir='ltr'><strong>ca-</strong></span> 
     </span>
    </p>
   </div>
   <div class='ocr_carea' id='block_1_49' title="bbox 2013 2011 3622 2082">
    <p class='ocr_par' dir='ltr' id='par_1_49' title="bbox 2013 2011 3622 2082">
     <span class='ocr_line' id='line_1_49' title="bbox 2013 2011 3622 2082; baseline -0.001 -17"><span class='ocrx_word' id='word_1_387' title='bbox 2013 2011 2138 2066; x_wconf 90' lang='lat' dir='ltr'><strong>dem</strong></span> <span class='ocrx_word' id='word_1_388' title='bbox 2166 2013 2219 2066; x_wconf 93' lang='lat' dir='ltr'><strong>in</strong></span> <span class='ocrx_word' id='word_1_389' title='bbox 2251 2012 2544 2081; x_wconf 79' lang='lat' dir='ltr'><strong>Evangelia</strong></span> <span class='ocrx_word' id='word_1_390' title='bbox 2576 2013 2794 2068; x_wconf 84' lang='lat' dir='ltr'><strong>Veritas</strong></span> <span class='ocrx_word' id='word_1_391' title='bbox 2825 2012 2960 2067; x_wconf 88' lang='lat' dir='ltr'><strong>dicit</strong></span> <span class='ocrx_word' id='word_1_392' title='bbox 2994 2029 3006 2064; x_wconf 91' lang='lat'>:</span> <span class='ocrx_word' id='word_1_393' title='bbox 3041 2030 3058 2063; x_wconf 76' lang='grc' dir='ltr'>ι</span> <span class='ocrx_word' id='word_1_394' title='bbox 3096 2011 3213 2065; x_wconf 58' lang='lat' dir='ltr'><strong>Non</strong></span> <span class='ocrx_word' id='word_1_395' title='bbox 3261 2027 3360 2082; x_wconf 89' lang='lat' dir='ltr'><strong>pro</strong></span> <span class='ocrx_word' id='word_1_396' title='bbox 3405 2011 3488 2066; x_wconf 90' lang='lat' dir='ltr'><strong>his</strong></span> <span class='ocrx_word' id='word_1_397' title='bbox 3525 2027 3622 2064; x_wconf 88' lang='lat' dir='ltr'><strong>au-</strong></span> 
     </span>
    </p>
   </div>
   <div class='ocr_carea' id='block_1_50' title="bbox 2013 2101 3624 2173">
    <p class='ocr_par' dir='ltr' id='par_1_50' title="bbox 2013 2101 3624 2173">
     <span class='ocr_line' id='line_1_50' title="bbox 2013 2101 3624 2173; baseline -0.001 -18"><span class='ocrx_word' id='word_1_398' title='bbox 2013 2110 2122 2157; x_wconf 90' lang='lat' dir='ltr'><strong>tem</strong></span> <span class='ocrx_word' id='word_1_399' title='bbox 2153 2117 2285 2173; x_wconf 87' lang='lat' dir='ltr'><strong>rogo</strong></span> <span class='ocrx_word' id='word_1_400' title='bbox 2315 2112 2550 2167; x_wconf 90' lang='lat' dir='ltr'><strong>tantum,</strong></span> <span class='ocrx_word' id='word_1_401' title='bbox 2583 2105 2677 2157; x_wconf 90' lang='lat' dir='ltr'><strong>sed</strong></span> <span class='ocrx_word' id='word_1_402' title='bbox 2709 2111 2765 2157; x_wconf 92' lang='lat' dir='ltr'><strong>et</strong></span> <span class='ocrx_word' id='word_1_403' title='bbox 2791 2117 2892 2172; x_wconf 91' lang='lat' dir='ltr'><strong>pro</strong></span> <span class='ocrx_word' id='word_1_404' title='bbox 2923 2101 3024 2167; x_wconf 90' lang='lat' dir='ltr'><strong>eis,</strong></span> <span class='ocrx_word' id='word_1_405' title='bbox 3056 2101 3149 2172; x_wconf 87' lang='lat' dir='ltr'><strong>qui</strong></span> <span class='ocrx_word' id='word_1_406' title='bbox 3187 2101 3450 2156; x_wconf 92' lang='lat' dir='ltr'><strong>credituri</strong></span> <span class='ocrx_word' id='word_1_407' title='bbox 3495 2109 3624 2155; x_wconf 89' lang='lat' dir='ltr'><strong>sunt</strong></span> 
     </span>
    </p>
   </div>
   <div class='ocr_carea' id='block_1_51' title="bbox 2011 2189 3619 2264">
    <p class='ocr_par' dir='ltr' id='par_1_51' title="bbox 2011 2189 3619 2264">
     <span class='ocr_line' id='line_1_51' title="bbox 2011 2189 3619 2264; baseline -0.004 -15"><span class='ocrx_word' id='word_1_408' title='bbox 2011 2195 2066 2249; x_wconf 91' lang='lat' dir='ltr'><strong>in</strong></span> <span class='ocrx_word' id='word_1_409' title='bbox 2101 2209 2185 2248; x_wconf 91' lang='lat' dir='ltr'><strong>me</strong></span> <span class='ocrx_word' id='word_1_410' title='bbox 2212 2209 2310 2262; x_wconf 90' lang='lat' dir='ltr'><strong>per</strong></span> <span class='ocrx_word' id='word_1_411' title='bbox 2337 2192 2563 2248; x_wconf 90' lang='lat' dir='ltr'><strong>verbum</strong></span> <span class='ocrx_word' id='word_1_412' title='bbox 2594 2193 2858 2264; x_wconf 91' lang='lat' dir='ltr'><strong>ipsorum,</strong></span> <span class='ocrx_word' id='word_1_413' title='bbox 2883 2201 2944 2247; x_wconf 90' lang='lat' dir='ltr'><strong>ut</strong></span> <span class='ocrx_word' id='word_1_414' title='bbox 2977 2202 3031 2247; x_wconf 89' lang='lat' dir='ltr'><strong>et</strong></span> <span class='ocrx_word' id='word_1_415' title='bbox 3056 2207 3250 2248; x_wconf 89' lang='lat' dir='ltr'><strong>omnes</strong></span> <span class='ocrx_word' id='word_1_416' title='bbox 3280 2208 3446 2246; x_wconf 91' lang='lat' dir='ltr'><strong>unum</strong></span> <span class='ocrx_word' id='word_1_417' title='bbox 3485 2189 3619 2258; x_wconf 88' lang='lat' dir='ltr'><strong>sint,</strong></span> 
     </span>
    </p>
   </div>
   <div class='ocr_carea' id='block_1_52' title="bbox 2011 2281 3622 2354">
    <p class='ocr_par' dir='ltr' id='par_1_52' title="bbox 2011 2281 3622 2354">
     <span class='ocr_line' id='line_1_52' title="bbox 2011 2281 3622 2354; baseline -0.002 -14"><span class='ocrx_word' id='word_1_418' title='bbox 2011 2285 2153 2340; x_wconf 87' lang='lat' dir='ltr'><strong>sicut</strong></span> <span class='ocrx_word' id='word_1_419' title='bbox 2181 2293 2236 2339; x_wconf 92' lang='lat' dir='ltr'><strong>tu</strong></span> <span class='ocrx_word' id='word_1_420' title='bbox 2265 2283 2426 2340; x_wconf 88' lang='lat' dir='ltr'><strong>Pater</strong></span> <span class='ocrx_word' id='word_1_421' title='bbox 2453 2284 2507 2338; x_wconf 92' lang='lat' dir='ltr'><strong>in</strong></span> <span class='ocrx_word' id='word_1_422' title='bbox 2542 2299 2648 2348; x_wconf 92' lang='lat' dir='ltr'><strong>me,</strong></span> <span class='ocrx_word' id='word_1_423' title='bbox 2680 2293 2736 2338; x_wconf 93' lang='lat' dir='ltr'><strong>et</strong></span> <span class='ocrx_word' id='word_1_424' title='bbox 2764 2298 2865 2354; x_wconf 88' lang='lat' dir='ltr'><strong>ego</strong></span> <span class='ocrx_word' id='word_1_425' title='bbox 2897 2283 2949 2337; x_wconf 91' lang='lat' dir='ltr'><strong>in</strong></span> <span class='ocrx_word' id='word_1_426' title='bbox 2980 2292 3051 2349; x_wconf 87' lang='lat' dir='ltr'><strong>te,</strong></span> <span class='ocrx_word' id='word_1_427' title='bbox 3083 2291 3144 2336; x_wconf 92' lang='lat' dir='ltr'><strong>ut</strong></span> <span class='ocrx_word' id='word_1_428' title='bbox 3168 2293 3222 2338; x_wconf 91' lang='lat' dir='ltr'><strong>et</strong></span> <span class='ocrx_word' id='word_1_429' title='bbox 3254 2283 3353 2352; x_wconf 88' lang='lat' dir='ltr'><strong>ipsi</strong></span> <span class='ocrx_word' id='word_1_430' title='bbox 3381 2283 3436 2336; x_wconf 91' lang='lat' dir='ltr'><strong>in</strong></span> <span class='ocrx_word' id='word_1_431' title='bbox 3465 2281 3622 2336; x_wconf 85' lang='lat' dir='ltr'><strong>vobis</strong></span> 
     </span>
    </p>
   </div>
   <div class='ocr_carea' id='block_1_53' title="bbox 2013 2373 3619 2445">
    <p class='ocr_par' dir='ltr' id='par_1_53' title="bbox 2013 2373 3619 2445">
     <span class='ocr_line' id='line_1_53' title="bbox 2013 2373 3619 2445; baseline -0.002 -15"><span class='ocrx_word' id='word_1_432' title='bbox 2013 2391 2180 2430; x_wconf 92' lang='lat' dir='ltr'><strong>unum</strong></span> <span class='ocrx_word' id='word_1_433' title='bbox 2221 2374 2330 2429; x_wconf 94' lang='lat' dir='ltr'><strong>sint</strong></span> <span class='ocrx_word' id='word_1_434' title='bbox 2373 2374 2558 2445; x_wconf 86' lang='lat' dir='ltr'><strong>(Joan.</strong></span> <span class='ocrx_word' id='word_1_435' title='bbox 2607 2376 2766 2437; x_wconf 86' lang='lat' dir='ltr'><strong>xvn).</strong></span> <span class='ocrx_word' id='word_1_436' title='bbox 2803 2394 2822 2428; x_wconf 71' lang='grc' dir='ltr'><strong><em>ι</em></strong></span> <span class='ocrx_word' id='word_1_437' title='bbox 2852 2375 2920 2429; x_wconf 83' lang='lat' dir='ltr'><strong>Et</strong></span> <span class='ocrx_word' id='word_1_438' title='bbox 2950 2374 3148 2428; x_wconf 91' lang='lat' dir='ltr'><strong>iterum</strong></span> <span class='ocrx_word' id='word_1_439' title='bbox 3182 2391 3195 2427; x_wconf 92' lang='lat'><strong>:</strong></span> <span class='ocrx_word' id='word_1_440' title='bbox 3231 2391 3248 2424; x_wconf 79' lang='grc' dir='ltr'>ι</span> <span class='ocrx_word' id='word_1_441' title='bbox 3290 2373 3400 2444; x_wconf 82' lang='lat' dir='ltr'><strong>Ego</strong></span> <span class='ocrx_word' id='word_1_442' title='bbox 3431 2373 3484 2426; x_wconf 93' lang='lat' dir='ltr'><strong>in</strong></span> <span class='ocrx_word' id='word_1_443' title='bbox 3517 2373 3619 2435; x_wconf 84' lang='lat' dir='ltr'><strong>eis.</strong></span> 
     </span>
    </p>
   </div>
   <div class='ocr_carea' id='block_1_54' title="bbox 2009 2464 3613 2535">
    <p class='ocr_par' dir='ltr' id='par_1_54' title="bbox 2009 2464 3613 2535">
     <span class='ocr_line' id='line_1_54' title="bbox 2009 2464 3613 2535; baseline -0.005 -12"><span class='ocrx_word' id='word_1_444' title='bbox 2009 2479 2064 2523; x_wconf 88' lang='lat' dir='ltr'><strong>et</strong></span> <span class='ocrx_word' id='word_1_445' title='bbox 2092 2477 2148 2522; x_wconf 90' lang='lat' dir='ltr'><strong>tu</strong></span> <span class='ocrx_word' id='word_1_446' title='bbox 2182 2468 2234 2521; x_wconf 91' lang='lat' dir='ltr'><strong>in</strong></span> <span class='ocrx_word' id='word_1_447' title='bbox 2280 2482 2388 2532; x_wconf 89' lang='lat' dir='ltr'><strong>me,</strong></span> <span class='ocrx_word' id='word_1_448' title='bbox 2417 2477 2476 2522; x_wconf 94' lang='lat' dir='ltr'><strong>ut</strong></span> <span class='ocrx_word' id='word_1_449' title='bbox 2509 2467 2621 2523; x_wconf 92' lang='lat' dir='ltr'><strong>sint</strong></span> <span class='ocrx_word' id='word_1_450' title='bbox 2657 2467 3020 2522; x_wconf 87' lang='lat' dir='ltr'><strong>consummati</strong></span> <span class='ocrx_word' id='word_1_451' title='bbox 3060 2465 3113 2520; x_wconf 92' lang='lat' dir='ltr'><strong>in</strong></span> <span class='ocrx_word' id='word_1_452' title='bbox 3148 2481 3315 2520; x_wconf 91' lang='lat' dir='ltr'><strong>unum</strong></span> <span class='ocrx_word' id='word_1_453' title='bbox 3347 2464 3558 2535; x_wconf 62' lang='lat' dir='ltr'><strong>(Ibid).</strong></span> <span class='ocrx_word' id='word_1_454' title='bbox 3595 2482 3613 2515; x_wconf 72' lang='grc' dir='ltr'><strong><em>ι</em></strong></span> 
     </span>
    </p>
   </div>
   <div class='ocr_carea' id='block_1_55' title="bbox 2082 2540 3621 2628">
    <p class='ocr_par' dir='ltr' id='par_1_55' title="bbox 2082 2540 3621 2628">
     <span class='ocr_line' id='line_1_55' title="bbox 2082 2540 3621 2628; baseline -0.003 -16"><span class='ocrx_word' id='word_1_455' title='bbox 2082 2540 2188 2612; x_wconf 83' lang='lat' dir='ltr'><strong>Sed</strong></span> <span class='ocrx_word' id='word_1_456' title='bbox 2217 2558 2454 2628; x_wconf 88' lang='lat' dir='ltr'><strong>qualiter</strong></span> <span class='ocrx_word' id='word_1_457' title='bbox 2490 2559 2654 2614; x_wconf 86' lang='lat' dir='ltr'><strong>homo</strong></span> <span class='ocrx_word' id='word_1_458' title='bbox 2695 2557 2878 2612; x_wconf 86' lang='lat' dir='ltr'><strong>valeat</strong></span> <span class='ocrx_word' id='word_1_459' title='bbox 2906 2557 3315 2621; x_wconf 88' lang='lat' dir='ltr'><strong>consummari,</strong></span> <span class='ocrx_word' id='word_1_460' title='bbox 3345 2557 3621 2625; x_wconf 89' lang='lat' dir='ltr'><strong>quomodo</strong></span> 
     </span>
    </p>
   </div>
   <div class='ocr_carea' id='block_1_56' title="bbox 2008 2645 3622 2720">
    <p class='ocr_par' dir='ltr' id='par_1_56' title="bbox 2008 2645 3622 2720">
     <span class='ocr_line' id='line_1_56' title="bbox 2008 2645 3622 2720; baseline -0.004 -13"><span class='ocrx_word' id='word_1_461' title='bbox 2008 2651 2202 2706; x_wconf 87' lang='lat' dir='ltr'><strong>debeat</strong></span> <span class='ocrx_word' id='word_1_462' title='bbox 2253 2649 2475 2720; x_wconf 88' lang='lat' dir='ltr'><strong>perﬁci,</strong></span> <span class='ocrx_word' id='word_1_463' title='bbox 2527 2649 2663 2704; x_wconf 89' lang='lat' dir='ltr'><strong>libet</strong></span> <span class='ocrx_word' id='word_1_464' title='bbox 2712 2648 2994 2704; x_wconf 86' lang='lat' dir='ltr'><strong>succincte</strong></span> <span class='ocrx_word' id='word_1_465' title='bbox 3053 2647 3460 2716; x_wconf 84' lang='lat' dir='ltr'><strong>perstringere,</strong></span> <span class='ocrx_word' id='word_1_466' title='bbox 3509 2645 3622 2716; x_wconf 74' lang='grc' dir='ltr'><strong>ϐο</strong></span> 
     </span>
    </p>
   </div>
   <div class='ocr_carea' id='block_1_57' title="bbox 2007 2737 3618 2814">
    <p class='ocr_par' dir='ltr' id='par_1_57' title="bbox 2007 2737 3618 2814">
     <span class='ocr_line' id='line_1_57' title="bbox 2007 2737 3618 2814; baseline -0.005 -16"><span class='ocrx_word' id='word_1_467' title='bbox 2007 2752 2169 2814; x_wconf 89' lang='lat' dir='ltr'><strong>prout</strong></span> <span class='ocrx_word' id='word_1_468' title='bbox 2199 2743 2254 2797; x_wconf 92' lang='lat' dir='ltr'><strong>in</strong></span> <span class='ocrx_word' id='word_1_469' title='bbox 2287 2743 2406 2812; x_wconf 91' lang='lat' dir='ltr'><strong>ipso</strong></span> <span class='ocrx_word' id='word_1_470' title='bbox 2451 2742 2743 2797; x_wconf 68' lang='lat' dir='ltr'><strong>mundana:</strong></span> <span class='ocrx_word' id='word_1_471' title='bbox 2770 2739 3070 2796; x_wconf 88' lang='lat' dir='ltr'><strong>creationis</strong></span> <span class='ocrx_word' id='word_1_472' title='bbox 3099 2739 3260 2792; x_wconf 90' lang='lat' dir='ltr'><strong>datur</strong></span> <span class='ocrx_word' id='word_1_473' title='bbox 3285 2737 3480 2792; x_wconf 89' lang='lat' dir='ltr'><strong>ordine</strong></span> <span class='ocrx_word' id='word_1_474' title='bbox 3526 2752 3618 2790; x_wconf 90' lang='lat' dir='ltr'><strong>re-</strong></span> 
     </span>
    </p>
   </div>
   <div class='ocr_carea' id='block_1_58' title="bbox 2008 2828 3620 2908">
    <p class='ocr_par' dir='ltr' id='par_1_58' title="bbox 2008 2828 3620 2908">
     <span class='ocr_line' id='line_1_58' title="bbox 2008 2828 3620 2908; baseline -0.004 -20"><span class='ocrx_word' id='word_1_475' title='bbox 2008 2835 2194 2905; x_wconf 90' lang='lat' dir='ltr'><strong>periri.</strong></span> <span class='ocrx_word' id='word_1_476' title='bbox 2225 2833 2361 2887; x_wconf 81' lang='lat' dir='ltr'><strong>Nam</strong></span> <span class='ocrx_word' id='word_1_477' title='bbox 2399 2833 2528 2903; x_wconf 90' lang='lat' dir='ltr'><strong>quia</strong></span> <span class='ocrx_word' id='word_1_478' title='bbox 2577 2833 2743 2888; x_wconf 86' lang='lat' dir='ltr'><strong>homo</strong></span> <span class='ocrx_word' id='word_1_479' title='bbox 2769 2831 3144 2908; x_wconf 74' lang='grc' dir='ltr'><strong>μικρόγοσμος,</strong></span> <span class='ocrx_word' id='word_1_480' title='bbox 3175 2830 3279 2884; x_wconf 89' lang='lat' dir='ltr'><strong>hoc</strong></span> <span class='ocrx_word' id='word_1_481' title='bbox 3309 2838 3394 2884; x_wconf 83' lang='lat' dir='ltr'><strong>est</strong></span> <span class='ocrx_word' id='word_1_482' title='bbox 3439 2828 3620 2882; x_wconf 87' lang='lat' dir='ltr'><strong>minor</strong></span> 
     </span>
    </p>
   </div>
   <div class='ocr_carea' id='block_1_59' title="bbox 2009 2918 3616 2989">
    <p class='ocr_par' dir='ltr' id='par_1_59' title="bbox 2009 2918 3616 2989">
     <span class='ocr_line' id='line_1_59' title="bbox 2009 2918 3616 2989; baseline -0.006 -11"><span class='ocrx_word' id='word_1_483' title='bbox 2009 2925 2246 2979; x_wconf 89' lang='lat' dir='ltr'><strong>mundus</strong></span> <span class='ocrx_word' id='word_1_484' title='bbox 2274 2923 2562 2988; x_wconf 87' lang='lat' dir='ltr'><strong>asseritur,</strong></span> <span class='ocrx_word' id='word_1_485' title='bbox 2593 2937 2818 2978; x_wconf 89' lang='lat' dir='ltr'><strong>necesse</strong></span> <span class='ocrx_word' id='word_1_486' title='bbox 2863 2929 2948 2976; x_wconf 84' lang='lat' dir='ltr'><strong>est</strong></span> <span class='ocrx_word' id='word_1_487' title='bbox 2992 2931 3051 2975; x_wconf 90' lang='lat' dir='ltr'><strong>ut</strong></span> <span class='ocrx_word' id='word_1_488' title='bbox 3106 2920 3174 2975; x_wconf 92' lang='lat' dir='ltr'><strong>ad</strong></span> <span class='ocrx_word' id='word_1_489' title='bbox 3218 2935 3331 2974; x_wconf 84' lang='lat' dir='ltr'><strong>suae</strong></span> <span class='ocrx_word' id='word_1_490' title='bbox 3378 2918 3616 2989; x_wconf 86' lang='lat' dir='ltr'><strong>plenitu-</strong></span> 
     </span>
    </p>
   </div>
   <div class='ocr_carea' id='block_1_60' title="bbox 2005 3009 3617 3081">
    <p class='ocr_par' dir='ltr' id='par_1_60' title="bbox 2005 3009 3617 3081">
     <span class='ocr_line' id='line_1_60' title="bbox 2005 3009 3617 3081; baseline -0.005 -13"><span class='ocrx_word' id='word_1_491' title='bbox 2005 3014 2150 3068; x_wconf 88' lang='lat' dir='ltr'><strong>dinis</strong></span> <span class='ocrx_word' id='word_1_492' title='bbox 2186 3013 2526 3067; x_wconf 89' lang='lat' dir='ltr'><strong>incrementa</strong></span> <span class='ocrx_word' id='word_1_493' title='bbox 2564 3011 2921 3077; x_wconf 89' lang='lat' dir='ltr'><strong>contendens,</strong></span> <span class='ocrx_word' id='word_1_494' title='bbox 2956 3012 3128 3081; x_wconf 88' lang='lat' dir='ltr'><strong>ipsam</strong></span> <span class='ocrx_word' id='word_1_495' title='bbox 3168 3009 3456 3064; x_wconf 74' lang='lat' dir='ltr'><strong>mundana:</strong></span> <span class='ocrx_word' id='word_1_496' title='bbox 3484 3023 3617 3062; x_wconf 85' lang='lat' dir='ltr'><strong>con-</strong></span> 
     </span>
    </p>
   </div>
   <div class='ocr_carea' id='block_1_61' title="bbox 2003 3099 3613 3172">
    <p class='ocr_par' dir='ltr' id='par_1_61' title="bbox 2003 3099 3613 3172">
     <span class='ocr_line' id='line_1_61' title="bbox 2003 3099 3613 3172; baseline -0.003 -15"><span class='ocrx_word' id='word_1_497' title='bbox 2003 3103 2226 3157; x_wconf 87' lang='lat' dir='ltr'><strong>ditionis</strong></span> <span class='ocrx_word' id='word_1_498' title='bbox 2277 3103 2514 3172; x_wconf 90' lang='lat' dir='ltr'><strong>speciem</strong></span> <span class='ocrx_word' id='word_1_499' title='bbox 2566 3102 2831 3166; x_wconf 89' lang='lat' dir='ltr'><strong>imitetur,</strong></span> <span class='ocrx_word' id='word_1_500' title='bbox 2880 3111 2940 3155; x_wconf 94' lang='lat' dir='ltr'><strong>ut</strong></span> <span class='ocrx_word' id='word_1_501' title='bbox 2992 3101 3133 3155; x_wconf 90' lang='lat' dir='ltr'><strong>sicut</strong></span> <span class='ocrx_word' id='word_1_502' title='bbox 3168 3099 3400 3154; x_wconf 89' lang='lat' dir='ltr'><strong>visibilis</strong></span> <span class='ocrx_word' id='word_1_503' title='bbox 3445 3108 3613 3168; x_wconf 86' lang='lat' dir='ltr'><strong>atque</strong></span> 
     </span>
    </p>
   </div>
   <div class='ocr_carea' id='block_1_62' title="bbox 2002 3191 3614 3264">
    <p class='ocr_par' dir='ltr' id='par_1_62' title="bbox 2002 3191 3614 3264">
     <span class='ocr_line' id='line_1_62' title="bbox 2002 3191 3614 3264; baseline -0.003 -15"><span class='ocrx_word' id='word_1_504' title='bbox 2002 3208 2300 3264; x_wconf 88' lang='lat' dir='ltr'><strong>corporeus</strong></span> <span class='ocrx_word' id='word_1_505' title='bbox 2326 3193 2415 3248; x_wconf 88' lang='lat' dir='ltr'><strong>hic</strong></span> <span class='ocrx_word' id='word_1_506' title='bbox 2440 3193 2677 3248; x_wconf 90' lang='lat' dir='ltr'><strong>mundus</strong></span> <span class='ocrx_word' id='word_1_507' title='bbox 2703 3207 2801 3264; x_wconf 87' lang='lat' dir='ltr'><strong>per</strong></span> <span class='ocrx_word' id='word_1_508' title='bbox 2826 3207 3050 3248; x_wconf 87' lang='lat' dir='ltr'><strong>suarum</strong></span> <span class='ocrx_word' id='word_1_509' title='bbox 3089 3191 3288 3246; x_wconf 88' lang='lat' dir='ltr'><strong>molem</strong></span> <span class='ocrx_word' id='word_1_510' title='bbox 3323 3207 3386 3245; x_wconf 91' lang='lat' dir='ltr'><strong>ac</strong></span> <span class='ocrx_word' id='word_1_511' title='bbox 3427 3191 3614 3246; x_wconf 86' lang='lat' dir='ltr'><strong>multi-</strong></span> 
     </span>
    </p>
   </div>
   <div class='ocr_carea' id='block_1_63' title="bbox 308 3264 3614 3357">
    <p class='ocr_par' dir='ltr' id='par_1_63' title="bbox 308 3264 3614 3357">
     <span class='ocr_line' id='line_1_63' title="bbox 308 3264 3614 3357; baseline -0 -18"><span class='ocrx_word' id='word_1_512' title='bbox 308 3284 395 3339; x_wconf 87' lang='lat' dir='ltr'><strong>Dei</strong></span> <span class='ocrx_word' id='word_1_513' title='bbox 421 3279 558 3340; x_wconf 83' lang='lat' dir='ltr'><strong>ﬁdes</strong></span> <span class='ocrx_word' id='word_1_514' title='bbox 603 3285 858 3339; x_wconf 86' lang='lat' dir='ltr'><strong>habetur.</strong></span> <span class='ocrx_word' id='word_1_515' title='bbox 891 3283 1023 3339; x_wconf 74' lang='lat' dir='ltr'><strong>Nam</strong></span> <span class='ocrx_word' id='word_1_516' title='bbox 1052 3294 1107 3341; x_wconf 91' lang='lat' dir='ltr'><strong>et</strong></span> <span class='ocrx_word' id='word_1_517' title='bbox 1141 3286 1195 3339; x_wconf 92' lang='lat' dir='ltr'><strong>in</strong></span> <span class='ocrx_word' id='word_1_518' title='bbox 1231 3286 1348 3355; x_wconf 88' lang='lat' dir='ltr'><strong>ipso</strong></span> <span class='ocrx_word' id='word_1_519' title='bbox 1395 3285 1579 3339; x_wconf 91' lang='lat' dir='ltr'><strong>mundi</strong></span> <span class='ocrx_word' id='word_1_520' title='bbox 1616 3286 1894 3340; x_wconf 87' lang='lat' dir='ltr'><strong>nascentis</strong></span> <span class='ocrx_word' id='word_1_521' title='bbox 1925 3264 1970 3325; x_wconf 61' lang='grc' dir='ltr'><strong>(ἶ</strong></span> <span class='ocrx_word' id='word_1_522' title='bbox 2005 3289 2247 3344; x_wconf 88' lang='lat' dir='ltr'><strong>tudinem</strong></span> <span class='ocrx_word' id='word_1_523' title='bbox 2292 3297 2706 3344; x_wconf 89' lang='lat' dir='ltr'><strong>consummatus</strong></span> <span class='ocrx_word' id='word_1_524' title='bbox 2755 3298 2841 3344; x_wconf 89' lang='lat' dir='ltr'><strong>est</strong></span> <span class='ocrx_word' id='word_1_525' title='bbox 2895 3289 3170 3357; x_wconf 88' lang='lat' dir='ltr'><strong>partium;</strong></span> <span class='ocrx_word' id='word_1_526' title='bbox 3224 3286 3303 3340; x_wconf 86' lang='lat' dir='ltr'><strong>sic</strong></span> <span class='ocrx_word' id='word_1_527' title='bbox 3348 3294 3402 3339; x_wconf 93' lang='lat' dir='ltr'><strong>et</strong></span> <span class='ocrx_word' id='word_1_528' title='bbox 3448 3283 3614 3338; x_wconf 91' lang='lat' dir='ltr'><strong>homo</strong></span> 
     </span>
    </p>
   </div>
   <div class='ocr_carea' id='block_1_64' title="bbox 303 3373 1892 3446">
    <p class='ocr_par' dir='ltr' id='par_1_64' title="bbox 303 3373 1892 3446">
     <span class='ocr_line' id='line_1_64' title="bbox 303 3373 1892 3446; baseline 0 -16"><span class='ocrx_word' id='word_1_529' title='bbox 303 3376 542 3442; x_wconf 83' lang='lat' dir='ltr'><strong>exordio,</strong></span> <span class='ocrx_word' id='word_1_530' title='bbox 572 3390 701 3430; x_wconf 91' lang='lat' dir='ltr'><strong>cum</strong></span> <span class='ocrx_word' id='word_1_531' title='bbox 732 3391 1169 3446; x_wconf 82' lang='lat' dir='ltr'><strong>unumquemque</strong></span> <span class='ocrx_word' id='word_1_532' title='bbox 1213 3375 1355 3429; x_wconf 91' lang='lat' dir='ltr'><strong>diem</strong></span> <span class='ocrx_word' id='word_1_533' title='bbox 1406 3373 1688 3444; x_wconf 86' lang='lat' dir='ltr'><strong>Scriptura</strong></span> <span class='ocrx_word' id='word_1_534' title='bbox 1735 3390 1892 3430; x_wconf 87' lang='lat' dir='ltr'><strong>mane</strong></span> 
     </span>
    </p>
   </div>
   <div class='ocr_carea' id='block_1_65' title="bbox 303 3461 1890 3534">
    <p class='ocr_par' dir='ltr' id='par_1_65' title="bbox 303 3461 1890 3534">
     <span class='ocr_line' id='line_1_65' title="bbox 303 3461 1890 3534; baseline 0.002 -18"><span class='ocrx_word' id='word_1_535' title='bbox 303 3465 535 3534; x_wconf 78' lang='lat' dir='ltr'><strong>przrtjgat</strong></span> <span class='ocrx_word' id='word_1_536' title='bbox 566 3473 624 3518; x_wconf 89' lang='lat' dir='ltr'><strong>et</strong></span> <span class='ocrx_word' id='word_1_537' title='bbox 662 3477 907 3533; x_wconf 90' lang='lat' dir='ltr'><strong>vespere,</strong></span> <span class='ocrx_word' id='word_1_538' title='bbox 933 3464 1045 3533; x_wconf 89' lang='lat' dir='ltr'><strong>jam</strong></span> <span class='ocrx_word' id='word_1_539' title='bbox 1089 3479 1212 3518; x_wconf 92' lang='lat' dir='ltr'><strong>cum</strong></span> <span class='ocrx_word' id='word_1_540' title='bbox 1249 3463 1316 3517; x_wconf 91' lang='lat' dir='ltr'><strong>ad</strong></span> <span class='ocrx_word' id='word_1_541' title='bbox 1362 3461 1660 3519; x_wconf 89' lang='lat' dir='ltr'><strong>Sabbatum</strong></span> <span class='ocrx_word' id='word_1_542' title='bbox 1696 3479 1890 3534; x_wconf 85' lang='lat' dir='ltr'><strong>perve-</strong></span> 
     </span>
    </p>
   </div>
   <div class='ocr_carea' id='block_1_66' title="bbox 307 3554 1890 3624">
    <p class='ocr_par' dir='ltr' id='par_1_66' title="bbox 307 3554 1890 3624">
     <span class='ocr_line' id='line_1_66' title="bbox 307 3554 1890 3624; baseline 0.003 -18"><span class='ocrx_word' id='word_1_543' title='bbox 307 3556 409 3618; x_wconf 87' lang='lat' dir='ltr'><strong>nit,</strong></span> <span class='ocrx_word' id='word_1_544' title='bbox 442 3565 700 3610; x_wconf 91' lang='lat' dir='ltr'><strong>neutrum</strong></span> <span class='ocrx_word' id='word_1_545' title='bbox 748 3554 937 3608; x_wconf 91' lang='lat' dir='ltr'><strong>horum</strong></span> <span class='ocrx_word' id='word_1_546' title='bbox 976 3554 1221 3609; x_wconf 90' lang='lat' dir='ltr'><strong>nominat</strong></span> <span class='ocrx_word' id='word_1_547' title='bbox 1259 3573 1272 3608; x_wconf 93' lang='lat'><strong>:</strong></span> <span class='ocrx_word' id='word_1_548' title='bbox 1306 3562 1364 3608; x_wconf 91' lang='lat' dir='ltr'><strong>ut</strong></span> <span class='ocrx_word' id='word_1_549' title='bbox 1400 3554 1528 3610; x_wconf 87' lang='lat' dir='ltr'><strong>illud</strong></span> <span class='ocrx_word' id='word_1_550' title='bbox 1566 3556 1723 3624; x_wconf 88' lang='lat' dir='ltr'><strong>quasi</strong></span> <span class='ocrx_word' id='word_1_551' title='bbox 1769 3557 1890 3611; x_wconf 87' lang='lat' dir='ltr'><strong>sine</strong></span> 
     </span>
    </p>
   </div>
   <div class='ocr_carea' id='block_1_67' title="bbox 302 3645 1889 3717">
    <p class='ocr_par' dir='ltr' id='par_1_67' title="bbox 302 3645 1889 3717">
     <span class='ocr_line' id='line_1_67' title="bbox 302 3645 1889 3717; baseline 0.002 -19"><span class='ocrx_word' id='word_1_552' title='bbox 302 3645 446 3701; x_wconf 89' lang='lat' dir='ltr'><strong>initio</strong></span> <span class='ocrx_word' id='word_1_553' title='bbox 481 3662 627 3710; x_wconf 89' lang='lat' dir='ltr'><strong>esse,</strong></span> <span class='ocrx_word' id='word_1_554' title='bbox 671 3645 754 3700; x_wconf 90' lang='lat' dir='ltr'><strong>vel</strong></span> <span class='ocrx_word' id='word_1_555' title='bbox 803 3645 907 3699; x_wconf 90' lang='lat' dir='ltr'><strong>ﬁne</strong></span> <span class='ocrx_word' id='word_1_556' title='bbox 955 3660 1178 3714; x_wconf 90' lang='lat' dir='ltr'><strong>prorsus</strong></span> <span class='ocrx_word' id='word_1_557' title='bbox 1227 3646 1497 3700; x_wconf 88' lang='lat' dir='ltr'><strong>ostendat.</strong></span> <span class='ocrx_word' id='word_1_558' title='bbox 1547 3645 1683 3700; x_wconf 86' lang='lat' dir='ltr'><strong>Nam</strong></span> <span class='ocrx_word' id='word_1_559' title='bbox 1717 3647 1889 3717; x_wconf 89' lang='lat' dir='ltr'><strong>stylus</strong></span> 
     </span>
    </p>
   </div>
   <div class='ocr_carea' id='block_1_68' title="bbox 301 3734 1886 3807">
    <p class='ocr_par' dir='ltr' id='par_1_68' title="bbox 301 3734 1886 3807">
     <span class='ocr_line' id='line_1_68' title="bbox 301 3734 1886 3807; baseline 0.002 -19"><span class='ocrx_word' id='word_1_560' title='bbox 301 3736 532 3791; x_wconf 70' lang='lat' dir='ltr'><strong>historite</strong></span> <span class='ocrx_word' id='word_1_561' title='bbox 585 3738 733 3791; x_wconf 89' lang='lat' dir='ltr'><strong>hunc</strong></span> <span class='ocrx_word' id='word_1_562' title='bbox 771 3737 1017 3791; x_wconf 83' lang='lat' dir='ltr'><strong>ordinem</strong></span> <span class='ocrx_word' id='word_1_563' title='bbox 1067 3746 1215 3790; x_wconf 90' lang='lat' dir='ltr'><strong>tenet</strong></span> <span class='ocrx_word' id='word_1_564' title='bbox 1259 3734 1412 3806; x_wconf 83' lang='lat' dir='ltr'><strong>(Cen.</strong></span> <span class='ocrx_word' id='word_1_565' title='bbox 1463 3738 1503 3807; x_wconf 83' lang='grc' dir='ltr'><strong>ι)</strong></span> <span class='ocrx_word' id='word_1_566' title='bbox 1545 3755 1556 3789; x_wconf 88' lang='lat'><strong>:</strong></span> <span class='ocrx_word' id='word_1_567' title='bbox 1605 3757 1620 3788; x_wconf 73' lang='grc' dir='ltr'>ι</span> <span class='ocrx_word' id='word_1_568' title='bbox 1661 3737 1886 3791; x_wconf 84' lang='lat' dir='ltr'><strong>Factum</strong></span> 
     </span>
    </p>
   </div>
   <div class='ocr_carea' id='block_1_69' title="bbox 297 3825 1885 3896">
    <p class='ocr_par' dir='ltr' id='par_1_69' title="bbox 297 3825 1885 3896">
     <span class='ocr_line' id='line_1_69' title="bbox 297 3825 1885 3896; baseline 0.002 -17"><span class='ocrx_word' id='word_1_569' title='bbox 297 3835 392 3889; x_wconf 88' lang='lat' dir='ltr'><strong>est,</strong></span> <span class='ocrx_word' id='word_1_570' title='bbox 419 3827 616 3894; x_wconf 86' lang='lat' dir='ltr'><strong>inquit,</strong></span> <span class='ocrx_word' id='word_1_571' title='bbox 645 3840 889 3894; x_wconf 87' lang='lat' dir='ltr'><strong>vespere.</strong></span> <span class='ocrx_word' id='word_1_572' title='bbox 919 3835 973 3878; x_wconf 91' lang='lat' dir='ltr'><strong>et</strong></span> <span class='ocrx_word' id='word_1_573' title='bbox 1007 3841 1166 3879; x_wconf 85' lang='lat' dir='ltr'><strong>mane</strong></span> <span class='ocrx_word' id='word_1_574' title='bbox 1187 3825 1302 3879; x_wconf 90' lang='lat' dir='ltr'><strong>dies</strong></span> <span class='ocrx_word' id='word_1_575' title='bbox 1329 3835 1531 3879; x_wconf 79' lang='lat' dir='ltr'><strong>sextus.</strong></span> <span class='ocrx_word' id='word_1_576' title='bbox 1567 3827 1734 3896; x_wconf 88' lang='lat' dir='ltr'><strong>Igitur</strong></span> <span class='ocrx_word' id='word_1_577' title='bbox 1761 3843 1885 3896; x_wconf 91' lang='lat' dir='ltr'><strong>per-</strong></span> 
     </span>
    </p>
   </div>
   <div class='ocr_carea' id='block_1_70' title="bbox 297 3915 1880 3984">
    <p class='ocr_par' dir='ltr' id='par_1_70' title="bbox 297 3915 1880 3984">
     <span class='ocr_line' id='line_1_70' title="bbox 297 3915 1880 3984; baseline 0.002 -16"><span class='ocrx_word' id='word_1_578' title='bbox 297 3915 414 3970; x_wconf 77' lang='lat' dir='ltr'><strong>fecti</strong></span> <span class='ocrx_word' id='word_1_579' title='bbox 443 3927 569 3971; x_wconf 90' lang='lat' dir='ltr'><strong>sunt</strong></span> <span class='ocrx_word' id='word_1_580' title='bbox 594 3916 744 3979; x_wconf 73' lang='lat' dir='ltr'><strong>cmli,</strong></span> <span class='ocrx_word' id='word_1_581' title='bbox 775 3924 830 3970; x_wconf 88' lang='lat' dir='ltr'><strong>et</strong></span> <span class='ocrx_word' id='word_1_582' title='bbox 857 3926 1017 3981; x_wconf 89' lang='lat' dir='ltr'><strong>terra,</strong></span> <span class='ocrx_word' id='word_1_583' title='bbox 1055 3925 1108 3969; x_wconf 90' lang='lat' dir='ltr'><strong>et</strong></span> <span class='ocrx_word' id='word_1_584' title='bbox 1134 3917 1312 3970; x_wconf 90' lang='lat' dir='ltr'><strong>onmis</strong></span> <span class='ocrx_word' id='word_1_585' title='bbox 1341 3926 1567 3970; x_wconf 88' lang='lat' dir='ltr'><strong>ornatus</strong></span> <span class='ocrx_word' id='word_1_586' title='bbox 1600 3934 1820 3984; x_wconf 87' lang='lat' dir='ltr'><strong>eorum;</strong></span> <span class='ocrx_word' id='word_1_587' title='bbox 1861 3938 1880 3971; x_wconf 77' lang='grc' dir='ltr'><strong><em>ι</em></strong></span> 
     </span>
    </p>
   </div>
   <div class='ocr_carea' id='block_1_71' title="bbox 296 4006 1887 4078">
    <p class='ocr_par' dir='ltr' id='par_1_71' title="bbox 296 4006 1887 4078">
     <span class='ocr_line' id='line_1_71' title="bbox 296 4006 1887 4078; baseline 0.004 -18"><span class='ocrx_word' id='word_1_588' title='bbox 296 4009 580 4077; x_wconf 83' lang='lat' dir='ltr'><strong>statimque</strong></span> <span class='ocrx_word' id='word_1_589' title='bbox 626 4006 900 4078; x_wconf 74' lang='lat' dir='ltr'><strong>subjungit</strong></span> <span class='ocrx_word' id='word_1_590' title='bbox 936 4025 950 4060; x_wconf 89' lang='lat'><strong>:</strong></span> <span class='ocrx_word' id='word_1_591' title='bbox 983 4026 1000 4058; x_wconf 76' lang='lat' dir='ltr'><strong>t</strong></span> <span class='ocrx_word' id='word_1_592' title='bbox 1033 4007 1443 4078; x_wconf 87' lang='lat' dir='ltr'><strong>Cotnplevitquc</strong></span> <span class='ocrx_word' id='word_1_593' title='bbox 1493 4011 1634 4064; x_wconf 91' lang='lat' dir='ltr'><strong>Deus</strong></span> <span class='ocrx_word' id='word_1_594' title='bbox 1682 4012 1768 4065; x_wconf 91' lang='lat' dir='ltr'><strong>die</strong></span> <span class='ocrx_word' id='word_1_595' title='bbox 1800 4027 1887 4066; x_wconf 87' lang='lat' dir='ltr'><strong>se-</strong></span> 
     </span>
    </p>
   </div>
   <div class='ocr_carea' id='block_1_72' title="bbox 295 4095 1884 4166">
    <p class='ocr_par' dir='ltr' id='par_1_72' title="bbox 295 4095 1884 4166">
     <span class='ocr_line' id='line_1_72' title="bbox 295 4095 1884 4166; baseline 0.003 -18"><span class='ocrx_word' id='word_1_596' title='bbox 295 4098 450 4166; x_wconf 89' lang='lat' dir='ltr'><strong>ptimo</strong></span> <span class='ocrx_word' id='word_1_597' title='bbox 493 4112 636 4166; x_wconf 84' lang='lat' dir='ltr'><strong>opus</strong></span> <span class='ocrx_word' id='word_1_598' title='bbox 683 4113 837 4150; x_wconf 89' lang='lat' dir='ltr'><strong>suum</strong></span> <span class='ocrx_word' id='word_1_599' title='bbox 889 4095 1030 4164; x_wconf 86' lang='lat' dir='ltr'><strong>quod</strong></span> <span class='ocrx_word' id='word_1_600' title='bbox 1081 4097 1284 4149; x_wconf 76' lang='lat' dir='ltr'><strong>fecerat</strong></span> <span class='ocrx_word' id='word_1_601' title='bbox 1333 4114 1344 4147; x_wconf 91' lang='lat'><strong>:</strong></span> <span class='ocrx_word' id='word_1_602' title='bbox 1397 4107 1450 4149; x_wconf 90' lang='lat' dir='ltr'><strong>et</strong></span> <span class='ocrx_word' id='word_1_603' title='bbox 1503 4098 1768 4166; x_wconf 81' lang='lat' dir='ltr'><strong>requievit</strong></span> <span class='ocrx_word' id='word_1_604' title='bbox 1798 4101 1884 4154; x_wconf 89' lang='lat' dir='ltr'><strong>die</strong></span> 
     </span>
    </p>
   </div>
   <div class='ocr_carea' id='block_1_73' title="bbox 295 4187 1882 4256">
    <p class='ocr_par' dir='ltr' id='par_1_73' title="bbox 295 4187 1882 4256">
     <span class='ocr_line' id='line_1_73' title="bbox 295 4187 1882 4256; baseline 0.001 -14"><span class='ocrx_word' id='word_1_605' title='bbox 295 4190 512 4256; x_wconf 86' lang='lat' dir='ltr'><strong>septimo</strong></span> <span class='ocrx_word' id='word_1_606' title='bbox 562 4188 634 4241; x_wconf 71' lang='lat' dir='ltr'><strong>ab</strong></span> <span class='ocrx_word' id='word_1_607' title='bbox 689 4187 944 4240; x_wconf 87' lang='lat' dir='ltr'><strong>universo</strong></span> <span class='ocrx_word' id='word_1_608' title='bbox 992 4203 1189 4254; x_wconf 89' lang='lat' dir='ltr'><strong>opere,</strong></span> <span class='ocrx_word' id='word_1_609' title='bbox 1224 4187 1364 4254; x_wconf 81' lang='lat' dir='ltr'><strong>quod</strong></span> <span class='ocrx_word' id='word_1_610' title='bbox 1399 4197 1657 4255; x_wconf 82' lang='lat' dir='ltr'><strong>patrarat.</strong></span> <span class='ocrx_word' id='word_1_611' title='bbox 1710 4211 1728 4240; x_wconf 74' lang='grc' dir='ltr'><em>ο</em></span> <span class='ocrx_word' id='word_1_612' title='bbox 1766 4188 1882 4244; x_wconf 77' lang='lat' dir='ltr'><strong>Non</strong></span> 
     </span>
    </p>
   </div>
   <div class='ocr_carea' id='block_1_74' title="bbox 293 4278 1883 4342">
    <p class='ocr_par' dir='ltr' id='par_1_74' title="bbox 293 4278 1883 4342">
     <span class='ocr_line' id='line_1_74' title="bbox 293 4278 1883 4342; baseline -0.001 -8"><span class='ocrx_word' id='word_1_613' title='bbox 293 4283 428 4335; x_wconf 81' lang='lat' dir='ltr'><strong>enim</strong></span> <span class='ocrx_word' id='word_1_614' title='bbox 465 4281 532 4336; x_wconf 91' lang='lat' dir='ltr'><strong>ad</strong></span> <span class='ocrx_word' id='word_1_615' title='bbox 569 4280 748 4334; x_wconf 88' lang='lat' dir='ltr'><strong>instar</strong></span> <span class='ocrx_word' id='word_1_616' title='bbox 776 4280 1003 4332; x_wconf 89' lang='lat' dir='ltr'><strong>aliorum</strong></span> <span class='ocrx_word' id='word_1_617' title='bbox 1050 4278 1280 4342; x_wconf 89' lang='lat' dir='ltr'><strong>dierum,</strong></span> <span class='ocrx_word' id='word_1_618' title='bbox 1315 4279 1379 4332; x_wconf 88' lang='lat' dir='ltr'><strong>de</strong></span> <span class='ocrx_word' id='word_1_619' title='bbox 1423 4279 1696 4333; x_wconf 79' lang='lat' dir='ltr'><strong>creatione</strong></span> <span class='ocrx_word' id='word_1_620' title='bbox 1747 4278 1883 4334; x_wconf 86' lang='lat' dir='ltr'><strong>Sab-</strong></span> 
     </span>
    </p>
   </div>
   <div class='ocr_carea' id='block_1_75' title="bbox 293 4372 1879 4448">
    <p class='ocr_par' dir='ltr' id='par_1_75' title="bbox 293 4372 1879 4448">
     <span class='ocr_line' id='line_1_75' title="bbox 293 4372 1879 4448; baseline -0.001 -18"><span class='ocrx_word' id='word_1_621' title='bbox 293 4376 391 4430; x_wconf 84' lang='lat' dir='ltr'><strong>bati</strong></span> <span class='ocrx_word' id='word_1_622' title='bbox 425 4379 575 4448; x_wconf 89' lang='lat' dir='ltr'><strong>prius</strong></span> <span class='ocrx_word' id='word_1_623' title='bbox 609 4376 817 4444; x_wconf 85' lang='lat' dir='ltr'><strong>aliquid</strong></span> <span class='ocrx_word' id='word_1_624' title='bbox 847 4375 1078 4439; x_wconf 79' lang='lat' dir='ltr'><strong>dixerat,</strong></span> <span class='ocrx_word' id='word_1_625' title='bbox 1107 4374 1198 4427; x_wconf 89' lang='lat' dir='ltr'><strong>sed</strong></span> <span class='ocrx_word' id='word_1_626' title='bbox 1229 4374 1307 4426; x_wconf 88' lang='lat' dir='ltr'><strong>sic</strong></span> <span class='ocrx_word' id='word_1_627' title='bbox 1339 4372 1403 4425; x_wconf 90' lang='lat' dir='ltr'><strong>ad</strong></span> <span class='ocrx_word' id='word_1_628' title='bbox 1441 4373 1566 4426; x_wconf 90' lang='lat' dir='ltr'><strong>illud</strong></span> <span class='ocrx_word' id='word_1_629' title='bbox 1597 4373 1879 4442; x_wconf 78' lang='lat' dir='ltr'><strong>quasijam</strong></span> 
     </span>
    </p>
   </div>
   <div class='ocr_carea' id='block_1_76' title="bbox 294 4462 1878 4538">
    <p class='ocr_par' dir='ltr' id='par_1_76' title="bbox 294 4462 1878 4538">
     <span class='ocr_line' id='line_1_76' title="bbox 294 4462 1878 4538; baseline -0.003 -16"><span class='ocrx_word' id='word_1_630' title='bbox 294 4478 468 4523; x_wconf 89' lang='lat' dir='ltr'><strong>notum</strong></span> <span class='ocrx_word' id='word_1_631' title='bbox 517 4477 749 4538; x_wconf 88' lang='lat' dir='ltr'><strong>repente</strong></span> <span class='ocrx_word' id='word_1_632' title='bbox 786 4465 1070 4534; x_wconf 78' lang='lat' dir='ltr'><strong>prorupit:</strong></span> <span class='ocrx_word' id='word_1_633' title='bbox 1115 4474 1169 4518; x_wconf 88' lang='lat' dir='ltr'><strong>et</strong></span> <span class='ocrx_word' id='word_1_634' title='bbox 1201 4463 1325 4517; x_wconf 92' lang='lat' dir='ltr'><strong>dum</strong></span> <span class='ocrx_word' id='word_1_635' title='bbox 1382 4478 1482 4517; x_wconf 90' lang='lat' dir='ltr'><strong>nec</strong></span> <span class='ocrx_word' id='word_1_636' title='bbox 1532 4479 1692 4517; x_wconf 89' lang='lat' dir='ltr'><strong>mane</strong></span> <span class='ocrx_word' id='word_1_637' title='bbox 1741 4462 1878 4532; x_wconf 80' lang='lat' dir='ltr'><strong>ejus,</strong></span> 
     </span>
    </p>
   </div>
   <div class='ocr_carea' id='block_1_77' title="bbox 295 4555 1881 4630">
    <p class='ocr_par' dir='ltr' id='par_1_77' title="bbox 295 4555 1881 4630">
     <span class='ocr_line' id='line_1_77' title="bbox 295 4555 1881 4630; baseline -0.001 -18"><span class='ocrx_word' id='word_1_638' title='bbox 295 4574 383 4612; x_wconf 87' lang='lat' dir='ltr'><strong>nec</strong></span> <span class='ocrx_word' id='word_1_639' title='bbox 412 4573 704 4630; x_wconf 79' lang='lat' dir='ltr'><strong>vesperam</strong></span> <span class='ocrx_word' id='word_1_640' title='bbox 749 4557 902 4619; x_wconf 82' lang='lat' dir='ltr'><strong>dixit,</strong></span> <span class='ocrx_word' id='word_1_641' title='bbox 932 4555 1328 4625; x_wconf 87' lang='lat' dir='ltr'><strong>quodammodo</strong></span> <span class='ocrx_word' id='word_1_642' title='bbox 1361 4569 1458 4609; x_wconf 92' lang='lat' dir='ltr'><strong>nec</strong></span> <span class='ocrx_word' id='word_1_643' title='bbox 1506 4555 1717 4609; x_wconf 89' lang='lat' dir='ltr'><strong>initiunt</strong></span> <span class='ocrx_word' id='word_1_644' title='bbox 1739 4595 1752 4620; x_wconf 94' lang='lat'><strong>,</strong></span> <span class='ocrx_word' id='word_1_645' title='bbox 1781 4571 1881 4611; x_wconf 87' lang='lat' dir='ltr'><strong>nec</strong></span> 
     </span>
    </p>
   </div>
   <div class='ocr_carea' id='block_1_78' title="bbox 1995 3376 3615 3450">
    <p class='ocr_par' dir='ltr' id='par_1_78' title="bbox 1995 3376 3615 3450">
     <span class='ocr_line' id='line_1_78' title="bbox 1995 3376 3615 3450; baseline -0.005 -14"><span class='ocrx_word' id='word_1_646' title='bbox 1995 3390 2184 3436; x_wconf 87' lang='lat' dir='ltr'><strong>noster</strong></span> <span class='ocrx_word' id='word_1_647' title='bbox 2221 3380 2454 3435; x_wconf 90' lang='lat' dir='ltr'><strong>interior</strong></span> <span class='ocrx_word' id='word_1_648' title='bbox 2484 3381 2748 3450; x_wconf 89' lang='lat' dir='ltr'><strong>paulatim</strong></span> <span class='ocrx_word' id='word_1_649' title='bbox 2779 3381 2847 3435; x_wconf 91' lang='lat' dir='ltr'><strong>ad</strong></span> <span class='ocrx_word' id='word_1_650' title='bbox 2875 3381 2958 3435; x_wconf 89' lang='lat' dir='ltr'><strong>sui</strong></span> <span class='ocrx_word' id='word_1_651' title='bbox 3004 3378 3395 3450; x_wconf 89' lang='lat' dir='ltr'><strong>plenitudinem</strong></span> <span class='ocrx_word' id='word_1_652' title='bbox 3427 3376 3615 3430; x_wconf 82' lang='lat' dir='ltr'><strong>veniat</strong></span> 
     </span>
    </p>
   </div>
   <div class='ocr_carea' id='block_1_79' title="bbox 1992 3464 3612 3543">
    <p class='ocr_par' dir='ltr' id='par_1_79' title="bbox 1992 3464 3612 3543">
     <span class='ocr_line' id='line_1_79' title="bbox 1992 3464 3612 3543; baseline -0.005 -17"><span class='ocrx_word' id='word_1_653' title='bbox 1992 3487 2095 3543; x_wconf 90' lang='lat' dir='ltr'><strong>per</strong></span> <span class='ocrx_word' id='word_1_654' title='bbox 2133 3479 2427 3540; x_wconf 86' lang='lat' dir='ltr'><strong>augmenta</strong></span> <span class='ocrx_word' id='word_1_655' title='bbox 2464 3471 2751 3526; x_wconf 86' lang='lat' dir='ltr'><strong>virtutum.</strong></span> <span class='ocrx_word' id='word_1_656' title='bbox 2805 3472 2882 3526; x_wconf 92' lang='lat' dir='ltr'><strong>De</strong></span> <span class='ocrx_word' id='word_1_657' title='bbox 2929 3485 3036 3542; x_wconf 87' lang='lat' dir='ltr'><strong>qua</strong></span> <span class='ocrx_word' id='word_1_658' title='bbox 3087 3469 3344 3522; x_wconf 86' lang='lat' dir='ltr'><strong>nimirum</strong></span> <span class='ocrx_word' id='word_1_659' title='bbox 3379 3464 3612 3535; x_wconf 87' lang='lat' dir='ltr'><strong>plenitu-</strong></span> 
     </span>
    </p>
   </div>
   <div class='ocr_carea' id='block_1_80' title="bbox 1992 3559 3612 3632">
    <p class='ocr_par' dir='ltr' id='par_1_80' title="bbox 1992 3559 3612 3632">
     <span class='ocr_line' id='line_1_80' title="bbox 1992 3559 3612 3632; baseline -0.004 -17"><span class='ocrx_word' id='word_1_660' title='bbox 1992 3561 2120 3616; x_wconf 87' lang='lat' dir='ltr'><strong>dine</strong></span> <span class='ocrx_word' id='word_1_661' title='bbox 2144 3560 2423 3630; x_wconf 78' lang='lat' dir='ltr'><strong>spirituali</strong></span> <span class='ocrx_word' id='word_1_662' title='bbox 2454 3560 2590 3615; x_wconf 90' lang='lat' dir='ltr'><strong>dicit</strong></span> <span class='ocrx_word' id='word_1_663' title='bbox 2615 3561 2916 3632; x_wconf 82' lang='lat' dir='ltr'><strong>Apostolus</strong></span> <span class='ocrx_word' id='word_1_664' title='bbox 2943 3578 2956 3614; x_wconf 90' lang='lat'><strong>:</strong></span> <span class='ocrx_word' id='word_1_665' title='bbox 2989 3577 3008 3611; x_wconf 72' lang='grc' dir='ltr'><strong><em>ι</em></strong></span> <span class='ocrx_word' id='word_1_666' title='bbox 3041 3559 3224 3613; x_wconf 91' lang='lat' dir='ltr'><strong>Donec</strong></span> <span class='ocrx_word' id='word_1_667' title='bbox 3253 3570 3612 3611; x_wconf 84' lang='lat' dir='ltr'><strong>occurramus</strong></span> 
     </span>
    </p>
   </div>
   <div class='ocr_carea' id='block_1_81' title="bbox 1991 3646 3606 3721">
    <p class='ocr_par' dir='ltr' id='par_1_81' title="bbox 1991 3646 3606 3721">
     <span class='ocr_line' id='line_1_81' title="bbox 1991 3646 3606 3721; baseline -0.004 -17"><span class='ocrx_word' id='word_1_668' title='bbox 1991 3666 2182 3706; x_wconf 87' lang='lat' dir='ltr'><strong>omnes</strong></span> <span class='ocrx_word' id='word_1_669' title='bbox 2242 3651 2298 3707; x_wconf 84' lang='lat' dir='ltr'><strong>iu</strong></span> <span class='ocrx_word' id='word_1_670' title='bbox 2344 3650 2524 3704; x_wconf 88' lang='lat' dir='ltr'><strong>virum</strong></span> <span class='ocrx_word' id='word_1_671' title='bbox 2582 3649 2912 3721; x_wconf 81' lang='lat' dir='ltr'><strong>perfectum,</strong></span> <span class='ocrx_word' id='word_1_672' title='bbox 2966 3651 3023 3704; x_wconf 91' lang='lat' dir='ltr'><strong>in</strong></span> <span class='ocrx_word' id='word_1_673' title='bbox 3069 3663 3382 3703; x_wconf 89' lang='lat' dir='ltr'><strong>mensuram</strong></span> <span class='ocrx_word' id='word_1_674' title='bbox 3427 3646 3606 3699; x_wconf 84' lang='lat' dir='ltr'><strong>aetatis</strong></span> 
     </span>
    </p>
   </div>
   <div class='ocr_carea' id='block_1_82' title="bbox 1989 3736 3609 3813">
    <p class='ocr_par' dir='ltr' id='par_1_82' title="bbox 1989 3736 3609 3813">
     <span class='ocr_line' id='line_1_82' title="bbox 1989 3736 3609 3813; baseline -0.003 -19"><span class='ocrx_word' id='word_1_675' title='bbox 1989 3742 2342 3812; x_wconf 85' lang='lat' dir='ltr'><strong>plenitudinis</strong></span> <span class='ocrx_word' id='word_1_676' title='bbox 2368 3740 2575 3798; x_wconf 88' lang='lat' dir='ltr'><strong>Christi</strong></span> <span class='ocrx_word' id='word_1_677' title='bbox 2618 3741 2839 3813; x_wconf 65' lang='lat' dir='ltr'><strong>(Epiros.</strong></span> <span class='ocrx_word' id='word_1_678' title='bbox 2889 3741 2986 3810; x_wconf 84' lang='lat' dir='ltr'><strong>tv).</strong></span> <span class='ocrx_word' id='word_1_679' title='bbox 3031 3759 3049 3790; x_wconf 70' lang='grc' dir='ltr'>ι</span> <span class='ocrx_word' id='word_1_680' title='bbox 3081 3740 3195 3808; x_wconf 88' lang='lat' dir='ltr'><strong>Age</strong></span> <span class='ocrx_word' id='word_1_681' title='bbox 3237 3737 3422 3805; x_wconf 82' lang='lat' dir='ltr'><strong>igitur,</strong></span> <span class='ocrx_word' id='word_1_682' title='bbox 3468 3736 3609 3789; x_wconf 85' lang='lat' dir='ltr'><strong>dixit</strong></span> 
     </span>
    </p>
   </div>
   <div class='ocr_carea' id='block_1_83' title="bbox 1990 3828 3608 3903">
    <p class='ocr_par' dir='ltr' id='par_1_83' title="bbox 1990 3828 3608 3903">
     <span class='ocr_line' id='line_1_83' title="bbox 1990 3828 3608 3903; baseline -0.004 -17"><span class='ocrx_word' id='word_1_683' title='bbox 1990 3833 2136 3887; x_wconf 88' lang='lat' dir='ltr'><strong>Deus</strong></span> <span class='ocrx_word' id='word_1_684' title='bbox 2168 3849 2181 3884; x_wconf 91' lang='lat'><strong>:</strong></span> <span class='ocrx_word' id='word_1_685' title='bbox 2239 3850 2256 3884; x_wconf 76' lang='grc' dir='ltr'>ι</span> <span class='ocrx_word' id='word_1_686' title='bbox 2295 3832 2416 3887; x_wconf 84' lang='lat' dir='ltr'><strong>Fiat</strong></span> <span class='ocrx_word' id='word_1_687' title='bbox 2447 3832 2534 3886; x_wconf 87' lang='lat' dir='ltr'><strong>lux</strong></span> <span class='ocrx_word' id='word_1_688' title='bbox 2569 3829 2726 3903; x_wconf 74' lang='lat' dir='ltr'><strong>(Gen.</strong></span> <span class='ocrx_word' id='word_1_689' title='bbox 2760 3834 2822 3902; x_wconf 91' lang='grc' dir='ltr'><strong>ι).</strong></span> <span class='ocrx_word' id='word_1_690' title='bbox 2857 3851 2875 3882; x_wconf 77' lang='grc' dir='ltr'><strong><em>ι</em></strong></span> <span class='ocrx_word' id='word_1_691' title='bbox 2906 3830 3059 3884; x_wconf 86' lang='lat' dir='ltr'><strong>Tunc</strong></span> <span class='ocrx_word' id='word_1_692' title='bbox 3089 3838 3268 3881; x_wconf 90' lang='lat' dir='ltr'><strong>autem</strong></span> <span class='ocrx_word' id='word_1_693' title='bbox 3303 3829 3354 3881; x_wconf 93' lang='lat' dir='ltr'><strong>in</strong></span> <span class='ocrx_word' id='word_1_694' title='bbox 3386 3828 3608 3881; x_wconf 87' lang='lat' dir='ltr'><strong>homine</strong></span> 
     </span>
    </p>
   </div>
   <div class='ocr_carea' id='block_1_84' title="bbox 1990 3919 3604 3990">
    <p class='ocr_par' dir='ltr' id='par_1_84' title="bbox 1990 3919 3604 3990">
     <span class='ocr_line' id='line_1_84' title="bbox 1990 3919 3604 3990; baseline -0.003 -12"><span class='ocrx_word' id='word_1_695' title='bbox 1990 3924 2214 3989; x_wconf 92' lang='lat' dir='ltr'><strong>dicitur,</strong></span> <span class='ocrx_word' id='word_1_696' title='bbox 2247 3934 2306 3978; x_wconf 92' lang='lat' dir='ltr'><strong>ut</strong></span> <span class='ocrx_word' id='word_1_697' title='bbox 2346 3925 2437 3978; x_wconf 78' lang='lat' dir='ltr'><strong>lux</strong></span> <span class='ocrx_word' id='word_1_698' title='bbox 2483 3925 2602 3990; x_wconf 91' lang='lat' dir='ltr'><strong>ﬁat,</strong></span> <span class='ocrx_word' id='word_1_699' title='bbox 2647 3939 2773 3978; x_wconf 91' lang='lat' dir='ltr'><strong>cum</strong></span> <span class='ocrx_word' id='word_1_700' title='bbox 2817 3923 2982 3977; x_wconf 88' lang='lat' dir='ltr'><strong>datur</strong></span> <span class='ocrx_word' id='word_1_701' title='bbox 3032 3931 3092 3976; x_wconf 83' lang='grc' dir='ltr'><strong>ιιι</strong></span> <span class='ocrx_word' id='word_1_702' title='bbox 3144 3919 3471 3974; x_wconf 85' lang='lat' dir='ltr'><strong>illuminatio</strong></span> <span class='ocrx_word' id='word_1_703' title='bbox 3501 3919 3604 3973; x_wconf 87' lang='lat' dir='ltr'><strong>sibi</strong></span> 
     </span>
    </p>
   </div>
   <div class='ocr_carea' id='block_1_85' title="bbox 1988 4008 3605 4086">
    <p class='ocr_par' dir='ltr' id='par_1_85' title="bbox 1988 4008 3605 4086">
     <span class='ocr_line' id='line_1_85' title="bbox 1988 4008 3605 4086; baseline -0.004 -16"><span class='ocrx_word' id='word_1_704' title='bbox 1988 4015 2327 4071; x_wconf 88' lang='lat' dir='ltr'><strong>credulitatis</strong></span> <span class='ocrx_word' id='word_1_705' title='bbox 2355 4014 2642 4086; x_wconf 83' lang='lat' dir='ltr'><strong>infulgeat.</strong></span> <span class='ocrx_word' id='word_1_706' title='bbox 2671 4013 2855 4069; x_wconf 85' lang='lat' dir='ltr'><strong>Prima</strong></span> <span class='ocrx_word' id='word_1_707' title='bbox 2890 4013 3092 4083; x_wconf 89' lang='lat' dir='ltr'><strong>quippe</strong></span> <span class='ocrx_word' id='word_1_708' title='bbox 3120 4011 3318 4064; x_wconf 89' lang='lat' dir='ltr'><strong>mentis</strong></span> <span class='ocrx_word' id='word_1_709' title='bbox 3346 4009 3436 4063; x_wconf 91' lang='lat' dir='ltr'><strong>lux</strong></span> <span class='ocrx_word' id='word_1_710' title='bbox 3471 4008 3605 4063; x_wconf 88' lang='lat' dir='ltr'><strong>ﬁdes</strong></span> 
     </span>
    </p>
   </div>
   <div class='ocr_carea' id='block_1_86' title="bbox 1986 4099 3604 4174">
    <p class='ocr_par' dir='ltr' id='par_1_86' title="bbox 1986 4099 3604 4174">
     <span class='ocr_line' id='line_1_86' title="bbox 1986 4099 3604 4174; baseline -0.004 -14"><span class='ocrx_word' id='word_1_711' title='bbox 1986 4115 2086 4160; x_wconf 88' lang='lat' dir='ltr'><strong>est.</strong></span> <span class='ocrx_word' id='word_1_712' title='bbox 2120 4105 2273 4161; x_wconf 89' lang='lat' dir='ltr'><strong>Unde</strong></span> <span class='ocrx_word' id='word_1_713' title='bbox 2315 4104 2430 4174; x_wconf 89' lang='lat' dir='ltr'><strong>jam</strong></span> <span class='ocrx_word' id='word_1_714' title='bbox 2480 4104 2729 4160; x_wconf 88' lang='lat' dir='ltr'><strong>ﬁdelibus</strong></span> <span class='ocrx_word' id='word_1_715' title='bbox 2781 4105 2915 4158; x_wconf 90' lang='lat' dir='ltr'><strong>dicit</strong></span> <span class='ocrx_word' id='word_1_716' title='bbox 2965 4103 3259 4171; x_wconf 84' lang='lat' dir='ltr'><strong>Apostolus</strong></span> <span class='ocrx_word' id='word_1_717' title='bbox 3307 4119 3369 4154; x_wconf 72' lang='grc' dir='ltr'><strong>τι</strong></span> <span class='ocrx_word' id='word_1_718' title='bbox 3403 4099 3604 4154; x_wconf 84' lang='lat' dir='ltr'><strong>Fuistis</strong></span> 
     </span>
    </p>
   </div>
   <div class='ocr_carea' id='block_1_87' title="bbox 1987 4193 3604 4267">
    <p class='ocr_par' dir='ltr' id='par_1_87' title="bbox 1987 4193 3604 4267">
     <span class='ocr_line' id='line_1_87' title="bbox 1987 4193 3604 4267; baseline -0.004 -15"><span class='ocrx_word' id='word_1_719' title='bbox 1987 4200 2277 4267; x_wconf 87' lang='lat' dir='ltr'><strong>aliquando</strong></span> <span class='ocrx_word' id='word_1_720' title='bbox 2333 4199 2613 4265; x_wconf 69' lang='lat' dir='ltr'><strong>tenebrae,</strong></span> <span class='ocrx_word' id='word_1_721' title='bbox 2663 4214 2807 4253; x_wconf 92' lang='lat' dir='ltr'><strong>nunc</strong></span> <span class='ocrx_word' id='word_1_722' title='bbox 2858 4206 3039 4251; x_wconf 92' lang='lat' dir='ltr'><strong>autem</strong></span> <span class='ocrx_word' id='word_1_723' title='bbox 3110 4196 3200 4248; x_wconf 85' lang='lat' dir='ltr'><strong>lux</strong></span> <span class='ocrx_word' id='word_1_724' title='bbox 3251 4194 3303 4247; x_wconf 94' lang='lat' dir='ltr'><strong>in</strong></span> <span class='ocrx_word' id='word_1_725' title='bbox 3373 4193 3604 4246; x_wconf 84' lang='lat' dir='ltr'><strong>Domino</strong></span> 
     </span>
    </p>
   </div>
   <div class='ocr_carea' id='block_1_88' title="bbox 1986 4285 3596 4358">
    <p class='ocr_par' dir='ltr' id='par_1_88' title="bbox 1986 4285 3596 4358">
     <span class='ocr_line' id='line_1_88' title="bbox 1986 4285 3596 4358; baseline -0.001 -19"><span class='ocrx_word' id='word_1_726' title='bbox 1986 4286 2202 4357; x_wconf 73' lang='lat' dir='ltr'><strong>(Ep/tes.</strong></span> <span class='ocrx_word' id='word_1_727' title='bbox 2227 4290 2280 4356; x_wconf 86' lang='lat' dir='ltr'><strong>v)</strong></span> <span class='ocrx_word' id='word_1_728' title='bbox 2316 4303 2329 4340; x_wconf 92' lang='lat'>:</span> <span class='ocrx_word' id='word_1_729' title='bbox 2361 4307 2380 4340; x_wconf 73' lang='grc' dir='ltr'><strong><em>ι</em></strong></span> <span class='ocrx_word' id='word_1_730' title='bbox 2407 4297 2459 4341; x_wconf 87' lang='lat' dir='ltr'><strong>et</strong></span> <span class='ocrx_word' id='word_1_731' title='bbox 2489 4287 2594 4342; x_wconf 92' lang='lat' dir='ltr'><strong>hoc</strong></span> <span class='ocrx_word' id='word_1_732' title='bbox 2616 4296 2699 4341; x_wconf 90' lang='lat' dir='ltr'><strong>est</strong></span> <span class='ocrx_word' id='word_1_733' title='bbox 2727 4287 2963 4358; x_wconf 91' lang='lat' dir='ltr'><strong>primum</strong></span> <span class='ocrx_word' id='word_1_734' title='bbox 2998 4287 3050 4339; x_wconf 93' lang='lat' dir='ltr'><strong>in</strong></span> <span class='ocrx_word' id='word_1_735' title='bbox 3084 4285 3199 4354; x_wconf 84' lang='lat' dir='ltr'><strong>lege</strong></span> <span class='ocrx_word' id='word_1_736' title='bbox 3233 4291 3561 4352; x_wconf 68' lang='lat' dir='ltr'><strong>praeceptum</strong></span> <span class='ocrx_word' id='word_1_737' title='bbox 3583 4323 3596 4337; x_wconf 93' lang='lat'><strong>.</strong></span> 
     </span>
    </p>
   </div>
   <div class='ocr_carea' id='block_1_89' title="bbox 1989 4377 3602 4442">
    <p class='ocr_par' dir='ltr' id='par_1_89' title="bbox 1989 4377 3602 4442">
     <span class='ocr_line' id='line_1_89' title="bbox 1989 4377 3602 4442; baseline 0.001 -13"><span class='ocrx_word' id='word_1_738' title='bbox 1989 4398 2006 4429; x_wconf 74' lang='grc' dir='ltr'>ι</span> <span class='ocrx_word' id='word_1_739' title='bbox 2040 4379 2179 4434; x_wconf 85' lang='lat' dir='ltr'><strong>Audi</strong></span> <span class='ocrx_word' id='word_1_740' title='bbox 2218 4379 2428 4434; x_wconf 87' lang='lat' dir='ltr'><strong>Israel:</strong></span> <span class='ocrx_word' id='word_1_741' title='bbox 2465 4379 2729 4434; x_wconf 88' lang='lat' dir='ltr'><strong>Dominus</strong></span> <span class='ocrx_word' id='word_1_742' title='bbox 2776 4380 2918 4433; x_wconf 88' lang='lat' dir='ltr'><strong>Deus</strong></span> <span class='ocrx_word' id='word_1_743' title='bbox 2959 4387 3102 4442; x_wconf 89' lang='lat' dir='ltr'><strong>luus,</strong></span> <span class='ocrx_word' id='word_1_744' title='bbox 3153 4377 3297 4432; x_wconf 87' lang='lat' dir='ltr'><strong>Deus</strong></span> <span class='ocrx_word' id='word_1_745' title='bbox 3350 4392 3489 4430; x_wconf 91' lang='lat' dir='ltr'><strong>unus</strong></span> <span class='ocrx_word' id='word_1_746' title='bbox 3517 4387 3602 4430; x_wconf 90' lang='lat' dir='ltr'><strong>est</strong></span> 
     </span>
    </p>
   </div>
   <div class='ocr_carea' id='block_1_90' title="bbox 1985 4466 3597 4538">
    <p class='ocr_par' dir='ltr' id='par_1_90' title="bbox 1985 4466 3597 4538">
     <span class='ocr_line' id='line_1_90' title="bbox 1985 4466 3597 4538; baseline 0 -19"><span class='ocrx_word' id='word_1_747' title='bbox 1985 4467 2163 4538; x_wconf 83' lang='lat' dir='ltr'><strong>(Deut.</strong></span> <span class='ocrx_word' id='word_1_748' title='bbox 2198 4468 2294 4536; x_wconf 85' lang='lat' dir='ltr'><strong>vt).</strong></span> <span class='ocrx_word' id='word_1_749' title='bbox 2328 4487 2346 4520; x_wconf 75' lang='grc' dir='ltr'><strong><em>ι</em></strong></span> <span class='ocrx_word' id='word_1_750' title='bbox 2384 4467 2537 4522; x_wconf 89' lang='lat' dir='ltr'><strong>Tunc</strong></span> <span class='ocrx_word' id='word_1_751' title='bbox 2568 4467 2752 4538; x_wconf 87' lang='lat' dir='ltr'><strong>itaque</strong></span> <span class='ocrx_word' id='word_1_752' title='bbox 2783 4470 2838 4522; x_wconf 93' lang='lat' dir='ltr'><strong>in</strong></span> <span class='ocrx_word' id='word_1_753' title='bbox 2869 4467 3092 4522; x_wconf 87' lang='lat' dir='ltr'><strong>homine</strong></span> <span class='ocrx_word' id='word_1_754' title='bbox 3131 4466 3342 4536; x_wconf 89' lang='lat' dir='ltr'><strong>primus</strong></span> <span class='ocrx_word' id='word_1_755' title='bbox 3371 4467 3489 4520; x_wconf 91' lang='lat' dir='ltr'><strong>dies</strong></span> <span class='ocrx_word' id='word_1_756' title='bbox 3517 4466 3597 4532; x_wconf 88' lang='lat' dir='ltr'><strong>ﬁt,</strong></span> 
     </span>
    </p>
   </div>
   <div class='ocr_carea' id='block_1_91' title="bbox 1988 4559 2806 4614">
    <p class='ocr_par' dir='ltr' id='par_1_91' title="bbox 1988 4559 2806 4614">
     <span class='ocr_line' id='line_1_91' title="bbox 1988 4559 2806 4614; baseline 0 0"><span class='ocrx_word' id='word_1_757' title='bbox 1988 4575 2110 4614; x_wconf 89' lang='lat' dir='ltr'><strong>cum</strong></span> <span class='ocrx_word' id='word_1_758' title='bbox 2143 4575 2316 4614; x_wconf 87' lang='lat' dir='ltr'><strong>novus</strong></span> <span class='ocrx_word' id='word_1_759' title='bbox 2353 4559 2420 4614; x_wconf 92' lang='lat' dir='ltr'><strong>ad</strong></span> <span class='ocrx_word' id='word_1_760' title='bbox 2452 4561 2611 4614; x_wconf 88' lang='lat' dir='ltr'><strong>ﬁdem</strong></span> <span class='ocrx_word' id='word_1_761' title='bbox 2637 4559 2806 4614; x_wconf 92' lang='lat' dir='ltr'><strong>venit.</strong></span> 
     </span>
    </p>
   </div>
   <div class='ocr_carea' id='block_1_92' title="bbox 296 4619 3597 4719">
    <p class='ocr_par' dir='ltr' id='par_1_92' title="bbox 296 4619 3597 4719">
     <span class='ocr_line' id='line_1_92' title="bbox 296 4619 3597 4719; baseline -0 -15"><span class='ocrx_word' id='word_1_762' title='bbox 296 4650 442 4706; x_wconf 83' lang='lat' dir='ltr'><strong>ﬁnem</strong></span> <span class='ocrx_word' id='word_1_763' title='bbox 491 4619 705 4706; x_wconf 80' lang='lat' dir='ltr'><strong>habere</strong></span> <span class='ocrx_word' id='word_1_764' title='bbox 753 4648 1094 4703; x_wconf 89' lang='lat' dir='ltr'><strong>monstravit.</strong></span> <span class='ocrx_word' id='word_1_765' title='bbox 1129 4648 1207 4700; x_wconf 88' lang='lat' dir='ltr'><strong>Ad</strong></span> <span class='ocrx_word' id='word_1_766' title='bbox 1245 4647 1654 4701; x_wconf 90' lang='lat' dir='ltr'><strong>similitudinem</strong></span> <span class='ocrx_word' id='word_1_767' title='bbox 1686 4648 1882 4717; x_wconf 90' lang='lat' dir='ltr'><strong>quippe</strong></span> <span class='ocrx_word' id='word_1_768' title='bbox 1913 4619 1961 4677; x_wconf 79' lang='lat' dir='ltr'><strong>D</strong></span> <span class='ocrx_word' id='word_1_769' title='bbox 2061 4648 2310 4712; x_wconf 82' lang='lat' dir='ltr'><strong>Secundo</strong></span> <span class='ocrx_word' id='word_1_770' title='bbox 2361 4649 2451 4702; x_wconf 90' lang='lat' dir='ltr'><strong>die</strong></span> <span class='ocrx_word' id='word_1_771' title='bbox 2501 4649 2632 4704; x_wconf 80' lang='lat' dir='ltr'><strong>fecit</strong></span> <span class='ocrx_word' id='word_1_772' title='bbox 2683 4650 2828 4705; x_wconf 91' lang='lat' dir='ltr'><strong>Deus</strong></span> <span class='ocrx_word' id='word_1_773' title='bbox 2873 4649 3300 4712; x_wconf 88' lang='lat' dir='ltr'><strong>ﬁrmamentum,</strong></span> <span class='ocrx_word' id='word_1_774' title='bbox 3330 4649 3472 4719; x_wconf 91' lang='lat' dir='ltr'><strong>quod</strong></span> <span class='ocrx_word' id='word_1_775' title='bbox 3512 4659 3597 4703; x_wconf 89' lang='lat' dir='ltr'><strong>est</strong></span> 
     </span>
    </p>
   </div>
   <div class='ocr_carea' id='block_1_93' title="bbox 295 4736 1884 4808">
    <p class='ocr_par' dir='ltr' id='par_1_93' title="bbox 295 4736 1884 4808">
     <span class='ocr_line' id='line_1_93' title="bbox 295 4736 1884 4808; baseline 0 -14"><span class='ocrx_word' id='word_1_776' title='bbox 295 4741 683 4796; x_wconf 77' lang='lat' dir='ltr'><strong>Melchisedech</strong></span> <span class='ocrx_word' id='word_1_777' title='bbox 733 4739 1058 4803; x_wconf 80' lang='lat' dir='ltr'><strong>sacerdotis,</strong></span> <span class='ocrx_word' id='word_1_778' title='bbox 1107 4738 1268 4790; x_wconf 91' lang='lat' dir='ltr'><strong>etiam</strong></span> <span class='ocrx_word' id='word_1_779' title='bbox 1320 4736 1615 4791; x_wconf 85' lang='lat' dir='ltr'><strong>Sahhatum</strong></span> <span class='ocrx_word' id='word_1_780' title='bbox 1673 4737 1884 4808; x_wconf 79' lang='lat' dir='ltr'><strong>Moyses</strong></span> 
     </span>
    </p>
   </div>
   <div class='ocr_carea' id='block_1_94' title="bbox 296 4828 1876 4898">
    <p class='ocr_par' dir='ltr' id='par_1_94' title="bbox 296 4828 1876 4898">
     <span class='ocr_line' id='line_1_94' title="bbox 296 4828 1876 4898; baseline -0.003 -11"><span class='ocrx_word' id='word_1_781' title='bbox 296 4833 613 4896; x_wconf 89' lang='lat' dir='ltr'><strong>introducit,</strong></span> <span class='ocrx_word' id='word_1_782' title='bbox 669 4830 739 4884; x_wconf 90' lang='lat' dir='ltr'><strong>de</strong></span> <span class='ocrx_word' id='word_1_783' title='bbox 794 4843 899 4898; x_wconf 87' lang='lat' dir='ltr'><strong>quo</strong></span> <span class='ocrx_word' id='word_1_784' title='bbox 949 4829 1015 4883; x_wconf 92' lang='lat' dir='ltr'><strong>ad</strong></span> <span class='ocrx_word' id='word_1_785' title='bbox 1063 4829 1317 4883; x_wconf 62' lang='lat' dir='ltr'><strong>Hebraeos</strong></span> <span class='ocrx_word' id='word_1_786' title='bbox 1365 4828 1495 4882; x_wconf 88' lang='lat' dir='ltr'><strong>dicit</strong></span> <span class='ocrx_word' id='word_1_787' title='bbox 1536 4828 1876 4898; x_wconf 76' lang='lat' dir='ltr'><strong>Apostolus:</strong></span> 
     </span>
    </p>
   </div>
   <div class='ocr_carea' id='block_1_95' title="bbox 300 4921 1882 4991">
    <p class='ocr_par' dir='ltr' id='par_1_95' title="bbox 300 4921 1882 4991">
     <span class='ocr_line' id='line_1_95' title="bbox 300 4921 1882 4991; baseline 0.001 -15"><span class='ocrx_word' id='word_1_788' title='bbox 300 4943 315 4976; x_wconf 78' lang='grc' dir='ltr'>ι</span> <span class='ocrx_word' id='word_1_789' title='bbox 344 4925 452 4980; x_wconf 80' lang='lat' dir='ltr'><strong>Rex</strong></span> <span class='ocrx_word' id='word_1_790' title='bbox 483 4924 695 4988; x_wconf 90' lang='lat' dir='ltr'><strong>Salcm,</strong></span> <span class='ocrx_word' id='word_1_791' title='bbox 739 4921 881 4990; x_wconf 73' lang='grc' dir='ltr'><strong>(ιυοά</strong></span> <span class='ocrx_word' id='word_1_792' title='bbox 911 4930 994 4976; x_wconf 90' lang='lat' dir='ltr'><strong>cst</strong></span> <span class='ocrx_word' id='word_1_793' title='bbox 1039 4937 1131 4976; x_wconf 86' lang='lat' dir='ltr'><strong>rex</strong></span> <span class='ocrx_word' id='word_1_794' title='bbox 1165 4922 1346 4991; x_wconf 86' lang='lat' dir='ltr'><strong>pacis,</strong></span> <span class='ocrx_word' id='word_1_795' title='bbox 1394 4922 1510 4975; x_wconf 77' lang='lat' dir='ltr'><strong>sine</strong></span> <span class='ocrx_word' id='word_1_796' title='bbox 1542 4930 1730 4990; x_wconf 88' lang='lat' dir='ltr'><strong>patre,</strong></span> <span class='ocrx_word' id='word_1_797' title='bbox 1763 4922 1882 4978; x_wconf 88' lang='lat' dir='ltr'><strong>sine</strong></span> 
     </span>
    </p>
   </div>
   <div class='ocr_carea' id='block_1_96' title="bbox 297 5011 1879 5086">
    <p class='ocr_par' dir='ltr' id='par_1_96' title="bbox 297 5011 1879 5086">
     <span class='ocr_line' id='line_1_96' title="bbox 297 5011 1879 5086; baseline -0.003 -17"><span class='ocrx_word' id='word_1_798' title='bbox 297 5028 471 5083; x_wconf 84' lang='lat' dir='ltr'><strong>matre,</strong></span> <span class='ocrx_word' id='word_1_799' title='bbox 505 5017 628 5071; x_wconf 88' lang='lat' dir='ltr'><strong>sine</strong></span> <span class='ocrx_word' id='word_1_800' title='bbox 658 5012 991 5086; x_wconf 85' lang='lat' dir='ltr'><strong>genealogia,</strong></span> <span class='ocrx_word' id='word_1_801' title='bbox 1039 5027 1136 5066; x_wconf 91' lang='lat' dir='ltr'><strong>nee</strong></span> <span class='ocrx_word' id='word_1_802' title='bbox 1181 5013 1392 5064; x_wconf 84' lang='lat' dir='ltr'><strong>initium</strong></span> <span class='ocrx_word' id='word_1_803' title='bbox 1431 5011 1673 5074; x_wconf 90' lang='lat' dir='ltr'><strong>dierum,</strong></span> <span class='ocrx_word' id='word_1_804' title='bbox 1704 5026 1879 5081; x_wconf 91' lang='lat' dir='ltr'><strong>neque</strong></span> 
     </span>
    </p>
   </div>
   <div class='ocr_carea' id='block_1_97' title="bbox 298 5100 1873 5161">
    <p class='ocr_par' dir='ltr' id='par_1_97' title="bbox 298 5100 1873 5161">
     <span class='ocr_line' id='line_1_97' title="bbox 298 5100 1873 5161; baseline -0.002 -4"><span class='ocrx_word' id='word_1_805' title='bbox 298 5110 442 5161; x_wconf 84' lang='lat' dir='ltr'><strong>liuetn</strong></span> <span class='ocrx_word' id='word_1_806' title='bbox 488 5105 702 5160; x_wconf 80' lang='lat' dir='ltr'><strong>habens</strong></span> <span class='ocrx_word' id='word_1_807' title='bbox 740 5121 751 5155; x_wconf 93' lang='lat'>:</span> <span class='ocrx_word' id='word_1_808' title='bbox 799 5103 1126 5156; x_wconf 82' lang='lat' dir='ltr'><strong>assimilatus</strong></span> <span class='ocrx_word' id='word_1_809' title='bbox 1157 5111 1336 5155; x_wconf 87' lang='lat' dir='ltr'><strong>autem</strong></span> <span class='ocrx_word' id='word_1_810' title='bbox 1371 5100 1506 5154; x_wconf 80' lang='lat' dir='ltr'><strong>Filio</strong></span> <span class='ocrx_word' id='word_1_811' title='bbox 1545 5101 1635 5154; x_wconf 86' lang='lat' dir='ltr'><strong>Dei</strong></span> <span class='ocrx_word' id='word_1_812' title='bbox 1691 5109 1873 5156; x_wconf 85' lang='lat' dir='ltr'><strong>manet</strong></span> 
     </span>
    </p>
   </div>
   <div class='ocr_carea' id='block_1_98' title="bbox 298 5191 1878 5264">
    <p class='ocr_par' dir='ltr' id='par_1_98' title="bbox 298 5191 1878 5264">
     <span class='ocr_line' id='line_1_98' title="bbox 298 5191 1878 5264; baseline -0.004 -12"><span class='ocrx_word' id='word_1_813' title='bbox 298 5198 536 5253; x_wconf 64' lang='lat' dir='ltr'><strong>sacerdos</strong></span> <span class='ocrx_word' id='word_1_814' title='bbox 586 5197 642 5252; x_wconf 90' lang='lat' dir='ltr'><strong>in</strong></span> <span class='ocrx_word' id='word_1_815' title='bbox 696 5203 1012 5264; x_wconf 65' lang='lat' dir='ltr'><strong>[)(‘Iitt&#39;iltum</strong></span> <span class='ocrx_word' id='word_1_816' title='bbox 1043 5192 1228 5260; x_wconf 76' lang='lat' dir='ltr'><strong>(Hebr.</strong></span> <span class='ocrx_word' id='word_1_817' title='bbox 1264 5193 1382 5261; x_wconf 87' lang='lat' dir='ltr'><strong>vn).</strong></span> <span class='ocrx_word' id='word_1_818' title='bbox 1423 5211 1438 5242; x_wconf 74' lang='grc' dir='ltr'><strong><em>ι</em></strong></span> <span class='ocrx_word' id='word_1_819' title='bbox 1474 5191 1539 5244; x_wconf 85' lang='lat' dir='ltr'><strong>Et</strong></span> <span class='ocrx_word' id='word_1_820' title='bbox 1577 5201 1722 5246; x_wconf 88' lang='lat' dir='ltr'><strong>recte</strong></span> <span class='ocrx_word' id='word_1_821' title='bbox 1756 5206 1878 5260; x_wconf 68' lang='lat' dir='ltr'><strong>qua:</strong></span> 
     </span>
    </p>
   </div>
   <div class='ocr_carea' id='block_1_99' title="bbox 298 5285 1877 5358">
    <p class='ocr_par' dir='ltr' id='par_1_99' title="bbox 298 5285 1877 5358">
     <span class='ocr_line' id='line_1_99' title="bbox 298 5285 1877 5358; baseline -0.003 -14"><span class='ocrx_word' id='word_1_822' title='bbox 298 5308 447 5346; x_wconf 84' lang='lat' dir='ltr'><strong>unum</strong></span> <span class='ocrx_word' id='word_1_823' title='bbox 475 5293 575 5346; x_wconf 85' lang='lat' dir='ltr'><strong>sub</strong></span> <span class='ocrx_word' id='word_1_824' title='bbox 611 5289 904 5358; x_wconf 48' lang='lat' dir='ltr'><strong>altegotm</strong></span> <span class='ocrx_word' id='word_1_825' title='bbox 942 5286 1106 5356; x_wconf 89' lang='lat' dir='ltr'><strong>ﬁgura</strong></span> <span class='ocrx_word' id='word_1_826' title='bbox 1137 5288 1473 5354; x_wconf 80' lang='lat' dir='ltr'><strong>signiﬁcant,</strong></span> <span class='ocrx_word' id='word_1_827' title='bbox 1513 5285 1563 5337; x_wconf 88' lang='lat' dir='ltr'><strong>itt</strong></span> <span class='ocrx_word' id='word_1_828' title='bbox 1598 5285 1713 5353; x_wconf 86' lang='lat' dir='ltr'><strong>ipso</strong></span> <span class='ocrx_word' id='word_1_829' title='bbox 1741 5300 1877 5354; x_wconf 80' lang='lat' dir='ltr'><strong>quo-</strong></span> 
     </span>
    </p>
   </div>
   <div class='ocr_carea' id='block_1_100' title="bbox 300 5375 1877 5450">
    <p class='ocr_par' dir='ltr' id='par_1_100' title="bbox 300 5375 1877 5450">
     <span class='ocr_line' id='line_1_100' title="bbox 300 5375 1877 5450; baseline -0.003 -14"><span class='ocrx_word' id='word_1_830' title='bbox 300 5396 391 5449; x_wconf 85' lang='lat' dir='ltr'><strong>que</strong></span> <span class='ocrx_word' id='word_1_831' title='bbox 411 5379 734 5450; x_wconf 86' lang='lat' dir='ltr'><strong>scriptionis</strong></span> <span class='ocrx_word' id='word_1_832' title='bbox 773 5377 960 5430; x_wconf 88' lang='lat' dir='ltr'><strong>ordine</strong></span> <span class='ocrx_word' id='word_1_833' title='bbox 1003 5392 1106 5430; x_wconf 91' lang='lat' dir='ltr'><strong>non</strong></span> <span class='ocrx_word' id='word_1_834' title='bbox 1139 5376 1470 5429; x_wconf 82' lang='lat' dir='ltr'><strong>discordant.</strong></span> <span class='ocrx_word' id='word_1_835' title='bbox 1500 5375 1631 5429; x_wconf 89' lang='lat' dir='ltr'><strong>lllud</strong></span> <span class='ocrx_word' id='word_1_836' title='bbox 1662 5391 1877 5446; x_wconf 90' lang='lat' dir='ltr'><strong>quoque</strong></span> 
     </span>
    </p>
   </div>
   <div class='ocr_carea' id='block_1_101' title="bbox 302 5467 1875 5540">
    <p class='ocr_par' dir='ltr' id='par_1_101' title="bbox 302 5467 1875 5540">
     <span class='ocr_line' id='line_1_101' title="bbox 302 5467 1875 5540; baseline 0.003 -17"><span class='ocrx_word' id='word_1_837' title='bbox 302 5475 360 5523; x_wconf 80' lang='lat' dir='ltr'><strong>ab</strong></span> <span class='ocrx_word' id='word_1_838' title='bbox 387 5483 610 5540; x_wconf 85' lang='lat' dir='ltr'><strong>utroque</strong></span> <span class='ocrx_word' id='word_1_839' title='bbox 648 5485 763 5524; x_wconf 88' lang='lat' dir='ltr'><strong>non</strong></span> <span class='ocrx_word' id='word_1_840' title='bbox 795 5467 1085 5537; x_wconf 84' lang='lat' dir='ltr'><strong>discrepat,</strong></span> <span class='ocrx_word' id='word_1_841' title='bbox 1121 5468 1247 5536; x_wconf 84' lang='lat' dir='ltr'><strong>quia</strong></span> <span class='ocrx_word' id='word_1_842' title='bbox 1299 5468 1439 5522; x_wconf 90' lang='lat' dir='ltr'><strong>sicut</strong></span> <span class='ocrx_word' id='word_1_843' title='bbox 1481 5467 1875 5526; x_wconf 84' lang='lat' dir='ltr'><strong>Melchisedech</strong></span> 
     </span>
    </p>
   </div>
   <div class='ocr_carea' id='block_1_102' title="bbox 304 5558 1874 5629">
    <p class='ocr_par' dir='ltr' id='par_1_102' title="bbox 304 5558 1874 5629">
     <span class='ocr_line' id='line_1_102' title="bbox 304 5558 1874 5629; baseline 0.001 -14"><span class='ocrx_word' id='word_1_844' title='bbox 304 5578 381 5617; x_wconf 72' lang='lat' dir='ltr'><strong>rex</strong></span> <span class='ocrx_word' id='word_1_845' title='bbox 411 5563 613 5629; x_wconf 76' lang='lat' dir='ltr'><strong>Salem,</strong></span> <span class='ocrx_word' id='word_1_846' title='bbox 649 5576 748 5615; x_wconf 74' lang='lat' dir='ltr'><strong>rex</strong></span> <span class='ocrx_word' id='word_1_847' title='bbox 779 5559 921 5628; x_wconf 80' lang='lat' dir='ltr'><strong>pacis</strong></span> <span class='ocrx_word' id='word_1_848' title='bbox 965 5559 1160 5612; x_wconf 88' lang='lat' dir='ltr'><strong>dicitur</strong></span> <span class='ocrx_word' id='word_1_849' title='bbox 1193 5576 1205 5611; x_wconf 93' lang='lat'>:</span> <span class='ocrx_word' id='word_1_850' title='bbox 1240 5559 1310 5612; x_wconf 85' lang='lat' dir='ltr'><strong>ita</strong></span> <span class='ocrx_word' id='word_1_851' title='bbox 1343 5558 1697 5616; x_wconf 87' lang='lat' dir='ltr'><strong>nihilominus</strong></span> <span class='ocrx_word' id='word_1_852' title='bbox 1735 5562 1874 5617; x_wconf 82' lang='lat' dir='ltr'><strong>Sab-</strong></span> 
     </span>
    </p>
   </div>
   <div class='ocr_carea' id='block_1_103' title="bbox 303 5653 1876 5726">
    <p class='ocr_par' dir='ltr' id='par_1_103' title="bbox 303 5653 1876 5726">
     <span class='ocr_line' id='line_1_103' title="bbox 303 5653 1876 5726; baseline 0 -16"><span class='ocrx_word' id='word_1_853' title='bbox 303 5657 466 5710; x_wconf 79' lang='lat' dir='ltr'><strong>hattttn</strong></span> <span class='ocrx_word' id='word_1_854' title='bbox 510 5657 718 5726; x_wconf 77' lang='lat' dir='ltr'><strong>requies</strong></span> <span class='ocrx_word' id='word_1_855' title='bbox 771 5653 1174 5720; x_wconf 85' lang='lat' dir='ltr'><strong>interpretatur.</strong></span> <span class='ocrx_word' id='word_1_856' title='bbox 1226 5653 1395 5723; x_wconf 85' lang='lat' dir='ltr'><strong>Igitur</strong></span> <span class='ocrx_word' id='word_1_857' title='bbox 1444 5653 1556 5706; x_wconf 67' lang='lat' dir='ltr'><strong>haec</strong></span> <span class='ocrx_word' id='word_1_858' title='bbox 1594 5654 1722 5719; x_wconf 90' lang='lat' dir='ltr'><strong>duo,</strong></span> <span class='ocrx_word' id='word_1_859' title='bbox 1755 5671 1876 5725; x_wconf 83' lang='lat' dir='ltr'><strong>qute</strong></span> 
     </span>
    </p>
   </div>
   <div class='ocr_carea' id='block_1_104' title="bbox 303 5744 1874 5817">
    <p class='ocr_par' dir='ltr' id='par_1_104' title="bbox 303 5744 1874 5817">
     <span class='ocr_line' id='line_1_104' title="bbox 303 5744 1874 5817; baseline -0.003 -15"><span class='ocrx_word' id='word_1_860' title='bbox 303 5761 502 5817; x_wconf 79' lang='lat' dir='ltr'><strong>pacem,</strong></span> <span class='ocrx_word' id='word_1_861' title='bbox 534 5750 652 5802; x_wconf 87' lang='lat' dir='ltr'><strong>sive</strong></span> <span class='ocrx_word' id='word_1_862' title='bbox 706 5744 985 5814; x_wconf 89' lang='lat' dir='ltr'><strong>requiem,</strong></span> <span class='ocrx_word' id='word_1_863' title='bbox 1032 5745 1144 5798; x_wconf 87' lang='lat' dir='ltr'><strong>suis</strong></span> <span class='ocrx_word' id='word_1_864' title='bbox 1189 5744 1498 5798; x_wconf 90' lang='lat' dir='ltr'><strong>nominibus</strong></span> <span class='ocrx_word' id='word_1_865' title='bbox 1538 5745 1874 5813; x_wconf 77' lang='lat' dir='ltr'><strong>exprimunt,</strong></span> 
     </span>
    </p>
   </div>
   <div class='ocr_carea' id='block_1_105' title="bbox 303 5832 1875 5911">
    <p class='ocr_par' dir='ltr' id='par_1_105' title="bbox 303 5832 1875 5911">
     <span class='ocr_line' id='line_1_105' title="bbox 303 5832 1875 5911; baseline 0.001 -21"><span class='ocrx_word' id='word_1_866' title='bbox 303 5848 648 5911; x_wconf 70' lang='lat' dir='ltr'><strong>congruenter</strong></span> <span class='ocrx_word' id='word_1_867' title='bbox 698 5837 754 5890; x_wconf 91' lang='lat' dir='ltr'><strong>in</strong></span> <span class='ocrx_word' id='word_1_868' title='bbox 800 5832 966 5898; x_wconf 90' lang='lat' dir='ltr'><strong>hunc,</strong></span> <span class='ocrx_word' id='word_1_869' title='bbox 999 5834 1089 5904; x_wconf 86' lang='lat' dir='ltr'><strong>qui</strong></span> <span class='ocrx_word' id='word_1_870' title='bbox 1141 5848 1352 5889; x_wconf 88' lang='lat' dir='ltr'><strong>summa</strong></span> <span class='ocrx_word' id='word_1_871' title='bbox 1400 5847 1503 5903; x_wconf 89' lang='lat' dir='ltr'><strong>pax</strong></span> <span class='ocrx_word' id='word_1_872' title='bbox 1553 5845 1666 5900; x_wconf 87' lang='lat' dir='ltr'><strong>est,</strong></span> <span class='ocrx_word' id='word_1_873' title='bbox 1699 5835 1875 5908; x_wconf 87' lang='lat' dir='ltr'><strong>typica</strong></span> 
     </span>
    </p>
   </div>
   <div class='ocr_carea' id='block_1_106' title="bbox 1987 4739 3597 4810">
    <p class='ocr_par' dir='ltr' id='par_1_106' title="bbox 1987 4739 3597 4810">
     <span class='ocr_line' id='line_1_106' title="bbox 1987 4739 3597 4810; baseline 0 -17"><span class='ocrx_word' id='word_1_874' title='bbox 1987 4739 2205 4802; x_wconf 81' lang='lat' dir='ltr'><strong>cmlmn,</strong></span> <span class='ocrx_word' id='word_1_875' title='bbox 2236 4739 2476 4808; x_wconf 80' lang='lat' dir='ltr'><strong>fecitque</strong></span> <span class='ocrx_word' id='word_1_876' title='bbox 2502 4740 2805 4795; x_wconf 87' lang='lat' dir='ltr'><strong>divisiones</strong></span> <span class='ocrx_word' id='word_1_877' title='bbox 2834 4756 3124 4809; x_wconf 86' lang='lat' dir='ltr'><strong>aquarum,</strong></span> <span class='ocrx_word' id='word_1_878' title='bbox 3154 4750 3212 4793; x_wconf 90' lang='lat' dir='ltr'><strong>ttt</strong></span> <span class='ocrx_word' id='word_1_879' title='bbox 3242 4741 3361 4793; x_wconf 86' lang='lat' dir='ltr'><strong>ali:e</strong></span> <span class='ocrx_word' id='word_1_880' title='bbox 3394 4756 3492 4810; x_wconf 88' lang='lat' dir='ltr'><strong>per</strong></span> <span class='ocrx_word' id='word_1_881' title='bbox 3518 4742 3597 4793; x_wconf 89' lang='lat' dir='ltr'><strong>in-</strong></span> 
     </span>
    </p>
   </div>
   <div class='ocr_carea' id='block_1_107' title="bbox 1987 4831 3593 4904">
    <p class='ocr_par' dir='ltr' id='par_1_107' title="bbox 1987 4831 3593 4904">
     <span class='ocr_line' id='line_1_107' title="bbox 1987 4831 3593 4904; baseline 0.001 -20"><span class='ocrx_word' id='word_1_882' title='bbox 1987 4833 2182 4886; x_wconf 78' lang='lat' dir='ltr'><strong>fcriora</strong></span> <span class='ocrx_word' id='word_1_883' title='bbox 2213 4831 2532 4896; x_wconf 82' lang='lat' dir='ltr'><strong>deﬂuerent,</strong></span> <span class='ocrx_word' id='word_1_884' title='bbox 2565 4835 2684 4886; x_wconf 60' lang='lat' dir='ltr'><strong>alite</strong></span> <span class='ocrx_word' id='word_1_885' title='bbox 2715 4834 2768 4887; x_wconf 91' lang='lat' dir='ltr'><strong>in</strong></span> <span class='ocrx_word' id='word_1_886' title='bbox 2808 4833 3185 4904; x_wconf 90' lang='lat' dir='ltr'><strong>superioribus</strong></span> <span class='ocrx_word' id='word_1_887' title='bbox 3220 4843 3593 4888; x_wconf 84' lang='lat' dir='ltr'><strong>remanerent.</strong></span> 
     </span>
    </p>
   </div>
   <div class='ocr_carea' id='block_1_108' title="bbox 1985 4922 3594 4994">
    <p class='ocr_par' dir='ltr' id='par_1_108' title="bbox 1985 4922 3594 4994">
     <span class='ocr_line' id='line_1_108' title="bbox 1985 4922 3594 4994; baseline 0.001 -20"><span class='ocrx_word' id='word_1_888' title='bbox 1985 4922 2122 4988; x_wconf 84' lang='lat' dir='ltr'><strong>Quid</strong></span> <span class='ocrx_word' id='word_1_889' title='bbox 2155 4931 2335 4974; x_wconf 90' lang='lat' dir='ltr'><strong>autem</strong></span> <span class='ocrx_word' id='word_1_890' title='bbox 2389 4924 2817 4987; x_wconf 71' lang='lat' dir='ltr'><strong>ﬁrmamentum,</strong></span> <span class='ocrx_word' id='word_1_891' title='bbox 2858 4925 2962 4979; x_wconf 91' lang='lat' dir='ltr'><strong>nisi</strong></span> <span class='ocrx_word' id='word_1_892' title='bbox 3011 4924 3182 4979; x_wconf 90' lang='lat' dir='ltr'><strong>robur</strong></span> <span class='ocrx_word' id='word_1_893' title='bbox 3229 4933 3313 4978; x_wconf 89' lang='lat' dir='ltr'><strong>est</strong></span> <span class='ocrx_word' id='word_1_894' title='bbox 3346 4926 3594 4994; x_wconf 81' lang='lat' dir='ltr'><strong>Scriptu-</strong></span> 
     </span>
    </p>
   </div>
   <div class='ocr_carea' id='block_1_109' title="bbox 1985 5012 3592 5083">
    <p class='ocr_par' dir='ltr' id='par_1_109' title="bbox 1985 5012 3592 5083">
     <span class='ocr_line' id='line_1_109' title="bbox 1985 5012 3592 5083; baseline 0.004 -19"><span class='ocrx_word' id='word_1_895' title='bbox 1985 5014 2206 5064; x_wconf 73' lang='lat' dir='ltr'><strong>rarum?</strong></span> <span class='ocrx_word' id='word_1_896' title='bbox 2239 5012 2387 5066; x_wconf 89' lang='lat' dir='ltr'><strong>Unde</strong></span> <span class='ocrx_word' id='word_1_897' title='bbox 2437 5012 2798 5083; x_wconf 76' lang='lat' dir='ltr'><strong>IegiturUaa.</strong></span> <span class='ocrx_word' id='word_1_898' title='bbox 2851 5017 3076 5080; x_wconf 77' lang='lat' dir='ltr'><strong>xxxrv),</strong></span> <span class='ocrx_word' id='word_1_899' title='bbox 3128 5031 3254 5083; x_wconf 82' lang='lat' dir='ltr'><strong>quia</strong></span> <span class='ocrx_word' id='word_1_900' title='bbox 3307 5015 3504 5070; x_wconf 73' lang='lat' dir='ltr'><strong>cmlum</strong></span> <span class='ocrx_word' id='word_1_901' title='bbox 3541 5017 3592 5070; x_wconf 73' lang='lat' dir='ltr'><strong>in</strong></span> 
     </span>
    </p>
   </div>
   <div class='ocr_carea' id='block_1_110' title="bbox 1981 5101 3592 5176">
    <p class='ocr_par' dir='ltr' id='par_1_110' title="bbox 1981 5101 3592 5176">
     <span class='ocr_line' id='line_1_110' title="bbox 1981 5101 3592 5176; baseline 0.004 -20"><span class='ocrx_word' id='word_1_902' title='bbox 1981 5105 2067 5158; x_wconf 91' lang='lat' dir='ltr'><strong>dic</strong></span> <span class='ocrx_word' id='word_1_903' title='bbox 2093 5101 2280 5172; x_wconf 77' lang='lat' dir='ltr'><strong>jndicii</strong></span> <span class='ocrx_word' id='word_1_904' title='bbox 2331 5105 2622 5173; x_wconf 90' lang='lat' dir='ltr'><strong>plicabitur</strong></span> <span class='ocrx_word' id='word_1_905' title='bbox 2668 5106 2812 5160; x_wconf 86' lang='lat' dir='ltr'><strong>sicut</strong></span> <span class='ocrx_word' id='word_1_906' title='bbox 2849 5105 3006 5161; x_wconf 91' lang='lat' dir='ltr'><strong>liber.</strong></span> <span class='ocrx_word' id='word_1_907' title='bbox 3037 5105 3178 5172; x_wconf 91' lang='lat' dir='ltr'><strong>Quid</strong></span> <span class='ocrx_word' id='word_1_908' title='bbox 3222 5118 3406 5161; x_wconf 87' lang='lat' dir='ltr'><strong>autem</strong></span> <span class='ocrx_word' id='word_1_909' title='bbox 3437 5124 3592 5176; x_wconf 72' lang='lat' dir='ltr'><strong>aqtue</strong></span> 
     </span>
    </p>
   </div>
   <div class='ocr_carea' id='block_1_111' title="bbox 1982 5194 3589 5266">
    <p class='ocr_par' dir='ltr' id='par_1_111' title="bbox 1982 5194 3589 5266">
     <span class='ocr_line' id='line_1_111' title="bbox 1982 5194 3589 5266; baseline 0.001 -20"><span class='ocrx_word' id='word_1_910' title='bbox 1982 5194 2296 5258; x_wconf 79' lang='lat' dir='ltr'><strong>inferiores,</strong></span> <span class='ocrx_word' id='word_1_911' title='bbox 2329 5195 2431 5248; x_wconf 91' lang='lat' dir='ltr'><strong>nisi</strong></span> <span class='ocrx_word' id='word_1_912' title='bbox 2465 5195 2840 5249; x_wconf 90' lang='lat' dir='ltr'><strong>multitudines</strong></span> <span class='ocrx_word' id='word_1_913' title='bbox 2888 5196 3213 5249; x_wconf 88' lang='lat' dir='ltr'><strong>hominum?</strong></span> <span class='ocrx_word' id='word_1_914' title='bbox 3260 5196 3399 5263; x_wconf 88' lang='lat' dir='ltr'><strong>Quid</strong></span> <span class='ocrx_word' id='word_1_915' title='bbox 3431 5215 3589 5266; x_wconf 62' lang='lat' dir='ltr'><strong>supt-</strong></span> 
     </span>
    </p>
   </div>
   <div class='ocr_carea' id='block_1_112' title="bbox 1981 5287 3588 5359">
    <p class='ocr_par' dir='ltr' id='par_1_112' title="bbox 1981 5287 3588 5359">
     <span class='ocr_line' id='line_1_112' title="bbox 1981 5287 3588 5359; baseline 0.002 -20"><span class='ocrx_word' id='word_1_916' title='bbox 1981 5289 2188 5352; x_wconf 88' lang='lat' dir='ltr'><strong>riores,</strong></span> <span class='ocrx_word' id='word_1_917' title='bbox 2243 5289 2347 5341; x_wconf 90' lang='lat' dir='ltr'><strong>nisi</strong></span> <span class='ocrx_word' id='word_1_918' title='bbox 2400 5288 2551 5341; x_wconf 81' lang='lat' dir='ltr'><strong>chori</strong></span> <span class='ocrx_word' id='word_1_919' title='bbox 2610 5297 2735 5342; x_wconf 90' lang='lat' dir='ltr'><strong>sunt</strong></span> <span class='ocrx_word' id='word_1_920' title='bbox 2787 5287 3146 5355; x_wconf 78' lang='lat' dir='ltr'><strong>angelorum?</strong></span> <span class='ocrx_word' id='word_1_921' title='bbox 3196 5289 3388 5359; x_wconf 88' lang='lat' dir='ltr'><strong>Angeli</strong></span> <span class='ocrx_word' id='word_1_922' title='bbox 3441 5291 3588 5344; x_wconf 85' lang='lat' dir='ltr'><strong>enim</strong></span> 
     </span>
    </p>
   </div>
   <div class='ocr_carea' id='block_1_113' title="bbox 1981 5381 3590 5450">
    <p class='ocr_par' dir='ltr' id='par_1_113' title="bbox 1981 5381 3590 5450">
     <span class='ocr_line' id='line_1_113' title="bbox 1981 5381 3590 5450; baseline 0 -15"><span class='ocrx_word' id='word_1_923' title='bbox 1981 5381 2386 5450; x_wconf 72' lang='lat' dir='ltr'><strong>Scripturarutn</strong></span> <span class='ocrx_word' id='word_1_924' title='bbox 2420 5381 2617 5435; x_wconf 66' lang='lat' dir='ltr'><strong>coelum</strong></span> <span class='ocrx_word' id='word_1_925' title='bbox 2669 5398 2774 5434; x_wconf 91' lang='lat' dir='ltr'><strong>non</strong></span> <span class='ocrx_word' id='word_1_926' title='bbox 2819 5382 3020 5434; x_wconf 88' lang='lat' dir='ltr'><strong>habent</strong></span> <span class='ocrx_word' id='word_1_927' title='bbox 3061 5398 3224 5450; x_wconf 89' lang='lat' dir='ltr'><strong>super</strong></span> <span class='ocrx_word' id='word_1_928' title='bbox 3252 5398 3331 5445; x_wconf 91' lang='lat' dir='ltr'><strong>se,</strong></span> <span class='ocrx_word' id='word_1_929' title='bbox 3367 5385 3462 5437; x_wconf 92' lang='lat' dir='ltr'><strong>sed</strong></span> <span class='ocrx_word' id='word_1_930' title='bbox 3490 5385 3590 5437; x_wconf 86' lang='lat' dir='ltr'><strong>sub</strong></span> 
     </span>
    </p>
   </div>
   <div class='ocr_carea' id='block_1_114' title="bbox 1979 5472 3587 5542">
    <p class='ocr_par' dir='ltr' id='par_1_114' title="bbox 1979 5472 3587 5542">
     <span class='ocr_line' id='line_1_114' title="bbox 1979 5472 3587 5542; baseline -0.004 -15"><span class='ocrx_word' id='word_1_931' title='bbox 1979 5488 2039 5527; x_wconf 85' lang='lat' dir='ltr'><strong>se</strong></span> <span class='ocrx_word' id='word_1_932' title='bbox 2079 5491 2092 5526; x_wconf 90' lang='lat'>:</span> <span class='ocrx_word' id='word_1_933' title='bbox 2125 5474 2251 5540; x_wconf 90' lang='lat' dir='ltr'><strong>quia</strong></span> <span class='ocrx_word' id='word_1_934' title='bbox 2285 5488 2387 5525; x_wconf 91' lang='lat' dir='ltr'><strong>non</strong></span> <span class='ocrx_word' id='word_1_935' title='bbox 2414 5482 2574 5542; x_wconf 75' lang='lat' dir='ltr'><strong>egent</strong></span> <span class='ocrx_word' id='word_1_936' title='bbox 2603 5481 2657 5524; x_wconf 86' lang='grc' dir='ltr'>ιιι</span> <span class='ocrx_word' id='word_1_937' title='bbox 2686 5473 2910 5525; x_wconf 83' lang='lat' dir='ltr'><strong>veanm</strong></span> <span class='ocrx_word' id='word_1_938' title='bbox 2945 5472 3033 5524; x_wconf 82' lang='lat' dir='ltr'><strong>Dei</strong></span> <span class='ocrx_word' id='word_1_939' title='bbox 3069 5472 3312 5539; x_wconf 85' lang='lat' dir='ltr'><strong>legentes</strong></span> <span class='ocrx_word' id='word_1_940' title='bbox 3336 5473 3587 5535; x_wconf 83' lang='lat' dir='ltr'><strong>audiant,</strong></span> 
     </span>
    </p>
   </div>
   <div class='ocr_carea' id='block_1_115' title="bbox 1979 5562 3579 5634">
    <p class='ocr_par' dir='ltr' id='par_1_115' title="bbox 1979 5562 3579 5634">
     <span class='ocr_line' id='line_1_115' title="bbox 1979 5562 3579 5634; baseline -0.003 -17"><span class='ocrx_word' id='word_1_941' title='bbox 1979 5565 2102 5634; x_wconf 90' lang='lat' dir='ltr'><strong>quia</strong></span> <span class='ocrx_word' id='word_1_942' title='bbox 2137 5564 2311 5633; x_wconf 89' lang='lat' dir='ltr'><strong>ipsum</strong></span> <span class='ocrx_word' id='word_1_943' title='bbox 2347 5563 2512 5617; x_wconf 83' lang='lat' dir='ltr'><strong>Deum</strong></span> <span class='ocrx_word' id='word_1_944' title='bbox 2543 5572 2867 5631; x_wconf 68' lang='lat' dir='ltr'><strong>praesentem</strong></span> <span class='ocrx_word' id='word_1_945' title='bbox 2898 5562 3183 5616; x_wconf 76' lang='lat' dir='ltr'><strong>manifeste</strong></span> <span class='ocrx_word' id='word_1_946' title='bbox 3212 5563 3579 5631; x_wconf 84' lang='lat' dir='ltr'><strong>conspiciunt,</strong></span> 
     </span>
    </p>
   </div>
   <div class='ocr_carea' id='block_1_116' title="bbox 1980 5652 3584 5724">
    <p class='ocr_par' dir='ltr' id='par_1_116' title="bbox 1980 5652 3584 5724">
     <span class='ocr_line' id='line_1_116' title="bbox 1980 5652 3584 5724; baseline -0.002 -16"><span class='ocrx_word' id='word_1_947' title='bbox 1980 5665 2032 5708; x_wconf 69' lang='lat' dir='ltr'><strong>et</strong></span> <span class='ocrx_word' id='word_1_948' title='bbox 2063 5656 2113 5708; x_wconf 87' lang='lat' dir='ltr'><strong>in</strong></span> <span class='ocrx_word' id='word_1_949' title='bbox 2157 5655 2274 5724; x_wconf 83' lang='lat' dir='ltr'><strong>ejus</strong></span> <span class='ocrx_word' id='word_1_950' title='bbox 2317 5668 2534 5721; x_wconf 89' lang='lat' dir='ltr'><strong>semper</strong></span> <span class='ocrx_word' id='word_1_951' title='bbox 2564 5668 2750 5707; x_wconf 87' lang='lat' dir='ltr'><strong>amore</strong></span> <span class='ocrx_word' id='word_1_952' title='bbox 2798 5653 3192 5708; x_wconf 87' lang='lat' dir='ltr'><strong>ﬁammcscunt.</strong></span> <span class='ocrx_word' id='word_1_953' title='bbox 3241 5652 3377 5705; x_wconf 88' lang='lat' dir='ltr'><strong>Cum</strong></span> <span class='ocrx_word' id='word_1_954' title='bbox 3417 5652 3584 5721; x_wconf 83' lang='lat' dir='ltr'><strong>igitur</strong></span> 
     </span>
    </p>
   </div>
   <div class='ocr_carea' id='block_1_117' title="bbox 1981 5741 3580 5813">
    <p class='ocr_par' dir='ltr' id='par_1_117' title="bbox 1981 5741 3580 5813">
     <span class='ocr_line' id='line_1_117' title="bbox 1981 5741 3580 5813; baseline -0.002 -13"><span class='ocrx_word' id='word_1_955' title='bbox 1981 5747 2142 5800; x_wconf 89' lang='lat' dir='ltr'><strong>homo</strong></span> <span class='ocrx_word' id='word_1_956' title='bbox 2173 5759 2269 5813; x_wconf 89' lang='lat' dir='ltr'><strong>per</strong></span> <span class='ocrx_word' id='word_1_957' title='bbox 2298 5743 2726 5807; x_wconf 87' lang='lat' dir='ltr'><strong>ﬁrmamentum,</strong></span> <span class='ocrx_word' id='word_1_958' title='bbox 2753 5745 2855 5798; x_wconf 91' lang='lat' dir='ltr'><strong>hoc</strong></span> <span class='ocrx_word' id='word_1_959' title='bbox 2880 5753 2965 5798; x_wconf 88' lang='lat' dir='ltr'><strong>est</strong></span> <span class='ocrx_word' id='word_1_960' title='bbox 2992 5760 3088 5812; x_wconf 89' lang='lat' dir='ltr'><strong>per</strong></span> <span class='ocrx_word' id='word_1_961' title='bbox 3114 5741 3353 5798; x_wconf 77' lang='lat' dir='ltr'><strong>ccelcstis</strong></span> <span class='ocrx_word' id='word_1_962' title='bbox 3379 5760 3391 5792; x_wconf 86' lang='grc'><strong>(</strong></span> <span class='ocrx_word' id='word_1_963' title='bbox 3415 5742 3580 5810; x_wconf 87' lang='lat' dir='ltr'><strong>&#39;oquii</strong></span> 
     </span>
    </p>
   </div>
   <div class='ocr_carea' id='block_1_118' title="bbox 1981 5833 3583 5904">
    <p class='ocr_par' dir='ltr' id='par_1_118' title="bbox 1981 5833 3583 5904">
     <span class='ocr_line' id='line_1_118' title="bbox 1981 5833 3583 5904; baseline -0.002 -12"><span class='ocrx_word' id='word_1_964' title='bbox 1981 5836 2388 5901; x_wconf 88' lang='lat' dir='ltr'><strong>documentum,</strong></span> <span class='ocrx_word' id='word_1_965' title='bbox 2419 5833 2532 5903; x_wconf 88' lang='lat' dir='ltr'><strong>jam</strong></span> <span class='ocrx_word' id='word_1_966' title='bbox 2578 5835 2766 5902; x_wconf 86' lang='lat' dir='ltr'><strong>incipit</strong></span> <span class='ocrx_word' id='word_1_967' title='bbox 2809 5833 3096 5892; x_wconf 81' lang='lat' dir='ltr'><strong>inferiores</strong></span> <span class='ocrx_word' id='word_1_968' title='bbox 3139 5847 3308 5898; x_wconf 82' lang='lat' dir='ltr'><strong>aquas</strong></span> <span class='ocrx_word' id='word_1_969' title='bbox 3335 5835 3583 5904; x_wconf 75' lang='lat' dir='ltr'><strong>superio-</strong></span> 
     </span>
    </p>
   </div>
  </div>
