4260 6424
864 405 967 475 263

1392 417 1450 473 S.
1483 416 1681 472 I‘E'I'RI
1712 413 1989 469 DAMIANI
2028 410 2178 468 OI‘I’.
2209 410 2389 467 PARS
2426 408 2558 466 SEU
2601 406 2835 465 TOMUS
2861 407 2898 463 I.
2952 438 3007 451 ο-
3036 406 3250 464 EPIST.
3280 406 3409 463 LIB.
3452 405 3584 463 VIII.

3989 403 4092 461 264

865 545 1055 601 resque
1076 529 1334 593 dividere,
1366 530 1417 583 id
1449 537 1551 592 est,
1576 526 1809 581 carnalia
1839 540 1869 580 n
1896 523 2280 594 spiritualibus,
2312 532 2420 577 ter-
2447 528 2496 588 Α
2522 520 2717 577 imitari
2769 529 2992 573 conetur
3019 518 3342 586 exemplum.
3394 517 3547 573 Sicut
3571 516 3704 573 dicit
3749 516 4051 587 Apostolus
4077 536 4090 572 :

864 637 991 675 rena
1021 636 1050 674 a
1084 618 1390 675 caelestibus
1418 632 1700 685 separare;
1729 614 1841 683 jam
1883 616 1938 668 iu
1973 628 2037 669 eo
2066 612 2331 667 secundus
2361 611 2421 665 lit

863 712 1009 774 dies,
1055 711 1179 778 quia
1223 723 1326 761 non
1357 707 1515 761 modo
1545 705 1666 760 fidei
1696 705 1865 760 lucem
1886 744 1900 770 ,
1935 704 2029 760 sed
2054 712 2108 758 et
2136 716 2313 757 rerum
2340 702 2423 755 in-

863 798 991 866 cipit
1027 797 1221 850 habere
1250 796 1646 849 discretionem.

935 890 1135 943 Deinde
1179 888 1314 942 dixit
1361 887 1501 941 Deus
1548 903 1560 939 :
1599 904 1617 936 ι
1652 885 2047 955 Congregeutur
2092 895 2275 950 aquae,
2304 894 2421 948 quae

865 978 965 1030 sub
997 978 1132 1031 cutio
1177 986 1322 1039 sunt,
1354 976 1409 1028 in
1451 975 1626 1029 locum
1657 990 1840 1038 unum,
1872 981 1928 1027 et
1974 982 2229 1041 appareat
2272 970 2422 1023 arida

864 1062 1013 1133 (Gen.
1046 1066 1105 1131 l).
1139 1083 1156 1115 ι
1190 1064 1352 1117 Facta
1384 1062 1544 1130 igitur
1574 1063 1829 1117 divisione
1858 1062 1999 1115 inter
2027 1068 2258 1122 terrena,
2285 1060 2423 1112 sicut

862 1151 1061 1205 dictum
1093 1160 1192 1214 est,
1237 1160 1395 1219 atque
1423 1150 1684 1215 cmlestia,
1715 1163 1934 1204 necesse
1963 1156 2045 1202 est
2086 1155 2143 1199 ut
2190 1148 2420 1200 humana

861 1258 1013 1298 mens
1056 1246 1169 1298 htee
1213 1246 1398 1298 eadem
1442 1252 1654 1297 terrena
1699 1242 1871 1296 adhuc
1901 1241 2040 1295 inter
2070 1254 2128 1293 se
2166 1238 2422 1292 minutius

860 1333 1066 1387 dividat
1093 1348 1107 1385 :
1132 1343 1187 1386 et
1226 1333 1305 1387 sic
1337 1332 1592 1401 reprobos
1626 1330 1869 1385 homines
1896 1328 2052 1397 hujus
2086 1337 2309 1383 terrente
2336 1343 2422 1382 sa-

861 1422 1076 1491 pientia:
1116 1421 1379 1489 salsugine
1412 1420 1739 1489 prurientes,
1781 1434 1810 1472 a
1846 1418 2003 1489 justis
2052 1416 2253 1472 fontem
2299 1416 2420 1470 fidei

859 1510 1180 1573 sitientibus,
1220 1518 1473 1578 tanquam
1503 1510 1571 1563 ab
1614 1509 1764 1563 arida
1803 1522 1949 1562 mare
1992 1507 2263 1561 decernat.
2294 1506 2419 1559 Inli-

860 1603 1007 1658 deles
1050 1604 1217 1667 enim,
1266 1603 1379 1657 sive
1406 1602 1649 1657 carnales
1680 1601 1901 1671 quilibet
1942 1599 2141 1653 amaris
2173 1598 2422 1651 tentatio—

860 1708 986 1746 num
1032 1692 1281 1747 ﬂuctibus
1329 1692 1672 1761 quatiuntur,
1716 1698 1771 1744 et
1813 1700 2064 1758 tanquam
2114 1686 2421 1757 procellosis

860 1786 1231 1852 cupiditatum,
1263 1784 1345 1838 vel
1393 1784 1711 1853 arrogantiae
1752 1780 2154 1849 tempestatibus
2194 1780 2423 1833 intume-

2528 628 2547 663 ί
2580 610 2762 664 Estote
2789 608 3088 662 imitatores
3113 608 3205 663 Dei
3241 610 3378 664 sicut
3402 608 3496 663 filii
3526 606 3857 671 charissimi,
3885 619 3945 661 et
3977 622 4093 663 amo

2521 701 2700 755 butate
2727 700 2779 753 in
2825 697 3129 763 diIeCIione,
3176 699 3315 753 sicut
3359 706 3413 752 et
3452 696 3701 751 Christus
3746 695 3940 750 dilexit
4001 712 4098 751 nos

2523 789 2734 860 (Ephes.
2766 789 2841 858 v).
2876 808 2895 841 ι
2962 788 3267 843 Dill'erentia
3298 788 3495 859 quippe
3522 796 3640 842 erat
3681 787 3825 841 inter
3866 785 4096 840 Paulum

2522 881 2612 949 qui
2638 880 2950 933 imitabatur
2976 880 3268 943 Christum,
3305 890 3360 935 et
3392 895 3485 934 eos
3512 894 3648 949 quos
3672 878 4011 949 provocabat
4032 880 4097 933 ad

2523 971 2839 1024 imitandum
2891 971 3179 1039 scipsum:
3246 987 3263 1020 ‹
3315 970 3659 1034 Imitalores,
3718 968 3937 1039 inquit,
3994 969 4099 1023 mei

2522 1069 2714 1124 estote,
2741 1061 2878 1114 sicut
2903 1070 2957 1113 et
2978 1075 3076 1129 ego
3100 1059 3299 1114 Christi
3328 1058 3378 1130 (1
3402 1059 3523 1113 Cor.
3553 1060 3652 1130 ιι).
3690 1077 3709 1111 ι

2599 1149 2745 1205 Unde
2783 1158 2933 1203 sexta
2975 1150 3059 1203 die
3082 1159 3297 1204 creatus
3325 1143 3607 1204 est‘homo
3636 1149 3702 1203 ad
3725 1149 3813 1203 sui
3839 1148 4096 1205 similitu-

2523 1240 2701 1319 dinem
2733 1239 3024 1294 Creat0ris.
3055 1238 3205 1305 Quod
3230 1240 3411 1308 utique
3438 1239 3582 1294 sicut
3610 1246 3735 1293 tunc
3770 1238 3977 1293 factum
4016 1248 4100 1294 est

2523 1342 2620 1396 per
2651 1328 2900 1382 humana:
2937 1327 3263 1383 conditionis
3307 1328 3610 1391 exordium,
3639 1327 3714 1381 ita
3743 1342 3894 1382 nunc
3924 1328 4100 1397 agitur

2518 1430 2615 1485 per
2632 1416 3034 1470 iustaurationis
3056 1416 3252 1471 intimae
3272 1426 3689 1471 sacramentum.
3716 1415 3815 1472 Hic
3837 1426 4099 1487 praeterea

2522 1504 2660 1557 inter
2688 1506 2865 1558 omnia
2912 1514 3089 1569 terrae,
3119 1519 3293 1574 aqum,
3325 1504 3484 1559 simul
3510 1513 3565 1559 et
3609 1504 3753 1558 aeris
3798 1504 4100 1562 animantia

2519 1594 2671 1663 quasi
2730 1595 3097 1650 monarchiam
3125 1596 3339 1664 accipit,
3366 1604 3421 1650 et
3445 1596 3733 1664 quemdam
3765 1594 4100 1651 sublimioris

2519 1681 2845 1737 excellentia:
2867 1682 3225 1751 principatum
3250 1700 3264 1747 ;
3288 1684 3415 1752 quia
3442 1683 3526 1736 vir
3546 1684 3778 1753 quisque
3799 1683 4097 1753 perfectus,

2519 1786 2584 1826 ac
2610 1771 2897 1826 virtutibus
2922 1780 3325 1827 consummatus
3365 1772 3514 1827 novit
3538 1772 3605 1827 de
3633 1772 3863 1843 singulis
3888 1783 4096 1828 rectum

859 1882 1035 1928 δρυηι,
1088 1873 1267 1927 Sancti
1316 1886 1442 1926 νει-ο
1488 1874 1722 1941 quique,
1776 1886 1839 1925 ac
1883 1871 2034 1941 justi,
2081 1869 2227 1923 velut
2272 1868 2418 1922 arida
2452 1856 2495 1915 Β
2524 1861 2761 1931 proferre
2779 1862 3060 1932 judicium.
3090 1862 3242 1918 Sicut
3277 1863 3562 1933 Apostolus
3589 1863 3701 1918 ait:
3732 1881 3751 1915 ι
3793 1864 4104 1935 Spiritualis

860 1963 1027 2017 Deum
1060 1962 1264 2025 sitiunt,
1292 1970 1347 2015 et
1388 1970 1640 2029 tanquam
1677 1959 1825 2014 ferax
1873 1968 2015 2012 terra
2046 1958 2281 2012 virentes
2320 1958 2416 2011 bo-

860 2066 1048 2104 norum
1086 2064 1302 2118 operum
1332 2049 1535 2104 fructus
1563 2050 1863 2119 germinare
1886 2048 2233 2103 contendunt.
2266 2046 2421 2100 Ideo-

858 2153 963 2207 que
1011 2138 1252 2208 prazcipit
1285 2138 1443 2201 Deus,
1494 2149 1552 2192 ut
1594 2138 1780 2192 eodem
1811 2138 1894 2191 die
1920 2137 2245 2206 germinaret
2280 2145 2420 2189 terra

861 2229 1082 2283 herbam
1110 2230 1392 2293 virentem,
1425 2228 1705 2282 facientem
1738 2242 1918 2282 semen
1940 2267 1953 2289 ,
1982 2235 2036 2279 et
2077 2226 2273 2296 lignum
2322 2240 2418 2293 po-

862 2316 1110 2371 tnit‘crum
1143 2316 1343 2371 faciens
1367 2316 1617 2371 fructum.
1645 2316 1895 2385 Quisquis
1915 2331 2039 2385 ergo
2066 2316 2175 2369 haec
2196 2314 2422 2368 solerter

859 2408 1205 2475 exsequitur,
1233 2406 1477 2476 quisquis
1518 2407 1628 2460 haec
1671 2406 1935 2459 subtiliter
1966 2405 2269 2469 meditatur,
2300 2405 2423 2458 huic

858 2500 1044 2568 procul
1078 2499 1237 2553 dubio
1264 2498 1575 2566 tertiusjam
1604 2500 1718 2553 dies
1748 2499 2007 2553 exoritur.
2048 2498 2422 2568 Unusquisque

860 2603 988 2657 ergo
1033 2604 1091 2643 se
1134 2589 1200 2642 ab
1245 2605 1427 2642 amara
1481 2590 1771 2644 carnaliter
1797 2588 2115 2659 sapientium
2155 2591 2423 2659 salsugine

860 2678 1094 2742 dividat;
1125 2678 1326 2732 fontem
1359 2679 1479 2731 vita:
1503 2679 1692 2744 Deum,
1724 2678 1895 2732 factus
1919 2678 2086 2742 arida,
2117 2679 2421 2733 medullitus

860 2769 1024 2833 sitiat,
1062 2770 1320 2823 bonorum
1353 2768 1618 2822 fructuum
1657 2769 1896 2838 germina
1929 2768 2201 2837 proferat;
2236 2779 2291 2823 ut
2318 2771 2419 2825 sibi

858 2858 973 2913 dies
1004 2859 1189 2913 tertius
1216 2859 1508 2913 illucescat.

931 2946 1025 3001 llis
1054 2948 1193 3001 enim
1236 2948 1309 3000 ita
1343 2947 1677 3016 compositis,
1722 2954 1775 3001 et
1812 2946 2098 3001 salubriter
2138 2946 2420 3011 ordinatis,

857 3038 960 3109 3]
992 3038 1166 3091 anima
1200 3038 1455 3102 hominis,
1486 3039 1636 3107 quasi
1668 3038 1883 3092 dimotis
1923 3046 2084 3106 atque
2129 3038 2315 3106 sopitis
2348 3046 2425 3091 te-

858 3128 1041 3182 nebris
1087 3128 1372 3191 vitiorum,
1421 3128 1606 3196 incipit
1651 3128 1865 3181 radiare
1922 3128 2096 3181 nitore
2142 3128 2416 3181 virtutum.

2522 1957 2700 2005 autem
2728 1949 3155 2018 judicatomnia,
3201 1951 3315 2021 ipse
3355 1960 3534 2006 autem
3582 1966 3613 2006 a
3642 1952 3863 2009 nemine
3896 1952 4106 2023 judica-

2522 2050 2608 2095 tur
2628 2041 2679 2109 (1
2706 2040 2827 2095 Cor.
2850 2041 2933 2112 ιι).
2977 2060 2996 2093 ι
3022 2040 3159 2096 Hinc
3184 2043 3362 2111 itaque
3391 2043 3530 2097 Deus
3556 2044 3901 2113 omnipotens
3929 2047 4104 2102 virum

2522 2132 2719 2186 mundo
2769 2131 2976 2186 scilicet
3019 2140 3311 2197 mortuum,
3351 2132 3561 2203 sibique
3608 2134 3898 2202 viventem,
3951 2152 4108 2192 suum

2522 2224 2799 2277 constituit
2828 2222 3097 2289 thronum,
3138 2240 3203 2278 ac
3244 2240 3339 2293 per
3374 2240 3498 2279 eum
3544 2240 3687 2295 saepe
3728 2226 3961 2296 iustitiae
3999 2244 4109 2285 sua

2521 2313 2823 2383 promulgat
2849 2313 3102 2369 edictum.
3153 2314 3289 2369 Hinc
3320 2323 3404 2369 est
3429 2316 3613 2379 etiam,
3644 2317 3790 2385 quod
3835 2318 3979 2373 ordo
4024 2318 4109 2374 ille

2522 2402 2791 2471 angelicus
2818 2416 2913 2469 per
2940 2417 3098 2470 quem
3124 2401 3460 2472 frequentius
3496 2403 3700 2470 judicia
3729 2419 3829 2460 sua
3860 2406 4110 2461 decernit

2522 2492 2859 2561 omnipotens
2886 2493 3044 2560 Deus,
3072 2494 3293 2548 thronus
3318 2504 3537 2549 vocatur
3561 2514 3573 2548 :
3598 2496 3724 2565 quia
3749 2496 3803 2550 in
3835 2497 3918 2552 eis
3955 2511 4108 2552 sum-

2524 2597 2643 2635 mus
2668 2578 2870 2636 arbiter
2896 2584 3164 2651 praesidet,
3189 2599 3311 2638 cum
3350 2585 3547 2652 judicia
3576 2600 3672 2653 per
3694 2600 3791 2640 eos
3832 2588 4113 2657 aquitatis

2523 2680 2757 2725 exercet.
2786 2670 3086 2733 Perfectum
3118 2674 3296 2743 itaque
3326 2674 3501 2729 virum
3532 2672 3672 2729 Deus
3699 2690 3862 2729 suum
3903 2678 4111 2733 consti-

2523 2761 2622 2814 tuit
2648 2761 2859 2825 solium,
2908 2772 2966 2815 ut
2996 2763 3046 2815 in
3074 2776 3139 2816 eo
3179 2763 3416 2818 suaviter
3448 2775 3770 2834 requiescat.
3803 2766 3965 2823 Unde
4013 2783 4111 2839 per

2522 2854 2837 2924 prophetam
2864 2873 2876 2907 :
2908 2873 2927 2906 ι
2960 2855 3134 2928 Super
3167 2873 3344 2927 quem,
3374 2860 3564 2929 inquit,
3595 2863 3903 2931 requiescet
3934 2866 4113 2935 Spiri-

2526 2953 2611 2998 tus
2639 2959 2808 3009 meus,
2833 2945 2932 2999 nisi
2959 2959 3119 3016 super
3144 2948 3422 3014 humilem,
3449 2957 3504 3004 et
3524 2960 3890 3019 mansuetum,
3912 2962 3973 3009 et
4003 2964 4109 3011 tre-

2523 3044 2753 3089 mentem
2786 3049 3063 3092 sermones
3090 3039 3280 3093 meos?
3314 3057 3332 3090 ι
3369 3038 3504 3110 (Ira.
3538 3042 3711 3111 uvr.)

2595 3123 2661 3177 Et
2689 3124 3003 3191 notandum,
3034 3127 3172 3195 quod
3199 3142 3295 3197 per
3316 3144 3751 3201 unumquemque
3791 3133 3936 3189 diem
3970 3136 4109 3192 dici-

858 3216 1034 3284 Atque
1063 3217 1181 3270 ideo
1208 3217 1424 3279 dicitur,
1454 3184 1576 3283 quia
1601 3224 1792 3285 quarto
1822 3216 1907 3269 die
1934 3213 2070 3268 facta
2100 3223 2225 3269 sunt
2260 3216 2417 3268 lumi-
2446 3184 2490 3246 Ε
2525 3221 2611 3266 tur
2636 3230 2647 3265 :
2676 3212 2893 3267 Factum
2922 3224 3004 3269 est
3032 3184 3270 3284 vespere,
3300 3226 3355 3271 et
3382 3184 3577 3274 man-e:
3611 3184 3835 3289 véspem
3854 3184 4107 3293 eiset-

861 3306 1009 3359 naria
1041 3305 1092 3359 in
1126 3305 1463 3360 ﬁrmamento
1492 3306 1633 3359 coeli.
1674 3306 1811 3372 Quid
1846 3314 1928 3359 est
1949 3306 2089 3359 enim
2123 3306 2245 3374 quia
2275 3306 2423 3375 prius

859 3394 1125 3464 germinat
1158 3405 1320 3459 terra,
1352 3404 1406 3449 et
1454 3396 1697 3465 protinus
1740 3396 2024 3449 luminaria
2054 3404 2179 3450 sunt
2217 3407 2420 3462 creata,

861 3484 965 3539 nisi
1009 3484 1133 3553 quia
1180 3485 1474 3553 prodeunte
1514 3486 1753 3553 germine
1797 3486 1922 3540 horti
1974 3486 2175 3554 Operis,
2224 3485 2311 3540 lux
2368 3488 2421 3540 in

863 3572 1041 3626 anima
1069 3573 1335 3642 copiosior
1362 3574 1554 3638 oritur,
1588 3584 1646 3627 ut
1670 3574 1867 3627 imitari
1893 3574 2067 3628 valeat
2091 3576 2171 3630 sui
2204 3578 2423 3646 vestigia

864 3662 1279 3732 Redemptoris?
1309 3663 1587 3719 Acceleret
1623 3680 1752 3733 ergo
1783 3675 1925 3719 terra
1956 3665 2151 3720 mentis
2180 3668 2426 3723 humana:

860 3752 1217 3821 spiritualium
1249 3762 1486 3820 segetum
1514 3752 1817 3824 germinare
1844 3762 2182 3823 proventum,
2218 3764 2277 3809 ut
2299 3757 2426 3811 ruti-

860 3841 1095 3896 lantibus
1140 3842 1339 3896 intima:
1387 3841 1529 3906 lucis
1574 3843 1737 3897 radiis
1783 3842 2111 3915 illustretur;
2163 3854 2426 3913 quatenus

863 3934 991 3987 dum
1034 3932 1209 4001 quarti
1239 3933 1342 3986 diei
1388 3931 1507 3986 lucc
1536 3931 1854 4000 perfruitur,
1889 3933 2050 3986 etiam
2091 3933 2157 3987 ad
2183 3944 2425 3990 contem-

861 4022 1053 4091 planda
1104 4020 1346 4076 coelestia
1395 4036 1545 4076 more
1591 4021 1948 4091 spiritualium
1998 4023 2272 4079 volucrum
2338 4043 2421 4080 ra-

860 4113 1058 4182 piatur.

934 4202 1084 4257 Uude
1117 4208 1219 4264 est,
1250 4200 1391 4269 quod
1418 4200 1469 4254 in
1502 4201 1691 4269 quinto
1728 4200 1813 4254 die
1855 4202 2021 4255 creati
2059 4209 2185 4257 sunt
2212 4204 2387 4273 pisces
2408 4245 2423 4269 ,

863 4308 959 4363 per
985 4307 1118 4360 quos
1153 4291 1501 4356 designantur
1532 4291 1565 4343 ii
1598 4290 1689 4357 qui
1720 4292 2055 4359 baptismatis
2094 4306 2427 4351 sacramenta

864 4382 1203 4449 suscipiunt;
1252 4378 1494 4433 volucres
1523 4379 1704 4439 etiam.
1740 4380 1830 4447 qui
1874 4379 2179 4449 significant
2214 4397 2306 4436 eos
2336 4386 2427 4451 qui

862 4470 1119 4523 virtutum
1164 4466 1351 4536 pennis
1393 4466 1458 4519 ad
1496 4466 1732 4520 cmlestia
1765 4483 1822 4521 se
1863 4468 2267 4536 contemplanda
2310 4487 2427 4525 sus-

862 4558 1117 4629 pendunt.
1151 4555 1403 4622 Quintum
1444 4572 1573 4625 ergo
1609 4557 1895 4625 tliem;cum
1926 4557 2232 4614 volucribus
2266 4561 2424 4616 habet

864 4646 1126 4718 quisquis,
1156 4645 1335 4699 saeculi
1368 4647 1523 4715 hujus
1563 4662 1745 4701 amore
1774 4656 2103 4717 contempto,
2146 4651 2297 4718 quasi
2328 4651 2425 4705 de-

866 4739 1114 4806 dignatur
1141 4750 1352 4790 cauum
1383 4737 1593 4791 calcare
1626 4745 1914 4798 terrenum,
1959 4753 2023 4792 ac
2058 4752 2153 4807 per
2181 4748 2423 4795 contem-

866 4826 1115 4895 plationis
1142 4827 1369 4891 gratiam
1411 4828 1475 4881 ad
1505 4828 1735 4881 caelestis
1762 4830 1943 4897 gloriae
1982 4844 2039 4883 se
2064 4832 2309 4898 provehit
2332 4847 2425 4901 ap-

866 4915 1115 4985 petitum.
1158 4914 1255 4968 llic
1296 4915 1473 4985 itaque
1503 4931 1607 4969 non
1639 4916 1751 4983 jam
1783 4920 1835 4971 in
1866 4928 2008 4974 terra
2039 4921 2299 4990 graditur,
2330 4925 2424 4978 sed

867 5022 963 5076 per
996 5019 1173 5059 aerem
1226 5005 1365 5059 volat
1391 5024 1403 5058 :
1428 5008 1551 5075 quia
1585 5015 1794 5062 terrena
1836 5025 2061 5078 qureque
2104 5012 2423 5080 despiciens,

868 5096 932 5150 ad
968 5097 1205 5150 caelestia
1244 5096 1547 5151 sitibundus
1591 5099 1825 5153 anhelat.
1856 5119 1872 5151 ‹
1913 5100 2114 5166 Sitivit,
2160 5104 2423 5171 inquiens,

870 5191 1043 5241 anima
1075 5203 1190 5241 mea
1218 5189 1283 5241 ad
1315 5187 1477 5242 Deum
1512 5190 1715 5243 fontem
1740 5192 2167 5261 vivum,quando
2194 5198 2426 5260 veniam,

869 5282 925 5329 et
953 5276 1217 5344 apparebo
1245 5285 1370 5329 ante
1392 5276 1585 5332 facient
1618 5278 1748 5332 Dei?
1772 5300 1788 5329 ι
1822 5278 1991 5346 (Ρεαι.
2024 5284 2153 5353 xu).
2181 5284 2277 5349 ilic
2302 5302 2428 5356 ergo

870 5366 1024 5435 quasi
1054 5366 1137 5417 vir
1161 5364 1425 5434 perfectus
1465 5368 1529 5421 ad
1560 5370 1642 5421 Siti
1670 5368 1976 5423 Conditoris
2004 5373 2193 5425 merito
2231 5372 2431 5427 forma-

873 5466 958 5509 tur
982 5456 1289 5525 imaginem,
1316 5455 1565 5511 nimirum
1590 5459 1677 5528 qui
1701 5468 1900 5511 tautam
1926 5461 2281 5530 spiritualium
2302 5466 2428 5517 cha-

872 5544 1151 5598 rismatum
1195 5544 1431 5613 possidet
1472 5548 1808 5616 dignitatem,
1858 5559 2046 5603 utnon
2082 5549 2193 5616 jam
2233 5552 2431 5606 solum-

876 5635 1030 5688 modo
1093 5634 1451 5703 quorumlibet
1522 5651 1763 5691 normam
1836 5640 2174 5709 praecipiatur
2249 5651 2429 5696 tenere

875 5734 1202 5789 sanctorum,
1249 5725 1341 5780 sed
1367 5733 1421 5778 et
1461 5726 1630 5795 ipsum
1686 5726 1799 5793 Dei,
1847 5729 1896 5780 in
1924 5740 2180 5798 quantum
2206 5728 2286 5785 fas
2326 5740 2425 5794 est,

2520 3300 2644 3356 licet
2673 3301 2785 3371 ipsa
2812 3303 2935 3357 boni
2969 3305 3148 3373 operis
3186 3314 3268 3360 est
3306 3304 3584 3375 perfectio,
3634 3302 3795 3363 mane
3838 3324 3975 3367 vero
4016 3312 4110 3369 lux

2520 3391 2735 3445 mentis.
2762 3390 2893 3445 Nam
2916 3406 3037 3446 cum
3064 3392 3262 3447 bonum
3289 3409 3424 3464 opus
3447 3396 3693 3465 pervenit
3719 3397 3787 3452 ad
3812 3398 4112 3469 perfectio-

2520 3494 2666 3543 nem,
2700 3488 2825 3534 tunc
2853 3480 2904 3533 in
2943 3482 3217 3549 Operantis
3246 3493 3422 3537 mente
3461 3483 3552 3537 lux
3582 3484 3772 3554 gratia:
3801 3487 4108 3555 spiritualis

2521 3572 2801 3635 exoritur;
2834 3580 2894 3624 ut
2919 3572 3042 3625 dum
3072 3586 3207 3642 Opus
3234 3571 3364 3628 foris
3389 3575 3725 3644 exsequitur,
3775 3576 4108 3637 intrinsecus

2524 3660 2637 3729 ipse
2660 3660 2831 3729 gratia
2865 3659 3099 3729 Spiritus
3128 3662 3443 3718 illustretur.

2594 3748 2685 3802 Sic
2727 3750 2905 3817 itaque
2935 3751 3244 3819 pervenitur
3270 3751 3336 3805 ad
3379 3750 3699 3819 Sabhatum,
3728 3754 3783 3810 in
3810 3771 3923 3827 quo
3965 3759 4109 3817 Dens

2522 3846 2577 3892 et
2602 3838 2715 3907 ipse
2738 3840 3123 3894 consummatis
3143 3840 3395 3909 operibus
3415 3843 3725 3911 requiescit,
3749 3854 3805 3900 et
3825 3848 4105 3905 hominem

2524 3928 2863 3995 requiescere
2907 3930 3167 3998 prmcipit.
3209 3929 3322 3984 Hoc
3349 3931 3530 4001 itaque
3570 3932 3731 3987 modo
3760 3944 3817 3989 et
3845 3937 4012 3993 homo
4047 3939 4106 3992 fit

2527 4017 2815 4070 Sabbatum
2846 4018 2961 4081 Dei,
2992 4028 3047 4071 et
3094 4020 3233 4073 Deus
3260 4020 3554 4075 Sabbatum
3584 4023 3863 4091 hominis;
3898 4042 4023 4081 cum
4054 4036 4107 4083 et

2524 4107 2637 4175 ipse
2667 4107 2719 4159 in
2756 4107 2885 4170 Deo,
2915 4115 2969 4161 et
2999 4110 3138 4163 Deus
3163 4111 3452 4178 requiescit
3482 4113 3533 4165 in
3560 4128 3645 4167 eo.
3688 4132 3709 4165 ι
3761 4114 3998 4184 Manete,
4027 4118 4106 4173 in-

2525 4197 2657 4264 quit,
2684 4197 2734 4249 in
2768 4213 2850 4249 me
2879 4205 2931 4250 et
2953 4213 3050 4267 ego
3089 4199 3140 4251 in
3172 4201 3319 4254 vobis
3342 4200 3522 4272 (Joan.
3549 4208 3661 4273 xv).
3703 4223 3722 4254 ι
3754 4204 3873 4275 Ipse
3900 4209 4102 4279 quippe

2527 4286 2680 4339 nobis
2708 4296 2762 4339 et
2792 4287 3138 4355 intemporale
3163 4299 3387 4359 tempus,
3430 4300 3484 4346 et
3530 4292 3755 4349 illocalis
3796 4305 3886 4350 est
3932 4297 4107 4354 locus‘

2528 4374 2751 4429 lllocalis
2773 4376 2995 4439 scilicet,
3025 4378 3148 4445 quia
3174 4396 3277 4433 non
3305 4381 3767 4438 circumscribitur
3790 4402 3804 4450 ;
3837 4386 4107 4460 intempo-

2530 4464 2677 4529 ralis,
2700 4467 2821 4534 quia
2845 4481 3115 4535 nunquam
3141 4468 3340 4522 linitur.
3366 4470 3599 4540 Tempus
3620 4473 3798 4542 itaque
3821 4478 3983 4533 nobis
4001 4489 4105 4546 est,

2529 4556 2654 4609 dum
2681 4557 2808 4612 dicit
2833 4576 2845 4610 :
2867 4576 2885 4607 ι
2905 4557 3089 4614 Nonne
3114 4560 3391 4615 duodecim
3406 4561 3553 4615 horae
3580 4563 3860 4617 suntdiei?
3879 4584 3900 4618 ι
3921 4568 4103 4637 (Joan.

2528 4647 2629 4715 χι.)
2657 4646 2726 4702 Se
2753 4648 2956 4703 scilicet
2982 4649 3143 4715 diem,
3165 4650 3443 4706 duodecim
3479 4661 3661 4707 autem
3692 4655 3857 4712 horas
3882 4660 4108 4717 totidem

2527 4736 2657 4791 dicit
2686 4739 2973 4806 apostolos.
2993 4738 3165 4795 Locus
3183 4757 3312 4796 vero
3339 4740 3447 4795 illic
3468 4742 3833 4798 indubitanter
3846 4750 4110 4817 exprimi-

2529 4838 2631 4892 tur,
2651 4830 2738 4883 ubi
2761 4828 3022 4898 Propheta
3045 4846 3165 4885 cum
3188 4831 3533 4900 prmmisisset
3560 4849 3572 4885 :
3600 4852 3619 4884 ι
3653 4833 3731 4887 Tu
3751 4842 3943 4892 autem
3966 4841 4109 4896 idem

2528 4920 2639 4986 ipse
2662 4933 2739 4983 es,
2765 4929 2818 4973 et
2841 4922 2964 4973 anni
2989 4921 3060 4973 tui
3084 4934 3186 4973 non
3217 4920 3464 4975 deficient
3488 4938 3501 4985 ;
3538 4940 3556 4972 ι
3583 4924 3830 4993 protinus
3864 4927 4108 4984 addidit:

2536 5029 2553 5057 ι
2577 5007 2696 5063 Filii
2730 5025 3006 5064 servomm
3048 5018 3258 5063 tuorum
3303 5010 3617 5066 habitabunt
3658 5012 3730 5067 ibi
3754 5011 3932 5083 (Psal.
3960 5016 4060 5089 Cl),
4085 5036 4104 5070 ι

2530 5098 2669 5152 haud
2690 5097 2909 5157 dubium
2930 5098 3059 5167 quin
3089 5099 3141 5152 in
3175 5108 3242 5154 te.
3266 5099 3416 5154 Fecit
3446 5100 3627 5169 itaque
3656 5102 3795 5157 Deus
3821 5104 4027 5160 caelum
4054 5115 4110 5161 et

2532 5196 2749 5248 terram.
2778 5196 2833 5241 et
2859 5188 3181 5256 requievisse
3202 5204 3307 5244 non
3333 5190 3565 5244 dicitur:
3595 5190 3719 5246 fecit
3740 5194 4107 5261 germinantia

2531 5285 2687 5330 terra?
2714 5285 2769 5331 et
2796 5276 3074 5333 luminaria
3103 5280 3244 5343 cmli,
3275 5289 3327 5333 et
3362 5283 3689 5350 requievisse
3724 5301 3832 5341 non
3861 5286 4101 5345 dicitur:

2529 5366 2655 5421 fecit
2674 5368 2851 5422 omnia
2879 5384 2996 5437 qua!
3018 5380 3309 5437 pascuntur
3333 5370 3385 5425 in
3410 5373 3591 5438 terris,
3624 5376 3704 5429 vel
3739 5367 3862 5445 quae
3883 5394 4106 5435 moveu-

2528 5466 2614 5512 tur
2642 5459 2696 5510 in
2726 5459 2902 5527 aquis,
2931 5467 2985 5511 et
3015 5460 3067 5512 in
3100 5460 3347 5515 omnibus
3373 5461 3457 5515 his
3484 5478 3748 5532 nusquam
3777 5464 3982 5535 legitur
4018 5481 4104 5523 re-

2524 5549 2828 5618 quievisse;
2857 5551 2949 5604 sed
2979 5550 3238 5619 plasmata
3268 5554 3332 5606 ad
3361 5554 3644 5623 imaginem
3676 5570 3829 5609 suam
3858 5558 4097 5617 homine.

2527 5640 2817 5694 Sabbatum
2845 5642 3092 5711 protinus
3114 5642 3311 5711 quietis
3334 5643 3527 5710 illusit,
3552 5652 3607 5699 et
3625 5645 3705 5699 sic
3728 5646 4100 5703 universitatis

2525 5731 2781 5787 Conditor
2816 5734 3112 5802 requievit;
3144 5743 3199 5790 et
3386 5735 3499 5804 ipse
3537 5750 3635 5807 per
3670 5737 3991 5808 prephetam
4021 5738 4099 5792 dio
