4260 6374
377 333 469 392 935
1598 321 1798 378 LIBER
1839 319 2224 388 SECUNDUS,
2262 320 2482 380 EPIST.
2515 322 2580 379 V.

3539 328 3640 386 266

375 457 485 509 cat:
519 463 536 498 ι
568 445 778 500 Caelum
823 441 954 498 mihi
995 449 1151 498 sedes
1179 447 1285 506 est,
1331 449 1475 496 terra
1514 449 1692 496 autem
1733 437 1940 495 scabel-
1964 442 2021 504 Α
2042 435 2318 495 Creatoris
2360 439 2445 495 sui
2475 438 2598 494 luce
2625 435 2946 510 perfruitur,
2971 452 3093 508 qua:
3142 438 3497 496 vernantibus
3527 443 3641 497 vir-

375 539 475 596 ium
499 535 690 607 pedum
719 548 962 588 meorum
996 532 1130 605 (ha.
1166 530 1352 602 vat);
1395 550 1414 583 ι
1448 528 1592 600 quod
1639 529 1692 584 in
1725 529 1942 585 illorum

373 627 664 687 conditione
705 640 811 680 non
859 624 1075 688 dicitur,
1116 623 1170 678 in
1201 621 1316 677 sola
1351 621 1588 677 hominis
1634 621 1944 678 conditione

372 716 624 789 quievisse
643 713 963 786 perhibetur
987 731 1002 782 ;
1035 723 1089 770 et
1108 722 1168 768 ut
1188 714 1360 785 magis
1388 728 1453 769 ac
1474 713 1647 784 magis
1673 712 1940 785 insignem

369 810 517 880 hujus
539 809 888 886 dicistupeas
907 807 1246 879 dignitatem,
1265 806 1395 862 dicit
1414 804 1695 876 Scriptura
1721 824 1735 860 :
1766 825 1784 858 ι
1803 805 1941 874 Quia

371 899 635 958 benedixit
664 897 811 954 Dens
836 897 940 954 diei
961 897 1212 968 septimo.
1257 904 1315 952 et
1360 895 1722 952 sanetilicavit
1766 895 1940 964 illum,

371 991 489 1064 quia
517 990 569 1046 in
595 989 714 1061 ipso
738 997 1046 1046 cessaverat
1082 988 1154 1044 ab
1183 987 1436 1043 universo
1463 1001 1628 1058 opere
1651 1002 1753 1043 suo
1780 985 1938 1060 (Gen.

368 1084 456 1156 n):
490 1103 508 1136 ι
542 1084 686 1154 quod
712 1083 766 1138 in
794 1081 1003 1138 caeteris
1022 1080 1216 1137 diebus
1267 1079 1463 1136 fecisse
1487 1079 1637 1137 nullo
1662 1079 1822 1137 modo
1849 1096 1939 1136 re-

367 1176 584 1248 peritur.
611 1173 752 1243 Quid
789 1182 876 1230 est
919 1173 1064 1230 enim
1109 1172 1220 1228 Deo
1249 1171 1546 1229 Sabbatum
1573 1172 1939 1239 sanctificare,

365 1267 461 1326 nisi
504 1266 756 1336 templum
785 1263 1004 1321 sibimet
1046 1263 1102 1318 in
1146 1263 1322 1319 sancti
1364 1271 1529 1335 atque
1575 1261 1801 1334 perfecti
1835 1263 1940 1319 viri

366 1367 536 1416 mente
579 1365 918 1414 construere.
965 1355 1120 1413 Sicut
1146 1363 1202 1412 et
1228 1355 1551 1426 Apostolus:
1579 1374 1598 1408 ι
1632 1353 1938 1426 Templum,

364 1452 456 1519 ait,
487 1451 597 1517 Dei,
632 1451 776 1522 quod
798 1449 930 1506 estis
957 1464 1073 1516 vos,
1100 1457 1156 1505 et
1200 1448 1434 1520 Spiritus
1476 1455 1700 1504 sanctus
1728 1447 1942 1504 habitat

363 1544 414 1600 in
439 1544 588 1601 vobis
614 1543 668 1616 (I
696 1544 818 1600 Cor.
846 1542 952 1614 ιιι).
990 1561 1010 1596 ι

421 1636 582 1692 Porro
608 1646 790 1692 autem
815 1635 958 1692 sicut
981 1635 1048 1691 de
1068 1634 1306 1691 Sabbato
1331 1634 1585 1701 diximus,
1623 1635 1697 1690 ita
1726 1649 1940 1706 quoque

361 1727 490 1784 ratio
540 1727 709 1798 exigit
755 1738 814 1782 ut
865 1726 934 1782 de
967 1725 1165 1798 templo
1201 1727 1486 1794 dicamus,
1531 1727 1659 1797 quia
1691 1735 1748 1781 et
1793 1727 1938 1782 Deus

2050 537 2223 585 tutum
2257 528 2621 602 spiritualium
2657 529 2996 602 germinibus
3024 531 3333 597 decoratur,
3365 547 3528 604 quam
3554 537 3643 592 de-

2045 618 2212 690 nique
2236 618 2358 676 fons
2378 619 2658 690 sapientiae
2677 618 3070 690 proﬂuentibus
3093 635 3162 676 ex
3186 637 3246 678 se
3267 632 3503 692 quatuor
3522 642 3644 699 gnro

2047 711 2248 784 gitibus
2287 712 2495 785 irrigat,
2527 723 2692 783 atque
2711 712 2780 768 ad
2822 712 3183 783 proferendos
3217 715 3481 772 bonorum
3519 734 3646 790 ope-

2044 818 2165 858 rum
2206 803 2417 861 fructus
2449 803 2688 860 caelestis
2731 804 2922 875 gratiae
2950 804 3176 860 madore
3201 805 3460 863 fecundat
3492 828 3504 864 :
3530 811 3647 868 haec

2043 893 2230 966 procul
2255 895 2416 951 dubio
2454 896 2763 966 paradisus,
2792 898 2909 953 haec
2947 907 3029 954 est
3074 899 3268 957 hortus
3299 899 3644 970 deliciarum,

2044 988 2112 1043 de
2130 1003 2235 1059 qua
2250 988 2512 1045 Dominus
2532 1005 2630 1061 per
2643 991 2838 1048 Isaiam
2853 992 3016 1048 dicit:
3041 1012 3058 1046 ι
3079 994 3366 1052 Ell'undam
3391 998 3647 1070 spiritum

2042 1090 2225 1132 meum
2250 1093 2413 1150 super
2438 1093 2626 1136 semen
2673 1091 2847 1148 tuum,
2890 1092 2946 1138 et
2981 1083 3419 1144 benedictionem
3465 1105 3646 1146 meam

2043 1184 2210 1241 super
2257 1172 2482 1243 stirpem
2536 1182 2704 1240 tuam,
2734 1183 2790 1231 et
2830 1177 3216 1249 germinabunt
3254 1181 3399 1238 inter
3447 1184 3652 1242 herbas

2042 1262 2196 1333 quasi
2214 1262 2408 1320 salices
2426 1261 2584 1333 juxta
2616 1266 3045 1337 praeterﬂuentes
3076 1285 3246 1341 aquas
3267 1271 3405 1345 (Isa.
3435 1276 3640 1348 κυνὶ.»

2043 1354 2196 1412 Tunc
2224 1356 2324 1424 illi,
2356 1360 2500 1428 quod
2529 1374 2629 1429 per
2649 1359 2790 1418 Osee
2815 1363 3136 1434 prophetam
3161 1368 3522 1437 promittitur,
3559 1370 3646 1428 ef-

2040 1449 2687 1524 llcaciteradimpleturu
2720 1455 2829 1512 Ero
2857 1458 3014 1528 quasi
3040 1474 3152 1527 ros,
3176 1460 3342 1518 Israel
3368 1467 3645 1535 germina-

2039 1542 2122 1599 bit
2156 1544 2312 1614 quasi
2363 1545 2559 1612 lilium,
2588 1556 2644 1604 et
2671 1560 2921 1621 erumpet
2956 1553 3112 1608 radix
3142 1553 3258 1622 ejus
3289 1565 3348 1612 ut
3401 1557 3594 1618 Libani
3629 1581 3644 1620 :

2041 1631 2196 1688 ibunt
2223 1635 2363 1689 rami
2387 1634 2525 1705 ejus,
2555 1645 2611 1693 et
2652 1640 2760 1694 erit
2805 1642 2965 1711 quasi
3013 1641 3154 1699 oliva
3206 1646 3377 1717 gloria
3426 1647 3565 1719 ejus,
3592 1661 3651 1709 et

2040 1723 2178 1780 odor
2207 1725 2322 1797 ejus
2350 1737 2409 1784 ut
2435 1728 2650 1786 Libani.
2678 1730 3078 1790 Convertentur
3103 1738 3422 1798 sedehlesin
3451 1748 3646 1803 umbra

367 1817 614 1888 templum
643 1816 896 1883 hominis,
923 1825 979 1873 et
1015 1818 1176 1875 homo
1203 1825 1288 1873 est
1335 1817 1592 1889 templum
1628 1816 1754 1882 Dei;
1802 1818 1944 1873 sicut
1969 1810 2018 1872 Β
2045 1816 2193 1885 ejus;
2224 1819 2408 1876 vivent
2456 1821 2662 1890 tritico,
2698 1831 2754 1880 et
2805 1827 3188 1897 germinabunt
3240 1833 3396 1901 quasi
3439 1837 3596 1892 vinea
3628 1857 3644 1906 ;

361 1907 412 1965 in
440 1907 756 1981 Apocalypsi
799 1907 1028 1964 Joannis
1050 1909 1286 1965 dicitur:
1316 1927 1334 1961 c
1367 1909 1652 1981 Templum
1680 1923 1788 1965 non
1827 1910 1937 1966 vidi

355 1999 406 2057 in
431 2015 512 2056 ea.
547 2001 810 2058 Dominus
839 2002 982 2059 enim
1014 2003 1154 2058 Deus
1197 2001 1537 2072 omnipotens
1570 2001 1827 2073 templum
1873 2001 1939 2056 il-

355 2087 450 2144 lius
489 2098 591 2155 est,
636 2099 691 2145 et
730 2105 902 2163 agnus
945 2091 1126 2162 (Apoc.
1177 2092 1313 2162 xxi).
1350 2110 1368 2144 ι
1422 2091 1705 2161 Templum
1755 2092 1940 2162 itaque

354 2179 580 2237 hominis
610 2182 784 2248 Deus,
815 2182 1071 2254 templum
1098 2183 1193 2240 Dei
1224 2183 1284 2238 lit
1311 2183 1488 2240 homo.
1538 2182 1651 2240 Hoc
1700 2185 1939 2242 hominis

355 2272 600 2343 templum
651 2273 950 2345 spiritualis
999 2282 1082 2331 est
1137 2275 1459 2345 paradisus,
1515 2290 1689 2332 mens-
1731 2276 1939 2332 scilicet

351 2370 550 2427 saneta,
598 2376 755 2418 mens
801 2362 1062 2434 perfecta,
1113 2377 1267 2420 mens
1295 2365 1514 2430 munda,
1560 2373 1723 2437 atque
1753 2367 1820 2422 ad
1851 2367 1936 2423 sui

352 2451 651 2509 Conditoris
678 2453 966 2527 imaginem
1010 2456 1289 2527 signanter
1332 2471 1608 2526 expressa.
1656 2457 1803 2524 Haec,
1848 2459 1935 2515 in-

351 2558 522 2614 quam,
552 2561 727 2612 mens,
755 2547 870 2603 sive
891 2547 1174 2604 rationalis
1209 2550 1409 2614 anima,
1435 2551 1561 2621 jure
1588 2551 1790 2608 dicitur
1832 2566 1934 2623 pa-

351 2637 574 2703 radisus,
603 2655 728 2710 qua:
749 2647 805 2695 et
829 2639 1127 2697 caelestium
1156 2642 1545 2698 charismatum
1583 2653 1668 2700 est
1712 2643 1936 2701 ﬂuentis

351 2725 560 2799 irrigua,
593 2739 652 2785 et
698 2738 953 2802 tanquam
1003 2731 1262 2788 fertilium
1303 2735 1558 2791 arborum
1597 2735 1682 2791 vel
1731 2737 1935 2792 herba-

350 2829 482 2882 rum,
509 2816 588 2874 sic
615 2818 920 2877 virentibus
947 2831 1259 2877 sanctarum
1296 2823 1556 2879 virtutum
1597 2835 1784 2881 vernat
1813 2841 1935 2897 ger-

350 2904 572 2962 minibus
593 2907 879 2964 adornata.
910 2908 1055 2966 Fons
1088 2911 1232 2967 enim
1269 2912 1377 2977 ille,
1418 2913 1532 2969 sive
1561 2913 1790 2980 ﬂuvius,
1841 2917 1935 2986 qui

351 2994 449 3051 illic
473 2997 672 3053 dicitur
692 3002 874 3071 egredi
913 3003 981 3057 de
1017 3002 1138 3058 loco
1163 3003 1458 3075 voluptatis
1483 3005 1552 3060 ad
1598 3007 1934 3078 irrigaudum

351 3088 672 3157 paradisum,
699 3091 900 3161 quique
923 3091 1182 3148 dividitur
1207 3093 1260 3148 in
1303 3104 1536 3164 quatuor
1565 3096 1763 3164 capita,
1795 3097 1934 3152 ratio

2041 1914 2359 2004 memoriale
2412 1915 2530 1986 ejus
2588 1917 2733 1974 sicut
2787 1920 2972 1978 vinum
3022 1912 3214 1982 Libani
3245 1927 3393 1997 (Ose.
3441 1934 3577 2004 xiv).
3623 1953 3644 1988 ι

2039 2003 2195 2061 Hanc
2223 2005 2389 2076 igitur
2425 2008 2681 2075 animam,
2709 2010 2851 2067 sicut
2892 2012 2959 2068 de
2985 2015 3227 2073 Sabbato
3253 2018 3473 2092 legitur,
3505 2024 3648 2082 Deus

2038 2093 2386 2166 omnipotens
2413 2098 2719 2154 sanctificat
2745 2109 2801 2156 et
2825 2101 3118 2170 benedicit,
3150 2115 3202 2161 et
3226 2108 3280 2162 in
3313 2123 3374 2163 ea
3405 2113 3645 2172 delecta-

2037 2183 2221 2241 biliter
2241 2188 2556 2258 requiescit.
2583 2189 2712 2248 Haec
2738 2193 3005 2264 siquidem
3033 2211 3163 2252 vere
3185 2198 3503 2272 Sabbatum,
3533 2208 3649 2264 hare

2039 2278 2321 2350 templum,
2351 2280 2466 2337 haec
2494 2283 2576 2338 sui
2603 2284 2880 2341 Creatoris
2909 2296 2994 2342 est
3014 2293 3408 2351 sanctuarium.

2110 2367 2282 2425 Porro
2309 2379 2490 2426 autem
2531 2371 2674 2428 sicut
2701 2374 2997 2448 Egyptum
3032 2384 3304 2450 percussit
3343 2387 3500 2460 plaga
3529 2407 3646 2448 mu-

2039 2474 2257 2517 scarum
2289 2461 2490 2532 (Exod.
2522 2465 2607 2535 tt),
2640 2465 2971 2526 lsraeliticus
3000 2483 3183 2531 autem
3233 2481 3466 2550 populus
3489 2498 3647 2542 accc-

2038 2550 2119 2622 pit
2139 2551 2192 2606 in
2218 2567 2446 2610 munere
2469 2554 2791 2625 Sabbatum,
2819 2560 2893 2615 ita
2916 2576 3134 2635 semper
3155 2577 3210 2621 et
3233 2572 3463 2640 reproba
3491 2591 3646 2634 mens

2039 2640 2196 2696 avide
2217 2655 2315 2714 per
2343 2643 2532 2698 mundi
2587 2645 2750 2716 hujus
2776 2650 2990 2720 negotia
3024 2652 3264 2724 inquieta
3302 2657 3642 2732 diffunditur,

2038 2741 2095 2788 et
2116 2732 2298 2787 anima
2322 2742 2510 2790 sancta
2570 2735 2623 2790 in
2652 2737 2767 2795 sola
2792 2739 2874 2794 sui
2906 2739 3292 2815 Redemptoris
3327 2751 3646 2820 quietudine

2039 2825 2358 2881 delectatur.
2389 2826 2527 2883 llinc
2551 2839 2658 2896 est,
2682 2833 2823 2901 quod
2854 2847 2962 2889 non
2996 2835 3144 2902 alibi,
3168 2838 3264 2895 sed
3295 2840 3348 2896 in
3378 2841 3645 2903 Reblatha

2038 2928 2136 2970 rex
2169 2915 2462 2987 Babylonis
2484 2916 2728 2975 Sedeciae
2754 2921 2895 2978 filios
2918 2925 3234 2994 trucidavit,
3267 2939 3323 2985 et
3347 2942 3468 3003 post
3498 2934 3646 3004 ejus-

2039 3007 2162 3063 dem
2210 3009 2398 3065 oculos
2441 3012 2584 3066 eruit
2613 3011 2721 3083 (IV
2754 3013 2886 3086 Reg.
2921 3018 3094 3088 xxtv).
3123 3018 3291 3077 Plane
3322 3024 3449 3080 dum
3490 3025 3642 3084 Scri-

2036 3104 2198 3166 ptura
2241 3113 2398 3154 sacra
2443 3101 2686 3158 Sedeciat
2741 3105 3114 3172 captivitatem
3150 3121 3356 3179 narrat,
3381 3117 3644 3175 ordinent

353 3179 540 3234 mentis
563 3190 680 3247 est,
711 3195 778 3236 ex
827 3197 952 3252 qua,
997 3183 1142 3239 velut
1189 3184 1435 3256 originali
1477 3184 1644 3250 fonte,
1703 3174 2008 3254 quatuorC
2041 3191 2371 3260 captivitatis
2422 3194 2655 3250 interna:
2706 3196 3012 3254 denuntiat.
3073 3202 3187 3256 llex
3233 3174 3434 3276 quippe
3469 3209 3646 3282 Baby-

349 3270 586 3335 virtules,
610 3272 821 3342 iustitia
860 3275 1142 3341 videlicet,
1191 3275 1452 3333 fortitudo
1478 3319 1492 3343 ,
1551 3279 1841 3348 prudentia
1879 3289 1936 3336 et

348 3364 724 3431 temperantia,
775 3367 928 3436 quasi
971 3366 1196 3422 totidem
1241 3367 1505 3422 salutiferi
1553 3369 1661 3440 63
1697 3369 1937 3441 gurgites

349 3451 635 3521 proﬂuunt,
663 3456 755 3526 qui
785 3465 986 3512 terram
1009 3459 1177 3514 nostri
1208 3459 1390 3515 cordis
1411 3458 1644 3515 fertilem
1679 3461 1932 3518 reddunt.

349 3539 566 3613 Lignum
614 3560 748 3601 vero
773 3547 898 3601 vitae
944 3548 1058 3618 ipsa
1098 3547 1364 3608 bonorum
1407 3557 1491 3603 cst
1537 3549 1829 3619 sapientia,
1866 3551 1934 3608 de

349 3645 446 3700 qua
490 3641 544 3688 et
590 3633 845 3690 Salomon
898 3636 1015 3690 ait:
1049 3654 1068 3688 ε
1106 3636 1330 3708 Lignum
1379 3637 1502 3692 vitae
1553 3647 1638 3692 est
1684 3638 1784 3704 his,
1838 3640 1930 3711 qui

345 3723 814 3790 apprehenderunt
856 3738 975 3779 eam
1003 3763 1019 3790 ,
1059 3734 1113 3780 et
1151 3726 1244 3795 qui
1293 3727 1528 3782 tenuerit
1579 3742 1701 3782 cam
1745 3730 1934 3785 beatus

347 3808 518 3876 (Prov.
561 3815 670 3885 ιιι).
708 3835 728 3869 ι
780 3815 1007 3888 Lignum
1051 3832 1185 3872 vero
1226 3817 1466 3874 scientia:
1513 3819 1636 3874 boni
1687 3830 1737 3876 et
1782 3823 1932 3890 mali,

347 3909 699 3977 transgressio
719 3916 803 3964 est
827 3909 962 3982 legis
992 3909 1224 3975 indictae,
1256 3912 1798 3983 experimentumque
1824 3915 1931 3969 mi-

345 3995 510 4050 seriae.
539 3997 646 4054 Sed
677 4000 800 4068 quia
827 4001 982 4056 nobis
1024 4002 1360 4072 propositum
1409 4017 1514 4058 non
1544 4014 1626 4058 est
1653 3992 1930 4074 exponere

344 4096 526 4141 cuncta
569 4103 670 4158 per
714 4090 986 4156 ordinem,
1030 4092 1261 4147 suﬂiciat
1301 4093 1416 4147 huic
1460 4094 1756 4161 succincte,
1805 4111 1928 4167 quae

349 4173 465 4229 huic
491 4178 708 4247 negotio
737 4188 1072 4248 competunt,
1098 4181 1427 4250 praelibasse.

408 4263 714 4324 Notandum
744 4285 871 4324 vero
896 4271 1022 4341 quia
1051 4281 1106 4326 ct
1153 4273 1381 4343 reproba
1410 4274 1700 4341 cujuslibet
1745 4277 1927 4332 anima

345 4355 399 4410 lit
421 4357 663 4415 confusio
690 4362 874 4416 tartari
902 4378 916 4415 :
944 4369 1000 4416 et
1026 4371 1233 4427 sancta,
1259 4365 1455 4420 munda
1499 4374 1662 4436 atque
1691 4369 1926 4436 perfecta

343 4448 541 4516 simias
569 4452 828 4522 paradisi.
869 4451 1020 4507 Mens
1066 4453 1211 4508 enim
1262 4453 1468 4516 odiosa.
1517 4457 1732 4526 cupida.
1784 4459 2003 4551 curis-
2033 4470 2402 4542 intelligentia:
2444 4473 2624 4530 lumen
2681 4479 2841 4534 tollit.
2879 4480 3032 4550 Quod
3082 4448 3246 4542 rectcr
3277 4448 3538 4551 Sedcc'ia;

344 4543 708 4597 tantummodo
736 4544 1090 4647 smlcularibus
1125 4544 1337 4647 dedita,
1370 4546 1610 4647 libidinis
1652 4549 1774 4647 igne
1801 4567 1927 4647 suc—
1953 4535 2007 4597 D
2032 4535 2297 4618 Reblatha
2343 4568 2565 4635 patitur.
2602 4569 2868 4627 Reblatha
2889 4535 3638 4647 :jttvilipe‘mullolih‘le:

345 4641 513 4698 censa,
545 4646 728 4688 nonne
757 4633 852 4689 tibi
881 4635 1095 4691 videtur
1123 4635 1370 4692 infernus
1389 4677 1405 4704 ,
1453 4638 1506 4692 in
1544 4653 1651 4708 quo
1678 4641 1931 4698 videlicet

343 4726 392 4772 et
401 4719 639 4778 diabolus
652 4723 880 4790 habitat,
894 4735 948 4781 et
959 4729 1520 4799 concupiscentiarum
1537 4733 1686 4801 ignes
1699 4745 1864 4790 aestua
1873 4751 1930 4792 re

344 4825 441 4866 non
487 4817 746 4871 cessant?
789 4817 901 4874 lllic
946 4821 1093 4874 enim
1140 4820 1208 4875 de
1241 4820 1453 4876 luxuria
1481 4823 1805 4892 sulphureus
1829 4825 1929 4882 fm-

346 4911 425 4959 tor
445 4907 712 4976 oboritur,
743 4920 799 4966 et
823 4912 890 4967 de
915 4913 1298 4984 cogitationum
1342 4916 1800 4974 crebrescentium
1852 4932 1930 4978 te-

345 4997 566 5056 nebrusa
607 5002 860 5072 caligine,
893 5015 1150 5076 tanquam
1201 5008 1462 5063 leterrimi
1492 5008 1623 5064 fumi
1653 5011 1922 5069 volumina

346 5101 686 5155 generantur.
711 5093 844 5149 Nam
869 5096 996 5150 dum
1018 5098 1122 5152 hoc
1146 5106 1313 5164 amat,
1336 5098 1464 5153 illud
1494 5101 1682 5168 timet;
1717 5103 1770 5156 in
1803 5104 1922 5160 aliis

346 5181 549 5248 gaudet,
579 5186 686 5239 hoc
721 5186 870 5250 odit;
914 5187 1044 5242 illud
1074 5188 1231 5243 avide
1276 5189 1650 5259 concupiscit;
1688 5191 1746 5246 lit
1779 5192 1918 5248 inle-

347 5267 410 5324 lix
437 5288 608 5338 mens,
641 5285 890 5346 suspecta
938 5292 1152 5349 semper
1191 5287 1248 5334 et
1289 5293 1446 5350 vaga,
1480 5282 1724 5345 curiosa,
1759 5285 1920 5340 anxia

348 5360 494 5416 simul
541 5374 708 5436 atque
757 5367 1016 5434 sollicita,
1067 5385 1187 5440 quae
1235 5370 1382 5426 curis
1421 5370 1819 5442 impellentibus
1867 5375 1918 5430 in

348 5451 501 5506 multa
529 5454 813 5523 dividitur,
851 5460 1296 5532 diversarumque
1318 5463 1626 5532 passionum
1650 5467 1922 5523 morsibus

351 5535 626 5598 laceratur.
662 5543 789 5602 lianc
826 5547 1006 5618 itaque
1058 5548 1251 5606 flebilis
1293 5552 1470 5606 anima
1503 5555 1745 5622 gehenna
1776 5554 1919 5612 facta

351 5639 442 5694 est,
469 5641 706 5692 tartarus
727 5646 782 5692 et
811 5637 1073 5706 infernus,
1100 5657 1265 5712 quam
1301 5653 1356 5700 et
1380 5648 1624 5702 cruciant
1651 5656 1918 5707 tormenta

351 5735 608 5794 curarum,
640 5739 701 5784 et
726 5729 978 5788 vitiorum
1007 5743 1183 5790 vastat
1209 5738 1534 5795 incendium.
1566 5740 1636 5798 At
1657 5741 1768 5810 illa,
1798 5759 1918 5814 qua:

652 5845 935 5909 Ρηιοιο
980 5858 1250 5924 CXLIV.

2039 3279 2180 3338 Ionis
2251 3291 2336 3338 est
2422 3285 2681 3355 antiquus
2761 3287 2980 3355 hostis,
3070 3307 3356 3362 possessor
3435 3279 3644 3359 intimas
3708 3298 3709 3301 “

2037 3370 2414 3438 confusionis,
2473 3377 2564 3445 qui
2624 3378 2777 3447 prius
2836 3379 2978 3437 filios
3024 3391 3153 3440 ante
3201 3386 3464 3448 intuentis
3517 3409 3644 3451 ocu-

2036 3459 2118 3517 los
2145 3463 2382 3520 trucidat
2413 3505 2428 3530 ,
2461 3467 2588 3536 quia
2632 3482 2777 3538 saepe
2810 3470 2891 3525 sic
2915 3471 3056 3527 bona
3089 3489 3254 3545 opera
3279 3468 3556 3552 interficit,
3584 3495 3648 3543 ut

2038 3553 2154 3608 hrec
2185 3569 2242 3609 se
2265 3555 2519 3612 amittere
2546 3557 2687 3628 ipse,
2720 3560 2812 3629 qui
2840 3571 3030 3632 captus
3074 3576 3179 3628 est,
3213 3567 3401 3626 dolens
3430 3584 3642 3632 cernat.

2033 3641 2146 3714 64
2167 3642 2302 3698 Nam
2324 3647 2491 3715 gemit
2516 3647 2836 3719 plerumque
2884 3653 3122 3720 animus,
3152 3665 3210 3714 et
3241 3668 3421 3716 tamen
3454 3667 3643 3724 carnis

2037 3747 2148 3788 suae
2173 3735 2628 3794 delectationibus
2658 3741 2854 3807 victus,
2893 3744 3035 3801 bona
3061 3762 3182 3818 quae
3214 3752 3420 3820 genuit,
3451 3771 3643 3817 amans

2035 3825 2231 3895 perdit,
2255 3841 2337 3890 ea,
2365 3844 2483 3897 quae
2506 3830 2736 3898 patitur,
2759 3833 2956 3889 damna
2979 3838 3312 3906 considerat,
3335 3858 3436 3899 nec
3460 3854 3642 3906 tamen

2035 3916 2253 3973 virtutis
2277 3919 2562 3975 brachium
2590 3932 2778 3978 contra
2803 3930 2998 3997 regem
3024 3927 3314 4004 Babylonis
3339 3933 3514 4005 levat;
3542 3941 3641 3998 sed

2034 4010 2162 4066 dum
2201 4011 2390 4068 v'idens
2446 4016 2702 4084 nequitiac
2751 4022 3154 4091 perpetratione
3197 4031 3520 4099 percutitur,
3569 4037 3642 4092 ad

2035 4103 2138 4159 hoc
2166 4105 2493 4199 quandoque
2526 4112 2805 4178 peccando
2825 4115 3161 4182 perducitur,
3189 4129 3248 4174 ut
3275 4121 3391 4192 ipse
3423 4139 3643 4199 quoque

2033 4194 2264 4250 rationis
2295 4196 2502 4252 lumine
2526 4199 2793 4267 privetur.
2828 4203 2984 4261 Unde
3038 4207 3330 4281 Babylonis
3389 4232 3482 4273 rex
3537 4194 3636 4276 ex-

2032 4285 2252 4341 stinctis
2281 4289 2434 4356 prius
2457 4289 2607 4355 filiis,
2635 4291 2877 4350 Scdecire
2905 4299 3095 4355 oculos
3124 4305 3288 4369 eruit,
3317 4309 3442 4376 quia
3474 4313 3635 4386 mali-

2029 4390 2168 4446 gnus
2202 4380 2429 4448 spiritus
2459 4383 2740 4440 subductis
2770 4388 2920 4458 prius
2969 4390 3126 4448 bonis
3186 4400 3460 4466 operibus,
3517 4380 3642 4476 post

2031 4663 2297 4723 pretatur.
2315 4656 2375 4711 Ei
2405 4673 2641 4730 namque
2662 4665 2894 4722 rationis
2921 4667 3099 4724 lutnen
3118 4674 3314 4730 merito
3339 4677 3640 4751 clauditur,

2031 4751 2144 4814 qui,
2193 4756 2394 4802 sancta:
2447 4751 2646 4820 quietis
2694 4754 2880 4826 rigore
2930 4762 3257 4831 postposito,
3289 4779 3388 4835 per
3423 4775 3639 4843 negotia

2033 4836 2304 4890 mundana
2350 4848 2618 4908 raptatur.
2641 4839 2772 4899 Jure
2803 4847 2855 4900 in
2886 4847 3158 4906 Reblatha
3186 4869 3363 4912 caecus
3385 4836 3637 4933 elﬁcitur,

2032 4941 2177 4992 cum,
2204 4937 2513 4999 contempto
2536 4948 2663 4996 uno,
2697 4949 2795 5006 per
2818 4941 2990 4995 multa
3037 4958 3226 5016 vagus,
3255 4959 3312 5002 et
3348 4951 3638 5022 impatiens

2033 5020 2247 5076 animus
2273 5021 2585 5093 dissipatur.
2627 5025 2923 5086 lsraelitica
2959 5031 3127 5105 igitur
3179 5040 3361 5095 anima
3389 5020 3632 5103 sabbati-

2032 5117 2142 5175 zat,
2169 5109 2295 5164 dum
2329 5123 2534 5168 remota
2573 5129 2604 5169 a
2631 5117 2970 5187 negotiorum
2999 5124 3348 5184 saecularium
3383 5137 3634 5205 strepitu,

2031 5197 2353 5257 lectionibus
2408 5214 2463 5260 et
2513 5207 2851 5266 orationibus
2897 5223 3085 5282 vacat;
3124 5217 3453 5292 Egyptiaca
3501 5197 3636 5285 vero

2031 5307 2340 5349 muscarum
2368 5297 2731 5368 ingruentium
2761 5302 3111 5364 infestatione
3137 5313 3475 5381 percellitur,
3505 5320 3631 5376 dum

2030 5388 2366 5439 terrenorum
2417 5396 2632 5444 actuum
2690 5392 3059 5462 inquietudine
3112 5401 3438 5461 delectatur.
3489 5409 3630 5475 Quid

2027 5482 2105 5527 est
2137 5475 2283 5529 enim
2310 5476 2363 5530 in
2390 5478 2490 5535 hac
2512 5482 2620 5536 vita
2646 5483 2984 5555 laboriosius,
3017 5506 3178 5560 quam
3209 5500 3441 5554 terrenis
3477 5500 3626 5557 desi-

2027 5566 2191 5620 deriis
2215 5572 2490 5626 mstuare?
2528 5573 2667 5640 Quid
2697 5576 2952 5644 quietius,
2984 5591 3147 5653 atque
3183 5587 3422 5646 suavius.
3456 5605 3623 5659 quam
3725 5576 3731 5582 l

2027 5655 2186 5725 hujus
2215 5662 2396 5715 saeculi
2437 5663 2567 5718 nihil
2599 5683 2822 5736 prorsus
2854 5677 3148 5741 appetere?
3184 5676 3274 5732 Ait
3310 5655 3566 5737 Salomon
3604 5703 3619 5738 :

2033 5767 2051 5799 ι
2089 5747 2284 5806 Musczc
2342 5755 2637 5812 morientes
2702 5762 2933 5828 perdunt
2984 5768 3309 5824 suavitatem
3358 5773 3618 5841 unguenti
