4260 6364
614 334 719 390 267

1150 328 1206 383 S.
1235 322 1438 382 PETRI
1472 314 1755 375 DAMIANI
1778 311 1924 371 OPP.
1962 306 2138 365 PARS
2177 304 2307 362 SBU
2348 300 2579 361 TOIIUS
2614 299 2653 356 I.
2684 330 2752 342 -
2787 296 3003 355 EPIST.
3046 294 3170 351 LIB.
3207 292 3341 350 VIII.

3746 290 3861 350 ξω

615 452 813 525 (εσειε,
843 452 928 519 ι);
955 465 972 498 ι
1003 446 1125 514 quia
1149 442 1496 515 cogitationes
1522 435 1799 508 superﬂua:
1820 445 1935 525 quae
1969 426 2182 525 assidue
2208 428 2257 487 Α
2280 422 2550 525 col-aribus
2574 428 2634 525 ut
2651 417 2929 525 eilplaceat
2952 414 3036 469 cui
3068 426 3124 515 se
3145 412 3391 525 probavit
3412 408 3500 525 (ιι
3707 408 3790 525 IL);
3817 430 3853 513 ,ι

616 516 669 597 in
684 540 856 607 animo
870 516 1107 591 carnalia
1119 533 1387 603 cogitante
1403 534 1715 588 nascuntur,
1729 531 1888 590 atque
1901 516 2177 582 deﬁciunt,

616 646 733 687 eam
774 628 1110 690 suavitatem,
1156 640 1260 695 qua
1308 621 1668 690 unusquisque
1713 614 2036 670 intrinsecus
2082 624 2179 680 per

617 719 873 791 Spiritum
901 725 1090 771 unctus
1118 724 1221 778 est,
1261 714 1509 782 perdunt.
1545 707 1692 765 Unde
1725 720 1847 762 cum
1884 704 2021 758 miro
2060 702 2177 770 pie-

616 809 745 865 tatis
769 822 929 877 opere
954 806 1017 860 ad
1046 820 1139 859 cor
1168 803 1365 857 veritas
1409 800 1576 864 venit,
1613 796 1762 867 prius
1791 796 1858 849 ab
1882 810 1946 849 eo
1973 791 2176 863 cogita-

618 900 820 953 tionum
843 892 1136 951 carnalium
1161 898 1322 945 aestus
1344 888 1509 957 ejicit,
1536 896 1587 941 et
1611 892 1734 956 post
1757 884 1810 938 in
1831 898 1897 938 eo
1920 882 2175 934 virtutum

616 990 753 1045 dona
784 987 1031 1055 disponit.
1068 982 1219 1049 Quod
1250 982 1384 1037 bene
1406 979 1561 1033 nobis
1605 989 1755 1031 sacra
1793 970 2064 1039 Evangelii
2096 970 2180 1023 hi-

615 1078 779 1134 storia
807 1075 993 1137 innuit,
1033 1074 1084 1126 in
1127 1086 1231 1141 qua
1280 1070 1403 1125 dum
1439 1067 1505 1122 ad
1554 1061 1968 1120 resuscitandam
2011 1058 2176 1113 ﬁliam

614 1167 872 1240 principis
894 1164 1147 1219 Dominus
1169 1161 1422 1216 invitatus
1442 1154 1921 1238 dicitur,'protinus
1940 1150 2172 1206 additur:

621 1284 640 1319 ι
676 1265 740 1319 Et
762 1278 880 1316 cum
910 1258 1076 1327 ejecta
1106 1265 1249 1313 esset
1274 1256 1423 1310 turba
1448 1297 1461 1320 ,
1494 1254 1709 1308 intravit
1753 1260 1806 1307 et
1849 1248 2018 1304 tenuit
2059 1262 2175 1301 ma-

614 1372 738 1411 num
765 1353 902 1423 ejus,
951 1360 1005 1406 et
1035 1348 1266 1405 surrexit
1310 1346 1482 1417 puella
1533 1344 1741 1417 (Matth.
1792 1341 1890 1411 ix).
1942 1361 1959 1391 ι
2010 1338 2177 1393 Foras

614 1460 742 1516 ergo
774 1445 924 1499 turba
960 1440 1191 1511 ejicitur,
1216 1447 1276 1492 ut
1297 1437 1465 1507 puella
1496 1436 1809 1494 suscitetur,
1838 1432 1962 1501 quia
2002 1430 2048 1483 si
2074 1443 2176 1483 non

613 1538 762 1607 prius
809 1550 837 1588 a
888 1530 1266 1587 secretioribus
1309 1527 1486 1582 cordis
1546 1523 1827 1593 expellitur
1875 1522 2176 1589 importuna

614 1624 948 1681 saecularium
980 1620 1262 1675 multitudo
1290 1631 1560 1679 curarum,
1608 1614 1784 1667 anima
1827 1625 1944 1679 quae
1985 1610 2177 1664 intrin-

614 1714 926 1782 secusjacet
952 1720 1183 1774 mortua,
1211 1724 1314 1763 non
1344 1707 1593 1776 resurgit.
1614 1704 1746 1758 Nam
1776 1703 1898 1757 dum
1916 1701 2176 1769 seperin-

2280 511 2535 581 Malignus
2565 510 2725 565 etiam
2760 506 3004 576 spiritus,
3033 504 3123 572 qui
3167 512 3359 557 auctor
3388 511 3473 557 est
3516 499 3673 563 idoli,
3723 499 3862 555 dlci-

2280 614 2366 660 tur
2386 602 2633 673 princeps
2661 598 2863 653 mundi.
2923 596 2988 651 Et
3032 593 3308 650 Iacobus:
3358 612 3374 643 ι
3412 591 3698 661 Quisquis,
3757 590 3855 653 ait,

2279 672 2481 757 amicus
2505 699 2585 746 est
2607 672 2769 759 hujus
2792 680 2994 750 mundi,
3054 684 3306 739 inimicus
3342 683 3435 737 Dei
3501 681 3861 737 constituitur

2280 785 2417 856 (Jac.
2469 782 2565 853 tv).
2600 802 2618 834 ι
2653 780 2795 848 Quid
2839 792 2967 849 ergo
3013 775 3191 833 diﬂ'ert
3221 784 3399 829 utrum
3426 788 3525 844 per
3554 772 3862 843 sacrilegas

2279 877 2501 941 hostias,
2532 876 2647 930 sive
2670 888 2765 943 per
2787 872 3069 941 reprobam
3100 870 3263 923 vitam
3297 868 3363 922 ad
3402 867 3496 922 Dei
3532 866 3861 921 inimicitias

2278 980 2476 1037 pravus
2495 968 2718 1036 quisque
2744 970 3058 1035 prorumpat
3083 953 3106 1007 τ

2351 1057 2651 1128 Sicutergo
2668 1056 2778 1125 jam
2808 1052 3067 1116 diximus,
3105 1050 3178 1106 nil
3208 1051 3432 1121 prodest
3474 1050 3617 1118 quod
3649 1059 3857 1104 terram

2276 1146 2442 1202 Israel
2474 1146 2773 1201 inhabitare
2797 1143 2910 1213 jam
2932 1141 3217 1211 coepimus,
3244 1138 3349 1195 nisi
3381 1153 3547 1193 unum
3572 1148 3629 1192 et
3679 1138 3869 1209 solum,

2278 1236 2446 1293 Deum
2478 1237 2639 1293 Israel
2666 1238 2784 1291 sine
2808 1232 3087 1305 gentilium
3116 1231 3338 1286 deorum
3359 1229 3689 1284 admistione
3712 1228 3861 1282 cola-

2279 1345 2415 1386 mus.
2448 1330 2577 1397 Qute
2602 1340 2781 1383 autem
2808 1335 2891 1382 est
2919 1336 3085 1390 terra,
3116 1340 3277 1396 quam
3306 1323 3558 1387 dicimus,
3584 1323 3691 1377 nisi
3730 1321 3819 1376 illa
3844 1362 3859 1388 ,

2276 1436 2437 1491 quam
2464 1420 2805 1491 signiﬁcabat
2832 1418 3073 1472 Naaman
3104 1415 3299 1487 Syrus,
3330 1430 3454 1469 cum
3480 1413 3697 1468 diceret
3752 1411 3862 1465 Eli-

2278 1524 2391 1573 seo,
2428 1527 2446 1559 t
2479 1508 2736 1572 Obsecro,
2764 1507 2959 1577 inquit,
2989 1505 3225 1562 concede
3255 1504 3387 1559 mihi
3418 1518 3581 1559 servo
3646 1511 3765 1567 tuo,
3804 1512 3864 1556 ut

2280 1597 2458 1653 tollam
2482 1612 2619 1652 onus
2636 1597 2861 1651 duorum
2891 1596 3195 1650 burdonum
3222 1594 3289 1649 de
3324 1592 3503 1647 terra?
3530 1610 3549 1643 ι
3590 1589 3697 1662 (IV
3733 1589 3858 1661 Reg.

2278 1688 2356 1756 v.)
2381 1688 2516 1753 Quid
2547 1695 2723 1742 autem
2756 1702 2850 1756 per
2882 1685 3213 1755 allegoriam,
3238 1683 3498 1738 Naamam
3531 1682 3725 1753 Syrus,
3757 1680 3862 1737 nisi

613 1821 861 1861 numeras
887 1813 1215 1858 terrenarum
1241 1774 1995 1865 ἀθείάθτίοῇ-υπηεοείιειιίοηεε
2022 1806 2175 1860 spat-
2206 1786 2254 1847 Β
2280 1794 2447 1849 genus
2476 1779 2720 1849 designat
2745 1778 3080 1833 humanum?
3110 1776 3263 1831 Sicut
3284 1778 3428 1831 enim
3456 1774 3701 1829 Naaman
3732 1784 3862 1829 ante

612 1898 705 1964 git,
735 1896 798 1949 ad
823 1893 1298 1949 considerationem
1331 1887 1410 1943 sui
1456 1902 1572 1943 sese
1613 1885 1914 1940 nullatenus
1952 1881 2173 1951 colligit.

612 1987 793 2041 Nullus
816 1987 1009 2055 quippe
1036 1981 1375 2053 sapientiam,
1403 1995 1521 2049 quae
1553 1978 1693 2033 Deus
1720 1984 1823 2040 est,
1867 1974 2021 2047 plene
2049 1988 2173 2043 per-

610 2080 765 2148 cipit,
792 2078 889 2131 nisi
921 2077 1008 2144 qui
1045 2075 1112 2128 ab
1134 2072 1280 2129 omni
1309 2087 1366 2126 se
1396 2069 1710 2148 abstrahere
1744 2067 2014 2122 actionum
2056 2079 2175 2117 car-

613 2171 807 2224 nalium
847 2166 1190 2220 ﬂuctuatione
1234 2162 1526 2217 contendit.
1575 2159 1728 2216 Unde
1769 2157 1901 2211 alias
1929 2155 2170 2210 dicitur:

616 2278 633 2310 ι
660 2258 982 2328 Sapientiam
1014 2254 1187 2310 scribe
1212 2255 1262 2306 in
1292 2260 1527 2319 tempore
1552 2249 1735 2313 otii,et
1756 2248 1845 2317 qui
1878 2246 2176 2300 minoratur

611 2351 762 2409 actis,
798 2348 909 2416 ipse
931 2343 1156 2413 percipit
1180 2357 1295 2397 eam
1339 2340 1527 2411 (Eccli.
1558 2338 1803 2405 xxxvnt).
1838 2356 1854 2387 ι
1882 2335 2016 2402 Quia
2047 2348 2174 2402 ergo

611 2440 723 2493 sine
755 2437 894 2489 cultu
921 2445 975 2489 et
1004 2433 1379 2488 observatione
1399 2430 1618 2485 Sabhati
1643 2444 1758 2484 esse
1786 2427 2041 2481 Israelita:
2067 2439 2172 2478 non

610 2541 893 2596 possumus
918 2564 932 2588 ,
965 2524 1295 2577 celebremus
1324 2519 1616 2589 spiritualis
1642 2518 1737 2572 otii
1770 2516 2085 2577 Sabbatum,
2116 2520 2174 2567 ut

611 2634 713 2673 non
745 2618 881 2670 sicut
906 2613 1138 2686 Egyptii
1174 2612 1549 2681 perturbentur
1584 2610 1651 2663 ab
1680 2608 2039 2678 ingruentium
2072 2606 2172 2658 im-

609 2709 936 2779 portunitate
967 2719 1287 2760 muscarum.
1340 2702 1472 2756 Nam
1516 2702 1660 2770 quia,
1720 2701 1950 2755 donante
1993 2700 2172 2753 divina

609 2801 910 2864 clementia,
936 2801 1045 2868 jam
1081 2797 1315 2867 pressuri
1363 2795 1703 2866 pervenimus
1734 2793 1785 2846 in
1828 2789 2173 2845 lsraeliticam

610 2903 824 2955 terram,
856 2906 959 2944 non
996 2900 1078 2943 est
1108 2888 1185 2942 fas
1209 2887 1569 2942 Israelitarum
1601 2884 1847 2954 ignorare
1878 2881 2169 2944 culturam;

611 3000 675 3039 ne
706 2983 750 3038 si
817 2996 964 3036 orum
1003 2979 1347 3033 creremouias
1378 2992 1481 3031 non
1529 2973 1887 3033 addiscimus,
1937 2970 2173 3024 cruentis

606 3076 815 3127 leonum
847 3070 1186 3124 invisibilium
1215 3066 1460 3121 dentibus
1477 3078 1826 3133 exponamur.
1860 3059 2169 3115 Sicutenim

2277 1872 2541 1941 leprosus,
2568 1887 2688 1924 mox
2720 1881 2777 1924 ut
2803 1871 3000 1938 septies
3034 1885 3173 1939 aqua
3204 1868 3455 1924 Iordanis
3498 1868 3764 1930 abluitur,
3789 1866 3859 1923 ab

2276 1962 2421 2017 omni
2445 1960 2602 2030 lepra:
2626 1960 2873 2029 squalore
2892 1970 3172 2029 purgatur,
3198 1960 3272 2013 ita
3300 1960 3603 2013 mundanus
3628 1956 3862 2029 populus

2276 2059 2479 2120 septem
2506 2051 2831 2104 charismata
2865 2048 3009 2102 illius
3046 2048 3309 2103 eolumbm
3355 2049 3681 2118 percipiens,
3740 2060 3862 2117 qua

2276 2153 2437 2210 supra
2463 2138 2745 2192 Dominum
2776 2138 2825 2189 in
2852 2134 3083 2191 Iordane
3109 2136 3409 2200 descendit,
3439 2151 3535 2205 per
3586 2136 3733 2191 sacri
3761 2137 3860 2190 ba-

2277 2229 2548 2299 ptismatis
2583 2227 2855 2280 lavacrum
2893 2226 3140 2294 contagia
3188 2226 3432 2295 deposuit
3478 2234 3859 2295 peccatorum.

2277 2324 2415 2390 Quid
2441 2339 2564 2377 vero
2591 2332 2758 2383 terra,
2786 2336 2949 2390 quam
2979 2320 3217 2373 Naaman
3248 2319 3506 2389 postulat,
3537 2321 3639 2374 nisi
3672 2320 3857 2376 incar-

2277 2415 2549 2468 nationem
2573 2412 2838 2483 signiﬁcat
2871 2410 3286 2478 Redemptoris?
3317 2410 3437 2465 Ilaec
3478 2420 3585 2472 est,
3624 2425 3725 2481 per
3753 2426 3865 2481 my-

2278 2504 2524 2567 sterium,
2560 2504 2647 2556 illa
2679 2501 3115 2569 repromissionis
3143 2511 3310 2563 terra,
3344 2516 3465 2569 quze
3515 2499 3599 2554 lac
3650 2510 3705 2555 et
3758 2497 3865 2555 mel

2276 2592 2441 2649 ﬂuere
2482 2595 2695 2649 dicitur.
2770 2592 2875 2647 Lac
2926 2593 3071 2647 enim
3114 2593 3178 2646 de
3232 2606 3397 2646 carne
3445 2592 3584 2654 ﬁuit,
3650 2592 3759 2646 mel
3797 2592 3864 2647 de

2276 2684 2640 2754 superioribus
2689 2683 2853 2737 venit.
2906 2682 3039 2749 Quia
3102 2683 3263 2753 igitur
3313 2683 3365 2736 in
3407 2698 3514 2736 uno
3558 2686 3864 2738 ntedtatore

2278 2774 2371 2828 D’ei
2400 2787 2454 2828 et
2481 2774 2777 2839 hominum,
2814 2782 2868 2826 et
2900 2772 3250 2828 humanitatis
3297 2773 3379 2829 lac
3408 2783 3464 2828 et
3512 2774 3617 2829 mel
3656 2774 3862 2830 divini-

2280 2866 2402 2921 tatis
2439 2868 2610 2921 iuesse
2652 2866 3012 2935 cognoscitur,
3040 2874 3185 2920 recte
3234 2880 3331 2935 per
3377 2875 3584 2921 terram
3610 2865 3780 2931 lacte,
3810 2874 3866 2922 et

2278 2956 2434 3011 melle
2464 2965 2794 3020 manantem,
2816 2956 3201 3010 incarnationis
3227 2956 3349 3025 ejus
3370 2956 3693 3027 mysterium
3728 2955 3865 3025 ﬁgu-

2276 3059 2445 3102 ratur.
2479 3046 2629 3114 Quod
2660 3055 2838 3101 autcm
2869 3061 2936 3100 ex
2966 3047 3066 3101 hac
3097 3055 3240 3101 terra
3271 3061 3409 3101 onus
3448 3046 3683 3102 duorum
3736 3046 3863 3102 bur-

608 3178 758 3217 sacra
792 3160 994 3230 Regum
1031 3167 1256 3211 testatur
1303 3129 1562 3218 historia,-
1599 3153 1897 3206 nuntiatum
1933 3159 2015 3203 est
2060 3148 2172 3217 regi
2197 3129 2245 3194 (ἶ
2275 3138 2652 3230 όοιιυιιι-ρθιίι,
2702 3137 2829 3205 quid
2884 3136 3052 3200 aliud,
3110 3151 3273 3205 quam
3315 3137 3541 3191 duorum
3590 3136 3865 3207 aposmloc

605 3250 941 3322 Assyriorum
974 3266 985 3298 :
1017 3267 1033 3299 t
1071 3247 1269 3302 Gentes
1294 3285 1308 3309 ,
1359 3244 1548 3313 inquit,
1584 3256 1718 3312 quas
1759 3238 2093 3302 transtulisti,
2122 3245 2177 3291 et

607 3344 850 3397 habitare
870 3340 1041 3395 fecisti
1076 3340 1126 3392 in
1167 3334 1471 3391 civitatibus
1496 3333 1771 3397 Samaria,
1806 3332 2056 3401 ignorant
2096 3330 2172 3382 leo

608 3434 785 3502 gitima
812 3432 904 3485 Dei
937 3440 1111 3483 terrae.
1149 3427 1216 3481 Et
1242 3426 1462 3480 immisit
1490 3426 1543 3479 in
1574 3439 1668 3479 eos
1692 3422 1946 3478 Dominus
1973 3421 2173 3484 leones,

609 3534 661 3579 et
684 3537 805 3577 ecce
831 3520 1159 3574 interﬁciunt
1185 3531 1296 3581 eos,
1322 3532 1384 3571 eo
1421 3516 1563 3585 quod
1594 3516 1837 3584 ignorent
1877 3513 2034 3567 ritum
2080 3510 2174 3564 Dei

610 3622 766 3669 terra:
791 3610 894 3682 (IV
941 3610 1065 3678 Reg.
1094 3609 1244 3677 xvn).
1287 3625 1305 3657 ι
1347 3607 1598 3675 Quisquis
1627 3614 1828 3669 autem,
1859 3604 1951 3673 qui
1981 3604 2031 3656 in
2064 3602 2171 3671 spi-

617 3700 794 3757 rituali
836 3700 1156 3754 constitutus
1194 3705 1277 3751 est
1316 3697 1524 3760 ordine,
1552 3695 1629 3750 sic
1652 3696 1759 3749 Deo
1800 3694 2034 3749 deservit
2081 3707 2175 3761 per

609 3794 714 3866 65
744 3792 1023 3846 exterioris
1053 3786 1267 3844 habitus
1301 3789 1559 3858 speciem,
1589 3797 1647 3842 ut
1679 3797 1858 3841 tamen
1894 3785 2172 3842 szecularis

608 3886 731 3937 vita:
758 3899 859 3961 non
888 3883 1100 3937 deserat
1122 3888 1443 3936 vetustatem
1464 3896 1479 3945 ;
1500 3879 1587 3933 hic
1602 3879 1997 3949 quodammodo
2013 3876 2172 3931 unius

612 3974 704 4029 Dei
731 3972 951 4036 cultum,
976 3987 1040 4025 ac
1062 3971 1407 4025 caeremonias
1430 3971 1675 4040 ignorare
1724 3968 2088 4039 perpenditur,
2117 3975 2172 4021 et

610 4064 759 4132 quasi
792 4062 893 4115 diis
924 4060 1163 4130 pluribus
1191 4059 1460 4113 deservire
1513 4067 1753 4112 conatur.
1812 4055 1964 4111 Unde
2016 4064 2070 4109 et
2108 4054 2172 4109 de

608 4154 714 4209 illis
751 4166 959 4221 quoque
989 4150 1183 4205 dicitur
1211 4166 1228 4203 :
1274 4166 1292 4199 ι
1323 4148 1456 4216 Quia
1517 4163 1635 4201 cum
1698 4147 1981 4201 Dominum
2030 4144 2171 4200 cole-

607 4256 745 4309 rent,
784 4246 882 4297 diis
919 4256 1129 4311 quoque
1158 4240 1267 4294 suis
1294 4238 1686 4301 deservicbunt,
1739 4235 1894 4304 juxta
1943 4250 2171 4290 consue-

610 4335 844 4388 tudinem
879 4332 1113 4402 gentium
1131 4330 1177 4397 (l
1190 4328 1341 4398 bid.).
1381 4348 1397 4381 ι
1431 4328 1711 4383 Dominum
1739 4329 1935 4397 quippe
1958 4336 2011 4382 et
2040 4326 2168 4380 deos

611 4425 844 4495 gentium
871 4420 1264 4491 quodammodo
1301 4419 1476 4474 colere
1518 4419 1746 4487 quisque
1804 4419 2165 4481 convincitur,

609 4516 655 4569 si
687 4515 764 4569 sic
787 4512 925 4567 sacri
956 4511 1161 4565 ordinis
1183 4511 1235 4563 in
1266 4525 1373 4580 quo
1412 4521 1496 4565 est
1527 4509 1759 4564 oﬁlcium
1804 4508 2166 4571 administrat,

611 4618 668 4658 ut
699 4616 869 4657 tamen
900 4619 927 4656 a
945 4602 1171 4670 negotiis
1196 4602 1541 4657 szecularihus
1564 4610 1618 4656 et
1641 4601 1874 4657 carnalis
1896 4601 2017 4652 vitae
2044 4616 2170 4654 con-

611 4695 889 4752 suetudine
918 4710 1023 4747 nou
1070 4694 1306 4747 recedat.
1370 4711 1389 4743 t
1418 4692 1603 4755 Nemo,
1660 4691 1832 4760 inquit
1878 4691 2166 4757 Dominus,

626 4795 782 4859 potest
806 4785 1012 4840 duobus
1036 4784 1268 4838 dominis
1283 4784 1485 4838 servire
1513 4782 1726 4852 (Matth.
1755 4782 1854 4851 vt).
1877 4800 1895 4833 ι
1939 4782 2018 4835 An
2043 4783 2167 4851 quia

630 4877 938 4933 nlerabilius
967 4876 1179 4931 videtur
1208 4875 1514 4945 quempiam
1541 4875 1833 4930 carnaliter
1856 4877 2051 4938 vivere,
2082 4876 2165 4931 vel

620 4968 861 5038 obsequia
893 4967 1090 5022 mundo
1114 4966 1388 5022 servitutis
1444 4965 1755 5035 impendere
1801 4980 1960 5035 quam
2013 4964 2163 5033 juxta

613 5059 769 5113 ritum
813 5058 1051 5128 gentium
1114 5055 1443 5111 daemonibus
1490 5055 1805 5110 immolare?
1860 5056 1965 5111 Sed
2026 5058 2163 5112 idem

610 5150 898 5218 Propheta,
926 5148 1013 5216 qui
1052 5147 1223 5201 dicit:
1274 5164 1292 5196 ι
1322 5145 1521 5201 Omnes
1547 5147 1617 5200 dii
1659 5147 1917 5216 gentium,
1972 5147 2165 5203 daemo-

612 5237 694 5291 nia
732 5236 900 5307 (Psal.
930 5240 1072 5301 xcv),
1104 5254 1122 5287 ι
1150 5235 1276 5289 dicit
1300 5234 1464 5289 etiam
1492 5253 1503 5288 :
1536 5254 1551 5284 ι
1580 5235 1866 5297 Maledicti,
1890 5237 1977 5305 qui
2008 5237 2169 5293 decli-

614 5334 740 5380 nant
761 5341 788 5379 a
814 5325 1077 5379 mandatis
1107 5325 1211 5378 tuis
1235 5322 1404 5393 (Psal.
1426 5327 1632 5392 cxvut).
1655 5344 1673 5377 ο
1694 5324 1833 5379 Idem
1858 5327 2167 5396 Apostolus,

611 5415 698 5485 qui
727 5415 853 5468 dicit
882 5429 896 5466 :
932 5432 947 5464 ι
986 5414 1115 5481 Quis
1143 5429 1437 5469 consensus
1459 5414 1657 5483 templo
1690 5414 1780 5470 Dei
1827 5431 1945 5472 cum
1980 5418 2170 5472 idolis?

612 5504 691 5573 (11
734 5504 854 5558 Cor.
885 5504 981 5571 vt),
1018 5523 1035 5555 ι
1061 5506 1191 5560 dicit
1236 5504 1439 5558 etiam:
1490 5526 1508 5557 t
1538 5506 1637 5574 Qui
1677 5518 1851 5563 autem
1913 5511 1965 5563 in
2007 5526 2169 5564 carne

614 5602 754 5655 sunt,
782 5594 887 5645 Deo
916 5594 1122 5659 placere
1153 5608 1255 5646 nou
1289 5605 1510 5662 possunt
1537 5594 1707 5663 (Rom.
1737 5600 1873 5667 vm).
1915 5618 1931 5648 ι
1972 5599 2034 5653 Et
2074 5601 2172 5654 ite-

616 5697 731 5734 rum
765 5700 776 5734 :
826 5700 840 5731 ι
882 5680 1046 5746 Nemo
1070 5681 1302 5741 militans
1328 5681 1435 5742 Deo
1458 5684 1693 5755 implicat
1720 5702 1776 5741 se
1822 5689 2052 5757 negotiis
2075 5703 2170 5743 sae-

2280 3241 2418 3290 rum,
2473 3223 2619 3279 Petri
2658 3224 2863 3279 scilicet
2910 3232 2965 3280 et
3013 3223 3164 3279 Pauli
3211 3224 3533 3280 documenta
3580 3225 3863 3296 deposcit?

2278 3315 2433 3370 Unde
2462 3326 2514 3370 et
2540 3331 2677 3371 unus
2704 3331 2891 3371 eorum
2920 3316 3051 3371 dicit
3084 3334 3099 3370 :
3139 3334 3158 3368 ο
3188 3316 3292 3383 Qui
3317 3326 3571 3387 operatus
3593 3327 3683 3373 est
3697 3317 3862 3375 I’etro

2278 3407 2331 3461 in
2361 3408 2656 3476 apostolatu
2686 3407 3134 3473 circumcisionis,
3161 3420 3420 3477 operatus
3468 3418 3553 3464 est
3603 3418 3664 3464 et
3721 3408 3860 3465 mihi

2281 3497 2422 3551 inter
2448 3505 2636 3566 gentes
2667 3494 2809 3565 (Gal.
2841 3496 2925 3566 ιι).
2952 3515 2972 3550 ι
3001 3496 3214 3567 thuia
3242 3511 3351 3552 non
3376 3498 3537 3553 modo
3556 3500 3861 3569 apostolos,

2278 3589 2370 3641 sed
2399 3589 2560 3641 etiam
2590 3603 2775 3642 omnes
2821 3588 3203 3658 praedicatores
3251 3591 3534 3645 scientiam
3567 3600 3622 3646 et
3664 3607 3862 3662 opera-

2278 3680 2478 3733 tionem
2509 3679 2708 3734 habere
2737 3694 2957 3735 necesse
2983 3689 3067 3735 est
3089 3682 3223 3737 duos
3248 3682 3302 3737 in
3360 3682 3672 3749 castellum,
3706 3684 3859 3755 quod

2277 3780 2462 3824 contra
2492 3785 2550 3822 se
2579 3779 2716 3833 erat,
2769 3769 3030 3824 Dominus
3078 3770 3370 3843 discipulos
3422 3771 3568 3827 misit
3634 3773 3855 3843 (Matth.

2276 3860 2412 3930 xxi),
2455 3870 2635 3930 atque,
2668 3862 2809 3917 sicut
2834 3862 3005 3929 Lucas
3028 3872 3279 3928 testatur,
3313 3864 3366 3918 in
3413 3880 3632 3919 omnem
3654 3866 3858 3921 civita-

2275 3963 2405 4017 tem,
2432 3964 2486 4007 et
2512 3954 2708 4019 locum,
2740 3969 2846 4022 quo
2872 3965 2991 4008 erat
3021 3954 3135 4023 ipse
3163 3965 3448 4017 venturus,
3490 3958 3737 4026 geminos
3766 3958 3860 4013 de-

2274 4046 2495 4100 stinavit
2538 4045 2689 4117 (Luc.
2740 4048 2860 4117 xu).
2920 4045 3069 4113 Quod
3122 4063 3251 4118 ergo
3305 4047 3543 4104 Naaman
3590 4050 3659 4103 de
3713 4059 3861 4106 terra

2275 4145 2458 4191 sancta
2490 4136 2716 4189 duorum
2765 4136 3065 4190 burdonum
3113 4139 3317 4206 expetit
3366 4141 3657 4204 sarcinam,
3692 4155 3858 4210 super

2275 4226 2641 4280 incarnatione
2669 4225 2779 4296 66
2810 4225 3083 4279 Dominica
3117 4242 3288 4295 genus
3310 4229 3607 4282 humanum
3636 4238 3858 4298 aposto-

2275 4317 2431 4371 licam
2460 4316 2671 4370 videtur
2692 4315 2985 4387 elllagitare
3016 4316 3341 4383 doctrinam,
3394 4328 3455 4372 ut
3505 4320 3558 4373 Ιιί
3593 4320 3857 4391 sagittarii

2276 4408 2473 4463 nmndo
2503 4417 2699 4463 terram
2737 4406 3010 4471 invehunt,
3038 4422 3103 4461 ex
3134 4423 3241 4477 quo
3265 4409 3330 4462 ad
3359 4406 3635 4464 oﬁ‘ereuda
3687 4413 3855 4466 sacri-

2277 4504 2395 4557 ﬁcia
2418 4502 2588 4555 altare
2621 4502 2673 4555 in
2697 4510 2987 4571 conspectu
3022 4500 3330 4557 Conditoris
3362 4501 3471 4555 ﬁat.
3538 4501 3690 4557 Unde
3732 4504 3855 4559 ﬁliis

2272 4594 2435 4648 Israel
2464 4593 2724 4663 prmeipit,
2754 4594 2981 4647 dicens:
3026 4612 3043 4643 t
3090 4593 3277 4648 Altare
3316 4594 3383 4648 de
3433 4604 3575 4649 terra
3637 4598 3852 4651 facietis

2273 4688 2401 4741 mihi
2435 4684 2627 4757 (Exod.
2656 4687 2769 4755 xx).
2807 4704 2825 4737 ι
2860 4685 3043 4740 Altare
3071 4685 3279 4741 scilicet
3326 4688 3392 4742 de
3455 4696 3600 4743 terra
3658 4706 3686 4742 a
3748 4693 3853 4746 Deo

2270 4775 2471 4841 facere,
2507 4784 2590 4829 est
2620 4775 2671 4829 in
2706 4775 2874 4829 nostri
2903 4774 3282 4845 Redemptoris
3332 4777 3706 4833 incarnatione
3734 4797 3854 4848 spe-

2272 4882 2414 4922 rare.
2444 4865 2593 4920 Tunc
2622 4866 2821 4934 quippe
2868 4880 2896 4919 a
2948 4865 3058 4920 Deo
3081 4876 3268 4923 nostro
3310 4883 3505 4923 munus
3555 4870 3851 4939 accipitur,

2273 4957 2486 5027 quando
2526 4958 2577 5008 in
2602 4956 2702 5010 hoc
2726 4954 2883 5008 altari
2909 4966 3089 5011 nostra
3121 4957 3415 5021 humilitas,
3450 4959 3499 5011 id
3547 4970 3655 5022 est,
3687 4976 3852 5030 super

2276 5048 2568 5104 Dominica:
2624 5048 3009 5105 incarnationis
3059 5050 3216 5105 ﬁdem
3282 5052 3525 5119 posuerit
3583 5053 3851 5123 quidquid

2274 5152 2547 5213 operatur.
2576 5140 2742 5197 Altari
2767 5155 2893 5213 ergo
2942 5144 3007 5196 de
3037 5152 3176 5197 terra
3223 5143 3460 5198 oblatum
3508 5161 3705 5199 munus
3752 5147 3853 5200 im-

2277 5236 2545 5305 ponimus,
2569 5235 2613 5289 si
2642 5243 2796 5289 actus
2839 5243 3053 5290 nostros
3108 5236 3397 5291 Dominicas
3455 5237 3851 5293 incarnationis

2276 5327 2379 5382 ﬁde
2407 5327 2723 5387 solidamus.
2764 5325 2837 5380 De
2895 5342 2999 5396 quo
3029 5327 3183 5381 altari
3234 5343 3329 5397 per
3374 5327 3570 5381 Isaiam
3605 5328 3847 5383 dicitur:

2279 5437 2294 5468 ι
2330 5417 2384 5471 In
2410 5418 2493 5471 die
2525 5416 2611 5469 illa
2636 5418 2739 5469 erit
2766 5416 2935 5471 altare
2974 5416 3183 5471 Domini
3210 5417 3261 5471 in
3290 5416 3470 5470 medio
3494 5424 3653 5472 terra:
3678 5412 3846 5488 Egy-

2272 5510 2369 5578 pti,
2400 5518 2453 5562 et
2479 5507 2662 5563 titulus
2697 5508 3071 5577 Dominijuxta
3116 5507 3402 5562 terminum
3426 5507 3565 5576 ejus.
3627 5507 3692 5561 Et
3742 5508 3848 5563 erit

2274 5599 2580 5670 insignum,
2605 5610 2658 5653 et
2698 5599 2749 5651 in
2816 5600 3177 5652 testimonium
3231 5599 3456 5652 Domino
3502 5600 3845 5655 exercituum

2276 5691 2326 5744 in
2365 5702 2503 5745 terra
2535 5687 2749 5760 Egypti
2783 5687 2936 5759 (Isai.
2977 5690 3109 5759 xix).
3146 5710 3163 5741 ι
3193 5690 3341 5756 Quod
3367 5699 3547 5747 autem
3599 5687 3840 5748 Naamau
