4260 6370
1565 331 1770 390 LIBER
1808 328 2191 391 SECUNDUS.
2223 326 2442 386 EPIST.
2483 326 2573 386 Vl.

3552 332 3655 389 270

392 474 484 513 non
514 456 585 510 ob
613 452 760 508 aliud
793 460 988 507 terram
1023 446 1298 517 prophetas
1336 442 1689 515 poposcisset,
1758 444 1864 498 nisi
1904 450 1967 495 ut
1995 446 2043 504 Α
2072 440 2325 513 ignobilis
2348 439 2470 506 otii,
2491 440 2586 496 sed
2607 437 2895 496 laboriosa!
2914 436 3116 512 quietis
3133 436 3428 496 Sahbatum
3452 440 3655 508 colere,

392 563 447 602 ex
476 560 539 599 ea
580 542 813 599 Domino
834 539 1002 592 altare
1023 544 1382 599 construeret,
1412 536 1465 590 in
1494 534 1608 589 suis
1636 534 1751 603 ipse
1781 531 1963 587 verbis

391 636 635 695 ostendit.
660 646 783 686 cum
815 629 922 683 illic
964 636 1165 698 praesto
1212 626 1488 696 subiungit
1524 642 1537 678 :
1594 622 1766 693 «(Non
1813 623 1962 677 enim

390 729 541 784 faciet
563 726 704 779 ultra
727 737 918 778 servus
967 732 1090 776 tuus
1138 721 1515 777 holocaustum
1559 727 1615 776 et
1678 720 1962 776 victimam

388 819 484 872 diis
509 817 723 879 alienis,
750 814 853 868 nisi
884 812 1114 866 Domino
1139 810 1243 881 (IV
1270 810 1396 881 Reg.
1422 812 1500 881 v).
1544 829 1563 863 ι

450 910 506 964 lu
524 910 625 963 hac
640 923 770 978 ergo
786 915 929 962 terra
952 914 1008 958 et
1026 919 1125 959 nos
1139 903 1381 959 colamus
1409 903 1599 969 Deum,
1625 918 1731 959 non
1762 919 1959 960 secun-

386 1002 504 1055 dum
523 1008 781 1060 nostram,
803 997 897 1052 sed
920 994 1214 1051 secundum
1243 995 1415 1066 legem
1431 1009 1606 1061 suam,
1630 1009 1698 1049 ne
1724 994 1863 1050 sicut
1892 994 1963 1049 de

386 1088 478 1144 illis
490 1088 787 1147 dicebatur.
803 1086 938 1141 etde
957 1084 1113 1140 nobis
1135 1083 1316 1138 valeat
1341 1083 1478 1138 dici:
1506 1103 1524 1135 ι
1554 1083 1807 1155 Ignorant
1829 1083 1963 1153 legi-

389 1180 505 1235 tima
526 1178 620 1233 Dei
639 1175 859 1248 terra!“
877 1174 1054 1247 VReg.
1086 1176 1242 1245 xvu).
1290 1193 1309 1226 ι
1346 1174 1653 1231 Secundum
1679 1176 1958 1245 propriam

383 1272 567 1342 quippe
589 1270 760 1341 legem
798 1270 965 1323 Deum
991 1268 1169 1323 colere
1198 1268 1441 1323 cernitur
1476 1268 1568 1336 qui
1600 1252 1778 1337 specie
1804 1276 1960 1324 tenus

382 1362 587 1432 quidem
604 1358 720 1429 ejus
735 1360 1000 1414 mandatis
1020 1360 1393 1429 obtemperat;
1423 1359 1516 1413 sed
1540 1359 1594 1413 in
1627 1358 1693 1414 iis
1741 1374 1861 1428 quae
1883 1358 1960 1412 fa-

382 1455 471 1518 cit,
486 1453 552 1507 ad
575 1453 805 1523 propria:
826 1451 1073 1506 utilitatis
1093 1454 1434 1507 commodum
1459 1451 1962 1521 princip..literspe—

380 1555 499 1607 ctat,
522 1553 600 1608 et,
630 1544 1096 1613 dum-exteriorem
1123 1541 1552 1597 Christianitatis
1567 1541 1958 1609 exhibetregu—

377 1636 499 1700 lam,
516 1638 617 1690 sub
629 1636 933 1690 honestatis
946 1636 1161 1705 quidem
1178 1635 1357 1690 colore
1370 1650 1427 1689 sc
1445 1634 1650 1704 palliat,
1665 1635 1756 1688 sed
1770 1634 1836 1687 ad
1854 1635 1957 1688 hoc

378 1728 693 1784 intrinsecus
725 1737 784 1782 ut
814 1729 868 1781 in
897 1728 998 1782 hac
1018 1727 1129 1781 vita
1154 1736 1506 1797 prosperetur
1526 1707 1766 1781 anlielai.
1802 1724 1955 1779 Tunc

2070 542 2129 588 ut
2158 547 2224 587 ex
2250 534 2355 587 hoc
2380 533 2759 588 mereamurin
2786 532 2930 589 diem
2964 532 3328 598 Dominicum,
3360 534 3452 603 qui
3506 534 3662 589 nullo

2065 622 2337 695 clauditur
2362 621 2493 688 flne,
2524 624 2782 679 transire.

2133 715 2277 770 Deus
2302 715 2668 786 omnipotens,
2698 714 3057 777 dilectissimi,
3088 716 3182 785 qui
3215 731 3308 770 vos
3337 731 3520 771 coram
3554 718 3652 772 lto-

2062 807 2298 862 minibus
2334 806 2461 863 fecit
2488 808 2751 877 insignes,
2785 807 2980 861 tribuat
3014 807 3179 861 etiam
3234 808 3285 860 in
3314 807 3427 863 suis
3449 808 3655 863 obtuti-

2061 901 2164 956 bus
2198 900 2333 973 legis
2353 915 2466 957 suae
2495 901 2766 955 veraciter
2793 914 2918 954 esse
2943 899 3201 954 cultores.
3241 916 3244 920 ’

2630 988 2965 1045 EPISTULA
2990 988 3075 1043 Vl.

2061 1096 2129 1135 AD
2183 1094 2391 1135 ιοειιιι
2442 1094 2856 1136 ιιιιιιειιιηθυιί
2920 1096 2991 1134 ΕΤ
3049 1094 3364 1135 STEPHANI]!
3432 1095 3479 1134 S.
3506 1096 3557 1135 ιι.
3591 1096 3650 1137 Β.

2693 1164 3043 1205 οΑιιυιιιΑιεε.

2058 1261 2454 1337 Assenserunt.
2482 1296 2551 1304 —
2573 1266 2792 1320 Librum
2823 1267 2948 1330 sibi,
2971 1281 3133 1337 quem
3158 1266 3341 1322 mttltis
3370 1267 3649 1323 laboribus

2130 1335 2438 1405 vigiliisque
2467 1336 2714 1405 proxime
2762 1335 3076 1393 confecerat
3106 1378 3122 1401 ,
3164 1339 3233 1390 ab
3256 1338 3569 1393 Alexandro
3603 1340 3648 1396 ll

2130 1402 2376 1459 Romano
2396 1402 2651 1473 pontiﬁce
2678 1408 2991 1476 subreptum
3059 1407 3247 1461 fraude
3300 1410 3652 1463 vehementer

2129 1476 2376 1547 queritur
2413 1487 2488 1538 et,
2518 1487 2580 1547 ut
2607 1476 2707 1530 sibi
2742 1479 2950 1531 restitui
2996 1492 3221 1547 operam
3267 1478 3415 1547 dent,
3468 1478 3652 1534 Hilde-

2128 1545 2393 1598 brandum
2426 1557 2480 1598 et
2512 1544 2851 1615 Stephanum
2884 1544 3196 1601 cardinales
3225 1546 3500 1618 eltlagitat.

2126 1634 2634 1708 luexpugnabilibus
2663 1638 2921 1692 Romamn
2943 1638 3199 1697 Ecclesiae
3223 1639 3433 1710 ciypeis
3445 1640 3651 1695 domno

2058 1740 2156 1781 suo
2188 1726 2594 1791 "ILDEBRANDO,
2639 1739 2696 1783 et
2756 1729 3073 1783 dulcissimo
3128 1730 3285 1799 fratri
3335 1730 3645 1799 Srsrnituo,

376 1833 545 1877 autem
569 1824 735 1876 Deum
752 1821 1046 1876 secundum
1064 1821 1181 1891 ejus
1202 1820 1372 1891 legem
1399 1836 1462 1873 ac
1484 1820 1834 1874 caeremonias
1855 1833 1951 1873 co-
1980 1824 2029 1885 B
2056 1816 2273 1874 Pri-nus
2297 1830 2549 1888 peccator
2575 1821 2876 1875 monachus
2907 1822 3249 1875 servitutem.

377 1912 545 1974 limus,
574 1912 620 1966 si
645 1911 907 1981 quidquid
953 1925 1076 1965 eum
1103 1910 1240 1964 velle
1264 1912 1659 1981 cognoscimus,
1695 1910 1953 1979 neglectis

374 2003 720 2075 omninoquze
742 2012 925 2055 nostra
951 2013 1094 2064 sunt,
1121 2002 1259 2056 votis
1288 2002 1538 2056 omnibus
1556 2001 1946 2070 adimplemus;

375 2093 417 2147 si
446 2109 547 2145 nou
583 2106 907 2163 magnopere
928 2091 1346 2161 perpendamus,
1394 2108 1557 2161 quam
1587 2092 1730 2146 circa
1756 2107 1854 2145 nos
1880 2092 1951 2144 sit

374 2183 540 2251 ampla
562 2182 884 2247 substantia,
909 2183 1002 2237 sed
1025 2198 1188 2252 quam
1212 2184 1439 2254 simplex
1460 2224 1475 2246 ,
1507 2199 1669 2254 quam
1722 2185 1947 2250 munda,

371 2288 522 2342 quam
552 2273 786 2342 denique
807 2274 1019 2328 sincera
1048 2274 1119 2328 sit
1150 2275 1476 2330 intrinsecus
1513 2276 1841 2331 conscientia
1863 2294 1878 2341 ;
1899 2276 1947 2330 si

372 2379 470 2416 non
498 2379 755 2418 curamus
781 2363 1050 2433 quomodo
1074 2364 1332 2421 sublimes
1368 2367 1492 2436 equi
1522 2368 1676 2421 nobis
1709 2368 1946 2423 insiden-

372 2436 507 2509 tibus
534 2455 830 2526 glomerent
866 2472 1103 2527 gressus,
1130 2458 1403 2527 quomodo
1433 2473 1531 2526 per
1582 2470 1827 2514 auratam
1862 2463 1943 2515 vi-

369 2547 589 2601 deantur
631 2550 870 2605 insanire
906 2550 1197 2615 cervicem,
1242 2551 1336 2605 sed
1371 2553 1640 2620 quomodo
1698 2569 1794 2607 nos
1841 2555 1943 2623 ipsi

368 2635 526 2691 Deum
553 2653 858 2693 mereamur
880 2639 1079 2694 habere
1102 2655 1405 2707 sessorem;
1438 2644 1481 2697 si
1513 2658 1617 2695 non
1649 2644 1942 2713 amplecta-

369 2742 481 2780 mur
509 2737 784 2782 mortuum
815 2730 1171 2800 quodcunque
1197 2732 1497 2796 metallum,
1534 2734 1627 2788 sed
1680 2736 1731 2787 in
1766 2738 1941 2805 capsi-

365 2818 449 2872 dili
481 2819 648 2873 nostri
677 2820 910 2887 pectoris
951 2821 1306 2877 recoudamus
1356 2823 1586 2893 lapidem
1638 2826 1812 2879 vivum
1842 2846 1854 2890 ;
1891 2829 1937 2884 si

366 2924 461 2962 non
490 2910 540 2963 in
566 2911 804 2965 vestibus
822 2923 1137 2968 ornamenta
1182 2929 1537 2985 gemmarmu,
1582 2918 1674 2971 sed
1705 2919 1755 2972 in
1784 2935 1939 2974 men-

366 2998 501 3052 tibus
547 3000 769 3054 rntileut
806 3004 1114 3072 margaritae
1162 3006 1418 3059 virtutum
1445 3024 1457 3069 ;
1484 3008 1526 3060 si
1578 3007 1631 3060 in
1681 3011 1936 3067 cordibus

364 3090 553 3143 nostris
578 3098 634 3144 et
684 3093 934 3160 puritatis
968 3096 1188 3158 vitrum,
1240 3105 1295 3149 et
1356 3098 1635 3167 sapientia:
1679 3102 1935 3159 salutaris

2131 1912 2417 1978 Querelam
2473 1915 2830 1983 omnipotenti
2883 1914 3013 1979 Deo,
3057 1925 3112 1970 et
3154 1914 3324 1979 vobis,
3377 1916 3472 1985 qui
3528 1915 3650 1984 ejus

2055 2003 2187 2057 estis
2209 2003 2473 2066 membra,
2496 2003 2709 2071 depono
2739 2004 2805 2058 de
2835 2003 3060 2059 domino
3090 2012 3282 2060 nostro
3344 2019 3511 2076 papa,
3550 2007 3643 2075 qui

2055 2108 2149 2147 cor
2178 2107 2358 2148 meum
2385 2100 2494 2147 tam
2522 2096 2718 2150 crebro
2766 2111 3005 2151 niterore
3034 2098 3330 2152 conturbat
3372 2107 3430 2153 et
3478 2112 3646 2169 gran-

2051 2189 2194 2243 daevi
2213 2182 2327 2255 jam
2356 2190 2504 2244 senis
2524 2189 2761 2243 animam
2787 2191 2855 2243 ad
2882 2190 3307 2245 amaritudinem
3358 2202 3641 2261 provocat.

2050 2279 2197 2335 Tulit
2220 2283 2365 2335 enim
2393 2281 2587 2336 librum
2614 2294 2880 2347 nostrum,
2915 2298 3079 2352 quem
3106 2283 3361 2339 videlicet
3392 2284 3461 2339 de
3507 2301 3647 2355 pau-

2049 2371 2316 2440 perlatula
2343 2372 2519 2440 inepis
2550 2372 2801 2442 iugenioli
2831 2388 2952 2427 cum
2982 2389 3181 2445 magno
3232 2374 3418 2430 labore
3448 2376 3641 2430 decer-

2048 2477 2287 2531 pseram,
2320 2473 2374 2517 et
2396 2463 2541 2518 velut
2570 2465 2789 2519 unicmn
2816 2465 2984 2519 lilium
3015 2466 3159 2521 ulnis
3188 2467 3418 2521 uterinaa
3462 2468 3647 2523 dulce-

2046 2556 2191 2610 diuis
2211 2556 2605 2626 amplectebar;
2650 2570 2705 2611 et
2750 2560 2895 2613 lumc
2938 2559 3176 2629 qualiter
3234 2560 3418 2615 tulerit
3462 2575 3645 2628 opem

2043 2648 2276 2715 pretium
2307 2658 2385 2701 est
2436 2652 2761 2718 agnoscatis.
2797 2650 3013 2706 Sciebat
3045 2653 3189 2706 enim
3242 2653 3344 2707 hoc
3400 2669 3459 2708 se
3492 2670 3521 2706 a
3556 2669 3646 2708 me
3692 2712 3695 2715 ,

2042 2735 2198 2789 aliter
2226 2738 2519 2803 impetrare
2547 2756 2649 2791 non
2684 2754 2876 2808 posse;
2907 2742 3104 2796 domno
3135 2740 3316 2795 abbati
3352 2741 3410 2798 S.
3445 2741 3639 2797 Salva-

2043 2826 2177 2880 toris
2214 2842 2299 2880 me
2322 2839 2588 2895 prieseute
2612 2829 2835 2883 tradidit
2863 2872 2877 2892 ,
2910 2832 3228 2901 pracipiens
3276 2842 3334 2887 ut
3384 2836 3643 2889 transcri-

2042 2918 2216 2971 beret.
2251 2917 2418 2973 Nocte.
2452 2937 2597 2985 vero,
2632 2937 2716 2975 me
2761 2924 3058 2988 uescieule,
3090 2926 3209 2977 tulit
3237 2926 3464 2996 suisque
3502 2928 3645 2981 scri-

2042 3009 2147 3062 niis
2172 3010 2467 3064 iusarcivit.
2496 3011 2557 3065 Et
2588 3028 2772 3066 revera
2805 3014 2908 3069 hoc
2950 3025 3031 3068 est
3077 3016 3357 3071 munditiae
3388 3018 3642 3072 sacerdo-

2040 3102 2164 3156 talis
2197 3104 2494 3171 ingenium,
2522 3105 2631 3157 imo
2655 3106 2755 3158 hoc
2805 3106 3012 3174 papalis
3049 3107 3304 3175 puritatis
3357 3116 3440 3161 est
3472 3123 3636 3178 argu-

364 3181 695 3251 n5pletttleat
716 3200 928 3252 aurum,
960 3196 1018 3241 ut
1048 3187 1319 3256 illamjam
1354 3190 1593 3244 imitetur
1636 3193 1932 3261 civitatem,
1964 3188 2008 3249 C
2046 3206 2309 3248 mentum.
2354 3195 2426 3249 Ex
2462 3197 2545 3251 his
2588 3206 2766 3251 tamen
2829 3212 2949 3250 cum
3008 3197 3383 3266 expostulatur
3432 3200 3644 3254 arridet

362 3271 421 3323 de
446 3288 546 3340 qua
582 3274 633 3326 in
663 3275 976 3346 Apocalypsi
1017 3294 1113 3346 per
1146 3278 1405 3335 Joannem
1445 3282 1679 3336 dicitur:
1718 3305 1734 3335 ι
1774 3286 1933 3339 Stru-

360 3371 501 3415 ctura
534 3366 673 3417 muri
701 3366 815 3433 ejus
836 3382 899 3421 ex
934 3368 1107 3437 lapide
1130 3370 1375 3440 jaspide;
1413 3371 1523 3441 ipsa
1559 3389 1689 3429 vero
1734 3376 1931 3433 civitas

358 3464 420 3505 ex
446 3470 579 3508 auro
616 3458 833 3517 mundo.
867 3460 1024 3511 simul
1066 3470 1119 3515 et
1150 3462 1291 3515 vitro
1316 3464 1547 3528 mundo;
1587 3464 1935 3525 fundamenta

357 3546 487 3599 muri
516 3547 754 3601 civitatis
783 3552 925 3603 onuii
956 3551 1129 3620 lapide
1170 3555 1410 3623 pretiOSo
1439 3556 1699 3610 adornata
1747 3561 1933 3629 (Apoc.

360 3646 527 3711 “1).:
567 3647 689 3700 ΙΙτρς
726 3650 889 3717 igitur
913 3650 1107 3707 anima,
1138 3666 1256 3718 (lure
1282 3652 1404 3704 talis
1428 3662 1531 3716 est,
1556 3655 1740 3722 procul
1776 3658 1935 3711 dubio

358 3737 633 3800 paradisus
659 3747 772 3800 est;
799 3739 930 3797 hac.
961 3738 1048 3792 ille
1069 3740 1382 3794 deliciarum
1417 3744 1605 3795 hortus
1641 3754 1746 3805 est,
1781 3748 1937 3813 cujus

356 3826 676 3880 inhabilator
700 3838 781 3883 est
807 3828 965 3883 Deus.
991 3831 1120 3896 Quae
1152 3832 1276 3884 dttut
1327 3834 1408 3886 Sui
1466 3835 1777 3888 Conditoris
1804 3854 1933 3891 rou-

355 3919 690 3986 tcmplatione
720 3918 1028 3989 perfruitur,
1061 3921 1125 3973 ad
1162 3921 1307 3975 illam
1337 3922 1686 3992 dignitatem.
1740 3929 1791 3978 in
1824 3944 1931 3997 qua

354 4010 550 4074 primus
595 4010 757 4062 homo
800 4011 1051 4065 conditus
1111 4010 1306 4074 fuerat,
1380 4011 1722 4067 reformatur.
1782 4015 1932 4072 Unde

355 4096 603 4151 Doininus
635 4099 689 4151 iu
728 4098 967 4153 Levitico
1018 4116 1138 4153 cum
1176 4101 1417 4154 dicturus
1443 4112 1585 4155 esset
1621 4122 1631 4155 :
1671 4124 1688 4151 ι
1728 4104 1931 4160 Ponam

353 4190 747 4244 tabernaculum
773 4206 950 4245 meum
983 4192 1034 4245 in
1066 4193 1243 4245 medio
1273 4194 1458 4259 vestri,
1488 4203 1542 4248 et
1574 4212 1675 4248 non
1712 4198 1931 4264 alijiciet

351 4294 437 4333 vos
463 4281 602 4334 ultra
645 4282 825 4335 anima
855 4296 991 4345 mea,
1033 4292 1085 4337 et
1113 4285 1400 4337 ambulabo
1450 4286 1587 4338 inter
1608 4303 1702 4340 vos
1728 4297 1782 4341 et
1834 4306 1930 4343 ero

350 4384 515 4427 vester
540 4373 723 4439 Deus,
764 4390 963 4446 vosque
1020 4377 1171 4430 eritis
1228 4376 1457 4445 populus
1522 4394 1672 4431 meus
1736 4379 1922 4447 (Levii.

348 4463 506 4531 xxvr),
553 4484 572 4516 ι
602 4465 863 4533 prminisit
887 4464 1072 4519 dicens
1104 4482 1117 4518 :
1160 4484 1178 4515 ι
1210 4466 1517 4520 Comedelis
1557 4470 1922 4523 vetustissima

2038 3298 2305 3356 caputque
2354 3303 2531 3342 meum
2591 3299 2845 3358 tanquam
2898 3289 3018 3343 oleo
3055 3290 3259 3358 jocosae
3313 3288 3643 3345 urbanitatis
3710 3291 3714 3294 ’

2040 3378 2308 3431 suavitate
2356 3377 2662 3439 demulcet;
2731 3379 3070 3432 sacerdotem
3124 3378 3335 3432 scilicet
3409 3382 3635 3448 deputat

2042 3468 2393 3530 histrionem;
2428 3470 2555 3521 dum
2589 3483 2675 3522 me.
2707 3468 2867 3522 rebus
2892 3468 3195 3536 impugnat,
3225 3468 3406 3522 verbis
3445 3470 3638 3523 obdul—

2038 3565 2158 3620 cat;
2193 3558 2604 3611 manusincutit
2632 3557 2961 3625 colaphum;
3016 3573 3078 3611 os
3108 3558 3381 3613 excitatur
3434 3560 3501 3611 ad
3563 3562 3639 3614 ri-

2042 3664 2180 3701 sum.
2215 3649 2309 3701 t‘.ui
2368 3650 2544 3702 simile
2606 3648 2860 3703 Salomon
2917 3649 2969 3701 in
3016 3648 3374 3704 vaerblis:
3422 3668 3441 3700 ι
3481 3649 3641 3706 Sicut

2039 3739 2232 3791 noxius
2261 3749 2363 3799 est,
2406 3740 2601 3807 inquit,
2632 3740 2722 3807 qui
2755 3740 2921 3792 mittit
2956 3739 3175 3795 lanceas
3226 3749 3282 3794 et
3319 3743 3548 3811 sagittas
3573 3743 3630 3798 in

2041 3836 2303 3883 mortem;
2332 3830 2407 3879 sic
2430 3829 2543 3897 68
2573 3830 2671 3889 vir,
2716 3829 2806 3897 qui
2840 3827 3215 3884 fraudulenter
3260 3839 3421 3884 nocet
3450 3833 3633 3889 amico

2039 3932 2153 3977 suo,
2188 3927 2241 3970 et
2264 3934 2381 3970 cum
2418 3919 2580 3971 fuerit
2604 3919 2977 3989 deprehensus
3015 3921 3190 3975 dicit:
3253 3921 3468 3978 Lttdens
3524 3924 3631 3981 feci

2038 4005 2219 4073 (I’ror.
2263 4014 2429 4077 xxvi).
2470 4029 2487 4060 ι
2526 4009 2770 4063 Romana
2796 4026 2957 4081 porro
2998 4014 3165 4067 tradit
3193 4014 3416 4067 historia
3444 4014 3627 4083 (Suet.

2034 4113 2083 4150 c.
2109 4098 2198 4165 48)
2228 4118 2237 4148 ;
2266 4100 2389 4165 quia
2421 4100 2639 4153 Tiberio
2668 4101 2889 4162 Cmsari.
2914 4104 3175 4172 quoniam
3204 4104 3375 4159 multo
3417 4120 3477 4161 se
3505 4107 3636 4163 vino

2033 4193 2230 4259 smpius
2267 4192 2656 4262 ingurgitabat,
2686 4194 2811 4248 dtnu
2842 4204 3131 4249 vocaretur
3182 4196 3441 4252 Claudius
3464 4185 3634 4255 Tibe-

2035 4284 2145 4335 rius
2189 4284 2348 4345 i\'eru,
2390 4285 2641 4337 dicebant
2696 4286 2987 4340 histriones
3031 4304 3043 4339 :
3096 4286 3319 4343 Caldius
3378 4288 3631 4349 Biberius

2033 4368 2191 4423 Nero.
2228 4371 2338 4437 ιςεςυ
2369 4388 2585 4441 quoque
2616 4375 2741 4442 quia
2772 4376 2955 4429 nescio
2979 4375 3204 4439 saltare,
3224 4379 3321 4433 sed
3356 4380 3625 4449 scribere,

2032 4462 2264 4515 scribam
2312 4463 2560 4517 fortassis
2591 4466 2885 4534 aliquando
2917 4481 3025 4519 non
3079 4468 3226 4537 quod
3266 4471 3628 4539 sacerdotem,

347 4530 739 4626 veterum,67
770 4563 823 4607 et
852 4564 1027 4609 vetera
1063 4555 1215 4609 novis
1253 4556 1763 4623 supervenientibus
1793 4575 1921 4625 pro-
1952 4530 2004 4588 Ῑ)
2035 4555 2125 4605 sed
2158 4556 2298 4620 quod
2324 4557 2517 4619 degeat
2560 4558 2903 4611 histrionem.
2960 4557 3095 4613 Nam
3158 4569 3213 4615 et
3270 4576 3369 4632 ego
3422 4565 3631 4622 domini

342 4643 774 4719 jicietis(lbid.).
820 4667 839 4699 ι
874 4648 1309 4702 Vetustissimum
1366 4648 1564 4717 quippe.
1622 4651 1778 4704 nobis
1835 4660 1921 4707 est

347 4737 537 4801 primos
562 4737 811 4791 homines
869 4737 1036 4792 Deum
1084 4738 1135 4791 in
1167 4738 1421 4807 paradiso
1444 4740 1759 4807 conspicere
1790 4758 1803 4806 ;
1832 4757 1920 4796 ve-

344 4829 426 4877 tus
446 4834 651 4888 autem,
679 4826 1025 4881 lsraeliticum
1050 4826 1304 4897 populum
1340 4828 1801 4893 circumcisionis,
1853 4848 1919 4887 ac

348 4915 730 4971 sacriﬁciorum
764 4919 924 4972 ritum
972 4920 1421 4986 diversarumque
1468 4925 1915 4979 caeremoniarum

350 5010 589 5063 mandata
615 5025 859 5064 servare.
886 5009 1039 5066 Tunc
1074 5011 1255 5080 itaque
1290 5012 1657 5065 vetustissima
1685 5026 1928 5069 veterum

349 5101 531 5152 utentis
551 5115 651 5155 ore
677 5101 1030 5167 comedimus,
1068 5118 1187 5156 cum
1221 5104 1286 5156 ad
1320 5104 1493 5157 instar
1541 5105 1698 5173 primi
1730 5122 1925 5174 paren-

350 5192 412 5245 tis
431 5192 520 5247 Dei
552 5194 794 5263 speciem
829 5195 1299 5264 contemplamur;
1355 5205 1538 5251 vetera
1587 5213 1716 5252 vero
1774 5201 1927 5254 novis

352 5284 849 5351 supervenientibus
902 5286 1084 5354 procul
1124 5285 1427 5353 abjicimus.
1468 5290 1591 5342 dum
1646 5289 1924 5360 Evangelii

349 5375 509 5443 gratia
542 5385 869 5429 coruscante
908 5375 1151 5430 Mosaicae
1192 5378 1323 5445 legis
1370 5379 1773 5433 observantiam
1815 5396 1921 5437 non

352 5481 605 5521 curramus.
626 5465 735 5535 Qui
757 5483 886 5538 ergo
917 5470 1199 5538 possidere
1230 5486 1351 5522 cum
1381 5470 1493 5524 Deo
1521 5470 1758 5540 paradisi
1809 5472 1925 5541 glo-

355 5561 474 5615 riam
495 5566 811 5632 quwrimus,
841 5564 926 5618 hic
969 5580 1187 5620 necesse
1231 5576 1313 5619 est
1368 5576 1420 5618 ut
1476 5568 1923 5640 ei,uosinetipsos

357 5654 490 5717 prius
521 5654 899 5708 habitaculum
932 5658 1291 5725 prmbcamus,
1323 5666 1613 5725 quatenus,
1654 5658 1921 5727 dumipse

364 5762 389 5793 ι·
424 5744 571 5797 nobis
600 5745 815 5800 habitat
840 5756 892 5799 et
920 5759 1013 5799 nos
1068 5747 1118 5799 in
1174 5760 1258 5809 eo,
1306 5748 1385 5800 sic
1441 5748 1755 5804 studeamus
1813 5761 1921 5804 non

2032 4648 2133 4697 mei
2160 4662 2354 4699 nomen
2380 4646 2535 4700 facile
2561 4666 2776 4717 possem
2824 4650 3013 4718 jocoso
3075 4652 3186 4707 sale
3246 4669 3629 4730 conspergcro,

2030 4737 2132 4789 nisi
2167 4738 2267 4789 hoc
2294 4739 2423 4791 mihi
2444 4748 2605 4793 tanta:
2632 4741 2912 4810 dignitatis
2941 4743 3261 4798 excellentia
3286 4749 3626 4816 prohiberet.

2028 4824 2335 4880 Alexander
2366 4829 2583 4899 quippe,
2618 4830 2796 4883 levans
2839 4836 3115 4901 angustias
3162 4836 3496 4891 tenebrarum
3539 4839 3626 4895 in-

2032 4928 2377 4986 terpretatur,
2405 4923 2543 4974 sicut
2582 4922 2633 4974 in
2680 4921 3076 4978 ilcbraicurum
3143 4928 3424 4982 nominum
3466 4931 3631 4988 inter-

2028 5008 2419 5077 pretationibus
2466 5014 2752 5069 invenitur.
2814 5014 3022 5082 Quibus
3066 5018 3327 5073 nimirum
3371 5025 3628 5079 tenebra-

2031 5119 2148 5155 rum
2183 5107 2451 5172 angustiis
2483 5108 2609 5174 quid
2634 5107 2777 5165 aliud
2805 5109 3146 5179 designatur,
3175 5128 3341 5181 quam
3373 5122 3452 5169 tot
3477 5115 3629 5172 labo—

2027 5197 2101 5250 ris
2134 5200 2535 5255 etcalamitatis
2571 5218 2846 5267 asruninze,
2884 5218 3020 5271 quas
3062 5206 3325 5261 frenetica
3361 5210 3544 5265 rabies
3562 5224 3625 5266 ac

2023 5290 2175 5343 furor
2200 5294 2355 5346 nobis
2386 5294 2707 5350 (Zadaloicus
2730 5296 2944 5350 intulit?
2970 5296 3243 5354 Cadalous
3273 5301 3439 5370 plane
3472 5286 3639 5357 tene-J

2030 5382 2250 5435 brarum
2276 5384 2534 5438 excitavit
2560 5388 2859 5454 angustias,
2886 5403 3022 5455 quas
3057 5389 3215 5456 juxta
3246 5392 3329 5445 sui
3380 5392 3622 5447 nominis

2028 5472 2435 5541 etymologiam,
2472 5473 2780 5529 Alexander
2846 5492 2978 5545 papa
3036 5477 3265 5543 levavit;
3302 5482 3427 5547 quia
3484 5482 3618 5537 dum

2028 5560 2113 5614 ille
2141 5563 2455 5632 sulphureo,
2481 5577 2536 5619 ut
2566 5568 2634 5620 ita
2661 5568 2870 5638 loquar,
2891 5570 3149 5623 Aitbnzeze
3174 5572 3440 5640 cupidinis
3464 5574 3615 5629 fumo

2028 5654 2205 5710 lumen
2232 5659 2538 5727 apostolica:
2565 5662 2710 5714 sedis
2750 5648 2852 5715 est
2900 5677 3188 5729 aggressus
3236 5663 3611 5731 exstinguere,

2026 5764 2219 5805 omnes
2250 5766 2349 5806 nos
2378 5753 2723 5807 tenebrarum
2754 5753 3011 5821 compulit
3045 5755 3323 5822 angustias
3348 5750 3606 5811 tolerare.
