4260 6396
786 368 889 424 27!

1313 355 1372 409 S.
1413 350 1613 408 PETRI
1643 344 1920 405 DAMIANI
1957 341 2108 400 OPP.
2141 339 2322 396 PARS
2348 335 2489 398 SEU
2518 329 2753 392 TOMUS
2791 329 2829 384 I.
2862 355 2930 367 —-
2965 324 3180 382 EPIS'I‘.
3215 321 3340 379 LIB.
3371 319 3501 375 VIII.

3914 317 4042 374 ’272

791 477 1144 552 Quamobrem
1173 487 1277 527 non
1299 466 1456 521 modo
1494 465 1736 519 dominus
1801 467 1983 513 noster
2035 469 2168 526 papa
2199 493 2214 518 ,
2257 453 2356 506 sed
2383 467 2473 542 Α]

2383 481 2439 542 Α
2463 463 2751 522 hilominus
2794 474 2990 532 genera
3020 455 3278 513 describit
3322 467 3442 508 esse
3481 465 3788 523 poenarum.
3818 451 3886 506 Et
3909 454 4039 520 quia

789 548 981 629 omnes
1004 581 1101 621 nos
1129 564 1182 618 in
1245 567 1529 627 conspectu
1570 552 1827 613 Cadaloi,
1901 548 2003 603 dici
2062 558 2357 615 possumus

789 657 1081 722 Alexandri
1107 673 1121 720 ;
1154 653 1279 723 quia
1305 651 1430 704 dum
1459 647 1544 700 ille
1569 644 1910 699 tenebrarum
1941 637 2094 692 nobis
2123 633 2355 723 imponit

791 748 1093 820 angustias,
1129 721 1279 810 cujus
1313 751 1497 793 sumus
1535 733 1822 804 participes
1845 730 1896 782 in
1928 721 2355 820 laborm-merito

791 813 1076 897 censemur
1095 843 1146 888 et
1177 831 1411 885 nomine.
1447 827 1551 880 Sed
1578 839 1697 879 cum
1739 823 1840 876 hoc
1889 831 2082 872 nomen
2135 813 2352 874 habeat,

783 928 991 990 levare,
1022 922 1146 977 illud
1179 920 1464 989 exprimat,
1491 915 1699 974 cadere,
1725 925 1820 979 per
1848 909 1970 971 hoc,
2000 907 2137 959 inter
2165 902 2315 954 levan
2335 929 2356 942 -

788 1030 899 1076 tem
925 1027 979 1074 et
1027 1015 1306 1070 cadentem
1363 1007 1602 1078 praelium
1632 1046 1646 1069 ,
1697 1002 1844 1056 illum
1899 1012 2057 1066 quem
2109 993 2350 1049 Joannes

787 1119 995 1171 narrat,
1024 1108 1090 1161 ad
1113 1102 1424 1159 memoriam
1468 1096 1707 1166 cogimur
1735 1103 1989 1147 revocare
2019 1084 2345 1141 conﬂictum.

794 1221 814 1253 ι
852 1201 1072 1255 Factum
1097 1204 1195 1260 est,
1222 1192 1416 1261 inquit,
1444 1187 1680 1261 prmlium
1714 1186 1765 1237 in
1823 1181 1957 1237 cmlo
1989 1195 2002 1233 :
2033 1176 2258 1232 Michael
2297 1183 2356 1228 et

786 1291 960 1362 angeli
994 1290 1107 1358 ejus
1133 1284 1512 1356 praeliabantur
1539 1292 1660 1332 cum
1699 1275 1928 1362 dracone
1951 1268 2136 1362 (Apoc.
2161 1266 2284 1334 xii).

790 1359 993 1452 De—quo
1014 1381 1171 1434 etiam
1196 1374 1350 1446 paulo
1390 1379 1507 1441 post
1540 1367 1753 1422 additur
1783 1382 1794 1416 :
1830 1380 1846 1412 ς
1877 1361 1943 1414 Et
1971 1359 2241 1458 projeclus
2267 1360 2354 1451 est

784 1477 841 1532 in
885 1484 1083 1527 terram
1109 1469 1269 1522 draco
1300 1463 1387 1518 ille
1420 1472 1663 1530 magnus,
1691 1465 1912 1522 serpens
1939 1456 2214 1516 antiquus,
2252 1457 2348 1510 qui

786 1573 1013 1621 vocatur
1032 1557 1271 1614 diabolus
1290 1563 1344 1606 et
1365 1551 1594 1605 Satanas
1616 1544 1820 1615 (Ibid).
1851 1562 1868 1594 ι
1897 1540 1976 1594 Ad
1996 1537 2146 1605 cujus
2162 1548 2348 1589 exem-

785 1655 932 1728 plum
959 1660 1011 1704 et
1031 1647 1293 1702 Cadalous
1314 1643 1378 1698 de
1405 1639 1540 1695 caelo
1593 1637 1646 1690 in
1680 1642 1938 1688 tartarum
1969 1626 2178 1689 cecidit,
2223 1638 2350 1678 cum

786 1719 853 1801 de
881 1743 1022 1798 sedis
1045 1736 1346 1808 apostolica:
1375 1730 1626 1792 culmine,
1653 1726 1794 1796 quod
1819 1722 2090 1794 sperabat,
2118 1719 2170 1771 in
2220 1730 2351 1769 ana-

785 1831 1042 1888 thematis
1061 1825 1366 1892 voraginem
1397 1819 1620 1876 corruit.

2461 553 2822 610 beatitudines
2849 550 2952 604 illic
2976 547 3118 604 sicut
3158 545 3314 600 nobis
3338 551 3466 599 sunt
3497 542 3552 596 in
3593 542 3928 612 cognitione,
3960 541 4041 597 sic

2461 646 2666 700 utinam
2698 644 3026 698 haberentur
3066 639 3119 693 in
3145 651 3336 708 opere;
3385 649 3486 691 nos
3514 635 3625 700 hic,
3647 634 3804 704 juxta
3836 632 4040 689 Tullia-

2462 751 2590 791 num
2631 734 2898 797 ordinem,
2950 731 3063 786 sola
3098 741 3380 800 pinnarum
3426 739 3624 795 genera
3666 738 4039 788 numeremus,

2464 828 2719 882 damnum
2742 822 3012 886 videlicet,
3041 818 3279 883 vincula,
3306 815 3554 880 verbera,
3579 813 3860 881 talionem,
3885 815 4043 886 igno-

2461 917 2708 980 miniam,
2741 913 3010 975 exsilium,
3063 919 3312 975 mortem,
3354 908 3688 964 servitutem.
3713 908 3850 962 Cum
3873 907 4046 979 igitur

2459 1007 2578 1061 haec
2604 1005 2783 1059 omnia
2819 1003 2931 1058 fere
2956 1017 3053 1072 pro
3087 999 3235 1058 sedis
3265 998 3575 1070 apostolica:
3605 998 3829 1054 servitio
3856 1007 4042 1070 pertu-

2460 1098 2706 1161 lerimus,
2737 1097 2981 1167 dignum,
3013 1109 3217 1164 quaeso,
3246 1102 3330 1147 est
3360 1099 3437 1156 ut,
3473 1091 3625 1160 quasi
3649 1091 3829 1146 soluto
3849 1106 4044 1162 pinnae

2458 1203 2581 1242 rum
2608 1188 2808 1254 debito,
2837 1201 2980 1241 nunc
3011 1185 3187 1239 eidem
3213 1183 3325 1239 sedi
3352 1181 3690 1251 potissimum
3729 1181 3894 1235 etiam
3938 1179 4044 1234 fa:-

2458 1293 2562 1332 nus
2583 1277 2794 1346 injuria:
2813 1275 3200 1346 persolvamus,
3224 1287 3538 1344 quanquam
3559 1280 3616 1327 et
3637 1272 4042 1328 beatitudinum

2458 1367 2734 1438 Evangelii
2769 1381 2868 1437 pro
2914 1367 3154 1436 ejusdem
3200 1380 3355 1436 papas
3396 1363 3618 1419 servitio
3659 1379 3767 1418 non
3815 1364 4043 1417 omnino

2457 1458 2739 1514 videamur
2765 1456 3053 1526 expertes?
3091 1455 3362 1510 Habemus
3391 1454 3533 1509 enim
3564 1454 3798 1524 primam
3825 1463 3881 1509 et
3911 1453 4043 1508 ulti-

2456 1563 2626 1614 mam,
2673 1555 3040 1617 paupertatem
3084 1545 3291 1601 scilicet
3333 1553 3390 1598 et
3417 1545 3882 1613 persecutionem;
3937 1545 4039 1599 ha-

2457 1657 2578 1696 rum
2623 1641 2828 1696 scilicet
2875 1639 3264 1696 beatitudinum
3315 1638 3484 1707 copiis
3537 1638 3898 1693 abundamus.
3931 1637 4041 1692 Ro-

2456 1731 2601 1786 mani
2651 1732 2846 1802 quippe
2911 1731 3102 1785 nolunt
3160 1727 3546 1794 Alexandrum,
3611 1729 3707 1783 sed
3761 1713 4038 1784 aerarium.

2455 1825 2610 1879 Hunc
2632 1823 2857 1888 scilicet,
2886 1837 3044 1892 quem
3065 1820 3358 1892 Apostolus
3382 1821 3634 1891 reprobat
3655 1818 3742 1889 (11
3768 1819 3906 1873 Tim.
3923 1822 4034 1892 iv);

858 1923 1125 1976 Praeterea
1150 1929 1418 1983 nunquam
1448 1909 1605 1980 hujus
1624 1907 1852 1962 nominis
1871 1901 2108 1973 pontifex
2137 1905 2348 1967 aposto-
2377 1881 2429 1941 Β
2456 1930 2565 1971 non
2611 1929 2753 1979 eum.
2809 1914 2898 1982 qui
2947 1927 3046 1983 per
3097 1911 3462 1983 aposwlomm
3509 1911 4040 1982 amsmlicommque

783 2017 903 2074 lica:
933 2013 1046 2068 sedi
1072 2007 1383 2078 priescdisse
1411 2001 1624 2072 legitur,
1658 1997 1759 2051 nisi
1815 1994 1959 2049 solus
2003 1991 2088 2044 ille
2142 1996 2348 2056 martyr

783 2102 1033 2174 insignis,
1061 2113 1216 2168 quem
1240 2096 1425 2164 quinto
1448 2091 1563 2145 loco
1589 2104 1618 2142 a
1650 2087 1708 2141 Β.
1742 2083 1982 2174 Petroin
2013 2080 2130 2149 ejus
2155 2079 2344 2174 cathe-

785 2198 883 2252 dra
897 2167 1279 2248 constitutum,
1313 2197 1408 2254 per
1431 2179 1608 2234 omnia
1634 2175 1880 2231 novimus
1902 2171 2067 2225 fuisse
2099 2167 2347 2222 membra

784 2284 1123 2341 transﬁxum.
1145 2279 1214 2331 Et
1237 2275 1360 2346 quia
1383 2270 1670 2341 compellor
1691 2267 1756 2321 ad
1776 2265 1976 2327 ludum,
2006 2263 2109 2315 hoc
2131 2260 2183 2313 in
2211 2271 2344 2326 apo-

785 2377 978 2433 stolica
1006 2373 1131 2427 sede
1159 2365 1476 2422 vocabulum
1506 2360 1682 2417 omnia
1706 2357 1806 2412 sibi
1855 2354 2092 2409 vindicat
2147 2363 2350 2421 genera

786 2472 1197 2520 tormentorum,
1227 2465 1280 2510 et
1305 2456 1371 2509 ab
1406 2452 1622 2520 antiqua
1659 2462 1765 2502 non
1794 2445 2086 2512 degenerat
2119 2452 2352 2494 consue-

783 2557 991 2618 tudine,
1023 2553 1146 2607 dum
1176 2545 1482 2602 haereditate
1509 2540 1747 2611 possidet
1773 2533 2190 2591 tribulationem.
2234 2529 2351 2583 Imo

784 2637 1374 2718 juxtauoniinishujus
1432 2629 1958 2701 interpretationem,
2012 2632 2156 2679 totus
2187 2636 2349 2674 muri-

790 2741 891 2795 dus
916 2737 1085 2789 factus
1106 2741 1186 2786 est
1209 2725 1548 2788 Alexandria,
1572 2724 1698 2776 dum
1723 2720 1918 2788 ubique
1942 2725 2208 2770 terrarum
2235 2719 2348 2766 tota

790 2823 1113 2883 universalis
1136 2817 1382 2890 Ecclesia
1412 2815 1513 2868 sub
1540 2810 1766 2866 diversis
1787 2818 2159 2877 pressurarum
2185 2802 2354 2871 gemit

789 2917 1052 2991 angustiis
1073 2910 1384 2968 constituta.
1418 2903 1788 2973 Reproborum
1815 2896 2022 2991 scilicet
2069 2893 2350 2991 hominum

787 2979 935 3082 paict
965 3007 1088 3061 liiuc
1116 3001 1238 3056 inde
1259 2996 1483 3066 rapinis,
1518 2993 1790 3046 laceratur
1835 2983 2068 3055 injuriis,
2131 2979 2350 3081 calami-

789 3076 960 3159 iatum
987 3098 1131 3151 fasce
1159 3089 1496 3160 deprimitur,
1525 3082 1749 3139 sublatis
1780 3076 2016 3148 quotidie
2057 3076 2348 3160 possessio-

791 3193 951 3248 nibus
967 3159 1304 3254 angustatur,
1334 3187 1387 3233 et
1415 3177 1540 3231 dum
1582 3171 1833 3240 ambages
1884 3175 2045 3234 atque
2083 3159 2348 3254 tumultus

786 3247 1396 3351 perversa-loquentium
1429 3262 1647 3334 patitur,
1673 3259 1920 3312 titionum
1950 3247 2349 3351 quodaminodo

790 3337 1376 3428 ienebrisdcnigratur,
1405 3355 1590 3409 dicens
1610 3363 1704 3419 per
1725 3346 2102 3402 Salomonem:
2135 3356 2151 3388 ι
2185 3337 2349 3405 Nigra

791 3476 932 3521 sum,
961 3456 1050 3510 sed
1081 3453 1331 3510 formosa,
1360 3445 1463 3497 ﬁlia
1495 3438 1825 3496 Hierusalem
1862 3454 1874 3488 :
1917 3433 2082 3490 nolite
2109 3445 2192 3483 me
2216 3442 2347 3521 con-

789 3515 1029 3601 siderare
1053 3538 1191 3608 quod
1241 3535 1387 3589 fusca
1430 3531 1554 3596 sim,
1609 3527 1732 3596 quia
1791 3520 2119 3579 decoloravit
2147 3531 2234 3572 me
2268 3515 2348 3570 sol

789 3635 964 3706 (Cant.
983 3632 1046 3702 t).
1086 3649 1103 3682 ι

862 3726 967 3781 Sed
994 3737 1111 3777 cuni
1142 3721 1252 3773 haec
1275 3715 1435 3770 verba
1459 3711 1710 3783 praefatus
1755 3705 2004 3761 dominus
2037 3709 2222 3757 noster
2247 3713 2348 3752 au-

793 3820 974 3880 dierit,
997 3812 1272 3875 fortassis,
1301 3818 1359 3862 ut
1389 3806 1541 3869 solet,
1573 3802 1716 3857 illico
1769 3794 2115 3868 respondebit
2148 3809 2163 3844 :
2204 3789 2348 3843 Dure

791 3907 1045 3976 loqueris,
1083 3900 1277 3969 etquid
1307 3912 1404 3964 ego
1431 3889 1768 3949 commerui?
1823 3885 2148 3976 quidiin‘tc
2189 3892 2352 3976 grave

791 3971 1069 4054 commisi?
1089 3992 1183 4046 eui
1213 4005 1315 4043 non
1343 3983 1601 4040 dissimile
1640 3980 1738 4032 fuit
1766 3976 1907 4046 quod
1939 3975 2032 4028 ﬁlii
2062 3972 2173 4025 Dan
2205 3971 2350 4024 dice-

789 4088 924 4143 ban't
947 4085 1013 4138 ad
1039 4082 1267 4144 Michau,
1301 4077 1386 4131 cui
1411 4073 1521 4146 69
1546 4070 1799 4125 nimirum
1821 4110 1835 4132 ,
1865 4081 1984 4134 qua:
2041 4061 2354 4134 possidebat

793 4151 982 4230 cuncta
1005 4175 1292 4240 rapuerant
1329 4184 1341 4218 :
1392 4185 1408 4215 ι
1443 4162 1604 4230 Quid,
1663 4157 1930 4228 inquiunt,
1982 4153 2074 4207 tibi
2116 4151 2356 4240 vis‘lcur

793 4261 1032 4321 clamas?
1056 4239 1080 4311 ί
1110 4257 1256 4327 (Iud.
1287 4255 1463 4323 xvm.)
1487 4250 1688 4317 Quibus
1717 4246 1802 4301 ille
1831 4241 2142 4312 respondit:
2176 4257 2194 4289 ‹
2219 4239 2356 4294 Deos

796 4367 968 4415 meos,
994 4362 1130 4419 quos
1156 4344 1280 4408 feci,
1335 4341 1464 4395 mihi
1510 4337 1706 4392 tulistis
1752 4377 1765 4399 ,
1817 4343 1872 4387 et
1926 4331 2255 4387 sacerdotem
2304 4336 2358 4382 et

797 4444 980 4499 omnia
1005 4418 1120 4508 quae
1151 4436 1342 4500 habeo,
1367 4441 1422 4486 et
1444 4429 1637 4492 dicitis,
1670 4425 1800 4495 quid
1829 4423 1920 4476 tibi
1953 4423 2080 4476 est?
2111 4440 2129 4472 ι
2167 4418 2353 4492 (Ibid.)

794 4533 906 4591 Sed
932 4529 1179 4598 quoniam
1203 4525 1340 4578 sicut
1359 4523 1439 4576 vir
1468 4520 1682 4588 sapiens
1704 4516 1778 4568 ait
1806 4533 1818 4566 :
1851 4532 1867 4564 ι
1895 4512 2091 4566 Musica
2125 4509 2178 4563 in
2210 4508 2353 4562 luctu

797 4594 1105 4690 importuna
1138 4613 1370 4668 narratio
1401 4607 1771 4680 (Ea-liam);
1795 4622 1812 4649 ι
1846 4603 1972 4657 licet
2003 4599 2195 4655 histrio
2232 4598 2355 4662 sim,
2383 4594 2436 4654 D

795 4729 906 4769 non
935 4713 1064 4767 libet
1112 4709 1314 4770 ludere,
1343 4707 1464 4760 dum
1505 4701 1795 4770 compellar
1823 4699 1984 4753 corde
2012 4695 2226 4766 lugere;
2261 4707 2362 4748 nec

797 4805 1064 4859 citharam
1081 4801 1318 4868 crispare
1331 4797 1736 4862 delectatsqitem
1759 4792 1916 4844 amici
1933 4788 2133 4844 codicis
2147 4789 2359 4856 jactura

801 4895 1100 4963 perturbat.
1145 4889 1351 4944 Reddat
1375 4902 1500 4957 ergo
1530 4886 1750 4947 librum,
1786 4883 1829 4936 si
1857 4881 1970 4934 vult
2000 4880 2270 4949 possidere
2298 4877 2360 4930 li-

803 4983 1067 5039 briﬁcum.
1129 4981 1195 5035 Et
1243 4987 1461 5047 propter
1511 4978 1726 5029 brevem
1777 4971 1896 5026 vilis
1926 4969 2133 5024 articuli
2163 4969 2354 5023 seriem

797 5069 1178 5145 pauperculam
1228 5066 1462 5135 ejusdem
1515 5065 1637 5135 styli
1679 5077 1785 5116 non
1816 5062 2028 5116 amittat
2058 5067 2356 5114 auctorem.

799 5165 912 5221 Hoc
968 5163 1169 5218 scilicet
1217 5165 1493 5214 merentur
1523 5155 1789 5225 impendia
1846 5161 1920 5208 tot
1967 5153 2232 5215 laborum,
2283 5160 2359 5205 tot

795 5255 1036 5326 pericula
1068 5253 1341 5314 inertium,
1366 5265 1496 5303 cum-
1529 5249 1656 5302 illud
1701 5247 1980 5316 Propheta:
2031 5246 2236 5316 lugubri
2278 5259 2360 5298 co-

803 5361 1052 5416 geremur
1083 5357 1211 5399 voce
1241 5351 1502 5397 cantare:
1535 5359 1550 5390 i
1586 5339 1845 5405 Quoniam
1873 5347 2090 5408 prOptcr
2117 5348 2167 5393 te
2191 5347 2362 5393 morte

804 5441 1062 5495 alﬁcimur
1085 5448 1194 5495 tota
1216 5439 1324 5503 die,
1354 5435 1602 5491 testimati
1629 5448 1813 5489 sumus
1837 5441 1894 5485 ut
1919 5447 2045 5488 oves
2072 5432 2359 5487 occisionis-

804 5533 976 5603 (Psal.
1005 5550 1163 5596 xuii;
1197 5529 1344 5585 nem.
1375 5532 1512 5600 vni).
1547 5549 1563 5580 ι

875 5624 1032 5678 Planc
1079 5624 1214 5676 sicut
1258 5630 1378 5674 orto
1427 5620 1780 5674 beatitudines
1809 5629 2085 5674 enumerat
2121 5621 2356 5689 Evange-

805 5717 930 5774 liuru
963 5713 1172 5767 (illailla.
1211 5714 1282 5768 vl.
1313 5712 1384 5764 sic
1416 5711 1466 5763 in
1495 5709 1694 5780 legibus
1731 5711 1840 5764 suis
1887 5710 2087 5765 Tullius
2132 5722 2249 5764 ortu
2278 5713 2357 5766 iii-

2451 2006 2768 2075 pontiﬁcum
2798 2003 3068 2058 tramitem
3091 1999 3514 2064 currit.Nolunt,
3543 2000 4036 2070 iuquam,Alexan-

2455 2098 2610 2152 drum
2659 2094 3026 2166 evangelicam
3078 2091 3460 2148 ecclesiasticae
3507 2106 3707 2148 mensa:
3747 2094 4036 2162 pecuniam

2452 2198 2866 2259 pr0ponentem,
2900 2187 2994 2242 sed
3031 2185 3297 2241 sordentis
3325 2184 3569 2238 avaritiae
3597 2185 3775 2254 potius
3820 2202 3930 2240 :cra
3971 2186 4040 2240 li-

2453 2279 2721 2333 brantem.
2746 2279 2892 2332 Petri
2941 2287 3203 2348 respuunt
3249 2293 3640 2343 successorem,
3672 2287 3726 2333 et
3756 2278 4035 2334 alumnum

2456 2368 2694 2422 Simonis
2745 2368 3146 2437 amplectuntur
3193 2383 3294 2437 pro
3339 2369 3628 2424 venalitate
3679 2366 3915 2436 Spiritus
3945 2383 4038 2436 pe-

2455 2459 2644 2513 cunias
2675 2455 2986 2511 offerentem
3025 2457 3163 2524 (Act.
3206 2456 3349 2528 vin).
3387 2456 3618 2511 Proinde
3647 2455 3907 2510 Dominus
3938 2470 4036 2512 no-

2453 2555 2589 2618 ster,
2617 2546 2740 2614 quia
2781 2561 2874 2600 sua
2909 2547 3064 2601 nobis
3095 2548 3334 2616 praebere
3362 2562 3466 2601 non
3493 2554 3669 2611 vacat,
3699 2560 3804 2600 non
3839 2546 4033 2602 saltem

2455 2651 2573 2706 qua:
2600 2645 2784 2690 nostra
2813 2644 2956 2699 sunt,
2993 2635 3162 2688 tollat.
3208 2636 3514 2705 Apostolica
3546 2635 3744 2706 quippe
3765 2637 4034 2690 sententia

2456 2733 2586 2779 est:
2647 2741 2665 2772 ι
2719 2722 2834 2778 Νοη
2881 2725 3077 2778 debent
3129 2724 3222 2778 ﬁlii
3277 2725 3647 2780 tliesaurizare
3693 2725 4033 2794 parentibus,

2456 2815 2549 2868 sed
2598 2823 2848 2883 parentes
2903 2813 3026 2867 ﬁliis
3070 2813 3153 2882 (Il
3187 2813 3310 2867 Cor.
3351 2815 3471 2884 xu).
3507 2831 3526 2864 ι
3561 2812 3666 2868 Sed
3709 2813 3837 2867 dum
3885 2823 4036 2868 tanto

2454 2905 2593 2976 patri
2620 2914 3005 2974 praesumentes
3043 2905 3408 2975 obloquimur,
3443 2905 3567 2974 quia
3595 2918 3910 2960 mensuram
3934 2920 4033 2959 no-

2451 3003 2622 3050 strain
2653 2994 3030 3050 insimulantes
3057 2995 3411 3060 excessimus,
3434 3009 3464 3048 a
3481 2993 3652 3057 vobis,
3671 2993 4034 3060 dilectissimi,

2452 3087 2774 3155 procacibus
2833 3086 2987 3140 .abiis
3042 3086 3416 3156 paenitentiam
3480 3085 3832 3155 postulamus.
3888 3085 4038 3140 Inter

2461 3177 2609 3230 servi
2644 3175 2853 3230 scilicet
2906 3177 3214 3245 dominique
3263 3176 3492 3245 litigium
3529 3176 3756 3230 debetur
3788 3185 3846 3229 et
3875 3176 4034 3231 satis-

2455 3263 2618 3323 factio
2643 3264 2974 3334 delinquenti
3004 3275 3059 3319 et
3087 3265 3401 3326 pmnitentia
3432 3264 3726 3334 vapulanti.

3002 3393 3330 3450 EI’ISTOLA
3371 3394 3479 3448 VII.

2529 3545 2597 3587 AD
2635 3543 3042 3586 IILDEBRANDUI
3080 3546 3124 3585 Β.
3167 3547 3220 3585 κ.
3261 3547 3313 3584 Ε.
3355 3545 3784 3588 ιιιειιιυιλεοιωιι
3826 3547 3962 3589 CAR-

3118 3615 3368 3656 DINALEI.

2687 3710 2949 3782 (Habetur
2975 3722 3101 3768 tam.
3133 3712 3251 3779 III,
3281 3689 3458 3784 estque
3479 3731 3657 3817 opu/sc.
3689 3713 3806 3786 32.)

2998 3844 3330 3901 EPISTOLA
3373 3843 3495 3900 VIII.

2531 3963 2598 4002 ΔΙ)
2635 3960 2850 4003 ΕυΙῦΕΙ
2888 3960 3294 4003 ηιιυειιιλυυυκ
3329 3963 3376 4002 S.
3417 3963 3469 4000 ιι.
3511 3962 3564 4000 Ε.
3604 3962 3958 4006 Αιειιωιιοο-

3094 4033 3201 4072 {QUI
3239 4033 3398 4074 ωλι).

2461 4128 2570 4198 7o
2597 4129 2990 4184 Ancusenruu.
3018 4158 3088 4167 —
3120 4129 3479 4198 Conqueritur
3515 4145 3638 4185 cum
3665 4129 4036 4189 Hildebrando

2531 4201 2674 4267 quod
2697 4214 2885 4268 parum
2918 4213 2977 4252 se
3011 4200 3076 4269 ab
3101 4212 3166 4252 eo
3194 4198 3341 4269 diligi
3363 4201 3738 4269 comperisset.
3763 4199 4036 4268 Primum,

2530 4269 2672 4336 quod
2701 4283 2972 4337 nunquam
3003 4268 3070 4321 ad
3102 4281 3158 4321 se
3185 4268 3482 4332 scriberet;
3535 4270 3748 4334 deinde,
3796 4271 3940 4337 quod
3981 4273 4037 4327 in

2533 4338 2872 4391 sermonibus
2915 4338 3190 4391 sinistram
3225 4339 3288 4391 de
3332 4351 3392 4392 se
3429 4338 3758 4400 mentionem
3803 4338 4032 4396 faceret.

2531 4407 2997 4480 Quam_immerito
3040 4407 3092 4460 id
3137 4406 3238 4461 sibi
3275 4408 3482 4461 accidat
3508 4409 3764 4480 ostendit,
3819 4411 3913 4480 qui
3959 4411 4037 4466 illi

2530 4491 2630 4546 pro
2667 4477 2885 4547 viribus
2933 4479 3307 4544 obtemperare
3369 4492 3580 4547 semper
3635 4477 3929 4547 studuerit,
3982 4489 4040 4536 et

2534 4546 2770 4600 maximo
2818 4560 3013 4620 amore
3051 4556 3428 4620 prosequatur.
3460 4546 3540 4598 Ad
3569 4546 4040 4620 extremnm,epi-

2536 4624 2771 4684 scepatu‘
2798 4629 2856 4668 se
2897 4615 3127 4669 abdicat.
3159 4615 3327 4682 Quam
3391 4629 3503 4669 rem
3557 4615 3767 4670 scilicet
3813 4615 4034 4675 causam

2539 4701 2636 4740 cur
2663 4700 2721 4739 se
2751 4685 2797 4737 ei
2831 4685 3224 4739 llildebrandus
3247 4685 3544 4739 subiratuin
3574 4687 3838 4754 praeberet
3866 4687 4036 4746 fuisse

2538 4754 2790 4809 credibile
2819 4763 2932 4819 est;
2966 4755 3181 4808 nolebat
3205 4755 3347 4809 enim
3385 4758 3437 4808 in
3482 4754 3571 4808 illa
3616 4765 3920 4823 temporum
3947 4774 4037 4814 ne-

2533 4824 2786 4878 cessitate
2833 4834 2887 4878 et
2938 4825 3198 4878 bonorum
3243 4825 3584 4880 sacerdotum
3638 4827 3867 4894 penuria
3926 4838 4033 4884 tam

2535 4903 2724 4948 sancto
2749 4894 2988 4948 antistite
3015 4894 3306 4948 Ecclesiain
3331 4894 3532 4949 orbari.

2536 4984 2741 5037 Donino
2770 4981 3148 5036 "ILDEBBANDO
3172 4983 3575 5050 archidiacono,
3597 4983 3816 5042 Pullus
3842 5003 4032 5054 pecca.

2470 5084 2554 5128 tor
2589 5073 2906 5138 monachus,
2933 5074 3269 5128 servitutem.

2538 5161 2720 5226 Miror,
2752 5161 3074 5217 venerabilis
3125 5161 3316 5226 frater,
3367 5177 3464 5218 cur
3509 5175 3694 5221 sancta
3738 5182 3894 5224 mens
3945 5179 4032 5226 tua

2466 5254 2611 5311 nulla
2639 5255 2778 5309 circa
2833 5270 2918 5310 ine
2968 5255 3141 5310 valeat
3194 5257 3478 5311 occasione
3519 5258 3822 5325 mitescere,
3875 5272 4034 5318 utne

2467 5362 2630 5400 unum
2673 5345 2885 5414 quidem
2935 5345 3176 5410 verbum,
3224 5348 3524 5416 praesertim
3573 5350 3788 5418 quando
3836 5353 4034 5408 absens

2470 5453 2607 5504 sum,
2649 5436 2732 5491 vel
2757 5437 2822 5490 ad
2855 5450 2959 5500 me,
2991 5437 3071 5491 vel
3110 5438 3174 5491 de
3207 5451 3290 5491 me
3333 5438 3593 5506 proferas,
3622 5440 3764 5509 quod
3808 5442 3877 5495 ad
3905 5443 4033 5497 cha-

2465 5531 2638 5584 ritatis
2661 5529 2905 5584 videatur
2925 5530 3154 5583 cilicium
3189 5530 3490 5599 pertinere;
3543 5532 3637 5586 sed
3683 5534 4031 5601 quandocun—

2467 5637 2568 5691 quc
2599 5620 2677 5674 vel
2710 5620 2773 5674 ad
2807 5637 2889 5673 me
2923 5619 3115 5689 legatio
3145 5619 3464 5686 destinatur,
3507 5621 3593 5677 vel
3633 5630 3685 5675 te
3737 5632 4025 5690 priesentc,

2453 5728 2643 5770 -serino
2674 5712 2892 5781 quilibet
2920 5729 2985 5767 ex
3017 5729 3100 5768 inc
3125 5714 3371 5771 fortassis
3405 5716 3669 5779 oboritur,
3703 5731 3826 5771 mox
3854 5719 4027 5787 parvi-
