4260 6376
399 354 498 416 273

1551 351 1753 409 LIBER
1794 342 2183 418 SECUNDUS,
2223 332 2445 405 Eptsr.
2485 342 2580 401 ιχ.

3558 331 3671 394 9η

404 471 519 528 tatis
545 483 674 526 mea
701 481 899 524 nomen
925 462 1249 538 exploditur,
1281 463 1424 522 fama
1451 468 1789 537 eonspuitur,
1824 468 1960 524 ievi-
1988 469 2043 530 Α
2065 473 2268 521 serant.
2298 461 2427 526 Cur.
2456 473 2664 532 quaeso,
2696 451 2840 512 illius
2875 462 3006 512 tunc
3032 455 3319 512 sententia:
3350 455 3672 511 recordatus

405 572 484 618 tas
506 562 781 625 irridetur,
805 573 870 614 ac
896 559 961 614 de
987 573 1072 614 me
1100 557 1226 613 talia
1252 557 1605 628 proferuntur
1628 575 1749 629 quae
1771 569 1825 615 et
1855 561 1961 616 ini-

399 652 546 709 micis
574 649 708 706 meis
722 648 959 718 jucunda
983 649 1054 704 sit
1093 648 1292 714 tabula,
1321 659 1376 705 et
1418 649 1552 703 mihi
1585 648 1830 705 confusio
1878 650 1960 704 ln-

398 755 592 802 ctuosa.
615 742 782 798 Plane
801 751 1083 814 postquam
1127 742 1384 798 Romana:
1430 757 1552 798 sum
1580 742 1830 814 alligatus
1864 743 1966 799 Ec-

396 838 562 895 clesiae
587 837 719 908 (84),
769 838 972 893 utinam
1001 845 1110 892 tam
1157 837 1286 903 Deo,
1331 837 1415 894 vel
1441 837 1621 904 Petro,
1653 854 1814 905 quam
1859 840 1965 906 tuis

393 930 576 1000 emptis
609 931 824 1002 tuisque
860 929 1141 986 conatibus
1168 943 1384 1002 semper
1412 930 1791 1000 obtemperare
1835 946 1965 986 con-

397 1021 559 1086 tendi,
582 1029 636 1076 et
663 1021 718 1076 in
747 1021 999 1077 omnibus
1025 1021 1135 1076 tuis
1181 1021 1572 1076 certaminibus
1603 1030 1767 1092 atque
1792 1022 1965 1077 victo-

392 1113 502 1178 riis,
532 1126 630 1184 ego
662 1128 748 1168 me
792 1127 901 1167 non
934 1111 1380 1179 commilitonem,
1412 1111 1526 1168 sive
1556 1111 1961 1182 pedissequum,

391 1204 480 1261 sed
509 1205 656 1275 quasi
712 1202 913 1259 fulmen
959 1203 1138 1272 injeci.
1165 1202 1318 1271 Quod
1358 1203 1504 1258 enim
1543 1212 1822 1258 certamen
1866 1219 1966 1258 un-

389 1307 540 1365 quam
559 1292 794 1363 cepisti,
818 1293 907 1348 ubi
931 1294 1174 1364 protinus
1193 1307 1296 1363 ego
1317 1308 1424 1348 non
1447 1306 1624 1348 essem
1648 1300 1704 1347 et
1723 1292 1967 1363 litigator

390 1397 441 1442 et
471 1384 667 1454 judex?
708 1385 812 1442 Ubi
848 1386 1054 1442 scilicet
1102 1401 1212 1441 non
1250 1385 1410 1440 aliam
1451 1385 1834 1440 auctoritatem
1870 1398 1964 1438 ca-

387 1491 601 1541 nonum,
619 1476 722 1531 nisi
745 1477 914 1532 solum
939 1485 1041 1531 tum
1057 1476 1354 1531 voluntatis
1375 1476 1643 1544 sequebar
1656 1476 1962 1540 arbitrium,

387 1575 440 1621 et
475 1580 619 1621 mera
647 1576 737 1620 tua
763 1565 1010 1621 voluntas
1041 1566 1172 1621 mihi
1199 1581 1467 1622 canonum
1494 1575 1613 1621 erat
1644 1566 1961 1622 auctoritas.

385 1655 490 1713 Nec
510 1669 747 1726 unquam
771 1654 1004 1726 iudicavi
1037 1656 1181 1726 quod
1210 1656 1386 1711 visum
1414 1662 1499 1711 est
1523 1655 1678 1722 mihi,
1702 1656 1797 1711 sed
1819 1654 1966 1725 quod

386 1745 578 1817 placuit
613 1743 732 1800 tibi.
764 1743 1054 1810 Praeterea,
1086 1761 1284 1801 nomen
1317 1755 1466 1801 tuum
1494 1745 1547 1800 in
1574 1753 1777 1815 quanta
1803 1745 1966 1801 bene-

2067 573 2175 613 non
2204 571 2302 621 es,
2345 568 2452 624 qua
2483 550 2685 608 dicitur
2717 570 2730 605 :
2776 565 2794 602 ι
2836 549 3055 607 Cibaria
3079 591 3094 614 ,
3145 558 3201 605 et
3246 549 3395 621 virga
3437 556 3494 603 et
3531 561 3672 602 onus

2065 648 2252 713 asino;
2310 647 2498 716 panis,
2555 651 2611 698 et
2660 641 2942 712 disciplina
2990 650 3046 696 et
3091 655 3228 711 opus
3268 655 3427 696 servo
3472 636 3672 710 (Eccli.

2069 743 2302 808 xxxm);
2345 757 2363 789 ι
2401 737 2492 793 ubi
2522 750 2647 791 mox
2674 734 2921 805 sequitur
2953 752 2966 788 :
3006 751 3026 785 ι
3062 732 3209 788 Laxa
3239 747 3434 787 manus
3462 729 3572 795 illi,
3615 737 3676 784 et

2065 831 2264 900 qumrit
2293 829 2600 886 libertatem
2624 825 2838 896 (Ibid.).
2875 845 2893 876 ι
2921 825 3034 881 Cur
3056 833 3113 879 et
3134 824 3222 879 ille
3247 824 3343 878 tibi
3363 821 3673 878 versiculus

2066 923 2270 978 excidit
2301 940 2314 975 :
2353 940 2371 974 ι
2407 919 2607 991 Jugum
2649 927 2706 973 ct
2746 916 2923 972 lorum
2951 925 3185 972 curvant
3212 913 3411 970 collum
3445 915 3671 981 durum,

2064 1023 2122 1068 et
2150 1027 2365 1068 servum
2398 1010 2662 1066 inclinant
2706 1007 3055 1079 operationes
3100 1003 3379 1061 assiduae?
3418 1027 3435 1054 ›
3474 1001 3672 1073 (ιὸὶά.)

2065 1102 2177 1158 Cur
2204 1103 2367 1158 etiam
2400 1100 2533 1156 illttd
2567 1110 2658 1156 tua
2695 1099 2960 1155 memoria
2991 1113 3098 1153 non
3127 1096 3401 1153 recoluit:
3441 1113 3462 1148 ι
3497 1094 3677 1151 Servo

2069 1191 2336 1249 malevolo
2365 1199 2594 1256 tortura,
2624 1201 2681 1247 et
2702 1190 3013 1260 compedes.
3044 1188 3196 1244 Mitte
3220 1187 3372 1243 illum
3399 1187 3456 1241 in
3482 1201 3677 1256 opera-

2067 1284 2294 1351 tionem,
2323 1297 2395 1339 ne
2420 1282 2611 1338 vacet?
2647 1301 2666 1334 ι
2707 1279 2898 1353 (Ibid.)
2931 1279 3038 1335 Sed
3085 1279 3215 1349 quid
3260 1278 3461 1333 mirum
3482 1319 3497 1342 ,
3542 1277 3590 1332 si
3621 1285 3677 1332 te

2066 1374 2195 1430 licet
2218 1374 2541 1445 prudentem
2569 1380 2626 1429 et
2651 1379 2899 1427 sanctum
2925 1370 3102 1424 virum
3129 1368 3307 1438 potuit
3328 1366 3528 1422 artifex
3553 1380 3676 1421 ser-

2067 1469 2212 1522 vitus
2244 1475 2300 1522 et
2325 1477 2516 1523 vesuta
2545 1464 2795 1534 decipere
2815 1503 2841 1529 ,,
2861 1477 2986 1518 cum
3017 1469 3072 1516 et
3099 1460 3422 1532 pr0phetico
3449 1458 3677 1529 plenum

2067 1557 2261 1628 spiritu
2289 1556 2484 1621 David,
2532 1555 2660 1610 Siba
2708 1569 2901 1611 servus
2949 1553 3081 1608 Sani
3131 1551 3327 1608 callide
3375 1551 3676 1616 mentiens,

2068 1645 2331 1716 compulit
2382 1659 2414 1700 a
2460 1643 2674 1714 iustitia
2729 1642 3048 1699 declinare?
3096 1659 3115 1693 t
3168 1639 3285 1708 Tu,
3338 1641 3557 1710 inquit,
3619 1648 3678 1696 et

2070 1734 2219 1802 Siba,
2248 1735 2474 1790 dividite
2494 1734 2870 1805 possessiones
2893 1731 2981 1805 (11
3011 1731 3139 1802 Reg.
3161 1730 3301 1828 xtx):
3335 1729 3482 1802 »ωε
3503 1730 3679 1800 siqni-

385 1834 612 1891 dictione
646 1834 812 1891 fuerit
840 1835 979 1906 apud
1005 1835 1144 1891 labia
1171 1850 1290 1891 mea
1322 1836 1513 1891 saltem
1543 1836 1802 1891 domuum
1832 1834 1963 1891 Clu—
1994 1824 2041 1886 Β
2067 1830 2192 1885 dem
2241 1828 2588 1884 innocentem
2632 1827 2996 1899 Miphiboseth
3041 1824 3304 1880 mentitus
3348 1833 3436 1880 est
3483 1830 3678 1878 eontta

385 1925 684 1981 niacensem
709 1965 726 1990 ,
767 1925 857 1996 qui
894 1926 993 1981 tibi
1036 1940 1144 1982 non
1173 1934 1259 1982 est
1285 1926 1522 1998 ignotus,
1561 1928 1794 1998 inquire.
1825 1926 1965 1983 Nam

383 2015 501 2071 dum
521 2031 687 2087 super
712 2027 763 2072 te
791 2018 1080 2088 aliquando
1125 2016 1460 2089 disputarem
1496 2032 1510 2071 :
1559 2035 1578 2069 ι
1612 2016 1830 2084 Nescit,
1887 2019 1968 2074 in-

383 2107 495 2178 quit
520 2107 635 2174 ille,
667 2117 871 2163 tantam
897 2109 993 2164 tibi
1035 2109 1116 2164 sui
1156 2109 1360 2164 amoris
1407 2110 1584 2164 inesse
1603 2109 1963 2174 dulcedinem,

381 2215 536 2270 quam
567 2199 852 2270 profecto,
907 2201 950 2254 si
997 2208 1224 2266 nosset,
1264 2199 1676 2271 incomparabili
1707 2215 1873 2271 penes
1912 2208 1968 2254 te

383 2305 562 2346 amore
584 2290 859 2362 ﬂagraret.
899 2311 917 2343 ι
956 2290 1062 2347 Sed
1088 2307 1187 2347 cur
1219 2307 1320 2363 ego
1346 2292 1660 2362 scriptionis
1689 2293 1850 2364 hujus
1881 2307 1965 2348 ar-

385 2382 598 2438 ticulum
630 2384 909 2454 protraho,
941 2399 1102 2453 quam
1129 2393 1181 2440 te
1203 2384 1468 2439 lecturum
1492 2399 1612 2440 esse
1633 2400 1739 2440 non
1765 2385 1968 2454 spero?

382 2468 535 2526 Certe
564 2486 728 2528 nemo
756 2472 890 2527 vivit
922 2473 973 2527 in
1007 2487 1192 2539 carne,
1227 2474 1314 2529 cui
1345 2473 1604 2529 libentius
1643 2475 1964 2542 scriberem,

382 2562 423 2618 si
452 2572 506 2618 tu
537 2564 840 2635 dignareris
856 2565 1068 2620 oculum
1095 2565 1375 2622 adhibere.
1407 2565 1514 2621 Sed
1543 2567 1670 2636 quia
1697 2582 1823 2638 spes
1857 2567 1966 2624 ista

383 2669 483 2710 non
517 2663 622 2720 est,
660 2656 778 2711 vide
807 2672 965 2726 quam
996 2665 1287 2713 accuratus
1323 2666 1378 2713 et
1427 2656 1645 2712 limatus
1674 2659 1744 2713 sit
1770 2657 1964 2731 stylus,

382 2745 468 2814 qui
494 2745 656 2801 flores
683 2745 908 2816 eloquii,
932 2762 1053 2817 qua:
1079 2746 1424 2817 resplendeat
1452 2748 1734 2803 urbanitas
1771 2748 1967 2804 dictio-

384 2835 479 2890 nis.
511 2833 618 2890 Sed
639 2836 756 2890 sive
783 2837 985 2900 videas,
1013 2836 1125 2892 sive
1154 2851 1259 2891 non
1286 2837 1493 2903 videas,
1517 2852 1617 2907 ego
1641 2838 1735 2893 tibi
1757 2839 1967 2908 episco-

383 2933 560 2995 patum
588 2941 753 2996 quem
784 2926 1005 2992 dediSti,
1035 2942 1135 2996 per
1161 2928 1260 2983 has
1285 2927 1498 2984 litteras
1536 2929 1722 2994 reddo,
1772 2945 1964 2988 omne-

382 3028 479 3084 que
504 3015 614 3084 jns,
644 3025 699 3071 et
732 3026 1049 3087 potestatem
1097 3034 1126 3072 a
1172 3033 1260 3074 me
1307 3034 1426 3090 qua:
1477 3019 1611 3074 mihi
1644 3034 1809 3092 super
1837 3037 1964 3080 eum

384 3117 689 3179 competere
719 3110 1021 3175 videbatur,
1053 3108 1332 3166 abscinde.

863 3215 966 3292 71
1011 3220 1347 3279 EPISTOLA
1386 3221 1478 3278 tx.
1885 3290 1889 3293 λ

384 3325 448 3366 Δ»
460 3324 679 3368 ΕΠΙΒΕΙ
693 3327 1099 3369 ιιιιοεβιιλιωωι
1129 3328 1178 3368 8.
1195 3329 1249 3368 Β.
1279 3327 1332 3369 Ε.
1347 3329 1782 3373 ΔΒΟΕΙΒΙᾹΟΟΝΠΙ
1804 3332 1963 3372 αλιι».

385 3401 776 3459 Aesoni-twn.
807 3435 878 3446 —
920 3405 1118 3460 lterum
1177 3421 1300 3462 cum
1355 3409 1544 3464 eodem
1603 3410 1969 3467 Hildebrando

448 3474 756 3544 expostulat
808 3476 1046 3531 habitam
1097 3476 1166 3530 ab
1215 3491 1281 3532 eo
1335 3493 1456 3535 esse
1494 3478 1655 3534 fidem
1687 3481 1969 3537 malevolis

449 3546 807 3619 quorumdam
859 3547 1238 3619 sermonibus,
1287 3549 1378 3619 qui
1422 3549 1640 3604 beatum
1681 3550 1858 3606 virum
1912 3553 1969 3607 itt

450 3613 626 3689 alieno
673 3614 790 3671 solo
846 3617 1235 3689 monasterium
1283 3613 1582 3674 aedificasse
1625 3635 1723 3689 per
1771 3621 1972 3677 calum-

448 3684 1039 3811 :itttgltldasseverabant.
1075 3686 1232 3754 Quod
1275 3701 1397 3745 esse
1439 3684 1642 3745 falsum
1684 3689 1972 3749 manifeste

645 3771 658 3810 i
691 3794 705 3811 .

645 3771 705 3811 ιι.

451 3843 717 3902 lmmobili
753 3847 1019 3904 columnae
1041 3847 1187 3905 sedis
1211 3850 1521 3919 apostolica:
1551 3849 1753 3906 domno
1778 3851 1974 3908 HILDB-

385 3949 588 3994 anno
623 3939 1006 3997 archidiacono
1029 3982 1044 4008 ,
1091 3939 1310 3997 Psrnus
1353 3950 1610 4013 peccator
1645 3945 1968 4013 monachus,

383 4027 630 4084 salutem.

453 4119 660 4178 Uberes
692 4136 792 4193 ago
833 4122 1069 4193 gratias,
1108 4123 1415 4180 venerande
1457 4123 1651 4191 frater,
1691 4126 1818 4195 quia
1845 4141 1972 4182 cum

386 4213 451 4267 ad
497 4213 696 4285 regalis
744 4213 881 4271 aulae
945 4216 1305 4273 contenderes
1353 4216 1562 4286 apicem
1590 4257 1606 4285 ,
1646 4225 1972 4274 aestuantem

385 4302 529 4359 circa
557 4319 647 4360 me
672 4319 934 4376 vaporare
962 4306 1206 4375 persensi
1233 4306 1300 4362 de
1327 4307 1572 4362 sacrario
1621 4306 1696 4362 tui
1737 4305 1971 4378 pectoris

387 4395 730 4453 eharitatem.
753 4396 865 4454 Nec
885 4399 1103 4465 mirum,
1133 4413 1257 4455 cum
1283 4399 1427 4456 Deus
1453 4399 1596 4470 ignis
1617 4397 1830 4455 dicatur
1849 4408 1973 4455 esse

385 4486 709 4544 consumens
759 4487 937 4560 (Deut.
962 4505 1049 4554 tv;
1080 4488 1246 4545 Hebr.
1275 4489 1411 4560 ιιι),
1443 4490 1490 4546 si
1529 4490 1703 4546 sancti
1736 4489 1972 4560 Spiritus

2067 1917 2278 1990 regiam
2301 1933 2466 1990 agere
2493 1917 2871 1989 majestatem;
2903 1916 2993 1972 isti
3020 1930 3109 1971 me
3145 1914 3516 1970 conditionem
3553 1927 3678 1983 per-

2068 2011 2257 2067 bibent
2283 2011 2674 2082 proscripsisse
2723 2009 2994 2067 servilem.
3049 2007 3181 2074 Sed,
3209 2020 3427 2078 quaeso,
3479 2002 3677 2070 frater,

2068 2103 2312 2173 nunquid
2359 2102 2708 2174 Tethgrimus
2756 2100 3025 2159 Guidonis
3071 2097 3233 2167 hujus
3289 2107 3540 2168 patruus,
3582 2095 3680 2167 qui

2069 2195 2189 2253 sine
2237 2194 2425 2250 liberis
2469 2194 2642 2260 obiit,
2695 2193 2762 2249 de
2798 2199 2878 2248 tot
2908 2190 3055 2263 agris
3104 2203 3169 2245 ac
3212 2188 3354 2245 villis
3381 2187 3681 2259 perexigua

2069 2286 2285 2352 saltem,
2316 2300 2438 2356 quae
2466 2284 2792 2340 videbantur
2818 2297 2940 2339 esse
2974 2281 3315 2339 contermina
3343 2278 3681 2336 monasterio

2070 2377 2251 2449 legare
2277 2392 2388 2432 non
2416 2377 2631 2447 potuit?
2658 2391 2726 2431 an
2759 2374 2939 2430 adhuc
2966 2373 3323 2444 obsequentis
3349 2370 3508 2428 cunei
3529 2367 3678 2441 judi-

2069 2468 2284 2523 cabitur
2314 2467 2590 2538 indignus,
2621 2467 2710 2522 cui
2739 2481 2864 2522 cum
2894 2480 2963 2521 ex
2992 2465 3098 2550 hac
3126 2464 3245 2535 ipse
3277 2463 3390 2518 vita
3419 2463 3665 2518 decesse-

2069 2561 2160 2626 rit,
2183 2560 2475 2631 posteritas
2494 2561 2544 2616 ei
2566 2558 2712 2615 nulla
2734 2557 3016 2614 succedit?
3032 2556 3170 2613 Huic
3185 2556 3372 2622 etiam,
3398 2554 3493 2625 qui
3518 2553 3678 2624 adju-

2069 2651 2164 2714 vit,
2194 2650 2322 2720 quia
2349 2649 2580 2706 clientes
2604 2650 2787 2704 omnia
2812 2648 3126 2719 possident,
3157 2646 3361 2717 aliquid
3395 2644 3509 2700 Deo
3536 2658 3677 2699 eon-

2067 2738 2230 2804 ferre.
2264 2741 2332 2796 de
2360 2740 2445 2796 sui
2486 2740 2628 2811 juris
2666 2739 2865 2795 allodio
2894 2754 3003 2794 non
3034 2737 3254 2794 licebit?
3285 2734 3548 2792 Censebis
3568 2773 3583 2799 ,
3615 2742 3680 2790 nt

2068 2832 2128 2899 ii,
2158 2833 2250 2903 qui
2281 2833 2526 2888 rotandis
2553 2833 2660 2904 72
2691 2832 2759 2886 ad
2785 2833 2967 2901 ignem
2991 2832 3250 2896 verubus,
3272 2829 3361 2886 vel
3387 2828 3679 2885 abluendis

2068 2934 2197 2983 sunt
2217 2926 2487 2983 iebetibus
2508 2926 2825 2997 deputandi,
2848 2910 2929 2982 sic
2951 2925 3149 2981 berilia
3170 2925 3311 2981 bona
3334 2922 3678 2996 possideant,

2068 3025 2129 3071 ut
2157 3030 2347 3072 eorum
2377 3015 2585 3071 domini
2633 3016 2950 3072 recedentes
2980 3031 3011 3071 ε
3037 3013 3273 3081 sacculo,
3324 3013 3529 3069 sanctis
3570 3011 3678 3067 Ec-

2066 3106 2248 3162 clesiis
2275 3106 2359 3162 sui
2389 3105 2531 3177 juris
2571 3106 2848 3178 impendia
2890 3123 3000 3163 non
3045 3105 3390 3176 relinquant?
3415 3103 3679 3174 Dignum-

1996 3202 2042 3266 C
2075 3216 2144 3256 ne
2167 3201 2426 3270 perhibes
2455 3207 2513 3254 ut
2537 3200 2808 3271 mancipia
2838 3209 3025 3256 nostra
3054 3206 3247 3270 gerant
3272 3212 3369 3252 ora
3391 3195 3675 3252 flamman-

2074 3291 2173 3360 tia,
2191 3301 2253 3348 nt
2272 3293 2498 3364 pretiosi
2514 3277 2694 3348 cultus
2715 3292 2941 3347 induant
2959 3301 3303 3358 ornamenta,
3321 3305 3420 3344 nos
3435 3297 3677 3344 :estuan-
3714 3310 3716 3312 τ

2075 3385 2144 3440 tis
2194 3385 2380 3440 averni
2426 3383 2661 3440 tolerare
2706 3382 3016 3454 supplicia?
3045 3381 3190 3437 Proh
3229 3380 3431 3451 pudor!
3488 3385 3549 3434 nt
3596 3376 3679 3433 illi

2072 3475 2275 3542 fluant,
2307 3485 2362 3533 et
2390 3491 2490 3532 nos
2535 3475 2718 3546 inopia
2751 3473 3129 3530 eoaretemur!
3184 3471 3263 3528 illi
3307 3479 3522 3527 ructent
3567 3470 3678 3540 pri-

2075 3570 2234 3627 diana
2258 3570 2528 3634 convivia,
2558 3584 2659 3624 nos
2683 3583 2991 3639 quaeramus
3033 3566 3173 3638 apud
3205 3565 3411 3621 inferos
3436 3565 3673 3620 micam!

2075 3660 2269 3717 Merito
2303 3660 2484 3731 perdit
2508 3659 2903 3725 haereditatem,
2925 3658 3019 3730 qui
3044 3673 3262 3714 servum
3285 3656 3544 3727 relinquit
3564 3657 3682 3712 hae-

2074 3753 2282 3809 redem.
2312 3753 2538 3808 Excludi
2570 3761 2812 3808 meretur
2834 3768 2862 3806 a
2889 3765 3118 3806 numero
3146 3749 3407 3814 filiorum,
3434 3750 3527 3819 qui
3553 3763 3682 3819 pru-

2073 3847 2192 3916 pria
2222 3846 2400 3901 salute
2434 3853 2771 3915 contempta,
2801 3844 2904 3900 sibi
2932 3842 3214 3899 substituit
3241 3841 3442 3897 servile
3468 3840 3680 3896 manci-

2073 3937 2245 4008 pium.
2277 3935 2603 3992 Obstruatnr
2654 3935 2819 4005 igitur
2863 3948 2927 3989 os
2977 3933 3164 4003 iniqua
3203 3930 3542 4004 loquentium
3576 3947 3590 3985 :
3623 3938 3683 3986 et

2067 4028 2225 4099 juxta
2259 4030 2606 4100 prophetam,
2639 4028 2919 4098 sepiantur
2945 4041 3107 4083 aures
3148 4026 3320 4096 spinis
3349 4041 3379 4080 a
3410 4023 3682 4094 versipel-

2073 4121 2208 4177 iium
2236 4121 2538 4177 mendaciis
2567 4121 2937 4176 detractorum
2966 4117 3160 4192 (Eecti.
3191 4119 3408 4189 xxvnt).
3457 4116 3560 4184 Qui
3611 4117 3679 4172 ad

2075 4212 2271 4270 faciem
2297 4212 2521 4284 quidem
2547 4211 2743 4269 blanda
2771 4211 3114 4283 praetendunt
3140 4253 3155 4278 ,
3205 4210 3302 4266 sed
3347 4210 3680 4266 intrinsecus

2073 4305 2225 4362 virus
2272 4304 2495 4360 malitiae
2539 4313 2867 4376 contegunt,
2912 4312 2968 4360 et
2994 4303 3142 4359 velut
3190 4317 3320 4368 apes
3368 4318 3464 4357 ore
3520 4300 3683 4356 mella

2073 4395 2280 4462 ferunt,
2311 4395 2407 4452 sed
2437 4395 2644 4452 aculeis
2671 4403 2938 4467 pungunt.
2967 4395 3036 4450 Et
3059 4395 3190 4465 quid
3220 4395 3441 4460 mirum,
3469 4394 3514 4448 si
3554 4409 3678 4458 nos.

2076 4491 2170 4562 qui
2197 4489 2268 4545 ad
2297 4496 2512 4545 terram‘
2530 4488 2690 4545 melle
2719 4497 3034 4544 manantem
3061 4487 3464 4553 contendimus,
3514 4501 3680 4557 apum

389 4577 756 4635 habitaculum
790 4580 1115 4650 quibusdam
1156 4581 1406 4639 scintillis
1438 4583 1847 4653 erumpentibus
1888 4583 1970 4640 vi-
1993 4583 2049 4646 Ι)
2073 4580 2579 4636 circumvolantium
2610 4579 2850 4637 stimulis
2874 4579 3223 4636 laceramur?
3247 4579 3329 4634 Ad
3357 4593 3523 4649 quam
3551 4592 3685 4648 pros

387 4665 578 4724 deatur
609 4668 856 4740 ignitum.
883 4668 1019 4726 Nam
1053 4671 1365 4742 ubicunque
1393 4671 1538 4728 illius
1569 4671 1782 4730 itineris
1811 4687 1966 4730 men-

386 4756 461 4812 tio
495 4758 603 4814 mei
650 4759 888 4817 nominis
932 4754 1143 4830 incidit,
1186 4762 1450 4819 memoria
1487 4778 1606 4820 mea
1644 4777 1810 4836 penes
1836 4773 1888 4822 te
1913 4765 1970 4821 in

386 4845 758 4907 benedictione
776 4851 900 4909 fuit.
924 4852 1078 4922 Quod
1097 4855 1302 4913 factum
1320 4865 1377 4914 et
1399 4857 1703 4914 amicorum
1722 4875 1969 4917 meorum

388 4954 596 5000 mentes
618 4947 808 5010 erexit,
841 4955 898 5003 et
925 4949 1324 5006 detrahentium
1365 4949 1508 5007 labia
1546 4951 1719 5024 digna
1746 4967 1972 5024 respon-

389 5033 558 5090 sionis
605 5037 850 5096 obicibus
896 5040 1176 5111 oppilavit.
1229 5039 1616 5100 Verumtamen
1687 5043 1752 5116 [f.
1799 5043 1972 5102 fe‘rtnr

388 5125 462 5179 rei
486 5127 687 5198 aliquid
715 5129 906 5203 simile]
935 5131 1220 5190 Florentia
1264 5150 1417 5192 mens
1452 5145 1543 5192 tua
1565 5177 1582 5205 ,
1628 5152 1750 5209 quae
1779 5146 1970 5196 contra

388 5215 702 5288 vaniloquos
730 5235 792 5276 ac
819 5223 1107 5281 mendaces
1127 5235 1286 5282 canta
1306 5228 1730 5299 eonsuevitjesse
1755 5245 1972 5302 semper

392 5313 444 5360 et
464 5308 660 5378 rigida,
694 5312 964 5371 delinifiea
996 5317 1357 5388 quorumdam
1387 5321 1818 5377 obtrectatorum
1849 5335 1972 5379 esse

392 5403 740 5467 persuasione
766 5405 991 5464 mollita.
1035 5407 1264 5466 Comitis
1292 5410 1492 5482 quippe
1519 5411 1783 5470 Guidonis
1825 5427 1974 5470 asse-

394 5487 488 5546 cb
501 5505 623 5549 eum
639 5509 801 5569 grege
816 5498 997 5556 servili
1017 5499 1486 5560 ealumniabantur
1504 5515 1590 5559 me
1602 5503 1974 5562 construxisset

396 5585 722 5654 coenobium,
750 5603 818 5645 ex
843 5589 929 5647 his
951 5592 1137 5663 utique
1173 5593 1410 5665 praediis,
1449 5609 1570 5665 quae
1611 5593 1668 5650 in
1711 5592 1972 5651 clientelae

397 5688 505 5730 sua
533 5677 862 5748 stipendium
883 5695 953 5739 ex
971 5682 1129 5739 herili
1159 5683 1358 5740 dudum
1383 5683 1713 5742 liberalitate
1741 5699 1969 5743 conces-

467 5791 582 5864 (δι)
609 5792 1032 5868 Cardinalatum,
1063 5806 1122 5859 ut
1148 5801 1222 5859 ita
1248 5799 1450 5870 dicam,
1492 5798 1762 5873 intelligit.

2075 4671 2218 4729 feeto
2241 4679 2446 4728 terram
2473 4671 2774 4728 festinabat
2801 4671 2891 4728 ille
2912 4671 3006 4742 qui
3028 4671 3244 4727 dicebat
3270 4688 3284 4724 :
3314 4689 3332 4722 ι
3363 4668 3684 4725 Circumde-

2075 4765 2277 4822 derunt
2303 4781 2390 4823 me
2430 4765 2574 4822 sicut
2618 4779 2780 4836 apes,
2813 4774 2866 4821 et
2897 4775 3226 4822 exarserunt
3268 4764 3410 4821 sicut
3442 4762 3585 4835 ignis
3625 4761 3680 4816 in

2074 4855 2246 4928 spinis
2273 4853 2448 4926 (Prol.
2469 4855 2662 4927 cxvtt).
2705 4874 2723 4907 ι

2148 4947 2267 5004 Huc
2301 4947 2515 5004 accedit
2557 4947 2718 5019 quia,
2769 4962 2892 5004 cum
2923 4949 2992 5004 ad
3033 4947 3142 5003 mei
3192 4955 3355 5002 terrae
3382 4944 3686 5002 viventium

2076 5056 2370 5115 properare
2397 5041 2802 5107 contendimus,
2851 5039 3018 5095 divini
3051 5054 3265 5110 quoque
3298 5037 3448 5093 verbi
3496 5035 3683 5093 dulce-

2078 5135 2260 5191 dinem
2290 5134 2640 5205 propinantes
2667 5134 2834 5190 etiam
2866 5132 3018 5188 favos
3049 5132 3226 5188 mellis
3273 5133 3326 5186 in
3369 5146 3466 5186 ore
3495 5141 3683 5202 porta-

2079 5239 2219 5280 mus.
2252 5221 2530 5294 Scriptum
2557 5231 2639 5279 est
2667 5223 2812 5279 enim
2840 5241 2852 5277 :
2887 5241 2905 5274 ι
2936 5222 3012 5279 De
3033 5237 3130 5278 ore
3158 5220 3444 5292 prudentis
3486 5234 3681 5291 proce-

2081 5318 2159 5374 dit
2183 5315 2292 5373 mel
2317 5314 2502 5387 (Prae.
2531 5313 2665 5386 xvi).
2706 5335 2725 5369 ι
2753 5313 2821 5369 Et
2843 5311 3075 5369 dilectus
3099 5312 3166 5367 ad
3189 5327 3485 5382 sponsam:
3518 5329 3536 5362 ι
3567 5310 3680 5376 Ea-

2079 5422 2200 5474 vns,
2245 5406 2444 5476 inquit,
2488 5404 2755 5461 dietiilans
2798 5403 2942 5460 labia
2987 5412 3080 5458 tua
3107 5443 3121 5468 ,
3174 5416 3406 5471 sponsa;
3468 5399 3579 5455 mel
3622 5407 3682 5456 et

2077 5499 2168 5554 lac
2216 5498 2318 5555 sub
2367 5497 2551 5567 lingua
2596 5508 2686 5553 tua
2729 5495 2906 5567 (Cant.
2960 5497 3057 5566 tv).
3117 5515 3135 5548 ι
3186 5493 3317 5561 Qum
3368 5509 3562 5548 rursus
3607 5492 3680 5547 de

2078 5607 2276 5664 sponso
2301 5612 2314 5648 :
2348 5611 2366 5643 ι
2402 5593 2603 5648 Guttur
2623 5592 2741 5662 ejus
2761 5590 3007 5656 dulcedo,
3030 5598 3086 5646 et
3109 5599 3253 5644 totus
3280 5588 3676 5656 concupiscen-

2076 5685 2150 5740 tia
2176 5683 2352 5756 (Cant.
2384 5683 2458 5752 v).
2503 5703 2521 5735 ›
2554 5684 2695 5752 Quid
2735 5699 2866 5755 ergo
2909 5682 3142 5752 mirum,
3177 5681 3221 5735 si
3252 5694 3348 5735 nos
3381 5686 3435 5732 et
3465 5677 3534 5732 ad
3565 5675 3671 5733 mel
