4260 6386
604 357 709 413 278

1128 354 1186 411 S.
1227 354 1427 411 PETRI
1466 352 1747 410 ΒΔἈΙΑΝΙ
1775 351 1922 407 OPP.
1961 350 2140 406 PARS
2180 350 2308 407 SEIJ
2353 348 2584 406 TOMUS
2620 348 2662 403 l.
2704 375 2774 389 -—-
2812 346 3028 402 EPIST.
3060 344 3187 401 LIB.
3235 345 3361 400 VIII.

3720 342 3829 397 Ξισ

603 476 970 540 properantes,
996 476 1052 521 et
1077 466 1180 521 mel
1207 467 1260 519 in
1290 481 1384 521 ore
1409 474 1682 535 portantes
1701 504 1717 529 ,
1742 478 1967 519 examen
1998 478 2159 532 apum
2185 469 2240 527 Α
2262 478 2369 533 quo
2394 463 2579 532 plenus
2616 472 2751 524 erat,
2804 462 3015 531 ignibus
3057 459 3421 529 conﬂagravit.
3465 460 3671 515 Prresto
3690 459 3831 515 JOab

600 556 731 610 hinc
751 555 871 609 inde
886 554 1291 617 circumvolant,
1308 563 1366 608 ut
1380 553 1828 609 ohtrectationum
1844 568 1939 608 nos
1961 552 2161 608 aculeis

602 643 874 714 pungent?
900 641 1033 696 Hinc
1077 651 1181 705 est,
1230 642 1368 711 quod
1416 643 1739 698 lsraeliticus
1780 642 1868 696 ille
1910 640 2159 711 populus,

601 733 727 785 dum
779 732 855 785 ire
908 746 1003 799 per
1058 732 1323 785 desertum
1372 734 1437 786 ad
1488 744 1689 787 terram
1735 733 2163 802 repromissionis

601 828 911 889 properant,
939 822 1087 888 prius
1116 822 1475 874 castrametati
1499 828 1641 885 sunt,
1668 822 1803 875 sicut
1826 830 1978 874 vetus
2000 820 2162 875 habet

598 906 780 969 editio,
807 908 858 961 in
882 908 1001 972 Gai,
1026 908 1216 963 deinde
1234 910 1453 966 veniunt
1476 904 1527 967 in
1552 910 1823 977 Dibongatl
1846 908 2032 975 (Num.
2058 909 2155 978 xi).

596 996 692 1051 Gai
726 997 975 1049 nimirum
1017 998 1397 1065 interpretatur
1424 996 1598 1050 chaos.
1622 998 1687 1051 Et
1705 998 1831 1066 quid
1855 1012 1949 1064 per
1973 997 2159 1060 chaos,

596 1087 699 1137 nisi
732 1101 825 1137 cor
857 1086 1170 1155 intelligitur
1208 1086 1480 1140 hominum
1526 1102 1932 1155 perversorum,
1968 1090 2162 1141 obscu-

596 1190 715 1226 rum
750 1174 976 1237 scilicet,
1005 1183 1195 1226 tetrum
1225 1183 1386 1242 atque
1422 1172 1782 1244 profundunt?
1820 1175 2047 1229 Pravum
2077 1185 2161 1230 est

596 1269 740 1321 enim
772 1283 867 1321 cor
898 1268 1125 1321 hominis
1151 1307 1164 1330 ,
1195 1268 1336 1321 sicut
1381 1267 1656 1336 Scriptura
1687 1269 1835 1331 dicit,
1872 1278 1925 1322 et
1955 1270 2159 1324 inseru-

599 1355 761 1408 tabile
783 1395 796 1418 ,
824 1365 878 1409 et
900 1356 1019 1424 quis
1046 1356 1318 1410 hominum
1343 1358 1617 1426 cognoscit
1643 1357 1809 1411 illud?
1833 1356 1965 1425 (Jer.
2003 1360 2158 1429 xvu.)

600 1446 868 1511 Dibongad
925 1456 1103 1497 autem
1167 1446 1436 1515 signiﬁcat
1485 1448 1744 1517 apiarium
1791 1450 2154 1503 tentatienum.

592 1533 723 1587 POst
782 1535 945 1589 chaos
998 1536 1179 1604 itaque
1231 1536 1299 1591 ad
1363 1537 1602 1605 apiarum
1658 1539 1984 1606 pervenitur,
2034 1539 2157 1609 quia

593 1637 875 1697 postquam
906 1643 1001 1683 cor
1028 1629 1339 1695 obscurum,
1367 1630 1606 1684 dolosam
1636 1642 1794 1699 atque
1816 1630 2155 1699 profundum,

595 1733 747 1772 more
780 1719 909 1782 Gai,
935 1720 1107 1789 caligo
1132 1721 1351 1775 malitia:
1376 1737 1440 1775 ac
1467 1720 1667 1774 fraudis
1694 1724 2009 1777 obtenebrat
2029 1763 2044 1786 ,
2085 1723 2154 1777 ad

2262 554 2493 610 Absalon
2519 553 2954 622 expostulaturus
2977 552 3309 622 aggreditur;
3352 552 3441 605 ille
3464 554 3665 619 gaudet
3686 552 3828 620 quod

2261 642 2376 712 ejus
2420 658 2693 697 accessum
2728 642 2921 696 talibus
2963 639 3237 695 beneficiis
3286 651 3643 710 promeretur,
3676 643 3833 696 nimi-

2262 750 2381 790 rum
2408 735 2549 803 quod
2579 732 2925 802 petitionibus
2952 746 3057 785 non
3084 732 3335 793 obtinuit,
3391 731 3701 787 lsesionibus
3730 734 3833 786 int—

2262 824 2510 894 petravit.
2541 823 2649 892 Ego
2680 832 2856 876 autem
2884 822 3006 884 tibi,
3036 822 3357 876 venerabilis
3376 821 3564 884 frater,
3589 840 3696 877 non
3724 823 3832 889 bis,

2260 914 2353 969 sed
2397 914 2591 980 saepius
2636 913 2860 979 scripsi;
2914 920 3280 965 verumtamen
3331 925 3500 978 usque
3552 910 3714 964 hodie
3768 927 3833 965 ne

2262 1017 2424 1055 unum
2452 1002 2664 1069 quidem
2691 1002 2821 1063 iota,
2850 1009 2909 1053 ut
2930 998 3227 1053 rescribere
3251 992 3579 1068 dignareris,
3600 1001 3832 1053 extorsi.

2262 1089 2377 1155 Ipse
2412 1103 2625 1157 quoque
2655 1088 2924 1156 pollicitus
2944 1103 3001 1142 es
3035 1088 3158 1155 quia
3188 1088 3317 1141 mihi
3349 1087 3618 1141 notarium
3653 1087 3835 1141 mitte-

2262 1195 2369 1242 res,
2402 1181 2491 1247 qui
2515 1180 2703 1233 saltelu
2730 1194 2813 1242 ea,
2854 1195 2973 1247 quae
3001 1180 3052 1231 in
3084 1190 3134 1231 te
3155 1180 3462 1248 specialiter
3480 1181 3833 1248 scripseram,

2261 1273 2313 1327 in
2346 1274 2419 1325 tui
2463 1280 2708 1341 sumptus
2736 1286 3061 1341 pergamena
3085 1274 3418 1326 transferret.
3448 1274 3553 1326 Sed
3581 1288 3835 1341 superse-

2260 1364 2383 1418 disti
2423 1365 2635 1433 penitus
2668 1361 2752 1417 vel
2781 1363 3036 1417 scribenti
3070 1365 3385 1427 rescribere,
3412 1363 3495 1417 vel
3538 1363 3831 1427 notarium,

2259 1463 2321 1509 ut
2348 1454 2733 1524 spoponderas,
2770 1452 3074 1517 destinare;
3120 1469 3345 1523 quorum
3379 1453 3630 1507 videlicet
3664 1466 3831 1505 unum

2260 1545 2496 1601 Charitas
2520 1547 2706 1613 exigit,
2731 1545 2954 1601 aiterum
2982 1546 3181 1600 veritas
3200 1546 3350 1614 quasi
3378 1560 3476 1613 pro
3506 1544 3687 1597 debito
3712 1558 3837 1611 per-

2262 1638 2496 1691 solvatur
2550 1636 2793 1706 impellit.
2855 1636 2993 1702 Quid
3043 1636 3201 1705 igitttr
3246 1636 3476 1690 faciam?
3521 1634 3655 1687 Nam
3707 1634 3833 1702 quia

2263 1714 2611 1781 dormientem
2662 1736 2713 1780 te
2761 1726 3059 1794 impingens
3103 1735 3158 1779 et
3182 1725 3433 1779 vellicans
3467 1725 3706 1778 excitare
3729 1737 3832 1776 non

596 1806 702 1859 hoc
728 1808 888 1860 etiam
925 1809 1244 1877 quandoque
1278 1824 1371 1877 per
1395 1810 1694 1877 iniquitatis
1724 1820 2007 1880 augmenta
2036 1826 2160 1880 pro-
2189 1818 2235 1875 B
2262 1818 2435 1881 valeo,
2463 1832 2715 1886 pangant,
2748 1826 2800 1869 et
2840 1817 2918 1869 sic
2949 1816 3139 1869 saltent
3169 1825 3226 1868 ιιι
3264 1815 3483 1884 evigilcs
3510 1814 3831 1883 prtevalebo.

596 1895 836 1962 greditur
857 1907 914 1950 ut
942 1898 1211 1966 proximos
1233 1914 1493 1967 quosque,
1517 1900 1660 1953 velut
1681 1915 1829 1969 apes,
1857 1910 1910 1955 et
1930 1916 2164 1970 praesen-

594 1991 679 2037 tes
733 1986 1110 2039 assentationis
1165 1987 1319 2041 melle
1374 1988 1751 2052 demulceant,
1803 1998 1858 2042 et
1916 1990 2164 2045 absentes

597 2076 1046 2128 obtrectationum
1076 2077 1278 2131 aculeis
1312 2088 1568 2147 pangant.
1610 2079 1686 2133 De
1722 2078 1817 2132 Gai
1842 2094 1971 2148 ergo
1997 2082 2048 2133 in
2076 2080 2165 2133 Di-

600 2164 838 2233 bongad,
868 2166 933 2218 de
968 2166 1100 2220 chao
1126 2168 1336 2220 venitur
1362 2168 1427 2221 ad
1453 2168 1733 2233 apiarium,
1766 2170 1893 2237 quia
1925 2172 1991 2223 de
2019 2169 2163 2223 frau-

596 2254 808 2307 dulenta
841 2254 1037 2307 malitia
1065 2257 1329 2310 tenebrosi
1374 2257 1551 2313 cordis
1580 2273 1775 2327 pravus
1801 2260 2026 2327 quisque
2048 2275 2165 2327 pro-

596 2347 838 2415 greditur
865 2348 933 2401 ad
965 2348 1246 2418 inﬂigenda
1276 2351 1475 2418 spicula
1507 2352 1874 2406 detractionis.
1902 2350 2039 2417 Quid
2063 2353 2164 2405 ita-

598 2451 702 2502 que
726 2438 791 2489 de
821 2444 870 2491 te
897 2437 1071 2492 dicam
1102 2440 1193 2508 qui
1220 2455 1519 2509 quanquam
1546 2441 1717 2511 primo
1743 2441 2015 2496 foederatae
2031 2457 2163 2495 con-

598 2526 794 2579 cordia
821 2528 963 2581 circa
993 2544 1078 2583 me
1099 2528 1220 2596 jura
1252 2531 1569 2594 servaveris,
1618 2534 1937 2599 quandoque
1986 2540 2162 2584 tamen

599 2622 652 2665 et
697 2614 1079 2669 oblatrantium
1120 2633 1310 2671 canum
1347 2619 1627 2687 neglexisti
1660 2622 1823 2674 rictus
1850 2620 2161 2687 infringere,

595 2714 649 2757 et
702 2704 856 2760 fidem
919 2724 1024 2761 non
1081 2710 1337 2763 horruisti
1407 2712 1811 2765 detrahentibus
1865 2711 2165 2764 adhibere?

600 2815 617 2841 ι
672 2793 829 2849 V'iluli
879 2798 1074 2861 multi,
1124 2810 1178 2853 et
1232 2800 1371 2852 tauri
1426 2801 1647 2868 pingues
1700 2799 2025 2853 obsederunt
2079 2811 2164 2850 tne

597 2880 768 2939 (l’sal.
805 2886 948 2954 ut);
981 2895 1035 2938 et
1058 2895 1110 2937 tu
1135 2886 1399 2953 patienter
1438 2887 1651 2941 audisti.
1690 2907 1709 2938 ι
1756 2888 1938 2941 Dicam
1983 2888 2165 2957 itaque

596 2971 661 3023 de
712 2988 932 3027 summm
976 2975 1118 3028 sedis
1170 2977 1587 3040 archidiacono,
1650 2980 1790 3046 quod
1841 2979 1905 3031 de
1966 2977 2166 3033 Iacobo

596 3068 721 3111 tunc
764 3061 1039 3115 dicebatur
1083 3065 1371 3131 apostolo:
1409 3085 1426 3114 ι
1480 3064 1523 3119 Ο
1563 3075 1617 3118 et
1656 3065 1833 3130 justus
1879 3068 2095 3121 erravit.
2136 3086 2155 3117 ι

2266 1910 2512 1966 Ferulam
2566 1910 2727 1977 igitur
2760 1908 2810 1960 in
2864 1916 2913 1959 te
2961 1906 3219 1959 doctrinae
3266 1914 3514 1973 tanquam
3576 1905 3836 1973 magister

2266 2004 2541 2070 arripiam,
2566 2011 2620 2053 et
2648 1998 2755 2069 74
2802 1998 2946 2053 velut
2970 2012 3271 2065 supparem,
3304 1996 3384 2050 vel
3413 1995 3667 2049 clientem
3700 1995 3834 2055 lucc,

2265 2108 2385 2163 quae
2416 2093 2507 2143 tibi
2538 2091 2672 2143 forte
2719 2104 2877 2157 quam
2924 2088 3055 2141 mihi
3105 2088 3311 2141 notiora
3360 2094 3505 2145 sunt,
3546 2084 3835 2137 admonere

2264 2197 2603 2251 przesumam.
2639 2180 2703 2232 Et
2742 2181 2843 2231 hoc
2887 2178 2956 2231 sit
3001 2192 3174 2229 meum
3226 2189 3483 2245 pungere,
3535 2174 3831 2227 doctiorem

2267 2271 2399 2324 velle
2435 2270 2647 2324 docere.
2676 2270 2755 2322 Ad
2780 2270 2919 2321 lianc
2946 2266 3189 2320 fortassis
3218 2265 3467 2333 iniuriam
3490 2271 3840 2331 experrectus

2266 2357 2561 2426 evigilabis,
2597 2359 2647 2411 ni
2695 2356 2785 2426 qui
2814 2357 3067 2410 cliaritati
3121 2356 3479 2423 denegaveras
3505 2352 3699 2411 vicem,
3751 2349 3839 2404 la-

2267 2448 2411 2501 denti
2472 2447 2661 2499 saltem
2728 2445 3011 2501 redliibeas
3085 2444 3371 2506 talionem;
3426 2449 3837 2503 verumtamen,

2265 2556 2425 2607 quem
2461 2549 2512 2591 tu
2557 2538 2649 2590 tibi
2696 2537 2844 2589 vides
2884 2536 2997 2589 haec
3041 2534 3284 2605 hilariter
3328 2539 3723 2601 suggerentem,
3747 2527 3839 2596 jus

2268 2631 2446 2682 niores
2492 2630 2684 2680 fratres
2712 2626 2813 2679 sibi
2866 2623 3050 2693 procul
3077 2621 3237 2677 dubio
3262 2622 3520 2689 deputent
3545 2618 3688 2672 serio
3713 2630 3844 2670 eon-

2265 2722 2546 2774 suleutcm.

2336 2812 2447 2877 Age
2493 2810 2672 2878 igitur,
2728 2806 2832 2860 noli
2884 2804 3070 2868 frater,
3117 2804 3261 2873 quod
3315 2800 3557 2869 plenique
3610 2798 3834 2863 faciunt,

2270 2900 2661 2959 tantummodo,
2690 2898 2734 2951 si
2763 2898 2889 2965 qttid
2919 2905 3002 2950 est
3035 2896 3087 2948 in
3125 2905 3177 2947 te
3206 2892 3418 2947 virtutis
3445 2889 3751 2951 attendere,
3782 2896 3841 2941 ut

2268 2994 2396 3045 vitia
2436 2992 2588 3060 quasi
2646 2998 2767 3055 post
2809 2997 3014 3055 tergum
3054 2984 3225 3055 posita
3290 2982 3527 3051 negligas
3574 2980 3837 3050 judicare.

2267 3084 2483 3136 Imitare
2510 3080 2769 3133 naturalis
2792 3079 2843 3131 in
2893 3075 3107 3130 Pavone
3148 3072 3478 3127 diversitatis
3505 3068 3835 3137 exemplum.

598 3148 702 3241 ﬁcii
728 3152 996 3241 rq‘l‘l’i‘ia'“
1025 3162 1081 3207 εί
1115 3169 1210 3221 I3ro
1244 3155 1564 3219 faventibus»
1616 3164 1669 3209 ει
1718 3171 1814 3224 Pro
1848 3157 2163 3217 Ῑίὲἀειιιίδυῆ
2189 3156 2234 3217 C
2265 3174 2364 3241 Qui
2401 3173 2651 3225 nimirum
2683 3168 2934 3238 pullinos,
2971 3174 3028 3220 et
3051 3163 3196 3218 velut
3245 3161 3502 3231 ignobiles
3526 3159 3691 3227 pedes
3731 3169 3840 3226 pra

599 3236 701 3307 73
727 3238 1087 3295 indifferenter
1111 3244 1370 3297 orandmn
1392 3255 1505 3312 est,
1544 3246 1795 3315 depositae
1819 3247 2047 3316 querela-
2074 3262 2164 3303 ca-

595 3326 854 3383 lumniam
882 3332 1144 3387 orationis
1181 3333 1285 3387 ﬁne
1312 3334 1647 3388 concludam.

666 3416 806 3471 Deus
830 3422 1183 3489 omnipotens,
1206 3423 1526 3477 venerabilis
1556 3424 1743 3490 frater,
1774 3434 1829 3479 et
1855 3440 1923 3479 ex
1958 3426 2165 3494 impen-

599 3520 671 3558 sae
692 3506 969 3562 cltaritatis
998 3502 1172 3563 omcio
1202 3509 1476 3580 multiplex
1509 3512 1601 3565 tibi
1640 3514 1921 3581 premium
1953 3515 2163 3579 reddat,

598 3605 653 3649 et
719 3598 859 3665 quod
910 3599 1300 3655 detractoribus
1348 3603 1671 3657 consensisti
1738 3603 2032 3659 clementer
2085 3604 2166 3659 in-

599 3684 829 3754 dulgeat.

1163 3757 1492 3825 EPISTOLA
1530 3761 1597 3814 Χ.

971 3863 1017 3900 S.
1055 3862 1108 3901 ι.
1148 3864 1200 3901 Ε.
1242 3864 1576 3903 ελκιιιιιλιειι
1627 3866 2164 3909 Αιιοιιιριιιδιῐηιιη

1195 3933 1625 3973 ιΑτειιΑιιεΝεειι.

744 4002 1011 4073 (Habetnr
1038 4016 1162 4059 (om.
1197 4006 1309 4061 111.
1342 4019 1514 4076 estque
1557 4010 1863 4079 opusculum
1911 4012 2023 4083 l8.)

1145 4096 1472 4152 EPISTOLA
1533 4099 1617 4153 XI.
1718 4142 1725 4149 ι

602 4198 669 4238 ΔΙ)
723 4200 1037 4239 υεειοιειιυιι
1089 4202 1331 4241 ΑΒΒΑΤΕΙ
1381 4203 1528 4243 δΑςιιι
1558 4205 1873 4244 ΙΟΝΔΞΤΕΙΙΙ
1918 4206 2164 4247 (ιΑειιιιιι-

670 4270 767 4318 SIS,
814 4270 859 4308 S.
910 4271 961 4317 Ω.
1022 4272 1071 4309 II.
1126 4273 1175 4309 Ε.
1232 4273 1606 4313 PIESBYTERUI
1658 4275 2011 4327 CARDINALEI,
2051 4279 2163 4318 ⁵1⁵11⁵.

670 4339 715 4376 S.
759 4340 1014 4378 C£CILI.£.
2159 4344 2166 4355 ⁴

602 4414 993 4469 Anonnsnrnu.
1029 4444 1098 4455 —
1146 4416 1472 4473 Dcsilcrium
1519 4419 1863 4475 Casinensem
1914 4419 2162 4474 abbatem

605 3854 670 3895 AD
712 3858 921 3899 PITRUI

674 4483 1043 4558 saluberrimis
1086 4489 1300 4540 monitis
1347 4490 1595 4542 instituit.
1629 4490 1703 4542 Ea
1741 4500 1885 4558 sunt,
1928 4490 2158 4558 primum
2182 4493 2240 4552 ,D

676 4562 734 4632 ut
766 4568 864 4632 sua
904 4554 1068 4620 ipsius
1096 4566 1275 4608 errata
1314 4560 1653 4632 semper__ob
1703 4548 1887 4632 oculos
1928 4548 2155 4632 habeat,

673 4628 909 4697 virtutes
943 4634 1079 4697 post_
1106 4633 1341 4693 tergum;
1386 4637 1444 4680 ut
1501 4628 1723 4681 aliorum
1768 4629 2159 4697 increpationes

671 4707 774 4745 non
808 4692 1028 4765 moleste
1057 4692 1209 4756 ferat,
1238 4698 1331 4749 sed
1358 4699 1709 4765 amplectatur
1736 4714 1749 4761 ;
1778 4708 1837 4750 ut
1862 4692 1958 4765 pro
1984 4700 2159 4753 ollicio

673 4776 769 4838 suo
792 4762 1120 4838 subditontm
1146 4765 1327 4838 culpas
1356 4762 1459 4820 non
1501 4768 1750 4838 negligat,
1775 4762 1877 4820 sed
1896 4769 2159 4838 corrigat;

677 4830 983 4909 absentibus
1016 4848 1119 4887 non
1159 4830 1427 4909 detrahat,
1449 4837 1543 4891 sed
1567 4830 1618 4890 in
1644 4830 1841 4909 faciem
1870 4830 2116 4909 ohjttrget

667 4899 927 4974 jejunium
976 4912 1149 4974 amet;
1207 4914 1262 4956 ut
1315 4906 1542 4974 denique
1587 4899 2161 4964 sacriﬁcium'Ch'risti

675 4970 941 5037 passionis
960 4972 1173 5025 assidue
1197 4973 1449 5028 celebret.

676 5059 1139 5116 Reverendissimo
1164 5063 1342 5118 abbati
1376 5067 1678 5130 ῡεεωειιιο,
1711 5066 1925 5122 eraus
1965 5082 2157 5137 pecca-

609 5161 691 5204 tor
715 5152 1022 5217 monachus,
1051 5154 1278 5207 salutem
1303 5155 1354 5208 in
1382 5156 1623 5209 Domino.

676 5240 841 5295 Sacra
892 5251 1116 5297 testatur
1182 5245 1401 5299 historia
1457 5245 1544 5311 (Il.
1578 5246 1700 5315 Reg.
1740 5250 1875 5317 xiv),
1913 5247 2163 5315 quoniam

604 5330 837 5385 Absalou
883 5332 1017 5388 Joab
1052 5336 1252 5389 militiae
1296 5338 1612 5406 principem,
1652 5348 1710 5391 ut
1756 5340 1822 5392 ad
1872 5352 1931 5393 se
1958 5339 2169 5394 veniret

606 5422 794 5475 nuntio
831 5422 1169 5479 discurrente
1199 5428 1441 5495 poposcit
1465 5444 1478 5491 ;
1503 5428 1593 5495 qui
1626 5439 1801 5481 tamen
1826 5427 2012 5480 venire
2033 5441 2163 5481 con-

607 5513 841 5579 tempsit.
871 5512 1109 5585 Cumque
1155 5516 1218 5568 ad
1252 5518 1422 5585 ipsum
1458 5518 1632 5571 denuo
1678 5529 1902 5588 peteret,
1952 5518 2047 5573 sed
2081 5518 2169 5573 ille

607 5600 907 5661 obstinatus
952 5620 1016 5659 ac
1046 5606 1249 5675 rigidus
1294 5608 1528 5663 funditus
1554 5610 1844 5674 abnuisset,
1885 5612 1951 5665 ad
1978 5626 2167 5681 agrum

612 5687 754 5746 illius
804 5688 1037 5752 Absalon
1085 5697 1330 5767 protinus
1374 5698 1519 5756 misit
1576 5712 1915 5771 messemque
1954 5699 2168 5774 hordei,

2264 3263 2432 3317 oculis
2464 3274 2675 3327 semper
2712 3256 2892 3316 habet,
2935 3254 3197 3323 insignem
3227 3266 3353 3305 vero
3386 3250 3569 3303 cauda:
3599 3244 3837 3316 pulchri-

2266 3352 2502 3405 tudinem
2533 3357 2651 3417 post
2682 3361 2739 3401 se
2784 3343 3132 3415 spectabilem
3164 3342 3386 3410 praebet.
3419 3337 3575 3392 Videt
3610 3336 3662 3389 in
3695 3331 3839 3403 pedi-

2267 3443 2365 3496 bus
2420 3440 2678 3494 rusticum
2734 3436 2931 3505 aliquid
2982 3432 3133 3513 quod
3176 3431 3474 3501 despiciat;
3526 3428 3740 3499 ignorat
3784 3424 3839 3478 in

2267 3516 2436 3588 cauda
2463 3531 2603 3600 quod
2653 3545 2776 3585 eum
2806 3528 3106 3583 mirabilem
3133 3524 3339 3579 reddat.
3366 3522 3423 3576 In
3455 3530 3706 3591 promptu
3734 3526 3841 3583 est,

2267 3622 2407 3677 unde
2429 3638 2487 3676 se
2510 3622 2698 3676 debeat
2724 3621 2777 3674 in
2802 3618 3101 3673 humilitate
3128 3616 3459 3686 deprimere;
3488 3620 3607 3682 post
3632 3620 3843 3680 tergum

2267 3716 2407 3787 gerit
2440 3714 2580 3768 unde
2612 3713 2808 3776 valeat,
2851 3710 3006 3779 quasi
3045 3724 3153 3779 pra:
3188 3707 3400 3762 caneris
3440 3705 3628 3759 avibus
3655 3714 3846 3771 super-

2266 3806 2406 3860 bire.
2432 3804 2512 3858 Tu
2552 3819 2766 3872 quoque
2814 3799 3212 3870 quodammodo
3242 3799 3384 3867 quod
3439 3797 3493 3850 in
3538 3803 3589 3849 te
3630 3792 3842 3847 virtutis

2268 3905 2352 3951 est
2382 3895 2575 3959 lateat;
2607 3895 2650 3947 si
2673 3892 2803 3963 quid
2840 3906 2968 3946 vero
3000 3890 3274 3954 vitiosum,
3304 3896 3359 3941 et
3380 3884 3734 3941 correctionis
3759 3890 3843 3937 est

2269 3987 2569 4053 indignum,
2600 3986 2667 4038 ab
2696 3994 2947 4052 aspectus
2972 3980 3273 4049 tuijndicio
3300 3994 3407 4033 non
3440 3976 3676 4031 recedat.
3710 3973 3842 4028 Ἑι-ιει

2269 4086 2437 4131 terna:
2483 4073 2833 4129 correctionis
2865 4070 3038 4124 zelum
3094 4068 3201 4122 noli
3252 4066 3476 4120 moleste
3524 4062 3699 4123 ferre,
3747 4060 3842 4115 sed

2268 4165 2687 4238 gratulabundus
2714 4161 3061 4230 amplectere,
3092 4173 3158 4212 ac
3191 4157 3337 4210 velut
3358 4164 3520 4220 certae
3548 4151 3843 4207 curationis

2270 4257 2568 4310 antidotum
2619 4254 2670 4306 in
2700 4254 2892 4306 animae
2931 4248 3234 4318 languentis
3280 4246 3535 4301 interiora
3584 4241 3838 4301 diﬂunde,

2272 4347 2540 4401 Memento
2568 4345 2748 4412 itaque
2768 4341 2909 4411 quod
2938 4355 3033 4409 per
3054 4339 3396 4393 Salomonem
3420 4336 3620 4389 dicitur
3646 4353 3659 4388 :
3691 4354 3709 4385 ι
3734 4333 3841 4388 Ιο-

2272 4438 2373 4491 lior
2394 4446 2475 4490 est
2502 4434 2782 4489 manifesta
2811 4429 3075 4486 correctio
3102 4442 3263 4495 quam
3289 4440 3445 4479 amor
3474 4425 3837 4478 absconditus.

2269 4528 2487 4582 Meliora
2533 4532 2661 4580 sunt
2708 4522 2929 4576 vulnera
2992 4518 3263 4589 diligentis
3308 4531 3470 4586 quam
3505 4515 3842 4569 fraudulenta

2262 4619 2447 4676 oscula
2491 4616 2724 4673 odientis
2768 4611 2968 4684 (Prov.
3028 4610 3230 4680 xxvn).
3260 4628 3280 4661 ι
3316 4607 3384 4664 Et
3438 4606 3603 4661 alibi:
3654 4626 3672 4657 ι
3714 4605 3843 4660 Viro

2263 4710 2454 4779 inquit,
2509 4708 2600 4777 qui
2656 4705 3037 4773 corripientem
3085 4701 3217 4754 dura
3260 4698 3491 4767 cervice;
3522 4695 3839 4760 contemnit,

2264 4800 2575 4869 repentinus
2596 4793 2941 4865 superveniet
2980 4791 3253 4855 interitus,
3281 4798 3335 4841 et
3357 4802 3479 4842 eum
3507 4785 3716 4839 sanitas
3738 4798 3841 4837 non

2266 4900 2526 4960 sequetur
2557 4887 2737 4957 (Prov.
2773 4901 2898 4939 xxtx
2923 4884 2964 4954 ).
2989 4903 3008 4936 ι
3042 4882 3175 4937 Illud
3212 4882 3379 4937 etiam
3428 4881 3667 4941 attende,
3700 4876 3843 4960 quod

2269 4955 2382 5037 ait:
2412 5000 2431 5032 ι
2451 4955 2873 5047 Qui-abscondit
2904 4974 3105 5030 scelera
3140 4989 3258 5038 sua,
3288 4988 3394 5027 non
3424 4971 3718 5040 dirigetur;
3748 4955 3842 5038 qui

2270 5079 2450 5127 autem
2479 5067 2759 5125 confessus
2789 5064 2949 5119 fuerit
2985 5074 3040 5119 et
3089 5062 3366 5132 reliquerit
3398 5075 3460 5113 ea
3488 5100 3504 5126 ,
3536 5062 3843 5114 misericor—

2270 5163 2513 5218 cordiam
2557 5166 2916 5228 consequetur
2965 5153 3148 5223 (Prov.
3191 5152 3449 5219 xxvtn).i
3502 5150 3570 5205 Et
3600 5151 3838 5205 iterum:

2277 5251 2417 5318 «Qui
2467 5250 2640 5319 diligit
2685 5247 3043 5316 disciplinam,
3111 5244 3297 5314 diliget
3338 5242 3697 5311 sapientiam;
3749 5238 3839 5310 qui

2273 5350 2451 5395 autem
2480 5340 2592 5394 odit
2621 5338 3037 5405 increpationes,
3064 5335 3322 5406 insipiens
3343 5340 3424 5388 est
3448 5329 3632 5402 (Prov.
3665 5332 3785 5399 xu).
3815 5350 3833 5382 ι

2270 5433 2479 5498 Yitrum
2510 5445 2720 5498 nempe,
2748 5430 2873 5498 quia
2915 5427 3059 5482 visus
3087 5440 3316 5480 acumen
3344 5422 3577 5477 admittit
3602 5432 3660 5476 et
3687 5420 3839 5491 quid-

2256 5492 2396 5591 ilnid
2426 5522 2475 5574 in
2500 5535 2557 5573 se
2593 5492 2721 5572 latet
2749 5492 2990 5587 exponit,
3022 5512 3363 5586 praestantius
3415 5512 3688 5575 videretur
3726 5526 3838 5565 om-

2272 5612 2429 5664 nibus
2452 5624 2573 5665 esse
2598 5608 2845 5672 metallis,
2873 5608 2974 5662 nisi
3011 5618 3327 5676 percussum
3368 5600 3524 5656 facile
3562 5603 3840 5673 frangere—

2274 5711 2402 5773 tur;
2431 5700 2525 5762 sed
2574 5700 2833 5774 quoniam
2859 5700 2927 5756 ad
2964 5698 3197 5770 primum
3226 5693 3473 5753 ferientis
3500 5692 3666 5750 ictum
3700 5690 3836 5747 illico

3057 5804 3117 5817 *Ἀ
