  <div class='ocr_page' id='page_1' title='image "/cluster/home/n/w/nwhite01/storage/ocr_20150623/144-145/uc1.31175001639262/146.png"; bbox 0 0 4260 6374; ppageno 0'>
   <div class='ocr_carea' id='block_1_1' title="bbox 390 349 2577 420">
    <p class='ocr_par' dir='ltr' id='par_1_1' title="bbox 390 349 2577 420">
     <span class='ocr_line' id='line_1_1' title="bbox 390 349 2577 420; baseline -0.005 -5"><span class='ocrx_word' id='word_1_1' title='bbox 390 349 480 415; x_wconf 65' lang='grc' dir='ltr'><strong>επ</strong></span> <span class='ocrx_word' id='word_1_2' title='bbox 1558 351 1763 409; x_wconf 84' lang='lat' dir='ltr'><strong>LIBER</strong></span> <span class='ocrx_word' id='word_1_3' title='bbox 1800 349 2184 420; x_wconf 79' lang='lat' dir='ltr'><strong>SECUNDUS,</strong></span> <span class='ocrx_word' id='word_1_4' title='bbox 2217 350 2432 408; x_wconf 77' lang='lat' dir='ltr'><strong>EPIST.</strong></span> <span class='ocrx_word' id='word_1_5' title='bbox 2464 349 2577 407; x_wconf 81' lang='lat' dir='ltr'><strong>XII.</strong></span> 
     </span>
    </p>
   </div>
   <div class='ocr_carea' id='block_1_2' title="bbox 3558 343 3665 402">
    <p class='ocr_par' dir='ltr' id='par_1_2' title="bbox 3558 343 3665 402">
     <span class='ocr_line' id='line_1_2' title="bbox 3558 343 3665 402; baseline 0.009 -2"><span class='ocrx_word' id='word_1_6' title='bbox 3558 343 3665 402; x_wconf 74' lang='grc'><strong>278</strong></span> 
     </span>
    </p>
   </div>
   <div class='ocr_carea' id='block_1_3' title="bbox 390 464 3669 541">
    <p class='ocr_par' dir='ltr' id='par_1_3' title="bbox 390 464 3669 541">
     <span class='ocr_line' id='line_1_3' title="bbox 390 464 3669 541; baseline -0.003 -12"><span class='ocrx_word' id='word_1_7' title='bbox 390 466 584 533; x_wconf 88' lang='lat' dir='ltr'><strong>dissilit,</strong></span> <span class='ocrx_word' id='word_1_8' title='bbox 623 466 884 524; x_wconf 91' lang='lat' dir='ltr'><strong>talentum</strong></span> <span class='ocrx_word' id='word_1_9' title='bbox 905 469 1031 523; x_wconf 88' lang='lat' dir='ltr'><strong>vitri</strong></span> <span class='ocrx_word' id='word_1_10' title='bbox 1061 467 1145 523; x_wconf 85' lang='lat' dir='ltr'><strong>vix</strong></span> <span class='ocrx_word' id='word_1_11' title='bbox 1174 468 1490 525; x_wconf 79' lang='lat' dir='ltr'><strong>dodrantem</strong></span> <span class='ocrx_word' id='word_1_12' title='bbox 1528 477 1706 539; x_wconf 69' lang='lat' dir='ltr'><strong>mquat</strong></span> <span class='ocrx_word' id='word_1_13' title='bbox 1730 468 1961 541; x_wconf 89' lang='lat' dir='ltr'><strong>argenti.</strong></span> <span class='ocrx_word' id='word_1_14' title='bbox 1993 474 2045 535; x_wconf 75' lang='grc' dir='ltr'>Α</span> <span class='ocrx_word' id='word_1_15' title='bbox 2070 484 2165 526; x_wconf 87' lang='lat' dir='ltr'><strong>ora</strong></span> <span class='ocrx_word' id='word_1_16' title='bbox 2195 482 2283 525; x_wconf 90' lang='lat' dir='ltr'><strong>tua</strong></span> <span class='ocrx_word' id='word_1_17' title='bbox 2310 469 2514 525; x_wconf 86' lang='lat' dir='ltr'><strong>Christi</strong></span> <span class='ocrx_word' id='word_1_18' title='bbox 2544 469 2891 540; x_wconf 84' lang='lat' dir='ltr'><strong>perspexerit</strong></span> <span class='ocrx_word' id='word_1_19' title='bbox 2917 483 3113 524; x_wconf 86' lang='lat' dir='ltr'><strong>cruore</strong></span> <span class='ocrx_word' id='word_1_20' title='bbox 3138 466 3416 530; x_wconf 87' lang='lat' dir='ltr'><strong>rubentia,</strong></span> <span class='ocrx_word' id='word_1_21' title='bbox 3441 464 3669 524; x_wconf 70' lang='lat' dir='ltr'><strong>territus</strong></span> 
     </span>
    </p>
   </div>
   <div class='ocr_carea' id='block_1_4' title="bbox 391 558 1962 631">
    <p class='ocr_par' dir='ltr' id='par_1_4' title="bbox 391 558 1962 631">
     <span class='ocr_line' id='line_1_4' title="bbox 391 558 1962 631; baseline 0 -16"><span class='ocrx_word' id='word_1_22' title='bbox 391 562 519 616; x_wconf 79' lang='lat' dir='ltr'><strong>Rosa</strong></span> <span class='ocrx_word' id='word_1_23' title='bbox 568 574 837 631; x_wconf 84' lang='lat' dir='ltr'><strong>purpurea</strong></span> <span class='ocrx_word' id='word_1_24' title='bbox 881 558 1191 614; x_wconf 86' lang='lat' dir='ltr'><strong>rutilantior</strong></span> <span class='ocrx_word' id='word_1_25' title='bbox 1240 558 1454 615; x_wconf 84' lang='lat' dir='ltr'><strong>videtur</strong></span> <span class='ocrx_word' id='word_1_26' title='bbox 1495 575 1615 615; x_wconf 89' lang='lat' dir='ltr'><strong>esse</strong></span> <span class='ocrx_word' id='word_1_27' title='bbox 1645 559 1962 626; x_wconf 87' lang='lat' dir='ltr'><strong>vermiculo,</strong></span> 
     </span>
    </p>
   </div>
   <div class='ocr_carea' id='block_1_5' title="bbox 388 649 1965 723">
    <p class='ocr_par' dir='ltr' id='par_1_5' title="bbox 388 649 1965 723">
     <span class='ocr_line' id='line_1_5' title="bbox 388 649 1965 723; baseline -0.002 -14"><span class='ocrx_word' id='word_1_28' title='bbox 388 652 471 709; x_wconf 83' lang='lat' dir='ltr'><strong>sed</strong></span> <span class='ocrx_word' id='word_1_29' title='bbox 497 653 616 721; x_wconf 86' lang='lat' dir='ltr'><strong>quia</strong></span> <span class='ocrx_word' id='word_1_30' title='bbox 645 650 849 706; x_wconf 86' lang='lat' dir='ltr'><strong>nullam</strong></span> <span class='ocrx_word' id='word_1_31' title='bbox 890 649 995 705; x_wconf 88' lang='lat' dir='ltr'><strong>fert</strong></span> <span class='ocrx_word' id='word_1_32' title='bbox 1016 649 1220 705; x_wconf 88' lang='lat' dir='ltr'><strong>laboris</strong></span> <span class='ocrx_word' id='word_1_33' title='bbox 1243 650 1525 722; x_wconf 88' lang='lat' dir='ltr'><strong>injuriam,</strong></span> <span class='ocrx_word' id='word_1_34' title='bbox 1554 651 1697 706; x_wconf 90' lang='lat' dir='ltr'><strong>inter</strong></span> <span class='ocrx_word' id='word_1_35' title='bbox 1721 652 1965 723; x_wconf 89' lang='lat' dir='ltr'><strong>quisqui-</strong></span> 
     </span>
    </p>
   </div>
   <div class='ocr_carea' id='block_1_6' title="bbox 393 740 1168 814">
    <p class='ocr_par' dir='ltr' id='par_1_6' title="bbox 393 740 1168 814">
     <span class='ocr_line' id='line_1_6' title="bbox 393 740 1168 814; baseline 0 -16"><span class='ocrx_word' id='word_1_36' title='bbox 393 744 570 799; x_wconf 83' lang='lat' dir='ltr'><strong>liarum</strong></span> <span class='ocrx_word' id='word_1_37' title='bbox 597 740 827 809; x_wconf 80' lang='lat' dir='ltr'><strong>stipulas</strong></span> <span class='ocrx_word' id='word_1_38' title='bbox 858 743 1168 814; x_wconf 83' lang='lat' dir='ltr'><strong>deputatur.</strong></span> 
     </span>
    </p>
   </div>
   <div class='ocr_carea' id='block_1_7' title="bbox 452 834 1967 904">
    <p class='ocr_par' dir='ltr' id='par_1_7' title="bbox 452 834 1967 904">
     <span class='ocr_line' id='line_1_7' title="bbox 452 834 1967 904; baseline 0.001 -15"><span class='ocrx_word' id='word_1_39' title='bbox 452 836 611 889; x_wconf 92' lang='lat' dir='ltr'><strong>Porro</strong></span> <span class='ocrx_word' id='word_1_40' title='bbox 665 841 847 888; x_wconf 90' lang='lat' dir='ltr'><strong>autem</strong></span> <span class='ocrx_word' id='word_1_41' title='bbox 910 834 1036 904; x_wconf 85' lang='lat' dir='ltr'><strong>quia</strong></span> <span class='ocrx_word' id='word_1_42' title='bbox 1094 834 1268 890; x_wconf 86' lang='lat' dir='ltr'><strong>sancti</strong></span> <span class='ocrx_word' id='word_1_43' title='bbox 1325 842 1626 893; x_wconf 89' lang='lat' dir='ltr'><strong>conventus</strong></span> <span class='ocrx_word' id='word_1_44' title='bbox 1671 842 1851 890; x_wconf 84' lang='lat' dir='ltr'><strong>rector</strong></span> <span class='ocrx_word' id='word_1_45' title='bbox 1905 849 1967 890; x_wconf 89' lang='lat' dir='ltr'><strong>es</strong></span> 
     </span>
    </p>
   </div>
   <div class='ocr_carea' id='block_1_8' title="bbox 389 920 1968 999">
    <p class='ocr_par' dir='ltr' id='par_1_8' title="bbox 389 920 1968 999">
     <span class='ocr_line' id='line_1_8' title="bbox 389 920 1968 999; baseline -0.004 -13"><span class='ocrx_word' id='word_1_46' title='bbox 389 928 716 991; x_wconf 87' lang='lat' dir='ltr'><strong>constitutus,</strong></span> <span class='ocrx_word' id='word_1_47' title='bbox 765 927 875 983; x_wconf 89' lang='lat' dir='ltr'><strong>noli</strong></span> <span class='ocrx_word' id='word_1_48' title='bbox 925 920 1271 985; x_wconf 87' lang='lat' dir='ltr'><strong>dissimulare</strong></span> <span class='ocrx_word' id='word_1_49' title='bbox 1313 925 1557 999; x_wconf 88' lang='lat' dir='ltr'><strong>culpam;</strong></span> <span class='ocrx_word' id='word_1_50' title='bbox 1589 927 1681 981; x_wconf 82' lang='lat' dir='ltr'><strong>sed</strong></span> <span class='ocrx_word' id='word_1_51' title='bbox 1728 942 1874 989; x_wconf 89' lang='lat' dir='ltr'><strong>mox,</strong></span> <span class='ocrx_word' id='word_1_52' title='bbox 1910 935 1968 980; x_wconf 90' lang='lat' dir='ltr'><strong>ut</strong></span> 
     </span>
    </p>
   </div>
   <div class='ocr_carea' id='block_1_9' title="bbox 385 1019 1965 1089">
    <p class='ocr_par' dir='ltr' id='par_1_9' title="bbox 385 1019 1965 1089">
     <span class='ocr_line' id='line_1_9' title="bbox 385 1019 1965 1089; baseline -0.003 -14"><span class='ocrx_word' id='word_1_53' title='bbox 385 1019 675 1085; x_wconf 87' lang='lat' dir='ltr'><strong>emerserit,</strong></span> <span class='ocrx_word' id='word_1_54' title='bbox 720 1020 917 1076; x_wconf 81' lang='lat' dir='ltr'><strong>adhibe</strong></span> <span class='ocrx_word' id='word_1_55' title='bbox 948 1020 1311 1089; x_wconf 83' lang='lat' dir='ltr'><strong>disciplinam,</strong></span> <span class='ocrx_word' id='word_1_56' title='bbox 1361 1029 1419 1073; x_wconf 92' lang='lat' dir='ltr'><strong>ut</strong></span> <span class='ocrx_word' id='word_1_57' title='bbox 1474 1035 1595 1075; x_wconf 91' lang='lat' dir='ltr'><strong>cum</strong></span> <span class='ocrx_word' id='word_1_58' title='bbox 1639 1019 1875 1075; x_wconf 85' lang='lat' dir='ltr'><strong>Phinecs</strong></span> <span class='ocrx_word' id='word_1_59' title='bbox 1912 1026 1965 1072; x_wconf 87' lang='lat' dir='ltr'><strong>te</strong></span> 
     </span>
    </p>
   </div>
   <div class='ocr_carea' id='block_1_10' title="bbox 386 1110 1962 1182">
    <p class='ocr_par' dir='ltr' id='par_1_10' title="bbox 386 1110 1962 1182">
     <span class='ocr_line' id='line_1_10' title="bbox 386 1110 1962 1182; baseline -0.001 -17"><span class='ocrx_word' id='word_1_60' title='bbox 386 1111 521 1166; x_wconf 82' lang='lat' dir='ltr'><strong>zelus</strong></span> <span class='ocrx_word' id='word_1_61' title='bbox 564 1110 631 1165; x_wconf 89' lang='lat' dir='ltr'><strong>ad</strong></span> <span class='ocrx_word' id='word_1_62' title='bbox 667 1112 855 1166; x_wconf 60' lang='lat' dir='ltr'><strong>aeterni</strong></span> <span class='ocrx_word' id='word_1_63' title='bbox 910 1110 1199 1166; x_wconf 81' lang='lat' dir='ltr'><strong>sacerdotii</strong></span> <span class='ocrx_word' id='word_1_64' title='bbox 1242 1112 1366 1182; x_wconf 85' lang='lat' dir='ltr'><strong>jura</strong></span> <span class='ocrx_word' id='word_1_65' title='bbox 1407 1120 1724 1182; x_wconf 87' lang='lat' dir='ltr'><strong>promoveat</strong></span> <span class='ocrx_word' id='word_1_66' title='bbox 1752 1118 1766 1180; x_wconf 92' lang='lat'><strong>(</strong></span> <span class='ocrx_word' id='word_1_67' title='bbox 1796 1110 1962 1164; x_wconf 84' lang='lat' dir='ltr'><strong>Num.</strong></span> 
     </span>
    </p>
   </div>
   <div class='ocr_carea' id='block_1_11' title="bbox 382 1203 1967 1274">
    <p class='ocr_par' dir='ltr' id='par_1_11' title="bbox 382 1203 1967 1274">
     <span class='ocr_line' id='line_1_11' title="bbox 382 1203 1967 1274; baseline -0.002 -15"><span class='ocrx_word' id='word_1_68' title='bbox 382 1203 521 1274; x_wconf 78' lang='lat' dir='ltr'><strong>xxv),</strong></span> <span class='ocrx_word' id='word_1_69' title='bbox 551 1218 659 1258; x_wconf 89' lang='lat' dir='ltr'><strong>non</strong></span> <span class='ocrx_word' id='word_1_70' title='bbox 700 1219 823 1259; x_wconf 84' lang='lat' dir='ltr'><strong>cum</strong></span> <span class='ocrx_word' id='word_1_71' title='bbox 870 1204 985 1258; x_wconf 85' lang='lat' dir='ltr'><strong>Heli</strong></span> <span class='ocrx_word' id='word_1_72' title='bbox 1035 1204 1135 1259; x_wconf 88' lang='lat' dir='ltr'><strong>sub</strong></span> <span class='ocrx_word' id='word_1_73' title='bbox 1164 1214 1381 1273; x_wconf 80' lang='lat' dir='ltr'><strong>torpore</strong></span> <span class='ocrx_word' id='word_1_74' title='bbox 1410 1204 1628 1259; x_wconf 70' lang='lat' dir='ltr'><strong>desidiae</strong></span> <span class='ocrx_word' id='word_1_75' title='bbox 1656 1204 1967 1273; x_wconf 77' lang='lat' dir='ltr'><strong>ignobiliter</strong></span> 
     </span>
    </p>
   </div>
   <div class='ocr_carea' id='block_1_12' title="bbox 382 1292 1964 1364">
    <p class='ocr_par' dir='ltr' id='par_1_12' title="bbox 382 1292 1964 1364">
     <span class='ocr_line' id='line_1_12' title="bbox 382 1292 1964 1364; baseline -0.001 -15"><span class='ocrx_word' id='word_1_76' title='bbox 382 1292 692 1349; x_wconf 82' lang='lat' dir='ltr'><strong>Oscitantem</strong></span> <span class='ocrx_word' id='word_1_77' title='bbox 757 1293 889 1349; x_wconf 87' lang='lat' dir='ltr'><strong>ultio</strong></span> <span class='ocrx_word' id='word_1_78' title='bbox 951 1295 1228 1363; x_wconf 86' lang='lat' dir='ltr'><strong>repentina</strong></span> <span class='ocrx_word' id='word_1_79' title='bbox 1295 1293 1554 1363; x_wconf 83' lang='lat' dir='ltr'><strong>percellat</strong></span> <span class='ocrx_word' id='word_1_80' title='bbox 1600 1293 1652 1364; x_wconf 88' lang='lat' dir='ltr'><strong>(l</strong></span> <span class='ocrx_word' id='word_1_81' title='bbox 1694 1292 1816 1363; x_wconf 85' lang='lat' dir='ltr'><strong>Reg.</strong></span> <span class='ocrx_word' id='word_1_82' title='bbox 1865 1292 1964 1363; x_wconf 85' lang='lat' dir='ltr'><strong>tv).</strong></span> 
     </span>
    </p>
   </div>
   <div class='ocr_carea' id='block_1_13' title="bbox 385 1382 1966 1451">
    <p class='ocr_par' dir='ltr' id='par_1_13' title="bbox 385 1382 1966 1451">
     <span class='ocr_line' id='line_1_13' title="bbox 385 1382 1966 1451; baseline 0 -12"><span class='ocrx_word' id='word_1_83' title='bbox 385 1382 647 1451; x_wconf 87' lang='lat' dir='ltr'><strong>Undeper</strong></span> <span class='ocrx_word' id='word_1_84' title='bbox 694 1384 1038 1441; x_wconf 88' lang='lat' dir='ltr'><strong>Salomonem</strong></span> <span class='ocrx_word' id='word_1_85' title='bbox 1084 1386 1311 1440; x_wconf 85' lang='lat' dir='ltr'><strong>dicitur:</strong></span> <span class='ocrx_word' id='word_1_86' title='bbox 1355 1404 1373 1436; x_wconf 76' lang='grc' dir='ltr'><strong><em>ι</em></strong></span> <span class='ocrx_word' id='word_1_87' title='bbox 1410 1384 1527 1440; x_wconf 85' lang='lat' dir='ltr'><strong>Noli</strong></span> <span class='ocrx_word' id='word_1_88' title='bbox 1575 1386 1898 1440; x_wconf 85' lang='lat' dir='ltr'><strong>subtrahere</strong></span> <span class='ocrx_word' id='word_1_89' title='bbox 1935 1400 1966 1439; x_wconf 91' lang='lat' dir='ltr'><strong>a</strong></span> 
     </span>
    </p>
   </div>
   <div class='ocr_carea' id='block_1_14' title="bbox 380 1477 1964 1548">
    <p class='ocr_par' dir='ltr' id='par_1_14' title="bbox 380 1477 1964 1548">
     <span class='ocr_line' id='line_1_14' title="bbox 380 1477 1964 1548; baseline 0.001 -18"><span class='ocrx_word' id='word_1_90' title='bbox 380 1492 540 1548; x_wconf 89' lang='lat' dir='ltr'><strong>puero</strong></span> <span class='ocrx_word' id='word_1_91' title='bbox 579 1477 937 1548; x_wconf 81' lang='lat' dir='ltr'><strong>disciplinam.</strong></span> <span class='ocrx_word' id='word_1_92' title='bbox 988 1479 1045 1534; x_wconf 91' lang='lat' dir='ltr'><strong>Si</strong></span> <span class='ocrx_word' id='word_1_93' title='bbox 1078 1479 1219 1534; x_wconf 91' lang='lat' dir='ltr'><strong>enim</strong></span> <span class='ocrx_word' id='word_1_94' title='bbox 1265 1480 1598 1548; x_wconf 86' lang='lat' dir='ltr'><strong>percusseris</strong></span> <span class='ocrx_word' id='word_1_95' title='bbox 1640 1492 1761 1533; x_wconf 87' lang='lat' dir='ltr'><strong>eum</strong></span> <span class='ocrx_word' id='word_1_96' title='bbox 1788 1477 1964 1548; x_wconf 83' lang='lat' dir='ltr'><strong>virga,</strong></span> 
     </span>
    </p>
   </div>
   <div class='ocr_carea' id='block_1_15' title="bbox 382 1568 1965 1642">
    <p class='ocr_par' dir='ltr' id='par_1_15' title="bbox 382 1568 1965 1642">
     <span class='ocr_line' id='line_1_15' title="bbox 382 1568 1965 1642; baseline 0.001 -18"><span class='ocrx_word' id='word_1_97' title='bbox 382 1585 482 1625; x_wconf 89' lang='lat' dir='ltr'><strong>non</strong></span> <span class='ocrx_word' id='word_1_98' title='bbox 508 1571 789 1625; x_wconf 89' lang='lat' dir='ltr'><strong>morietur.</strong></span> <span class='ocrx_word' id='word_1_99' title='bbox 838 1568 916 1624; x_wconf 87' lang='lat' dir='ltr'><strong>Tu</strong></span> <span class='ocrx_word' id='word_1_100' title='bbox 948 1571 1099 1641; x_wconf 79' lang='lat' dir='ltr'><strong>virga</strong></span> <span class='ocrx_word' id='word_1_101' title='bbox 1150 1573 1391 1642; x_wconf 89' lang='lat' dir='ltr'><strong>percutis</strong></span> <span class='ocrx_word' id='word_1_102' title='bbox 1442 1588 1587 1636; x_wconf 90' lang='lat' dir='ltr'><strong>eum,</strong></span> <span class='ocrx_word' id='word_1_103' title='bbox 1636 1579 1691 1625; x_wconf 88' lang='lat' dir='ltr'><strong>et</strong></span> <span class='ocrx_word' id='word_1_104' title='bbox 1727 1571 1965 1625; x_wconf 82' lang='lat' dir='ltr'><strong>animam</strong></span> 
     </span>
    </p>
   </div>
   <div class='ocr_carea' id='block_1_16' title="bbox 379 1646 1966 1733">
    <p class='ocr_par' dir='ltr' id='par_1_16' title="bbox 379 1646 1966 1733">
     <span class='ocr_line' id='line_1_16' title="bbox 379 1646 1966 1733; baseline -0.001 -17"><span class='ocrx_word' id='word_1_105' title='bbox 379 1646 489 1730; x_wconf 80' lang='lat' dir='ltr'><strong>ejus</strong></span> <span class='ocrx_word' id='word_1_106' title='bbox 534 1661 599 1717; x_wconf 85' lang='lat' dir='ltr'><strong>de</strong></span> <span class='ocrx_word' id='word_1_107' title='bbox 642 1661 855 1717; x_wconf 90' lang='lat' dir='ltr'><strong>inferno</strong></span> <span class='ocrx_word' id='word_1_108' title='bbox 881 1662 1141 1718; x_wconf 85' lang='lat' dir='ltr'><strong>liberabis</strong></span> <span class='ocrx_word' id='word_1_109' title='bbox 1190 1660 1390 1733; x_wconf 86' lang='lat' dir='ltr'><strong>(Prov.</strong></span> <span class='ocrx_word' id='word_1_110' title='bbox 1434 1666 1578 1733; x_wconf 85' lang='lat' dir='ltr'><strong>xm).</strong></span> <span class='ocrx_word' id='word_1_111' title='bbox 1617 1683 1636 1715; x_wconf 77' lang='grc' dir='ltr'><strong><em>ι</em></strong></span> <span class='ocrx_word' id='word_1_112' title='bbox 1679 1663 1966 1717; x_wconf 77' lang='lat' dir='ltr'><strong>Verumta-</strong></span> 
     </span>
    </p>
   </div>
   <div class='ocr_carea' id='block_1_17' title="bbox 380 1754 1963 1830">
    <p class='ocr_par' dir='ltr' id='par_1_17' title="bbox 380 1754 1963 1830">
     <span class='ocr_line' id='line_1_17' title="bbox 380 1754 1963 1830; baseline 0.002 -24"><span class='ocrx_word' id='word_1_113' title='bbox 380 1767 495 1807; x_wconf 88' lang='lat' dir='ltr'><strong>men</strong></span> <span class='ocrx_word' id='word_1_114' title='bbox 523 1766 654 1806; x_wconf 89' lang='lat' dir='ltr'><strong>cave</strong></span> <span class='ocrx_word' id='word_1_115' title='bbox 683 1768 749 1807; x_wconf 89' lang='lat' dir='ltr'><strong>ne</strong></span> <span class='ocrx_word' id='word_1_116' title='bbox 783 1754 981 1808; x_wconf 91' lang='lat' dir='ltr'><strong>nimius</strong></span> <span class='ocrx_word' id='word_1_117' title='bbox 1008 1754 1307 1824; x_wconf 71' lang='lat' dir='ltr'><strong>disciplinae</strong></span> <span class='ocrx_word' id='word_1_118' title='bbox 1352 1757 1497 1826; x_wconf 87' lang='lat' dir='ltr'><strong>rigor</strong></span> <span class='ocrx_word' id='word_1_119' title='bbox 1524 1755 1784 1830; x_wconf 83' lang='lat' dir='ltr'><strong>duritiam</strong></span> <span class='ocrx_word' id='word_1_120' title='bbox 1832 1769 1963 1809; x_wconf 92' lang='lat' dir='ltr'><strong>con-</strong></span> 
     </span>
    </p>
   </div>
   <div class='ocr_carea' id='block_1_18' title="bbox 380 1838 2045 1911">
    <p class='ocr_par' dir='ltr' id='par_1_18' title="bbox 380 1838 2045 1911">
     <span class='ocr_line' id='line_1_18' title="bbox 380 1838 2045 1911; baseline 0.002 -15"><span class='ocrx_word' id='word_1_121' title='bbox 380 1843 554 1898; x_wconf 85' lang='lat' dir='ltr'><strong>trahat</strong></span> <span class='ocrx_word' id='word_1_122' title='bbox 596 1853 651 1898; x_wconf 92' lang='lat' dir='ltr'><strong>et</strong></span> <span class='ocrx_word' id='word_1_123' title='bbox 691 1843 1080 1900; x_wconf 87' lang='lat' dir='ltr'><strong>immoderatus</strong></span> <span class='ocrx_word' id='word_1_124' title='bbox 1105 1845 1201 1901; x_wconf 87' lang='lat' dir='ltr'><strong>zeli</strong></span> <span class='ocrx_word' id='word_1_125' title='bbox 1231 1848 1413 1902; x_wconf 78' lang='lat' dir='ltr'><strong>fervor</strong></span> <span class='ocrx_word' id='word_1_126' title='bbox 1434 1854 1679 1901; x_wconf 84' lang='lat' dir='ltr'><strong>vertatur</strong></span> <span class='ocrx_word' id='word_1_127' title='bbox 1714 1846 1768 1900; x_wconf 91' lang='lat' dir='ltr'><strong>in</strong></span> <span class='ocrx_word' id='word_1_128' title='bbox 1808 1847 1965 1911; x_wconf 86' lang='lat' dir='ltr'><strong>iram,</strong></span> <span class='ocrx_word' id='word_1_129' title='bbox 1999 1838 2045 1899; x_wconf 85' lang='grc' dir='ltr'>Β</span> 
     </span>
    </p>
   </div>
   <div class='ocr_carea' id='block_1_19' title="bbox 379 1934 1968 2011">
    <p class='ocr_par' dir='ltr' id='par_1_19' title="bbox 379 1934 1968 2011">
     <span class='ocr_line' id='line_1_19' title="bbox 379 1934 1968 2011; baseline 0.003 -23"><span class='ocrx_word' id='word_1_130' title='bbox 379 1950 441 1988; x_wconf 68' lang='lat' dir='ltr'><strong>ue</strong></span> <span class='ocrx_word' id='word_1_131' title='bbox 491 1934 771 1999; x_wconf 88' lang='lat' dir='ltr'><strong>videlicet,</strong></span> <span class='ocrx_word' id='word_1_132' title='bbox 825 1937 950 1991; x_wconf 90' lang='lat' dir='ltr'><strong>dum</strong></span> <span class='ocrx_word' id='word_1_133' title='bbox 1012 1937 1181 2007; x_wconf 70' lang='lat' dir='ltr'><strong>culpae</strong></span> <span class='ocrx_word' id='word_1_134' title='bbox 1231 1940 1423 2011; x_wconf 88' lang='lat' dir='ltr'><strong>rubigo</strong></span> <span class='ocrx_word' id='word_1_135' title='bbox 1483 1940 1811 2009; x_wconf 85' lang='lat' dir='ltr'><strong>detergitur,</strong></span> <span class='ocrx_word' id='word_1_136' title='bbox 1872 1954 1968 1993; x_wconf 86' lang='lat' dir='ltr'><strong>vas</strong></span> 
     </span>
    </p>
   </div>
   <div class='ocr_carea' id='block_1_20' title="bbox 375 2026 1967 2097">
    <p class='ocr_par' dir='ltr' id='par_1_20' title="bbox 375 2026 1967 2097">
     <span class='ocr_line' id='line_1_20' title="bbox 375 2026 1967 2097; baseline 0.003 -19"><span class='ocrx_word' id='word_1_137' title='bbox 375 2034 617 2080; x_wconf 88' lang='lat' dir='ltr'><strong>tenerum</strong></span> <span class='ocrx_word' id='word_1_138' title='bbox 656 2026 1051 2097; x_wconf 77' lang='lat' dir='ltr'><strong>confringatur.</strong></span> <span class='ocrx_word' id='word_1_139' title='bbox 1082 2028 1235 2084; x_wconf 85' lang='lat' dir='ltr'><strong>Unde</strong></span> <span class='ocrx_word' id='word_1_140' title='bbox 1263 2038 1318 2083; x_wconf 91' lang='lat' dir='ltr'><strong>et</strong></span> <span class='ocrx_word' id='word_1_141' title='bbox 1351 2029 1605 2084; x_wconf 90' lang='lat' dir='ltr'><strong>Salomon</strong></span> <span class='ocrx_word' id='word_1_142' title='bbox 1626 2030 1712 2083; x_wconf 69' lang='lat' dir='ltr'><strong>‘ait</strong></span> <span class='ocrx_word' id='word_1_143' title='bbox 1738 2048 1761 2081; x_wconf 76' lang='lat'><strong>.~</strong></span> <span class='ocrx_word' id='word_1_144' title='bbox 1802 2046 1818 2079; x_wconf 73' lang='grc' dir='ltr'><strong>ε</strong></span> <span class='ocrx_word' id='word_1_145' title='bbox 1849 2028 1967 2083; x_wconf 70' lang='lat' dir='ltr'><strong>Noli</strong></span> 
     </span>
    </p>
   </div>
   <div class='ocr_carea' id='block_1_21' title="bbox 377 2116 1968 2187">
    <p class='ocr_par' dir='ltr' id='par_1_21' title="bbox 377 2116 1968 2187">
     <span class='ocr_line' id='line_1_21' title="bbox 377 2116 1968 2187; baseline 0.003 -17"><span class='ocrx_word' id='word_1_146' title='bbox 377 2129 489 2170; x_wconf 88' lang='lat' dir='ltr'><strong>esse</strong></span> <span class='ocrx_word' id='word_1_147' title='bbox 535 2116 743 2172; x_wconf 89' lang='lat' dir='ltr'><strong>amicus</strong></span> <span class='ocrx_word' id='word_1_148' title='bbox 785 2117 988 2172; x_wconf 91' lang='lat' dir='ltr'><strong>homini</strong></span> <span class='ocrx_word' id='word_1_149' title='bbox 1038 2119 1320 2184; x_wconf 76' lang='lat' dir='ltr'><strong>iracundo,</strong></span> <span class='ocrx_word' id='word_1_150' title='bbox 1350 2136 1527 2187; x_wconf 90' lang='lat' dir='ltr'><strong>neque</strong></span> <span class='ocrx_word' id='word_1_151' title='bbox 1568 2119 1812 2175; x_wconf 82' lang='lat' dir='ltr'><strong>ambules</strong></span> <span class='ocrx_word' id='word_1_152' title='bbox 1842 2136 1968 2174; x_wconf 90' lang='lat' dir='ltr'><strong>cum</strong></span> 
     </span>
    </p>
   </div>
   <div class='ocr_carea' id='block_1_22' title="bbox 377 2207 1969 2283">
    <p class='ocr_par' dir='ltr' id='par_1_22' title="bbox 377 2207 1969 2283">
     <span class='ocr_line' id='line_1_22' title="bbox 377 2207 1969 2283; baseline 0.005 -22"><span class='ocrx_word' id='word_1_153' title='bbox 377 2209 487 2263; x_wconf 81' lang='lat' dir='ltr'><strong>viro</strong></span> <span class='ocrx_word' id='word_1_154' title='bbox 513 2207 744 2272; x_wconf 89' lang='lat' dir='ltr'><strong>furioso,</strong></span> <span class='ocrx_word' id='word_1_155' title='bbox 772 2225 837 2264; x_wconf 92' lang='lat' dir='ltr'><strong>ne</strong></span> <span class='ocrx_word' id='word_1_156' title='bbox 873 2209 1011 2266; x_wconf 84' lang='lat' dir='ltr'><strong>forte</strong></span> <span class='ocrx_word' id='word_1_157' title='bbox 1040 2210 1219 2265; x_wconf 84' lang='lat' dir='ltr'><strong>discas</strong></span> <span class='ocrx_word' id='word_1_158' title='bbox 1254 2214 1478 2267; x_wconf 85' lang='lat' dir='ltr'><strong>semitas</strong></span> <span class='ocrx_word' id='word_1_159' title='bbox 1510 2214 1659 2283; x_wconf 89' lang='lat' dir='ltr'><strong>ejus,</strong></span> <span class='ocrx_word' id='word_1_160' title='bbox 1692 2222 1748 2268; x_wconf 90' lang='lat' dir='ltr'><strong>et</strong></span> <span class='ocrx_word' id='word_1_161' title='bbox 1780 2229 1969 2269; x_wconf 85' lang='lat' dir='ltr'><strong>sumas</strong></span> 
     </span>
    </p>
   </div>
   <div class='ocr_carea' id='block_1_23' title="bbox 375 2300 1968 2373">
    <p class='ocr_par' dir='ltr' id='par_1_23' title="bbox 375 2300 1968 2373">
     <span class='ocr_line' id='line_1_23' title="bbox 375 2300 1968 2373; baseline 0.004 -20"><span class='ocrx_word' id='word_1_162' title='bbox 375 2300 684 2355; x_wconf 76' lang='lat' dir='ltr'><strong>scandalum</strong></span> <span class='ocrx_word' id='word_1_163' title='bbox 709 2301 901 2355; x_wconf 75' lang='lat' dir='ltr'><strong>anima:</strong></span> <span class='ocrx_word' id='word_1_164' title='bbox 934 2312 1036 2357; x_wconf 64' lang='lat' dir='ltr'><strong>tuae</strong></span> <span class='ocrx_word' id='word_1_165' title='bbox 1068 2300 1251 2370; x_wconf 84' lang='lat' dir='ltr'><strong>(Prov.</strong></span> <span class='ocrx_word' id='word_1_166' title='bbox 1283 2303 1439 2373; x_wconf 83' lang='lat' dir='ltr'><strong>xxn).</strong></span> <span class='ocrx_word' id='word_1_167' title='bbox 1460 2324 1477 2355; x_wconf 71' lang='grc' dir='ltr'><strong>ι</strong></span> <span class='ocrx_word' id='word_1_168' title='bbox 1505 2304 1708 2359; x_wconf 85' lang='lat' dir='ltr'><strong>Aliter:</strong></span> <span class='ocrx_word' id='word_1_169' title='bbox 1734 2324 1750 2356; x_wconf 72' lang='grc' dir='ltr'>ι</span> <span class='ocrx_word' id='word_1_170' title='bbox 1778 2304 1968 2360; x_wconf 81' lang='lat' dir='ltr'><strong>Melius</strong></span> 
     </span>
    </p>
   </div>
   <div class='ocr_carea' id='block_1_24' title="bbox 373 2390 1968 2463">
    <p class='ocr_par' dir='ltr' id='par_1_24' title="bbox 373 2390 1968 2463">
     <span class='ocr_line' id='line_1_24' title="bbox 373 2390 1968 2463; baseline 0.005 -20"><span class='ocrx_word' id='word_1_171' title='bbox 373 2399 453 2444; x_wconf 88' lang='lat' dir='ltr'><strong>est</strong></span> <span class='ocrx_word' id='word_1_172' title='bbox 505 2390 754 2446; x_wconf 86' lang='lat' dir='ltr'><strong>habitare</strong></span> <span class='ocrx_word' id='word_1_173' title='bbox 804 2392 856 2445; x_wconf 90' lang='lat' dir='ltr'><strong>in</strong></span> <span class='ocrx_word' id='word_1_174' title='bbox 889 2402 1032 2447; x_wconf 89' lang='lat' dir='ltr'><strong>terra</strong></span> <span class='ocrx_word' id='word_1_175' title='bbox 1078 2393 1316 2460; x_wconf 87' lang='lat' dir='ltr'><strong>deserta,</strong></span> <span class='ocrx_word' id='word_1_176' title='bbox 1360 2410 1521 2463; x_wconf 87' lang='lat' dir='ltr'><strong>quam</strong></span> <span class='ocrx_word' id='word_1_177' title='bbox 1560 2411 1684 2450; x_wconf 92' lang='lat' dir='ltr'><strong>cum</strong></span> <span class='ocrx_word' id='word_1_178' title='bbox 1738 2396 1968 2453; x_wconf 86' lang='lat' dir='ltr'><strong>muliere</strong></span> 
     </span>
    </p>
   </div>
   <div class='ocr_carea' id='block_1_25' title="bbox 374 2482 1965 2559">
    <p class='ocr_par' dir='ltr' id='par_1_25' title="bbox 374 2482 1965 2559">
     <span class='ocr_line' id='line_1_25' title="bbox 374 2482 1965 2559; baseline 0.006 -24"><span class='ocrx_word' id='word_1_179' title='bbox 374 2482 545 2537; x_wconf 82' lang='lat' dir='ltr'><strong>rixosa</strong></span> <span class='ocrx_word' id='word_1_180' title='bbox 568 2491 624 2537; x_wconf 91' lang='lat' dir='ltr'><strong>et</strong></span> <span class='ocrx_word' id='word_1_181' title='bbox 656 2482 912 2538; x_wconf 86' lang='lat' dir='ltr'><strong>iracunda</strong></span> <span class='ocrx_word' id='word_1_182' title='bbox 940 2482 1120 2553; x_wconf 87' lang='lat' dir='ltr'><strong>(Prov.</strong></span> <span class='ocrx_word' id='word_1_183' title='bbox 1151 2486 1285 2556; x_wconf 85' lang='lat' dir='ltr'><strong>xxr).</strong></span> <span class='ocrx_word' id='word_1_184' title='bbox 1317 2506 1335 2538; x_wconf 74' lang='grc' dir='ltr'><strong><em>ι</em></strong></span> <span class='ocrx_word' id='word_1_185' title='bbox 1369 2486 1477 2558; x_wconf 79' lang='lat'><strong>75</strong></span> <span class='ocrx_word' id='word_1_186' title='bbox 1504 2486 1757 2543; x_wconf 84' lang='lat' dir='ltr'><strong>Nonnulli</strong></span> <span class='ocrx_word' id='word_1_187' title='bbox 1786 2488 1965 2559; x_wconf 87' lang='lat' dir='ltr'><strong>plane,</strong></span> 
     </span>
    </p>
   </div>
   <div class='ocr_carea' id='block_1_26' title="bbox 374 2574 1968 2643">
    <p class='ocr_par' dir='ltr' id='par_1_26' title="bbox 374 2574 1968 2643">
     <span class='ocr_line' id='line_1_26' title="bbox 374 2574 1968 2643; baseline 0.006 -18"><span class='ocrx_word' id='word_1_188' title='bbox 374 2586 488 2626; x_wconf 89' lang='lat' dir='ltr'><strong>cum</strong></span> <span class='ocrx_word' id='word_1_189' title='bbox 541 2588 638 2642; x_wconf 89' lang='lat' dir='ltr'><strong>per</strong></span> <span class='ocrx_word' id='word_1_190' title='bbox 671 2574 1023 2643; x_wconf 73' lang='lat' dir='ltr'><strong>impatientia:</strong></span> <span class='ocrx_word' id='word_1_191' title='bbox 1046 2574 1289 2631; x_wconf 85' lang='lat' dir='ltr'><strong>fomitem</strong></span> <span class='ocrx_word' id='word_1_192' title='bbox 1337 2593 1364 2632; x_wconf 86' lang='lat' dir='ltr'><strong>a</strong></span> <span class='ocrx_word' id='word_1_193' title='bbox 1414 2574 1647 2633; x_wconf 77' lang='lat' dir='ltr'><strong>fratrum</strong></span> <span class='ocrx_word' id='word_1_194' title='bbox 1698 2577 1968 2635; x_wconf 78' lang='lat' dir='ltr'><strong>charitate</strong></span> 
     </span>
    </p>
   </div>
   <div class='ocr_carea' id='block_1_27' title="bbox 373 2662 1967 2741">
    <p class='ocr_par' dir='ltr' id='par_1_27' title="bbox 373 2662 1967 2741">
     <span class='ocr_line' id='line_1_27' title="bbox 373 2662 1967 2741; baseline 0.007 -27"><span class='ocrx_word' id='word_1_195' title='bbox 373 2662 645 2725; x_wconf 88' lang='lat' dir='ltr'><strong>resiliunt,</strong></span> <span class='ocrx_word' id='word_1_196' title='bbox 694 2665 797 2719; x_wconf 90' lang='lat' dir='ltr'><strong>hoc</strong></span> <span class='ocrx_word' id='word_1_197' title='bbox 847 2666 988 2734; x_wconf 88' lang='lat' dir='ltr'><strong>quod</strong></span> <span class='ocrx_word' id='word_1_198' title='bbox 1038 2665 1237 2728; x_wconf 73' lang='lat' dir='ltr'><strong>Paulus</strong></span> <span class='ocrx_word' id='word_1_199' title='bbox 1284 2676 1341 2723; x_wconf 91' lang='lat' dir='ltr'><strong>et</strong></span> <span class='ocrx_word' id='word_1_200' title='bbox 1397 2667 1682 2727; x_wconf 80' lang='lat' dir='ltr'><strong>Barnabas</strong></span> <span class='ocrx_word' id='word_1_201' title='bbox 1738 2678 1967 2741; x_wconf 86' lang='lat' dir='ltr'><strong>propter</strong></span> 
     </span>
    </p>
   </div>
   <div class='ocr_carea' id='block_1_28' title="bbox 374 2756 1963 2834">
    <p class='ocr_par' dir='ltr' id='par_1_28' title="bbox 374 2756 1963 2834">
     <span class='ocr_line' id='line_1_28' title="bbox 374 2756 1963 2834; baseline 0.005 -23"><span class='ocrx_word' id='word_1_202' title='bbox 374 2756 605 2814; x_wconf 75' lang='lat' dir='ltr'><strong>Marcum</strong></span> <span class='ocrx_word' id='word_1_203' title='bbox 653 2760 971 2831; x_wconf 88' lang='lat' dir='ltr'><strong>discipulum</strong></span> <span class='ocrx_word' id='word_1_204' title='bbox 1020 2761 1088 2816; x_wconf 90' lang='lat' dir='ltr'><strong>ab</strong></span> <span class='ocrx_word' id='word_1_205' title='bbox 1132 2763 1364 2819; x_wconf 78' lang='lat' dir='ltr'><strong>invicem</strong></span> <span class='ocrx_word' id='word_1_206' title='bbox 1399 2764 1766 2820; x_wconf 85' lang='lat' dir='ltr'><strong>discesserunt</strong></span> <span class='ocrx_word' id='word_1_207' title='bbox 1813 2765 1963 2834; x_wconf 78' lang='lat' dir='ltr'><strong>(Act.</strong></span> 
     </span>
    </p>
   </div>
   <div class='ocr_carea' id='block_1_29' title="bbox 374 2850 1959 2922">
    <p class='ocr_par' dir='ltr' id='par_1_29' title="bbox 374 2850 1959 2922">
     <span class='ocr_line' id='line_1_29' title="bbox 374 2850 1959 2922; baseline 0.005 -20"><span class='ocrx_word' id='word_1_208' title='bbox 374 2850 491 2918; x_wconf 81' lang='lat' dir='ltr'><strong>xv),</strong></span> <span class='ocrx_word' id='word_1_209' title='bbox 526 2850 580 2904; x_wconf 87' lang='lat' dir='ltr'><strong>in</strong></span> <span class='ocrx_word' id='word_1_210' title='bbox 619 2850 949 2906; x_wconf 79' lang='lat' dir='ltr'><strong>defensionis</strong></span> <span class='ocrx_word' id='word_1_211' title='bbox 974 2854 1084 2907; x_wconf 70' lang='lat' dir='ltr'><strong>&#39;suzc</strong></span> <span class='ocrx_word' id='word_1_212' title='bbox 1122 2854 1499 2909; x_wconf 76' lang='lat' dir='ltr'><strong>testimonium</strong></span> <span class='ocrx_word' id='word_1_213' title='bbox 1528 2861 1767 2910; x_wconf 72' lang='lat' dir='ltr'><strong>vertunt.</strong></span> <span class='ocrx_word' id='word_1_214' title='bbox 1801 2855 1959 2922; x_wconf 86' lang='lat' dir='ltr'><strong>Quod</strong></span> 
     </span>
    </p>
   </div>
   <div class='ocr_carea' id='block_1_30' title="bbox 373 2939 1967 3010">
    <p class='ocr_par' dir='ltr' id='par_1_30' title="bbox 373 2939 1967 3010">
     <span class='ocr_line' id='line_1_30' title="bbox 373 2939 1967 3010; baseline 0.005 -19"><span class='ocrx_word' id='word_1_215' title='bbox 373 2939 552 3008; x_wconf 85' lang='lat' dir='ltr'><strong>utique</strong></span> <span class='ocrx_word' id='word_1_216' title='bbox 598 2949 808 2998; x_wconf 87' lang='lat' dir='ltr'><strong>constat</strong></span> <span class='ocrx_word' id='word_1_217' title='bbox 852 2956 959 2997; x_wconf 90' lang='lat' dir='ltr'><strong>non</strong></span> <span class='ocrx_word' id='word_1_218' title='bbox 1012 2942 1299 2999; x_wconf 62' lang='lat' dir='ltr'><strong>discordia;</strong></span> <span class='ocrx_word' id='word_1_219' title='bbox 1331 2945 1488 3010; x_wconf 89' lang='lat' dir='ltr'><strong>vitio,</strong></span> <span class='ocrx_word' id='word_1_220' title='bbox 1528 2945 1626 2999; x_wconf 89' lang='lat' dir='ltr'><strong>sed</strong></span> <span class='ocrx_word' id='word_1_221' title='bbox 1664 2945 1862 3002; x_wconf 69' lang='lat' dir='ltr'><strong>divina:</strong></span> <span class='ocrx_word' id='word_1_222' title='bbox 1885 2945 1967 3000; x_wconf 84' lang='lat' dir='ltr'><strong>di-</strong></span> 
     </span>
    </p>
   </div>
   <div class='ocr_carea' id='block_1_31' title="bbox 374 3030 1964 3103">
    <p class='ocr_par' dir='ltr' id='par_1_31' title="bbox 374 3030 1964 3103">
     <span class='ocr_line' id='line_1_31' title="bbox 374 3030 1964 3103; baseline 0.007 -23"><span class='ocrx_word' id='word_1_223' title='bbox 374 3030 729 3095; x_wconf 86' lang='lat' dir='ltr'><strong>spensationis</strong></span> <span class='ocrx_word' id='word_1_224' title='bbox 755 3030 956 3087; x_wconf 87' lang='lat' dir='ltr'><strong>factum</strong></span> <span class='ocrx_word' id='word_1_225' title='bbox 1000 3048 1120 3089; x_wconf 89' lang='lat' dir='ltr'><strong>esse</strong></span> <span class='ocrx_word' id='word_1_226' title='bbox 1145 3034 1371 3103; x_wconf 86' lang='lat' dir='ltr'><strong>judicio,</strong></span> <span class='ocrx_word' id='word_1_227' title='bbox 1403 3044 1461 3089; x_wconf 93' lang='lat' dir='ltr'><strong>ut</strong></span> <span class='ocrx_word' id='word_1_228' title='bbox 1489 3036 1749 3089; x_wconf 88' lang='lat' dir='ltr'><strong>nimirum</strong></span> <span class='ocrx_word' id='word_1_229' title='bbox 1786 3036 1964 3091; x_wconf 83' lang='lat' dir='ltr'><strong>sancti</strong></span> 
     </span>
    </p>
   </div>
   <div class='ocr_carea' id='block_1_32' title="bbox 373 3119 1964 3198">
    <p class='ocr_par' dir='ltr' id='par_1_32' title="bbox 373 3119 1964 3198">
     <span class='ocr_line' id='line_1_32' title="bbox 373 3119 1964 3198; baseline 0.006 -25"><span class='ocrx_word' id='word_1_230' title='bbox 373 3119 589 3188; x_wconf 81' lang='lat' dir='ltr'><strong>apostoli</strong></span> <span class='ocrx_word' id='word_1_231' title='bbox 634 3132 892 3193; x_wconf 87' lang='lat' dir='ltr'><strong>tanquam</strong></span> <span class='ocrx_word' id='word_1_232' title='bbox 942 3139 1110 3195; x_wconf 91' lang='lat' dir='ltr'><strong>grana</strong></span> <span class='ocrx_word' id='word_1_233' title='bbox 1148 3126 1313 3182; x_wconf 90' lang='lat' dir='ltr'><strong>tritici</strong></span> <span class='ocrx_word' id='word_1_234' title='bbox 1347 3142 1411 3182; x_wconf 91' lang='lat' dir='ltr'><strong>eo</strong></span> <span class='ocrx_word' id='word_1_235' title='bbox 1463 3128 1779 3198; x_wconf 66' lang='lat' dir='ltr'><strong>spargendae</strong></span> <span class='ocrx_word' id='word_1_236' title='bbox 1837 3125 1964 3182; x_wconf 76' lang='lat' dir='ltr'><strong>ﬁdei</strong></span> 
     </span>
    </p>
   </div>
   <div class='ocr_carea' id='block_1_33' title="bbox 376 3213 1965 3289">
    <p class='ocr_par' dir='ltr' id='par_1_33' title="bbox 376 3213 1965 3289">
     <span class='ocr_line' id='line_1_33' title="bbox 376 3213 1965 3289; baseline 0.006 -24"><span class='ocrx_word' id='word_1_237' title='bbox 376 3213 678 3269; x_wconf 78' lang='lat' dir='ltr'><strong>uberiorem</strong></span> <span class='ocrx_word' id='word_1_238' title='bbox 731 3231 963 3271; x_wconf 83' lang='lat' dir='ltr'><strong>messem</strong></span> <span class='ocrx_word' id='word_1_239' title='bbox 993 3218 1300 3284; x_wconf 88' lang='lat' dir='ltr'><strong>redderent,</strong></span> <span class='ocrx_word' id='word_1_240' title='bbox 1347 3234 1455 3289; x_wconf 89' lang='lat' dir='ltr'><strong>quo</strong></span> <span class='ocrx_word' id='word_1_241' title='bbox 1500 3219 1689 3289; x_wconf 89' lang='lat' dir='ltr'><strong>procul</strong></span> <span class='ocrx_word' id='word_1_242' title='bbox 1745 3235 1841 3275; x_wconf 87' lang='lat' dir='ltr'><strong>eos</strong></span> <span class='ocrx_word' id='word_1_243' title='bbox 1894 3219 1965 3275; x_wconf 89' lang='lat' dir='ltr'><strong>ab</strong></span> 
     </span>
    </p>
   </div>
   <div class='ocr_carea' id='block_1_34' title="bbox 375 3302 1966 3379">
    <p class='ocr_par' dir='ltr' id='par_1_34' title="bbox 375 3302 1966 3379">
     <span class='ocr_line' id='line_1_34' title="bbox 375 3302 1966 3379; baseline 0.008 -24"><span class='ocrx_word' id='word_1_244' title='bbox 375 3302 595 3360; x_wconf 81' lang='lat' dir='ltr'><strong>invicem</strong></span> <span class='ocrx_word' id='word_1_245' title='bbox 670 3306 1024 3363; x_wconf 84' lang='lat' dir='ltr'><strong>dissensionis</strong></span> <span class='ocrx_word' id='word_1_246' title='bbox 1095 3325 1225 3364; x_wconf 88' lang='lat' dir='ltr'><strong>aura</strong></span> <span class='ocrx_word' id='word_1_247' title='bbox 1293 3310 1570 3379; x_wconf 88' lang='lat' dir='ltr'><strong>perflaret.</strong></span> <span class='ocrx_word' id='word_1_248' title='bbox 1635 3311 1966 3369; x_wconf 83' lang='lat' dir='ltr'><strong>Absentibus</strong></span> 
     </span>
    </p>
   </div>
   <div class='ocr_carea' id='block_1_35' title="bbox 374 3396 1967 3471">
    <p class='ocr_par' dir='ltr' id='par_1_35' title="bbox 374 3396 1967 3471">
     <span class='ocr_line' id='line_1_35' title="bbox 374 3396 1967 3471; baseline 0.008 -26"><span class='ocrx_word' id='word_1_249' title='bbox 374 3408 646 3463; x_wconf 85' lang='lat' dir='ltr'><strong>nunquam</strong></span> <span class='ocrx_word' id='word_1_250' title='bbox 700 3396 978 3465; x_wconf 77' lang='lat' dir='ltr'><strong>detrahas,</strong></span> <span class='ocrx_word' id='word_1_251' title='bbox 1020 3399 1115 3454; x_wconf 90' lang='lat' dir='ltr'><strong>sed</strong></span> <span class='ocrx_word' id='word_1_252' title='bbox 1145 3416 1243 3457; x_wconf 89' lang='lat' dir='ltr'><strong>eos</strong></span> <span class='ocrx_word' id='word_1_253' title='bbox 1292 3401 1347 3455; x_wconf 89' lang='lat' dir='ltr'><strong>in</strong></span> <span class='ocrx_word' id='word_1_254' title='bbox 1394 3400 1612 3467; x_wconf 83' lang='lat' dir='ltr'><strong>faciem,</strong></span> <span class='ocrx_word' id='word_1_255' title='bbox 1665 3412 1827 3471; x_wconf 90' lang='lat' dir='ltr'><strong>prout</strong></span> <span class='ocrx_word' id='word_1_256' title='bbox 1878 3418 1967 3459; x_wconf 89' lang='lat' dir='ltr'><strong>res</strong></span> 
     </span>
    </p>
   </div>
   <div class='ocr_carea' id='block_1_36' title="bbox 374 3482 1965 3563">
    <p class='ocr_par' dir='ltr' id='par_1_36' title="bbox 374 3482 1965 3563">
     <span class='ocr_line' id='line_1_36' title="bbox 374 3482 1965 3563; baseline 0.007 -26"><span class='ocrx_word' id='word_1_257' title='bbox 374 3482 688 3552; x_wconf 80' lang='lat' dir='ltr'><strong>dictaverit,</strong></span> <span class='ocrx_word' id='word_1_258' title='bbox 719 3498 1087 3559; x_wconf 84' lang='lat' dir='ltr'><strong>competenter</strong></span> <span class='ocrx_word' id='word_1_259' title='bbox 1130 3492 1378 3563; x_wconf 89' lang='lat' dir='ltr'><strong>objurga.</strong></span> <span class='ocrx_word' id='word_1_260' title='bbox 1415 3491 1550 3547; x_wconf 84' lang='lat' dir='ltr'><strong>Hinc</strong></span> <span class='ocrx_word' id='word_1_261' title='bbox 1578 3501 1661 3548; x_wconf 89' lang='lat' dir='ltr'><strong>est</strong></span> <span class='ocrx_word' id='word_1_262' title='bbox 1714 3491 1859 3563; x_wconf 92' lang='lat' dir='ltr'><strong>quod</strong></span> <span class='ocrx_word' id='word_1_263' title='bbox 1911 3493 1965 3548; x_wconf 90' lang='lat' dir='ltr'><strong>in</strong></span> 
     </span>
    </p>
   </div>
   <div class='ocr_carea' id='block_1_37' title="bbox 373 3568 1967 3651">
    <p class='ocr_par' dir='ltr' id='par_1_37' title="bbox 373 3568 1967 3651">
     <span class='ocr_line' id='line_1_37' title="bbox 373 3568 1967 3651; baseline 0.008 -27"><span class='ocrx_word' id='word_1_264' title='bbox 373 3568 682 3633; x_wconf 79' lang='lat' dir='ltr'><strong>Proverbiis</strong></span> <span class='ocrx_word' id='word_1_265' title='bbox 729 3576 967 3648; x_wconf 83' lang='lat' dir='ltr'><strong>legitur:</strong></span> <span class='ocrx_word' id='word_1_266' title='bbox 1020 3598 1037 3631; x_wconf 86' lang='grc'><strong>‹</strong></span> <span class='ocrx_word' id='word_1_267' title='bbox 1066 3578 1306 3637; x_wconf 78' lang='lat' dir='ltr'><strong>Remove</strong></span> <span class='ocrx_word' id='word_1_268' title='bbox 1350 3598 1381 3635; x_wconf 90' lang='lat' dir='ltr'><strong>a</strong></span> <span class='ocrx_word' id='word_1_269' title='bbox 1434 3591 1486 3636; x_wconf 91' lang='lat' dir='ltr'><strong>te</strong></span> <span class='ocrx_word' id='word_1_270' title='bbox 1514 3598 1576 3637; x_wconf 91' lang='lat' dir='ltr'><strong>os</strong></span> <span class='ocrx_word' id='word_1_271' title='bbox 1616 3597 1863 3651; x_wconf 87' lang='lat' dir='ltr'><strong>pravum,</strong></span> <span class='ocrx_word' id='word_1_272' title='bbox 1910 3591 1967 3636; x_wconf 90' lang='lat' dir='ltr'><strong>et</strong></span> 
     </span>
    </p>
   </div>
   <div class='ocr_carea' id='block_1_38' title="bbox 380 3663 1963 3743">
    <p class='ocr_par' dir='ltr' id='par_1_38' title="bbox 380 3663 1963 3743">
     <span class='ocr_line' id='line_1_38' title="bbox 380 3663 1963 3743; baseline 0.007 -27"><span class='ocrx_word' id='word_1_273' title='bbox 380 3663 721 3723; x_wconf 88' lang='lat' dir='ltr'><strong>detrahentia</strong></span> <span class='ocrx_word' id='word_1_274' title='bbox 752 3666 890 3722; x_wconf 86' lang='lat' dir='ltr'><strong>labia</strong></span> <span class='ocrx_word' id='word_1_275' title='bbox 914 3669 1023 3723; x_wconf 88' lang='lat' dir='ltr'><strong>sint</strong></span> <span class='ocrx_word' id='word_1_276' title='bbox 1065 3671 1249 3738; x_wconf 92' lang='lat' dir='ltr'><strong>procul</strong></span> <span class='ocrx_word' id='word_1_277' title='bbox 1279 3685 1309 3725; x_wconf 88' lang='lat' dir='ltr'><strong>a</strong></span> <span class='ocrx_word' id='word_1_278' title='bbox 1350 3680 1402 3727; x_wconf 89' lang='lat' dir='ltr'><strong>te</strong></span> <span class='ocrx_word' id='word_1_279' title='bbox 1429 3664 1613 3737; x_wconf 68' lang='lat' dir='ltr'><strong>(Prov.</strong></span> <span class='ocrx_word' id='word_1_280' title='bbox 1641 3671 1775 3743; x_wconf 78' lang='grc' dir='ltr'><strong>ιν).›</strong></span> <span class='ocrx_word' id='word_1_281' title='bbox 1808 3673 1873 3727; x_wconf 84' lang='grc' dir='ltr'>Ει</span> <span class='ocrx_word' id='word_1_282' title='bbox 1909 3674 1963 3727; x_wconf 84' lang='lat' dir='ltr'><strong>in</strong></span> 
     </span>
    </p>
   </div>
   <div class='ocr_carea' id='block_1_39' title="bbox 373 3750 1966 3833">
    <p class='ocr_par' dir='ltr' id='par_1_39' title="bbox 373 3750 1966 3833">
     <span class='ocr_line' id='line_1_39' title="bbox 373 3750 1966 3833; baseline 0.009 -28"><span class='ocrx_word' id='word_1_283' title='bbox 373 3750 700 3811; x_wconf 85' lang='lat' dir='ltr'><strong>Ecclesiaste</strong></span> <span class='ocrx_word' id='word_1_284' title='bbox 723 3755 919 3827; x_wconf 72' lang='lat' dir='ltr'><strong>(Eccls.</strong></span> <span class='ocrx_word' id='word_1_285' title='bbox 950 3758 1006 3829; x_wconf 88' lang='lat' dir='ltr'><strong>x)</strong></span> <span class='ocrx_word' id='word_1_286' title='bbox 1040 3778 1051 3813; x_wconf 92' lang='lat'><strong>:</strong></span> <span class='ocrx_word' id='word_1_287' title='bbox 1083 3780 1101 3811; x_wconf 72' lang='grc' dir='ltr'><strong>ε</strong></span> <span class='ocrx_word' id='word_1_288' title='bbox 1125 3757 1183 3815; x_wconf 89' lang='lat' dir='ltr'><strong>Si</strong></span> <span class='ocrx_word' id='word_1_289' title='bbox 1216 3761 1482 3828; x_wconf 88' lang='lat' dir='ltr'><strong>mordeat,</strong></span> <span class='ocrx_word' id='word_1_290' title='bbox 1518 3762 1714 3830; x_wconf 86' lang='lat' dir='ltr'><strong>inquit,</strong></span> <span class='ocrx_word' id='word_1_291' title='bbox 1741 3778 1966 3833; x_wconf 84' lang='lat' dir='ltr'><strong>serpens</strong></span> 
     </span>
    </p>
   </div>
   <div class='ocr_carea' id='block_1_40' title="bbox 376 3839 1966 3920">
    <p class='ocr_par' dir='ltr' id='par_1_40' title="bbox 376 3839 1966 3920">
     <span class='ocr_line' id='line_1_40' title="bbox 376 3839 1966 3920; baseline 0.008 -25"><span class='ocrx_word' id='word_1_292' title='bbox 376 3839 427 3895; x_wconf 83' lang='lat' dir='ltr'><strong>in</strong></span> <span class='ocrx_word' id='word_1_293' title='bbox 449 3843 687 3908; x_wconf 87' lang='lat' dir='ltr'><strong>silentio,</strong></span> <span class='ocrx_word' id='word_1_294' title='bbox 714 3847 848 3899; x_wconf 90' lang='lat' dir='ltr'><strong>nihil</strong></span> <span class='ocrx_word' id='word_1_295' title='bbox 893 3862 957 3902; x_wconf 90' lang='lat' dir='ltr'><strong>eo</strong></span> <span class='ocrx_word' id='word_1_296' title='bbox 998 3849 1175 3903; x_wconf 88' lang='lat' dir='ltr'><strong>minus</strong></span> <span class='ocrx_word' id='word_1_297' title='bbox 1207 3852 1389 3915; x_wconf 80' lang='lat' dir='ltr'><strong>habet,</strong></span> <span class='ocrx_word' id='word_1_298' title='bbox 1424 3853 1514 3920; x_wconf 88' lang='lat' dir='ltr'><strong>qui</strong></span> <span class='ocrx_word' id='word_1_299' title='bbox 1546 3853 1757 3909; x_wconf 88' lang='lat' dir='ltr'><strong>occulte</strong></span> <span class='ocrx_word' id='word_1_300' title='bbox 1786 3854 1966 3909; x_wconf 82' lang='lat' dir='ltr'><strong>detra-</strong></span> 
     </span>
    </p>
   </div>
   <div class='ocr_carea' id='block_1_41' title="bbox 373 3930 1967 4015">
    <p class='ocr_par' dir='ltr' id='par_1_41' title="bbox 373 3930 1967 4015">
     <span class='ocr_line' id='line_1_41' title="bbox 373 3930 1967 4015; baseline 0.008 -29"><span class='ocrx_word' id='word_1_301' title='bbox 373 3930 470 3990; x_wconf 86' lang='lat' dir='ltr'><strong>hit.</strong></span> <span class='ocrx_word' id='word_1_302' title='bbox 509 3954 528 3987; x_wconf 80' lang='lat' dir='ltr'><strong>r</strong></span> <span class='ocrx_word' id='word_1_303' title='bbox 562 3936 660 3991; x_wconf 81' lang='lat' dir='ltr'><strong>Vir</strong></span> <span class='ocrx_word' id='word_1_304' title='bbox 689 3937 852 3992; x_wconf 89' lang='lat' dir='ltr'><strong>etiam</strong></span> <span class='ocrx_word' id='word_1_305' title='bbox 884 3939 1098 4008; x_wconf 85' lang='lat' dir='ltr'><strong>sapiens</strong></span> <span class='ocrx_word' id='word_1_306' title='bbox 1147 3941 1260 3994; x_wconf 87' lang='lat' dir='ltr'><strong>ait:</strong></span> <span class='ocrx_word' id='word_1_307' title='bbox 1310 3960 1329 3993; x_wconf 83' lang='grc'><strong><em>‹</em></strong></span> <span class='ocrx_word' id='word_1_308' title='bbox 1361 3939 1597 3997; x_wconf 87' lang='lat' dir='ltr'><strong>Susurro</strong></span> <span class='ocrx_word' id='word_1_309' title='bbox 1627 3954 1680 3997; x_wconf 89' lang='lat' dir='ltr'><strong>et</strong></span> <span class='ocrx_word' id='word_1_310' title='bbox 1711 3943 1967 4015; x_wconf 81' lang='lat' dir='ltr'><strong>bilinguis</strong></span> 
     </span>
    </p>
   </div>
   <div class='ocr_carea' id='block_1_42' title="bbox 377 4023 1963 4102">
    <p class='ocr_par' dir='ltr' id='par_1_42' title="bbox 377 4023 1963 4102">
     <span class='ocr_line' id='line_1_42' title="bbox 377 4023 1963 4102; baseline 0.008 -26"><span class='ocrx_word' id='word_1_311' title='bbox 377 4023 698 4082; x_wconf 86' lang='lat' dir='ltr'><strong>maledictus</strong></span> <span class='ocrx_word' id='word_1_312' title='bbox 721 4036 827 4091; x_wconf 91' lang='lat' dir='ltr'><strong>est,</strong></span> <span class='ocrx_word' id='word_1_313' title='bbox 861 4029 1059 4085; x_wconf 88' lang='lat' dir='ltr'><strong>multos</strong></span> <span class='ocrx_word' id='word_1_314' title='bbox 1102 4031 1451 4087; x_wconf 89' lang='lat' dir='ltr'><strong>conturbavit</strong></span> <span class='ocrx_word' id='word_1_315' title='bbox 1483 4048 1672 4102; x_wconf 89' lang='lat' dir='ltr'><strong>pacem</strong></span> <span class='ocrx_word' id='word_1_316' title='bbox 1697 4032 1963 4090; x_wconf 77' lang='lat' dir='ltr'><strong>habentes</strong></span> 
     </span>
    </p>
   </div>
   <div class='ocr_carea' id='block_1_43' title="bbox 373 4112 1964 4194">
    <p class='ocr_par' dir='ltr' id='par_1_43' title="bbox 373 4112 1964 4194">
     <span class='ocr_line' id='line_1_43' title="bbox 373 4112 1964 4194; baseline 0.009 -27"><span class='ocrx_word' id='word_1_317' title='bbox 373 4112 559 4183; x_wconf 72' lang='lat' dir='ltr'><strong>(Ereti.</strong></span> <span class='ocrx_word' id='word_1_318' title='bbox 597 4118 824 4190; x_wconf 75' lang='lat' dir='ltr'><strong>xxvut);</strong></span> <span class='ocrx_word' id='word_1_319' title='bbox 858 4140 877 4172; x_wconf 83' lang='grc'>›</span> <span class='ocrx_word' id='word_1_320' title='bbox 916 4122 1152 4176; x_wconf 88' lang='lat' dir='ltr'><strong>audienti</strong></span> <span class='ocrx_word' id='word_1_321' title='bbox 1200 4138 1330 4177; x_wconf 92' lang='lat' dir='ltr'><strong>vero</strong></span> <span class='ocrx_word' id='word_1_322' title='bbox 1383 4123 1597 4179; x_wconf 55' lang='lat' dir='ltr'><strong>dicit”</strong></span> <span class='ocrx_word' id='word_1_323' title='bbox 1625 4122 1750 4194; x_wconf 88' lang='lat' dir='ltr'><strong>Sepi</strong></span> <span class='ocrx_word' id='word_1_324' title='bbox 1801 4142 1964 4181; x_wconf 87' lang='lat' dir='ltr'><strong>aures</strong></span> 
     </span>
    </p>
   </div>
   <div class='ocr_carea' id='block_1_44' title="bbox 374 4212 1963 4288">
    <p class='ocr_par' dir='ltr' id='par_1_44' title="bbox 374 4212 1963 4288">
     <span class='ocr_line' id='line_1_44' title="bbox 374 4212 1963 4288; baseline 0.008 -29"><span class='ocrx_word' id='word_1_325' title='bbox 374 4214 491 4263; x_wconf 89' lang='lat' dir='ltr'><strong>tuas</strong></span> <span class='ocrx_word' id='word_1_326' title='bbox 510 4212 709 4281; x_wconf 79' lang='lat' dir='ltr'><strong>spinis,</strong></span> <span class='ocrx_word' id='word_1_327' title='bbox 736 4222 790 4266; x_wconf 90' lang='lat' dir='ltr'><strong>et</strong></span> <span class='ocrx_word' id='word_1_328' title='bbox 828 4213 935 4267; x_wconf 91' lang='lat' dir='ltr'><strong>noli</strong></span> <span class='ocrx_word' id='word_1_329' title='bbox 983 4215 1170 4270; x_wconf 89' lang='lat' dir='ltr'><strong>audire</strong></span> <span class='ocrx_word' id='word_1_330' title='bbox 1199 4216 1439 4286; x_wconf 88' lang='lat' dir='ltr'><strong>linguam</strong></span> <span class='ocrx_word' id='word_1_331' title='bbox 1479 4232 1714 4288; x_wconf 88' lang='lat' dir='ltr'><strong>nequam</strong></span> <span class='ocrx_word' id='word_1_332' title='bbox 1744 4237 1753 4269; x_wconf 95' lang='lat'><strong>:</strong></span> <span class='ocrx_word' id='word_1_333' title='bbox 1788 4226 1838 4273; x_wconf 88' lang='lat' dir='ltr'><strong>et</strong></span> <span class='ocrx_word' id='word_1_334' title='bbox 1877 4217 1963 4273; x_wconf 89' lang='lat' dir='ltr'><strong>ori</strong></span> 
     </span>
    </p>
   </div>
   <div class='ocr_carea' id='block_1_45' title="bbox 374 4300 1961 4382">
    <p class='ocr_par' dir='ltr' id='par_1_45' title="bbox 374 4300 1961 4382">
     <span class='ocr_line' id='line_1_45' title="bbox 374 4300 1961 4382; baseline 0.008 -29"><span class='ocrx_word' id='word_1_335' title='bbox 374 4306 463 4354; x_wconf 90' lang='lat' dir='ltr'><strong>tuo</strong></span> <span class='ocrx_word' id='word_1_336' title='bbox 484 4300 652 4357; x_wconf 90' lang='lat' dir='ltr'><strong>facito</strong></span> <span class='ocrx_word' id='word_1_337' title='bbox 673 4304 837 4369; x_wconf 85' lang='lat' dir='ltr'><strong>ostia,</strong></span> <span class='ocrx_word' id='word_1_338' title='bbox 857 4314 911 4359; x_wconf 91' lang='lat' dir='ltr'><strong>et</strong></span> <span class='ocrx_word' id='word_1_339' title='bbox 933 4322 1085 4361; x_wconf 89' lang='lat' dir='ltr'><strong>seras</strong></span> <span class='ocrx_word' id='word_1_340' title='bbox 1115 4309 1336 4364; x_wconf 88' lang='lat' dir='ltr'><strong>auribus</strong></span> <span class='ocrx_word' id='word_1_341' title='bbox 1360 4310 1695 4382; x_wconf 83' lang='lat' dir='ltr'><strong>ejus(lbid.).</strong></span> <span class='ocrx_word' id='word_1_342' title='bbox 1712 4332 1728 4363; x_wconf 77' lang='grc' dir='ltr'><strong>ο</strong></span> <span class='ocrx_word' id='word_1_343' title='bbox 1753 4312 1961 4365; x_wconf 79' lang='lat' dir='ltr'><strong>Adver-</strong></span> 
     </span>
    </p>
   </div>
   <div class='ocr_carea' id='block_1_46' title="bbox 374 4391 1963 4473">
    <p class='ocr_par' dir='ltr' id='par_1_46' title="bbox 374 4391 1963 4473">
     <span class='ocr_line' id='line_1_46' title="bbox 374 4391 1963 4473; baseline 0.009 -30"><span class='ocrx_word' id='word_1_344' title='bbox 374 4403 461 4444; x_wconf 87' lang='lat' dir='ltr'><strong>sus</strong></span> <span class='ocrx_word' id='word_1_345' title='bbox 496 4391 739 4463; x_wconf 86' lang='lat' dir='ltr'><strong>linguam</strong></span> <span class='ocrx_word' id='word_1_346' title='bbox 783 4410 1015 4466; x_wconf 87' lang='lat' dir='ltr'><strong>nequam</strong></span> <span class='ocrx_word' id='word_1_347' title='bbox 1082 4413 1241 4454; x_wconf 88' lang='lat' dir='ltr'><strong>aures</strong></span> <span class='ocrx_word' id='word_1_348' title='bbox 1288 4411 1505 4456; x_wconf 88' lang='lat' dir='ltr'><strong>nostras</strong></span> <span class='ocrx_word' id='word_1_349' title='bbox 1559 4402 1730 4471; x_wconf 88' lang='lat' dir='ltr'><strong>spinis</strong></span> <span class='ocrx_word' id='word_1_350' title='bbox 1786 4402 1963 4473; x_wconf 83' lang='lat' dir='ltr'><strong>sepire</strong></span> 
     </span>
    </p>
   </div>
   <div class='ocr_carea' id='block_1_47' title="bbox 373 4481 1963 4560">
    <p class='ocr_par' dir='ltr' id='par_1_47' title="bbox 373 4481 1963 4560">
     <span class='ocr_line' id='line_1_47' title="bbox 373 4481 1963 4560; baseline 0.009 -29"><span class='ocrx_word' id='word_1_351' title='bbox 373 4481 737 4550; x_wconf 72' lang='lat' dir='ltr'><strong>przecipimur,</strong></span> <span class='ocrx_word' id='word_1_352' title='bbox 761 4492 822 4537; x_wconf 92' lang='lat' dir='ltr'><strong>ut</strong></span> <span class='ocrx_word' id='word_1_353' title='bbox 850 4485 1197 4542; x_wconf 81' lang='lat' dir='ltr'><strong>detrahentes</strong></span> <span class='ocrx_word' id='word_1_354' title='bbox 1219 4504 1461 4560; x_wconf 88' lang='lat' dir='ltr'><strong>quosque</strong></span> <span class='ocrx_word' id='word_1_355' title='bbox 1480 4490 1714 4560; x_wconf 74' lang='lat' dir='ltr'><strong>spinosa:</strong></span> <span class='ocrx_word' id='word_1_356' title='bbox 1740 4504 1963 4560; x_wconf 74' lang='lat' dir='ltr'><strong>respon-</strong></span> 
     </span>
    </p>
   </div>
   <div class='ocr_carea' id='block_1_48' title="bbox 374 4567 1146 4633">
    <p class='ocr_par' dir='ltr' id='par_1_48' title="bbox 374 4567 1146 4633">
     <span class='ocr_line' id='line_1_48' title="bbox 374 4567 1146 4633; baseline 0.009 -10"><span class='ocrx_word' id='word_1_357' title='bbox 374 4567 537 4625; x_wconf 85' lang='lat' dir='ltr'><strong>sionis</strong></span> <span class='ocrx_word' id='word_1_358' title='bbox 569 4572 761 4628; x_wconf 86' lang='lat' dir='ltr'><strong>aculeo</strong></span> <span class='ocrx_word' id='word_1_359' title='bbox 778 4575 1146 4633; x_wconf 85' lang='lat' dir='ltr'><strong>retundamus.</strong></span> 
     </span>
    </p>
   </div>
   <div class='ocr_carea' id='block_1_49' title="bbox 441 4661 1959 4742">
    <p class='ocr_par' dir='ltr' id='par_1_49' title="bbox 441 4661 1959 4742">
     <span class='ocr_line' id='line_1_49' title="bbox 441 4661 1959 4742; baseline 0.008 -27"><span class='ocrx_word' id='word_1_360' title='bbox 441 4661 576 4716; x_wconf 78' lang='lat' dir='ltr'><strong>Ama</strong></span> <span class='ocrx_word' id='word_1_361' title='bbox 620 4662 908 4733; x_wconf 87' lang='lat' dir='ltr'><strong>jejunium,</strong></span> <span class='ocrx_word' id='word_1_362' title='bbox 957 4678 1018 4721; x_wconf 91' lang='lat' dir='ltr'><strong>ut</strong></span> <span class='ocrx_word' id='word_1_363' title='bbox 1057 4669 1182 4724; x_wconf 90' lang='lat' dir='ltr'><strong>dum</strong></span> <span class='ocrx_word' id='word_1_364' title='bbox 1224 4667 1399 4726; x_wconf 89' lang='lat' dir='ltr'><strong>inedia</strong></span> <span class='ocrx_word' id='word_1_365' title='bbox 1445 4686 1643 4742; x_wconf 88' lang='lat' dir='ltr'><strong>corpus</strong></span> <span class='ocrx_word' id='word_1_366' title='bbox 1683 4672 1959 4739; x_wconf 86' lang='lat' dir='ltr'><strong>atteritur,</strong></span> 
     </span>
    </p>
   </div>
   <div class='ocr_carea' id='block_1_50' title="bbox 374 4755 1962 4836">
    <p class='ocr_par' dir='ltr' id='par_1_50' title="bbox 374 4755 1962 4836">
     <span class='ocr_line' id='line_1_50' title="bbox 374 4755 1962 4836; baseline 0.011 -31"><span class='ocrx_word' id='word_1_367' title='bbox 374 4755 548 4809; x_wconf 86' lang='lat' dir='ltr'><strong>anima</strong></span> <span class='ocrx_word' id='word_1_368' title='bbox 606 4758 846 4814; x_wconf 70' lang='lat' dir='ltr'><strong>cmlestis</strong></span> <span class='ocrx_word' id='word_1_369' title='bbox 903 4764 1091 4831; x_wconf 78' lang='lat' dir='ltr'><strong>gratia:</strong></span> <span class='ocrx_word' id='word_1_370' title='bbox 1144 4765 1469 4836; x_wconf 85' lang='lat' dir='ltr'><strong>pinguedine</strong></span> <span class='ocrx_word' id='word_1_371' title='bbox 1529 4766 1825 4836; x_wconf 89' lang='lat' dir='ltr'><strong>saginetur.</strong></span> <span class='ocrx_word' id='word_1_372' title='bbox 1894 4766 1962 4823; x_wconf 85' lang='lat' dir='ltr'><strong>Et</strong></span> 
     </span>
    </p>
   </div>
   <div class='ocr_carea' id='block_1_51' title="bbox 374 4848 1960 4922">
    <p class='ocr_par' dir='ltr' id='par_1_51' title="bbox 374 4848 1960 4922">
     <span class='ocr_line' id='line_1_51' title="bbox 374 4848 1960 4922; baseline 0.009 -23"><span class='ocrx_word' id='word_1_373' title='bbox 374 4859 594 4916; x_wconf 84' lang='lat' dir='ltr'><strong>serpens</strong></span> <span class='ocrx_word' id='word_1_374' title='bbox 644 4848 765 4915; x_wconf 90' lang='lat' dir='ltr'><strong>ille,</strong></span> <span class='ocrx_word' id='word_1_375' title='bbox 814 4855 903 4922; x_wconf 89' lang='lat' dir='ltr'><strong>qui</strong></span> <span class='ocrx_word' id='word_1_376' title='bbox 956 4858 1327 4911; x_wconf 90' lang='lat' dir='ltr'><strong>comedenlem</strong></span> <span class='ocrx_word' id='word_1_377' title='bbox 1372 4858 1646 4913; x_wconf 87' lang='lat' dir='ltr'><strong>hominem</strong></span> <span class='ocrx_word' id='word_1_378' title='bbox 1689 4858 1795 4913; x_wconf 89' lang='lat' dir='ltr'><strong>cibi</strong></span> <span class='ocrx_word' id='word_1_379' title='bbox 1854 4858 1960 4915; x_wconf 90' lang='lat' dir='ltr'><strong>telo</strong></span> 
     </span>
    </p>
   </div>
   <div class='ocr_carea' id='block_1_52' title="bbox 374 4938 1957 5017">
    <p class='ocr_par' dir='ltr' id='par_1_52' title="bbox 374 4938 1957 5017">
     <span class='ocr_line' id='line_1_52' title="bbox 374 4938 1957 5017; baseline 0.013 -33"><span class='ocrx_word' id='word_1_380' title='bbox 374 4944 743 5001; x_wconf 79' lang='lat' dir='ltr'><strong>prostraverat</strong></span> <span class='ocrx_word' id='word_1_381' title='bbox 774 4938 924 5011; x_wconf 80' lang='lat' dir='ltr'><strong>(Gen.</strong></span> <span class='ocrx_word' id='word_1_382' title='bbox 960 4946 1100 5011; x_wconf 87' lang='lat' dir='ltr'><strong>vm),</strong></span> <span class='ocrx_word' id='word_1_383' title='bbox 1137 4944 1402 5016; x_wconf 84' lang='lat' dir='ltr'><strong>jejunanti</strong></span> <span class='ocrx_word' id='word_1_384' title='bbox 1444 4962 1586 5001; x_wconf 90' lang='lat' dir='ltr'><strong>nunc</strong></span> <span class='ocrx_word' id='word_1_385' title='bbox 1623 4962 1719 5017; x_wconf 91' lang='lat' dir='ltr'><strong>per</strong></span> <span class='ocrx_word' id='word_1_386' title='bbox 1747 4948 1957 5004; x_wconf 89' lang='lat' dir='ltr'><strong>sobrie-</strong></span> 
     </span>
    </p>
   </div>
   <div class='ocr_carea' id='block_1_53' title="bbox 378 5025 1973 5109">
    <p class='ocr_par' dir='ltr' id='par_1_53' title="bbox 378 5025 1973 5109">
     <span class='ocr_line' id='line_1_53' title="bbox 378 5025 1973 5109; baseline 0.012 -34"><span class='ocrx_word' id='word_1_387' title='bbox 378 5025 499 5079; x_wconf 81' lang='lat' dir='ltr'><strong>tatis</strong></span> <span class='ocrx_word' id='word_1_388' title='bbox 548 5042 704 5081; x_wconf 90' lang='lat' dir='ltr'><strong>arma</strong></span> <span class='ocrx_word' id='word_1_389' title='bbox 748 5033 1081 5089; x_wconf 82' lang='lat' dir='ltr'><strong>succumbat.</strong></span> <span class='ocrx_word' id='word_1_390' title='bbox 1139 5034 1375 5105; x_wconf 85' lang='lat' dir='ltr'><strong>Serpens</strong></span> <span class='ocrx_word' id='word_1_391' title='bbox 1416 5038 1584 5099; x_wconf 89' lang='lat' dir='ltr'><strong>enim,</strong></span> <span class='ocrx_word' id='word_1_392' title='bbox 1612 5039 1751 5091; x_wconf 89' lang='lat' dir='ltr'><strong>sicut</strong></span> <span class='ocrx_word' id='word_1_393' title='bbox 1777 5038 1973 5109; x_wconf 72' lang='lat' dir='ltr'><strong>perhi-</strong></span> 
     </span>
    </p>
   </div>
   <div class='ocr_carea' id='block_1_54' title="bbox 375 5110 1955 5184">
    <p class='ocr_par' dir='ltr' id='par_1_54' title="bbox 375 5110 1955 5184">
     <span class='ocr_line' id='line_1_54' title="bbox 375 5110 1955 5184; baseline 0.011 -20"><span class='ocrx_word' id='word_1_394' title='bbox 375 5110 496 5166; x_wconf 85' lang='lat' dir='ltr'><strong>bent</strong></span> <span class='ocrx_word' id='word_1_395' title='bbox 522 5117 616 5184; x_wconf 91' lang='lat' dir='ltr'><strong>qui</strong></span> <span class='ocrx_word' id='word_1_396' title='bbox 658 5121 960 5176; x_wconf 81' lang='lat' dir='ltr'><strong>scrutandis</strong></span> <span class='ocrx_word' id='word_1_397' title='bbox 991 5138 1169 5178; x_wconf 82' lang='lat' dir='ltr'><strong>rerum</strong></span> <span class='ocrx_word' id='word_1_398' title='bbox 1195 5127 1402 5179; x_wconf 85' lang='lat' dir='ltr'><strong>naturis</strong></span> <span class='ocrx_word' id='word_1_399' title='bbox 1432 5125 1703 5180; x_wconf 89' lang='lat' dir='ltr'><strong>subtiliter</strong></span> <span class='ocrx_word' id='word_1_400' title='bbox 1730 5126 1955 5182; x_wconf 89' lang='lat' dir='ltr'><strong>insuda-</strong></span> 
     </span>
    </p>
   </div>
   <div class='ocr_carea' id='block_1_55' title="bbox 377 5204 1959 5287">
    <p class='ocr_par' dir='ltr' id='par_1_55' title="bbox 377 5204 1959 5287">
     <span class='ocr_line' id='line_1_55' title="bbox 377 5204 1959 5287; baseline 0.012 -32"><span class='ocrx_word' id='word_1_401' title='bbox 377 5216 494 5256; x_wconf 84' lang='lat' dir='ltr'><strong>run&#39;.</strong></span> <span class='ocrx_word' id='word_1_402' title='bbox 546 5204 723 5276; x_wconf 74' lang='lat' dir='ltr'><strong>(Pun.</strong></span> <span class='ocrx_word' id='word_1_403' title='bbox 785 5209 823 5263; x_wconf 85' lang='grc' dir='ltr'><strong>Ι.</strong></span> <span class='ocrx_word' id='word_1_404' title='bbox 868 5226 1060 5279; x_wconf 84' lang='lat' dir='ltr'><strong>xxvut,</strong></span> <span class='ocrx_word' id='word_1_405' title='bbox 1109 5230 1225 5284; x_wconf 85' lang='lat' dir='ltr'><strong>cap.</strong></span> <span class='ocrx_word' id='word_1_406' title='bbox 1284 5216 1363 5285; x_wconf 72' lang='grc' dir='ltr'><strong>ι),</strong></span> <span class='ocrx_word' id='word_1_407' title='bbox 1408 5217 1453 5270; x_wconf 91' lang='lat' dir='ltr'><strong>si</strong></span> <span class='ocrx_word' id='word_1_408' title='bbox 1501 5216 1676 5287; x_wconf 88' lang='lat' dir='ltr'><strong>jejuni</strong></span> <span class='ocrx_word' id='word_1_409' title='bbox 1723 5218 1959 5275; x_wconf 89' lang='lat' dir='ltr'><strong>hominis</strong></span> 
     </span>
    </p>
   </div>
   <div class='ocr_carea' id='block_1_56' title="bbox 376 5306 1959 5383">
    <p class='ocr_par' dir='ltr' id='par_1_56' title="bbox 376 5306 1959 5383">
     <span class='ocr_line' id='line_1_56' title="bbox 376 5306 1959 5383; baseline 0.014 -36"><span class='ocrx_word' id='word_1_410' title='bbox 376 5306 588 5364; x_wconf 87' lang='lat' dir='ltr'><strong>sputum</strong></span> <span class='ocrx_word' id='word_1_411' title='bbox 629 5310 826 5369; x_wconf 88' lang='lat' dir='ltr'><strong>gustet.</strong></span> <span class='ocrx_word' id='word_1_412' title='bbox 866 5306 1111 5371; x_wconf 88' lang='lat' dir='ltr'><strong>protinus</strong></span> <span class='ocrx_word' id='word_1_413' title='bbox 1152 5310 1396 5365; x_wconf 87' lang='lat' dir='ltr'><strong>moritur.</strong></span> <span class='ocrx_word' id='word_1_414' title='bbox 1448 5311 1582 5365; x_wconf 88' lang='lat' dir='ltr'><strong>Cum</strong></span> <span class='ocrx_word' id='word_1_415' title='bbox 1638 5328 1766 5383; x_wconf 90' lang='lat' dir='ltr'><strong>ergo</strong></span> <span class='ocrx_word' id='word_1_416' title='bbox 1810 5322 1959 5369; x_wconf 79' lang='lat' dir='ltr'><strong>tanta</strong></span> 
     </span>
    </p>
   </div>
   <div class='ocr_carea' id='block_1_57' title="bbox 376 5387 1963 5474">
    <p class='ocr_par' dir='ltr' id='par_1_57' title="bbox 376 5387 1963 5474">
     <span class='ocr_line' id='line_1_57' title="bbox 376 5387 1963 5474; baseline 0.013 -34"><span class='ocrx_word' id='word_1_417' title='bbox 376 5387 447 5444; x_wconf 86' lang='lat' dir='ltr'><strong>sit</strong></span> <span class='ocrx_word' id='word_1_418' title='bbox 463 5388 659 5459; x_wconf 81' lang='lat' dir='ltr'><strong>jejunii</strong></span> <span class='ocrx_word' id='word_1_419' title='bbox 704 5394 873 5450; x_wconf 89' lang='lat' dir='ltr'><strong>virtus</strong></span> <span class='ocrx_word' id='word_1_420' title='bbox 911 5397 961 5451; x_wconf 92' lang='lat' dir='ltr'><strong>in</strong></span> <span class='ocrx_word' id='word_1_421' title='bbox 1003 5399 1140 5455; x_wconf 87' lang='lat' dir='ltr'><strong>hanc</strong></span> <span class='ocrx_word' id='word_1_422' title='bbox 1171 5401 1422 5465; x_wconf 87' lang='lat' dir='ltr'><strong>bestiam,</strong></span> <span class='ocrx_word' id='word_1_423' title='bbox 1463 5418 1584 5472; x_wconf 71' lang='lat' dir='ltr'><strong>qum</strong></span> <span class='ocrx_word' id='word_1_424' title='bbox 1606 5404 1963 5474; x_wconf 73' lang='lat' dir='ltr'><strong>corporaliter</strong></span> 
     </span>
    </p>
   </div>
   <div class='ocr_carea' id='block_1_58' title="bbox 378 5482 1960 5568">
    <p class='ocr_par' dir='ltr' id='par_1_58' title="bbox 378 5482 1960 5568">
     <span class='ocr_line' id='line_1_58' title="bbox 378 5482 1960 5568; baseline 0.011 -33"><span class='ocrx_word' id='word_1_425' title='bbox 378 5482 535 5551; x_wconf 79' lang='lat' dir='ltr'><strong>repit,</strong></span> <span class='ocrx_word' id='word_1_426' title='bbox 565 5495 772 5556; x_wconf 89' lang='lat' dir='ltr'><strong>quanto</strong></span> <span class='ocrx_word' id='word_1_427' title='bbox 794 5489 1166 5547; x_wconf 87' lang='lat' dir='ltr'><strong>vehementior</strong></span> <span class='ocrx_word' id='word_1_428' title='bbox 1198 5494 1250 5547; x_wconf 90' lang='lat' dir='ltr'><strong>in</strong></span> <span class='ocrx_word' id='word_1_429' title='bbox 1284 5494 1431 5548; x_wconf 91' lang='lat' dir='ltr'><strong>illum</strong></span> <span class='ocrx_word' id='word_1_430' title='bbox 1454 5495 1745 5551; x_wconf 88' lang='lat' dir='ltr'><strong>draconem</strong></span> <span class='ocrx_word' id='word_1_431' title='bbox 1777 5495 1960 5568; x_wconf 86' lang='lat' dir='ltr'><strong>vigere</strong></span> 
     </span>
    </p>
   </div>
   <div class='ocr_carea' id='block_1_59' title="bbox 378 5576 1963 5658">
    <p class='ocr_par' dir='ltr' id='par_1_59' title="bbox 378 5576 1963 5658">
     <span class='ocr_line' id='line_1_59' title="bbox 378 5576 1963 5658; baseline 0.008 -27"><span class='ocrx_word' id='word_1_432' title='bbox 378 5576 644 5633; x_wconf 78' lang='lat' dir='ltr'><strong>credenda</strong></span> <span class='ocrx_word' id='word_1_433' title='bbox 692 5589 798 5646; x_wconf 87' lang='lat' dir='ltr'><strong>est,</strong></span> <span class='ocrx_word' id='word_1_434' title='bbox 841 5584 933 5651; x_wconf 89' lang='lat' dir='ltr'><strong>qui</strong></span> <span class='ocrx_word' id='word_1_435' title='bbox 981 5585 1325 5645; x_wconf 89' lang='lat' dir='ltr'><strong>invisibiliter</strong></span> <span class='ocrx_word' id='word_1_436' title='bbox 1352 5590 1566 5658; x_wconf 85' lang='lat' dir='ltr'><strong>serpit?</strong></span> <span class='ocrx_word' id='word_1_437' title='bbox 1595 5589 1700 5644; x_wconf 89' lang='lat' dir='ltr'><strong>Sed</strong></span> <span class='ocrx_word' id='word_1_438' title='bbox 1726 5598 1784 5644; x_wconf 91' lang='lat' dir='ltr'><strong>ut</strong></span> <span class='ocrx_word' id='word_1_439' title='bbox 1818 5588 1963 5645; x_wconf 67' lang='lat' dir='ltr'><strong>colu-</strong></span> 
     </span>
    </p>
   </div>
   <div class='ocr_carea' id='block_1_60' title="bbox 379 5667 1962 5749">
    <p class='ocr_par' dir='ltr' id='par_1_60' title="bbox 379 5667 1962 5749">
     <span class='ocr_line' id='line_1_60' title="bbox 379 5667 1962 5749; baseline 0.006 -26"><span class='ocrx_word' id='word_1_440' title='bbox 379 5667 531 5724; x_wconf 81' lang='lat' dir='ltr'><strong>brum</strong></span> <span class='ocrx_word' id='word_1_441' title='bbox 588 5671 735 5727; x_wconf 90' lang='lat' dir='ltr'><strong>hunc</strong></span> <span class='ocrx_word' id='word_1_442' title='bbox 791 5673 969 5730; x_wconf 87' lang='lat' dir='ltr'><strong>valeas</strong></span> <span class='ocrx_word' id='word_1_443' title='bbox 1029 5673 1301 5732; x_wconf 84' lang='lat' dir='ltr'><strong>ellicacius</strong></span> <span class='ocrx_word' id='word_1_444' title='bbox 1359 5693 1649 5749; x_wconf 88' lang='lat' dir='ltr'><strong>rmnpere,</strong></span> <span class='ocrx_word' id='word_1_445' title='bbox 1706 5678 1962 5735; x_wconf 83' lang='lat' dir='ltr'><strong>sacrificii</strong></span> 
     </span>
    </p>
   </div>
   <div class='ocr_carea' id='block_1_61' title="bbox 381 5760 1960 5840">
    <p class='ocr_par' dir='ltr' id='par_1_61' title="bbox 381 5760 1960 5840">
     <span class='ocr_line' id='line_1_61' title="bbox 381 5760 1960 5840; baseline 0.006 -25"><span class='ocrx_word' id='word_1_446' title='bbox 381 5760 635 5819; x_wconf 77' lang='lat' dir='ltr'><strong>salutaris</strong></span> <span class='ocrx_word' id='word_1_447' title='bbox 663 5764 895 5821; x_wconf 83' lang='lat' dir='ltr'><strong>hostiam</strong></span> <span class='ocrx_word' id='word_1_448' title='bbox 934 5776 1118 5840; x_wconf 87' lang='lat' dir='ltr'><strong>satage</strong></span> <span class='ocrx_word' id='word_1_449' title='bbox 1148 5766 1457 5840; x_wconf 86' lang='lat' dir='ltr'><strong>frequenter</strong></span> <span class='ocrx_word' id='word_1_450' title='bbox 1487 5766 1705 5837; x_wconf 76' lang='lat' dir='ltr'><strong>oll’erre,</strong></span> <span class='ocrx_word' id='word_1_451' title='bbox 1737 5780 1798 5825; x_wconf 90' lang='lat' dir='ltr'><strong>ut</strong></span> <span class='ocrx_word' id='word_1_452' title='bbox 1833 5769 1960 5825; x_wconf 91' lang='lat' dir='ltr'><strong>dum</strong></span> 
     </span>
    </p>
   </div>
   <div class='ocr_carea' id='block_1_62' title="bbox 2068 558 3672 632">
    <p class='ocr_par' dir='ltr' id='par_1_62' title="bbox 2068 558 3672 632">
     <span class='ocr_line' id='line_1_62' title="bbox 2068 558 3672 632; baseline -0.007 -14"><span class='ocrx_word' id='word_1_453' title='bbox 2068 562 2473 625; x_wconf 85' lang='lat' dir='ltr'><strong>contremiscat,</strong></span> <span class='ocrx_word' id='word_1_454' title='bbox 2523 568 2722 630; x_wconf 68' lang='lat' dir='ltr'><strong>praesto</strong></span> <span class='ocrx_word' id='word_1_455' title='bbox 2771 558 3018 632; x_wconf 76' lang='lat' dir='ltr'><strong>diﬂ‘ugiat</strong></span> <span class='ocrx_word' id='word_1_456' title='bbox 3072 568 3129 613; x_wconf 89' lang='lat' dir='ltr'><strong>et</strong></span> <span class='ocrx_word' id='word_1_457' title='bbox 3171 563 3514 613; x_wconf 88' lang='lat' dir='ltr'><strong>sacramento</strong></span> <span class='ocrx_word' id='word_1_458' title='bbox 3563 566 3672 624; x_wconf 91' lang='lat' dir='ltr'><strong>quo</strong></span> 
     </span>
    </p>
   </div>
   <div class='ocr_carea' id='block_1_63' title="bbox 2069 641 3671 722">
    <p class='ocr_par' dir='ltr' id='par_1_63' title="bbox 2069 641 3671 722">
     <span class='ocr_line' id='line_1_63' title="bbox 2069 641 3671 722; baseline -0.007 -15"><span class='ocrx_word' id='word_1_459' title='bbox 2069 654 2375 722; x_wconf 84' lang='lat' dir='ltr'><strong>captivatus</strong></span> <span class='ocrx_word' id='word_1_460' title='bbox 2404 660 2489 707; x_wconf 89' lang='lat' dir='ltr'><strong>est</strong></span> <span class='ocrx_word' id='word_1_461' title='bbox 2531 651 2754 722; x_wconf 88' lang='lat' dir='ltr'><strong>propius</strong></span> <span class='ocrx_word' id='word_1_462' title='bbox 2788 652 3050 705; x_wconf 87' lang='lat' dir='ltr'><strong>accedere</strong></span> <span class='ocrx_word' id='word_1_463' title='bbox 3098 664 3203 705; x_wconf 91' lang='lat' dir='ltr'><strong>non</strong></span> <span class='ocrx_word' id='word_1_464' title='bbox 3233 653 3543 719; x_wconf 81' lang='lat' dir='ltr'><strong>praesumat.</strong></span> <span class='ocrx_word' id='word_1_465' title='bbox 3579 641 3671 698; x_wconf 88' lang='lat' dir='ltr'><strong>Sic</strong></span> 
     </span>
    </p>
   </div>
   <div class='ocr_carea' id='block_1_64' title="bbox 2067 737 3673 805">
    <p class='ocr_par' dir='ltr' id='par_1_64' title="bbox 2067 737 3673 805">
     <span class='ocr_line' id='line_1_64' title="bbox 2067 737 3673 805; baseline -0.006 -7"><span class='ocrx_word' id='word_1_466' title='bbox 2067 740 2243 799; x_wconf 79' lang='lat' dir='ltr'><strong>eﬂ‘etis</strong></span> <span class='ocrx_word' id='word_1_467' title='bbox 2301 743 2561 801; x_wconf 76' lang='lat' dir='ltr'><strong>continuo</strong></span> <span class='ocrx_word' id='word_1_468' title='bbox 2598 742 2807 797; x_wconf 88' lang='lat' dir='ltr'><strong>viribus</strong></span> <span class='ocrx_word' id='word_1_469' title='bbox 2856 748 3096 805; x_wconf 87' lang='lat' dir='ltr'><strong>corruat,</strong></span> <span class='ocrx_word' id='word_1_470' title='bbox 3141 748 3197 794; x_wconf 90' lang='lat' dir='ltr'><strong>et</strong></span> <span class='ocrx_word' id='word_1_471' title='bbox 3242 739 3295 792; x_wconf 90' lang='lat' dir='ltr'><strong>in</strong></span> <span class='ocrx_word' id='word_1_472' title='bbox 3340 737 3532 791; x_wconf 88' lang='lat' dir='ltr'><strong>scrobe</strong></span> <span class='ocrx_word' id='word_1_473' title='bbox 3559 748 3673 790; x_wconf 68' lang='lat' dir='ltr'><strong>sua:</strong></span> 
     </span>
    </p>
   </div>
   <div class='ocr_carea' id='block_1_65' title="bbox 2070 828 3671 907">
    <p class='ocr_par' dir='ltr' id='par_1_65' title="bbox 2070 828 3671 907">
     <span class='ocr_line' id='line_1_65' title="bbox 2070 828 3671 907; baseline -0.007 -16"><span class='ocrx_word' id='word_1_474' title='bbox 2070 836 2289 891; x_wconf 67' lang='lat' dir='ltr'><strong>malitia:</strong></span> <span class='ocrx_word' id='word_1_475' title='bbox 2320 845 2583 907; x_wconf 84' lang='lat' dir='ltr'><strong>quantum</strong></span> <span class='ocrx_word' id='word_1_476' title='bbox 2612 835 2677 891; x_wconf 89' lang='lat' dir='ltr'><strong>ad</strong></span> <span class='ocrx_word' id='word_1_477' title='bbox 2705 844 2759 890; x_wconf 89' lang='lat' dir='ltr'><strong>te</strong></span> <span class='ocrx_word' id='word_1_478' title='bbox 2784 843 3047 907; x_wconf 80' lang='lat' dir='ltr'><strong>perpetuo</strong></span> <span class='ocrx_word' id='word_1_479' title='bbox 3070 834 3320 890; x_wconf 89' lang='lat' dir='ltr'><strong>conditus</strong></span> <span class='ocrx_word' id='word_1_480' title='bbox 3368 828 3671 890; x_wconf 82' lang='lat' dir='ltr'><strong>delitescat,</strong></span> 
     </span>
    </p>
   </div>
   <div class='ocr_carea' id='block_1_66' title="bbox 2070 920 3670 998">
    <p class='ocr_par' dir='ltr' id='par_1_66' title="bbox 2070 920 3670 998">
     <span class='ocr_line' id='line_1_66' title="bbox 2070 920 3670 998; baseline -0.008 -13"><span class='ocrx_word' id='word_1_481' title='bbox 2070 929 2176 985; x_wconf 88' lang='lat' dir='ltr'><strong>Sed</strong></span> <span class='ocrx_word' id='word_1_482' title='bbox 2205 930 2318 998; x_wconf 86' lang='lat' dir='ltr'><strong>jam</strong></span> <span class='ocrx_word' id='word_1_483' title='bbox 2350 929 2560 984; x_wconf 86' lang='lat' dir='ltr'><strong>calamo</strong></span> <span class='ocrx_word' id='word_1_484' title='bbox 2590 928 2863 985; x_wconf 88' lang='lat' dir='ltr'><strong>silentium</strong></span> <span class='ocrx_word' id='word_1_485' title='bbox 2917 927 3145 996; x_wconf 91' lang='lat' dir='ltr'><strong>impero,</strong></span> <span class='ocrx_word' id='word_1_486' title='bbox 3177 923 3301 992; x_wconf 81' lang='lat' dir='ltr'><strong>quia</strong></span> <span class='ocrx_word' id='word_1_487' title='bbox 3342 922 3457 992; x_wconf 85' lang='lat' dir='ltr'><strong>ipse</strong></span> <span class='ocrx_word' id='word_1_488' title='bbox 3492 936 3577 974; x_wconf 90' lang='lat' dir='ltr'><strong>me</strong></span> <span class='ocrx_word' id='word_1_489' title='bbox 3615 920 3670 973; x_wconf 85' lang='lat' dir='ltr'><strong>in</strong></span> 
     </span>
    </p>
   </div>
   <div class='ocr_carea' id='block_1_67' title="bbox 2071 1012 3674 1092">
    <p class='ocr_par' dir='ltr' id='par_1_67' title="bbox 2071 1012 3674 1092">
     <span class='ocr_line' id='line_1_67' title="bbox 2071 1012 3674 1092; baseline -0.006 -16"><span class='ocrx_word' id='word_1_490' title='bbox 2071 1022 2230 1091; x_wconf 87' lang='lat' dir='ltr'><strong>hujus</strong></span> <span class='ocrx_word' id='word_1_491' title='bbox 2261 1020 2699 1092; x_wconf 64' lang='lat' dir='ltr'><strong>praesumptionis</strong></span> <span class='ocrx_word' id='word_1_492' title='bbox 2744 1020 2971 1076; x_wconf 82' lang='lat' dir='ltr'><strong>audacia</strong></span> <span class='ocrx_word' id='word_1_493' title='bbox 3030 1017 3390 1087; x_wconf 83' lang='lat' dir='ltr'><strong>reprehendo,</strong></span> <span class='ocrx_word' id='word_1_494' title='bbox 3426 1025 3477 1068; x_wconf 85' lang='lat' dir='ltr'><strong>et</strong></span> <span class='ocrx_word' id='word_1_495' title='bbox 3517 1012 3674 1082; x_wconf 81' lang='lat' dir='ltr'><strong>quasi</strong></span> 
     </span>
    </p>
   </div>
   <div class='ocr_carea' id='block_1_68' title="bbox 2071 1103 3668 1182">
    <p class='ocr_par' dir='ltr' id='par_1_68' title="bbox 2071 1103 3668 1182">
     <span class='ocr_line' id='line_1_68' title="bbox 2071 1103 3668 1182; baseline -0.006 -15"><span class='ocrx_word' id='word_1_496' title='bbox 2071 1115 2238 1168; x_wconf 88' lang='lat' dir='ltr'><strong>misso</strong></span> <span class='ocrx_word' id='word_1_497' title='bbox 2270 1114 2321 1167; x_wconf 93' lang='lat' dir='ltr'><strong>in</strong></span> <span class='ocrx_word' id='word_1_498' title='bbox 2351 1128 2585 1168; x_wconf 88' lang='lat' dir='ltr'><strong>messem</strong></span> <span class='ocrx_word' id='word_1_499' title='bbox 2628 1112 2750 1182; x_wconf 87' lang='lat' dir='ltr'><strong>igne</strong></span> <span class='ocrx_word' id='word_1_500' title='bbox 2778 1112 3027 1180; x_wconf 86' lang='lat' dir='ltr'><strong>protinus</strong></span> <span class='ocrx_word' id='word_1_501' title='bbox 3070 1109 3235 1177; x_wconf 75' lang='lat' dir='ltr'><strong>fugio,</strong></span> <span class='ocrx_word' id='word_1_502' title='bbox 3265 1123 3331 1161; x_wconf 91' lang='lat' dir='ltr'><strong>ne</strong></span> <span class='ocrx_word' id='word_1_503' title='bbox 3362 1103 3668 1175; x_wconf 80' lang='lat' dir='ltr'><strong>deprehen-</strong></span> 
     </span>
    </p>
   </div>
   <div class='ocr_carea' id='block_1_69' title="bbox 2071 1196 3671 1273">
    <p class='ocr_par' dir='ltr' id='par_1_69' title="bbox 2071 1196 3671 1273">
     <span class='ocr_line' id='line_1_69' title="bbox 2071 1196 3671 1273; baseline -0.008 -14"><span class='ocrx_word' id='word_1_504' title='bbox 2071 1204 2170 1259; x_wconf 85' lang='lat' dir='ltr'><strong>dar</strong></span> <span class='ocrx_word' id='word_1_505' title='bbox 2199 1203 2382 1259; x_wconf 86' lang='lat' dir='ltr'><strong>uberis</strong></span> <span class='ocrx_word' id='word_1_506' title='bbox 2421 1203 2537 1273; x_wconf 85' lang='lat' dir='ltr'><strong>agri</strong></span> <span class='ocrx_word' id='word_1_507' title='bbox 2583 1209 2880 1272; x_wconf 86' lang='lat' dir='ltr'><strong>proventus</strong></span> <span class='ocrx_word' id='word_1_508' title='bbox 2910 1214 3163 1261; x_wconf 87' lang='lat' dir='ltr'><strong>exurere,</strong></span> <span class='ocrx_word' id='word_1_509' title='bbox 3197 1199 3286 1267; x_wconf 90' lang='lat' dir='ltr'><strong>qui</strong></span> <span class='ocrx_word' id='word_1_510' title='bbox 3330 1196 3516 1266; x_wconf 85' lang='lat' dir='ltr'><strong>spinas</strong></span> <span class='ocrx_word' id='word_1_511' title='bbox 3549 1201 3671 1247; x_wconf 89' lang='lat' dir='ltr'><strong>tan-</strong></span> 
     </span>
    </p>
   </div>
   <div class='ocr_carea' id='block_1_70' title="bbox 2072 1286 3540 1357">
    <p class='ocr_par' dir='ltr' id='par_1_70' title="bbox 2072 1286 3540 1357">
     <span class='ocr_line' id='line_1_70' title="bbox 2072 1286 3540 1357; baseline -0.007 -7"><span class='ocrx_word' id='word_1_512' title='bbox 2072 1305 2186 1350; x_wconf 89' lang='lat' dir='ltr'><strong>tum</strong></span> <span class='ocrx_word' id='word_1_513' title='bbox 2212 1303 2266 1349; x_wconf 91' lang='lat' dir='ltr'><strong>et</strong></span> <span class='ocrx_word' id='word_1_514' title='bbox 2293 1296 2513 1349; x_wconf 89' lang='lat' dir='ltr'><strong>arbusta</strong></span> <span class='ocrx_word' id='word_1_515' title='bbox 2545 1293 2839 1348; x_wconf 86' lang='lat' dir='ltr'><strong>debueram</strong></span> <span class='ocrx_word' id='word_1_516' title='bbox 2875 1290 3150 1347; x_wconf 82' lang='lat' dir='ltr'><strong>silvestria</strong></span> <span class='ocrx_word' id='word_1_517' title='bbox 3181 1286 3540 1357; x_wconf 80' lang='lat' dir='ltr'><strong>conﬂagrare.</strong></span> 
     </span>
    </p>
   </div>
   <div class='ocr_carea' id='block_1_71' title="bbox 2618 1400 3112 1461">
    <p class='ocr_par' dir='ltr' id='par_1_71' title="bbox 2618 1400 3112 1461">
     <span class='ocr_line' id='line_1_71' title="bbox 2618 1400 3112 1461; baseline -0.006 -4"><span class='ocrx_word' id='word_1_518' title='bbox 2618 1402 2955 1461; x_wconf 82' lang='lat' dir='ltr'><strong>EPISTOLA</strong></span> <span class='ocrx_word' id='word_1_519' title='bbox 3000 1400 3112 1456; x_wconf 80' lang='lat' dir='ltr'><strong>XII.</strong></span> 
     </span>
    </p>
   </div>
   <div class='ocr_carea' id='block_1_72' title="bbox 2153 1507 3576 1571">
    <p class='ocr_par' dir='ltr' id='par_1_72' title="bbox 2153 1507 3576 1571">
     <span class='ocr_line' id='line_1_72' title="bbox 2153 1507 3576 1571; baseline -0.003 -20"><span class='ocrx_word' id='word_1_520' title='bbox 2153 1511 2223 1551; x_wconf 73' lang='lat' dir='ltr'><strong>AD</strong></span> <span class='ocrx_word' id='word_1_521' title='bbox 2263 1509 2482 1551; x_wconf 72' lang='grc' dir='ltr'>εωωεκ</span> <span class='ocrx_word' id='word_1_522' title='bbox 2538 1508 2864 1550; x_wconf 68' lang='grc' dir='ltr'><strong>θεειυειιιωί</strong></span> <span class='ocrx_word' id='word_1_523' title='bbox 2924 1507 3205 1571; x_wconf 53' lang='lat' dir='ltr'><strong>ASBATEI,</strong></span> <span class='ocrx_word' id='word_1_524' title='bbox 3254 1507 3323 1547; x_wconf 74' lang='grc' dir='ltr'><strong>ΕΤ</strong></span> <span class='ocrx_word' id='word_1_525' title='bbox 3386 1508 3576 1547; x_wconf 68' lang='grc' dir='ltr'><strong>ΩΔΕὩΙ-</strong></span> 
     </span>
    </p>
   </div>
   <div class='ocr_carea' id='block_1_73' title="bbox 2772 1580 2971 1620">
    <p class='ocr_par' dir='ltr' id='par_1_73' title="bbox 2772 1580 2971 1620">
     <span class='ocr_line' id='line_1_73' title="bbox 2772 1580 2971 1620; baseline 0 -1"><span class='ocrx_word' id='word_1_526' title='bbox 2772 1580 2971 1620; x_wconf 69' lang='grc' dir='ltr'><strong>Μιειι.</strong></span> 
     </span>
    </p>
   </div>
   <div class='ocr_carea' id='block_1_74' title="bbox 2070 1676 3679 1750">
    <p class='ocr_par' dir='ltr' id='par_1_74' title="bbox 2070 1676 3679 1750">
     <span class='ocr_line' id='line_1_74' title="bbox 2070 1676 3679 1750; baseline -0.002 -16"><span class='ocrx_word' id='word_1_527' title='bbox 2070 1679 2470 1735; x_wconf 71' lang='lat' dir='ltr'><strong>Ancuusuruu.</strong></span> <span class='ocrx_word' id='word_1_528' title='bbox 2501 1709 2571 1719; x_wconf 95' lang='lat'><strong>—</strong></span> <span class='ocrx_word' id='word_1_529' title='bbox 2600 1678 2728 1733; x_wconf 58' lang='lat' dir='ltr'><strong>Haec</strong></span> <span class='ocrx_word' id='word_1_530' title='bbox 2765 1676 3014 1750; x_wconf 87' lang='lat' dir='ltr'><strong>epistola,</strong></span> <span class='ocrx_word' id='word_1_531' title='bbox 3050 1687 3105 1732; x_wconf 94' lang='lat' dir='ltr'><strong>ut</strong></span> <span class='ocrx_word' id='word_1_532' title='bbox 3153 1680 3333 1750; x_wconf 63' lang='lat' dir='ltr'><strong>prior,</strong></span> <span class='ocrx_word' id='word_1_533' title='bbox 3373 1688 3480 1750; x_wconf 84' lang='lat' dir='ltr'><strong>tota</strong></span> <span class='ocrx_word' id='word_1_534' title='bbox 3508 1692 3679 1750; x_wconf 76' lang='lat' dir='ltr'><strong>para:-</strong></span> 
     </span>
    </p>
   </div>
   <div class='ocr_carea' id='block_1_75' title="bbox 2142 1748 3676 1812">
    <p class='ocr_par' dir='ltr' id='par_1_75' title="bbox 2142 1748 3676 1812">
     <span class='ocr_line' id='line_1_75' title="bbox 2142 1748 3676 1812; baseline -0.003 -7"><span class='ocrx_word' id='word_1_535' title='bbox 2142 1752 2321 1805; x_wconf 87' lang='lat' dir='ltr'><strong>netica</strong></span> <span class='ocrx_word' id='word_1_536' title='bbox 2352 1757 2454 1803; x_wconf 91' lang='lat' dir='ltr'><strong>est.</strong></span> <span class='ocrx_word' id='word_1_537' title='bbox 2490 1748 2829 1805; x_wconf 80' lang='lat' dir='ltr'><strong>Adhortatur</strong></span> <span class='ocrx_word' id='word_1_538' title='bbox 2865 1751 3009 1804; x_wconf 89' lang='lat' dir='ltr'><strong>enim</strong></span> <span class='ocrx_word' id='word_1_539' title='bbox 3035 1750 3285 1806; x_wconf 80' lang='lat' dir='ltr'><strong>eumdem</strong></span> <span class='ocrx_word' id='word_1_540' title='bbox 3315 1748 3676 1812; x_wconf 86' lang='lat' dir='ltr'><strong>Desiderium,</strong></span> 
     </span>
    </p>
   </div>
   <div class='ocr_carea' id='block_1_76' title="bbox 2144 1818 3675 1887">
    <p class='ocr_par' dir='ltr' id='par_1_76' title="bbox 2144 1818 3675 1887">
     <span class='ocr_line' id='line_1_76' title="bbox 2144 1818 3675 1887; baseline -0.004 -12"><span class='ocrx_word' id='word_1_541' title='bbox 2144 1830 2206 1875; x_wconf 90' lang='lat' dir='ltr'><strong>ut</strong></span> <span class='ocrx_word' id='word_1_542' title='bbox 2230 1821 2545 1875; x_wconf 84' lang='lat' dir='ltr'><strong>monasterii</strong></span> <span class='ocrx_word' id='word_1_543' title='bbox 2565 1822 2666 1874; x_wconf 86' lang='lat' dir='ltr'><strong>sibi</strong></span> <span class='ocrx_word' id='word_1_544' title='bbox 2690 1821 2969 1875; x_wconf 89' lang='lat' dir='ltr'><strong>commissi</strong></span> <span class='ocrx_word' id='word_1_545' title='bbox 2994 1836 3182 1874; x_wconf 85' lang='lat' dir='ltr'><strong>curam</strong></span> <span class='ocrx_word' id='word_1_546' title='bbox 3209 1818 3479 1873; x_wconf 77' lang='lat' dir='ltr'><strong>indcl‘esse</strong></span> <span class='ocrx_word' id='word_1_547' title='bbox 3500 1829 3675 1887; x_wconf 74' lang='lat' dir='ltr'><strong>gerat,</strong></span> 
     </span>
    </p>
   </div>
   <div class='ocr_carea' id='block_1_77' title="bbox 2147 1890 3683 1960">
    <p class='ocr_par' dir='ltr' id='par_1_77' title="bbox 2147 1890 3683 1960">
     <span class='ocr_line' id='line_1_77' title="bbox 2147 1890 3683 1960; baseline -0.003 -15"><span class='ocrx_word' id='word_1_548' title='bbox 2147 1892 2547 1947; x_wconf 87' lang='lat' dir='ltr'><strong>assentationes</strong></span> <span class='ocrx_word' id='word_1_549' title='bbox 2598 1890 2793 1960; x_wconf 84' lang='lat' dir='ltr'><strong>fugiat,</strong></span> <span class='ocrx_word' id='word_1_550' title='bbox 2825 1892 2890 1944; x_wconf 86' lang='lat' dir='ltr'><strong>de</strong></span> <span class='ocrx_word' id='word_1_551' title='bbox 2916 1905 2974 1946; x_wconf 89' lang='lat' dir='ltr'><strong>se</strong></span> <span class='ocrx_word' id='word_1_552' title='bbox 2996 1890 3208 1956; x_wconf 80' lang='lat' dir='ltr'><strong>abiecte</strong></span> <span class='ocrx_word' id='word_1_553' title='bbox 3237 1891 3456 1949; x_wconf 80' lang='lat' dir='ltr'><strong>Sentiat,</strong></span> <span class='ocrx_word' id='word_1_554' title='bbox 3489 1903 3683 1944; x_wconf 84' lang='lat' dir='ltr'><strong>mona-</strong></span> 
     </span>
    </p>
   </div>
   <div class='ocr_carea' id='block_1_78' title="bbox 2143 1961 3677 2031">
    <p class='ocr_par' dir='ltr' id='par_1_78' title="bbox 2143 1961 3677 2031">
     <span class='ocr_line' id='line_1_78' title="bbox 2143 1961 3677 2031; baseline -0.003 -14"><span class='ocrx_word' id='word_1_555' title='bbox 2143 1963 2299 2026; x_wconf 89' lang='lat' dir='ltr'><strong>chos,</strong></span> <span class='ocrx_word' id='word_1_556' title='bbox 2327 1977 2532 2031; x_wconf 88' lang='lat' dir='ltr'><strong>eosque</strong></span> <span class='ocrx_word' id='word_1_557' title='bbox 2594 1962 2928 2030; x_wconf 76' lang='lat' dir='ltr'><strong>praesertim,</strong></span> <span class='ocrx_word' id='word_1_558' title='bbox 2979 1962 3069 2031; x_wconf 90' lang='lat' dir='ltr'><strong>qui</strong></span> <span class='ocrx_word' id='word_1_559' title='bbox 3115 1961 3479 2030; x_wconf 85' lang='lat' dir='ltr'><strong>simpliciores</strong></span> <span class='ocrx_word' id='word_1_560' title='bbox 3529 1968 3677 2022; x_wconf 89' lang='lat' dir='ltr'><strong>sunt,</strong></span> 
     </span>
    </p>
   </div>
   <div class='ocr_carea' id='block_1_79' title="bbox 2144 2031 3679 2103">
    <p class='ocr_par' dir='ltr' id='par_1_79' title="bbox 2144 2031 3679 2103">
     <span class='ocr_line' id='line_1_79' title="bbox 2144 2031 3679 2103; baseline -0.003 -17"><span class='ocrx_word' id='word_1_561' title='bbox 2144 2034 2209 2087; x_wconf 88' lang='lat' dir='ltr'><strong>ad</strong></span> <span class='ocrx_word' id='word_1_562' title='bbox 2238 2035 2381 2086; x_wconf 88' lang='lat' dir='ltr'><strong>viam</strong></span> <span class='ocrx_word' id='word_1_563' title='bbox 2420 2031 2773 2103; x_wconf 82' lang='lat' dir='ltr'><strong>perfectionis</strong></span> <span class='ocrx_word' id='word_1_564' title='bbox 2804 2033 3022 2103; x_wconf 83' lang='lat' dir='ltr'><strong>dirigat,</strong></span> <span class='ocrx_word' id='word_1_565' title='bbox 3070 2043 3123 2085; x_wconf 88' lang='lat' dir='ltr'><strong>et</strong></span> <span class='ocrx_word' id='word_1_566' title='bbox 3168 2031 3403 2101; x_wconf 90' lang='lat' dir='ltr'><strong>denique</strong></span> <span class='ocrx_word' id='word_1_567' title='bbox 3441 2032 3679 2101; x_wconf 89' lang='lat' dir='ltr'><strong>seipsum</strong></span> 
     </span>
    </p>
   </div>
   <div class='ocr_carea' id='block_1_80' title="bbox 2144 2102 3196 2174">
    <p class='ocr_par' dir='ltr' id='par_1_80' title="bbox 2144 2102 3196 2174">
     <span class='ocr_line' id='line_1_80' title="bbox 2144 2102 3196 2174; baseline -0.001 -18"><span class='ocrx_word' id='word_1_568' title='bbox 2144 2103 2208 2156; x_wconf 90' lang='lat' dir='ltr'><strong>ad</strong></span> <span class='ocrx_word' id='word_1_569' title='bbox 2243 2102 2725 2172; x_wconf 88' lang='lat' dir='ltr'><strong>contemplationis</strong></span> <span class='ocrx_word' id='word_1_570' title='bbox 2754 2102 2972 2159; x_wconf 87' lang='lat' dir='ltr'><strong>culmen</strong></span> <span class='ocrx_word' id='word_1_571' title='bbox 2996 2103 3196 2174; x_wconf 88' lang='lat' dir='ltr'><strong>erigat.</strong></span> 
     </span>
    </p>
   </div>
   <div class='ocr_carea' id='block_1_81' title="bbox 2144 2190 3678 2266">
    <p class='ocr_par' dir='ltr' id='par_1_81' title="bbox 2144 2190 3678 2266">
     <span class='ocr_line' id='line_1_81' title="bbox 2144 2190 3678 2266; baseline -0.003 -18"><span class='ocrx_word' id='word_1_572' title='bbox 2144 2194 2255 2266; x_wconf 75' lang='grc'><strong>76</strong></span> <span class='ocrx_word' id='word_1_573' title='bbox 2282 2194 2489 2248; x_wconf 89' lang='lat' dir='ltr'><strong>Domno</strong></span> <span class='ocrx_word' id='word_1_574' title='bbox 2525 2194 2820 2249; x_wconf 78' lang='lat' dir='ltr'><strong>Dssrnento</strong></span> <span class='ocrx_word' id='word_1_575' title='bbox 2867 2194 3161 2249; x_wconf 86' lang='lat' dir='ltr'><strong>venerabili</strong></span> <span class='ocrx_word' id='word_1_576' title='bbox 3206 2192 3426 2255; x_wconf 89' lang='lat' dir='ltr'><strong>abbati,</strong></span> <span class='ocrx_word' id='word_1_577' title='bbox 3460 2190 3678 2245; x_wconf 71' lang='lat' dir='ltr'><strong>Persas</strong></span> 
     </span>
    </p>
   </div>
   <div class='ocr_carea' id='block_1_82' title="bbox 2071 2284 3024 2354">
    <p class='ocr_par' dir='ltr' id='par_1_82' title="bbox 2071 2284 3024 2354">
     <span class='ocr_line' id='line_1_82' title="bbox 2071 2284 3024 2354; baseline -0.002 -14"><span class='ocrx_word' id='word_1_578' title='bbox 2071 2292 2330 2354; x_wconf 88' lang='lat' dir='ltr'><strong>peccator</strong></span> <span class='ocrx_word' id='word_1_579' title='bbox 2354 2286 2657 2340; x_wconf 88' lang='lat' dir='ltr'><strong>monachus</strong></span> <span class='ocrx_word' id='word_1_580' title='bbox 2685 2284 3024 2339; x_wconf 86' lang='lat' dir='ltr'><strong>servitutem.</strong></span> 
     </span>
    </p>
   </div>
   <div class='ocr_carea' id='block_1_83' title="bbox 2143 2372 3677 2445">
    <p class='ocr_par' dir='ltr' id='par_1_83' title="bbox 2143 2372 3677 2445">
     <span class='ocr_line' id='line_1_83' title="bbox 2143 2372 3677 2445; baseline -0.002 -18"><span class='ocrx_word' id='word_1_581' title='bbox 2143 2372 2297 2429; x_wconf 88' lang='lat' dir='ltr'><strong>Licet</strong></span> <span class='ocrx_word' id='word_1_582' title='bbox 2344 2373 2487 2445; x_wconf 88' lang='lat' dir='ltr'><strong>ignis</strong></span> <span class='ocrx_word' id='word_1_583' title='bbox 2543 2374 2933 2444; x_wconf 88' lang='lat' dir='ltr'><strong>circumposita</strong></span> <span class='ocrx_word' id='word_1_584' title='bbox 2995 2387 3224 2443; x_wconf 78' lang='lat' dir='ltr'><strong>quaeque</strong></span> <span class='ocrx_word' id='word_1_585' title='bbox 3274 2372 3562 2442; x_wconf 86' lang='lat' dir='ltr'><strong>corripiat,</strong></span> <span class='ocrx_word' id='word_1_586' title='bbox 3620 2386 3677 2424; x_wconf 89' lang='lat' dir='ltr'><strong>se</strong></span> 
     </span>
    </p>
   </div>
   <div class='ocr_carea' id='block_1_84' title="bbox 2071 2454 3682 2536">
    <p class='ocr_par' dir='ltr' id='par_1_84' title="bbox 2071 2454 3682 2536">
     <span class='ocr_line' id='line_1_84' title="bbox 2071 2454 3682 2536; baseline -0.003 -16"><span class='ocrx_word' id='word_1_587' title='bbox 2071 2472 2254 2521; x_wconf 86' lang='lat' dir='ltr'><strong>tamen</strong></span> <span class='ocrx_word' id='word_1_588' title='bbox 2284 2480 2447 2536; x_wconf 88' lang='lat' dir='ltr'><strong>super</strong></span> <span class='ocrx_word' id='word_1_589' title='bbox 2499 2480 2559 2520; x_wconf 91' lang='lat' dir='ltr'><strong>se</strong></span> <span class='ocrx_word' id='word_1_590' title='bbox 2587 2454 2916 2520; x_wconf 83' lang='lat' dir='ltr'><strong>naturaliter</strong></span> <span class='ocrx_word' id='word_1_591' title='bbox 2952 2465 3112 2536; x_wconf 83' lang='lat' dir='ltr'><strong>erigit</strong></span> <span class='ocrx_word' id='word_1_592' title='bbox 3156 2479 3218 2518; x_wconf 88' lang='lat' dir='ltr'><strong>ac</strong></span> <span class='ocrx_word' id='word_1_593' title='bbox 3243 2479 3457 2533; x_wconf 84' lang='lat' dir='ltr'><strong>semper</strong></span> <span class='ocrx_word' id='word_1_594' title='bbox 3503 2463 3554 2515; x_wconf 94' lang='lat' dir='ltr'><strong>in</strong></span> <span class='ocrx_word' id='word_1_595' title='bbox 3592 2477 3682 2515; x_wconf 90' lang='lat' dir='ltr'><strong>su-</strong></span> 
     </span>
    </p>
   </div>
   <div class='ocr_carea' id='block_1_85' title="bbox 2070 2554 3684 2627">
    <p class='ocr_par' dir='ltr' id='par_1_85' title="bbox 2070 2554 3684 2627">
     <span class='ocr_line' id='line_1_85' title="bbox 2070 2554 3684 2627; baseline -0.001 -16"><span class='ocrx_word' id='word_1_596' title='bbox 2070 2557 2286 2627; x_wconf 86' lang='lat' dir='ltr'><strong>periora</strong></span> <span class='ocrx_word' id='word_1_597' title='bbox 2337 2558 2639 2624; x_wconf 89' lang='lat' dir='ltr'><strong>contendit,</strong></span> <span class='ocrx_word' id='word_1_598' title='bbox 2696 2566 2749 2613; x_wconf 89' lang='lat' dir='ltr'><strong>et</strong></span> <span class='ocrx_word' id='word_1_599' title='bbox 2799 2556 3078 2612; x_wconf 90' lang='lat' dir='ltr'><strong>fraternus</strong></span> <span class='ocrx_word' id='word_1_600' title='bbox 3118 2572 3291 2620; x_wconf 87' lang='lat' dir='ltr'><strong>arnor,</strong></span> <span class='ocrx_word' id='word_1_601' title='bbox 3330 2555 3501 2626; x_wconf 90' lang='lat' dir='ltr'><strong>quiin</strong></span> <span class='ocrx_word' id='word_1_602' title='bbox 3546 2554 3684 2609; x_wconf 84' lang='lat' dir='ltr'><strong>meis</strong></span> 
     </span>
    </p>
   </div>
   <div class='ocr_carea' id='block_1_86' title="bbox 2072 2647 3684 2720">
    <p class='ocr_par' dir='ltr' id='par_1_86' title="bbox 2072 2647 3684 2720">
     <span class='ocr_line' id='line_1_86' title="bbox 2072 2647 3684 2720; baseline -0.001 -17"><span class='ocrx_word' id='word_1_603' title='bbox 2072 2650 2219 2703; x_wconf 89' lang='lat' dir='ltr'><strong>circa</strong></span> <span class='ocrx_word' id='word_1_604' title='bbox 2274 2658 2326 2703; x_wconf 88' lang='lat' dir='ltr'><strong>te</strong></span> <span class='ocrx_word' id='word_1_605' title='bbox 2356 2649 2661 2704; x_wconf 85' lang='lat' dir='ltr'><strong>visceribus</strong></span> <span class='ocrx_word' id='word_1_606' title='bbox 2708 2658 2921 2713; x_wconf 67' lang='lat' dir='ltr'><strong>aestuat,</strong></span> <span class='ocrx_word' id='word_1_607' title='bbox 2957 2664 3303 2720; x_wconf 89' lang='lat' dir='ltr'><strong>nequaquam</strong></span> <span class='ocrx_word' id='word_1_608' title='bbox 3334 2657 3386 2702; x_wconf 92' lang='lat' dir='ltr'><strong>te</strong></span> <span class='ocrx_word' id='word_1_609' title='bbox 3404 2647 3521 2702; x_wconf 86' lang='lat' dir='ltr'><strong>solo</strong></span> <span class='ocrx_word' id='word_1_610' title='bbox 3554 2662 3684 2701; x_wconf 90' lang='lat' dir='ltr'><strong>con-</strong></span> 
     </span>
    </p>
   </div>
   <div class='ocr_carea' id='block_1_87' title="bbox 2072 2736 3684 2808">
    <p class='ocr_par' dir='ltr' id='par_1_87' title="bbox 2072 2736 3684 2808">
     <span class='ocr_line' id='line_1_87' title="bbox 2072 2736 3684 2808; baseline -0.001 -16"><span class='ocrx_word' id='word_1_611' title='bbox 2072 2746 2256 2793; x_wconf 88' lang='lat' dir='ltr'><strong>tentus</strong></span> <span class='ocrx_word' id='word_1_612' title='bbox 2282 2738 2336 2792; x_wconf 90' lang='lat' dir='ltr'><strong>in</strong></span> <span class='ocrx_word' id='word_1_613' title='bbox 2384 2746 2436 2793; x_wconf 90' lang='lat' dir='ltr'><strong>te</strong></span> <span class='ocrx_word' id='word_1_614' title='bbox 2466 2738 2753 2794; x_wconf 89' lang='lat' dir='ltr'><strong>constituit</strong></span> <span class='ocrx_word' id='word_1_615' title='bbox 2798 2739 2982 2802; x_wconf 87' lang='lat' dir='ltr'><strong>linem,</strong></span> <span class='ocrx_word' id='word_1_616' title='bbox 3028 2740 3122 2793; x_wconf 90' lang='lat' dir='ltr'><strong>sed</strong></span> <span class='ocrx_word' id='word_1_617' title='bbox 3163 2753 3260 2808; x_wconf 90' lang='lat' dir='ltr'><strong>per</strong></span> <span class='ocrx_word' id='word_1_618' title='bbox 3288 2746 3338 2791; x_wconf 92' lang='lat' dir='ltr'><strong>te</strong></span> <span class='ocrx_word' id='word_1_619' title='bbox 3379 2752 3599 2806; x_wconf 87' lang='lat' dir='ltr'><strong>quoque</strong></span> <span class='ocrx_word' id='word_1_620' title='bbox 3627 2736 3684 2791; x_wconf 87' lang='lat' dir='ltr'><strong>in</strong></span> 
     </span>
    </p>
   </div>
   <div class='ocr_carea' id='block_1_88' title="bbox 2072 2829 3685 2885">
    <p class='ocr_par' dir='ltr' id='par_1_88' title="bbox 2072 2829 3685 2885">
     <span class='ocr_line' id='line_1_88' title="bbox 2072 2829 3685 2885; baseline -0.002 0"><span class='ocrx_word' id='word_1_621' title='bbox 2072 2843 2419 2885; x_wconf 84' lang='lat' dir='ltr'><strong>communem</strong></span> <span class='ocrx_word' id='word_1_622' title='bbox 2472 2829 2799 2884; x_wconf 85' lang='lat' dir='ltr'><strong>transfertur</strong></span> <span class='ocrx_word' id='word_1_623' title='bbox 2838 2829 3154 2884; x_wconf 84' lang='lat' dir='ltr'><strong>Auctorem.</strong></span> <span class='ocrx_word' id='word_1_624' title='bbox 3186 2830 3283 2884; x_wconf 86' lang='lat' dir='ltr'><strong>Est</strong></span> <span class='ocrx_word' id='word_1_625' title='bbox 3328 2830 3473 2882; x_wconf 91' lang='lat' dir='ltr'><strong>enim</strong></span> <span class='ocrx_word' id='word_1_626' title='bbox 3528 2842 3685 2882; x_wconf 89' lang='lat' dir='ltr'><strong>amor</strong></span> 
     </span>
    </p>
   </div>
   <div class='ocr_carea' id='block_1_89' title="bbox 2070 2919 3681 2992">
    <p class='ocr_par' dir='ltr' id='par_1_89' title="bbox 2070 2919 3681 2992">
     <span class='ocr_line' id='line_1_89' title="bbox 2070 2919 3681 2992; baseline -0.001 -18"><span class='ocrx_word' id='word_1_627' title='bbox 2070 2919 2300 2987; x_wconf 82' lang='lat' dir='ltr'><strong>inutilis,</strong></span> <span class='ocrx_word' id='word_1_628' title='bbox 2330 2920 2517 2977; x_wconf 88' lang='lat' dir='ltr'><strong>aridus</strong></span> <span class='ocrx_word' id='word_1_629' title='bbox 2540 2930 2597 2975; x_wconf 91' lang='lat' dir='ltr'><strong>et</strong></span> <span class='ocrx_word' id='word_1_630' title='bbox 2643 2920 2905 2986; x_wconf 90' lang='lat' dir='ltr'><strong>insulsus,</strong></span> <span class='ocrx_word' id='word_1_631' title='bbox 2938 2920 3029 2992; x_wconf 91' lang='lat' dir='ltr'><strong>qui</strong></span> <span class='ocrx_word' id='word_1_632' title='bbox 3054 2921 3132 2975; x_wconf 90' lang='lat' dir='ltr'><strong>sic</strong></span> <span class='ocrx_word' id='word_1_633' title='bbox 3163 2936 3223 2975; x_wconf 91' lang='lat' dir='ltr'><strong>se</strong></span> <span class='ocrx_word' id='word_1_634' title='bbox 3270 2928 3504 2989; x_wconf 86' lang='lat' dir='ltr'><strong>occupat</strong></span> <span class='ocrx_word' id='word_1_635' title='bbox 3533 2919 3681 2974; x_wconf 88' lang='lat' dir='ltr'><strong>circa</strong></span> 
     </span>
    </p>
   </div>
   <div class='ocr_carea' id='block_1_90' title="bbox 2067 3008 3683 3083">
    <p class='ocr_par' dir='ltr' id='par_1_90' title="bbox 2067 3008 3683 3083">
     <span class='ocr_line' id='line_1_90' title="bbox 2067 3008 3683 3083; baseline -0.002 -17"><span class='ocrx_word' id='word_1_636' title='bbox 2067 3013 2402 3081; x_wconf 87' lang='lat' dir='ltr'><strong>proximum,</strong></span> <span class='ocrx_word' id='word_1_637' title='bbox 2432 3023 2492 3067; x_wconf 89' lang='lat' dir='ltr'><strong>ut</strong></span> <span class='ocrx_word' id='word_1_638' title='bbox 2540 3027 2646 3067; x_wconf 87' lang='lat' dir='ltr'><strong>non</strong></span> <span class='ocrx_word' id='word_1_639' title='bbox 2688 3015 2855 3067; x_wconf 89' lang='lat' dir='ltr'><strong>etiam</strong></span> <span class='ocrx_word' id='word_1_640' title='bbox 2904 3015 3217 3083; x_wconf 86' lang='lat' dir='ltr'><strong>porrigatur</strong></span> <span class='ocrx_word' id='word_1_641' title='bbox 3278 3014 3329 3065; x_wconf 89' lang='lat' dir='ltr'><strong>in</strong></span> <span class='ocrx_word' id='word_1_642' title='bbox 3387 3010 3579 3065; x_wconf 91' lang='lat' dir='ltr'><strong>Deum.</strong></span> <span class='ocrx_word' id='word_1_643' title='bbox 3614 3008 3683 3065; x_wconf 82' lang='lat' dir='ltr'><strong>Et</strong></span> 
     </span>
    </p>
   </div>
   <div class='ocr_carea' id='block_1_91' title="bbox 2070 3107 3681 3179">
    <p class='ocr_par' dir='ltr' id='par_1_91' title="bbox 2070 3107 3681 3179">
     <span class='ocr_line' id='line_1_91' title="bbox 2070 3107 3681 3179; baseline 0 -19"><span class='ocrx_word' id='word_1_644' title='bbox 2070 3121 2381 3176; x_wconf 85' lang='lat' dir='ltr'><strong>quanquam</strong></span> <span class='ocrx_word' id='word_1_645' title='bbox 2414 3107 2729 3179; x_wconf 89' lang='lat' dir='ltr'><strong>principalis</strong></span> <span class='ocrx_word' id='word_1_646' title='bbox 2784 3108 2856 3162; x_wconf 91' lang='lat' dir='ltr'><strong>sit</strong></span> <span class='ocrx_word' id='word_1_647' title='bbox 2910 3123 3064 3163; x_wconf 90' lang='lat' dir='ltr'><strong>amor</strong></span> <span class='ocrx_word' id='word_1_648' title='bbox 3110 3107 3229 3171; x_wconf 91' lang='lat' dir='ltr'><strong>Dei,</strong></span> <span class='ocrx_word' id='word_1_649' title='bbox 3284 3122 3386 3176; x_wconf 88' lang='lat' dir='ltr'><strong>per</strong></span> <span class='ocrx_word' id='word_1_650' title='bbox 3436 3118 3681 3161; x_wconf 83' lang='lat' dir='ltr'><strong>amorem</strong></span> 
     </span>
    </p>
   </div>
   <div class='ocr_carea' id='block_1_92' title="bbox 1994 3186 3682 3266">
    <p class='ocr_par' dir='ltr' id='par_1_92' title="bbox 1994 3186 3682 3266">
     <span class='ocr_line' id='line_1_92' title="bbox 1994 3186 3682 3266; baseline -0.002 -15"><span class='ocrx_word' id='word_1_651' title='bbox 1994 3186 2042 3251; x_wconf 87' lang='lat' dir='ltr'><strong><em>C</em></strong></span> <span class='ocrx_word' id='word_1_652' title='bbox 2077 3203 2256 3250; x_wconf 90' lang='lat' dir='ltr'><strong>tamen</strong></span> <span class='ocrx_word' id='word_1_653' title='bbox 2302 3198 2563 3265; x_wconf 79' lang='lat' dir='ltr'><strong>proximi,</strong></span> <span class='ocrx_word' id='word_1_654' title='bbox 2593 3212 2755 3266; x_wconf 89' lang='lat' dir='ltr'><strong>quem</strong></span> <span class='ocrx_word' id='word_1_655' title='bbox 2802 3198 3189 3266; x_wconf 85' lang='lat' dir='ltr'><strong>conspicimus,</strong></span> <span class='ocrx_word' id='word_1_656' title='bbox 3229 3197 3578 3266; x_wconf 86' lang='lat' dir='ltr'><strong>pervenimus</strong></span> <span class='ocrx_word' id='word_1_657' title='bbox 3611 3194 3682 3248; x_wconf 81' lang='lat' dir='ltr'><strong>ad</strong></span> 
     </span>
    </p>
   </div>
   <div class='ocr_carea' id='block_1_93' title="bbox 2073 3282 3712 3354">
    <p class='ocr_par' dir='ltr' id='par_1_93' title="bbox 2073 3282 3712 3354">
     <span class='ocr_line' id='line_1_93' title="bbox 2073 3282 3712 3354; baseline 0.001 -17"><span class='ocrx_word' id='word_1_658' title='bbox 2073 3300 2316 3340; x_wconf 91' lang='lat' dir='ltr'><strong>amorem</strong></span> <span class='ocrx_word' id='word_1_659' title='bbox 2349 3284 2470 3350; x_wconf 90' lang='lat' dir='ltr'><strong>Dei,</strong></span> <span class='ocrx_word' id='word_1_660' title='bbox 2502 3300 2662 3354; x_wconf 89' lang='lat' dir='ltr'><strong>quem</strong></span> <span class='ocrx_word' id='word_1_661' title='bbox 2696 3300 2801 3339; x_wconf 92' lang='lat' dir='ltr'><strong>non</strong></span> <span class='ocrx_word' id='word_1_662' title='bbox 2831 3285 3080 3340; x_wconf 86' lang='lat' dir='ltr'><strong>videmus</strong></span> <span class='ocrx_word' id='word_1_663' title='bbox 3112 3283 3164 3352; x_wconf 87' lang='grc'><strong>(1</strong></span> <span class='ocrx_word' id='word_1_664' title='bbox 3194 3282 3358 3337; x_wconf 80' lang='lat' dir='ltr'><strong>Joan.</strong></span> <span class='ocrx_word' id='word_1_665' title='bbox 3390 3284 3497 3353; x_wconf 80' lang='lat' dir='ltr'><strong>IV).</strong></span> <span class='ocrx_word' id='word_1_666' title='bbox 3539 3283 3712 3338; x_wconf 49' lang='lat' dir='ltr'><strong>Inter</strong></span> 
     </span>
    </p>
   </div>
   <div class='ocr_carea' id='block_1_94' title="bbox 2072 3374 3679 3446">
    <p class='ocr_par' dir='ltr' id='par_1_94' title="bbox 2072 3374 3679 3446">
     <span class='ocr_line' id='line_1_94' title="bbox 2072 3374 3679 3446; baseline -0.001 -17"><span class='ocrx_word' id='word_1_667' title='bbox 2072 3374 2178 3429; x_wconf 90' lang='lat' dir='ltr'><strong>rim</strong></span> <span class='ocrx_word' id='word_1_668' title='bbox 2210 3375 2395 3446; x_wconf 74' lang='lat' dir='ltr'><strong>itaque</strong></span> <span class='ocrx_word' id='word_1_669' title='bbox 2421 3376 2549 3430; x_wconf 90' lang='lat' dir='ltr'><strong>dum</strong></span> <span class='ocrx_word' id='word_1_670' title='bbox 2583 3384 2636 3430; x_wconf 90' lang='lat' dir='ltr'><strong>te</strong></span> <span class='ocrx_word' id='word_1_671' title='bbox 2662 3376 2911 3432; x_wconf 88' lang='lat' dir='ltr'><strong>cominus</strong></span> <span class='ocrx_word' id='word_1_672' title='bbox 2940 3376 3166 3432; x_wconf 88' lang='lat' dir='ltr'><strong>attendo</strong></span> <span class='ocrx_word' id='word_1_673' title='bbox 3196 3390 3359 3445; x_wconf 90' lang='lat' dir='ltr'><strong>quem</strong></span> <span class='ocrx_word' id='word_1_674' title='bbox 3389 3375 3573 3445; x_wconf 87' lang='lat' dir='ltr'><strong>diligo,</strong></span> <span class='ocrx_word' id='word_1_675' title='bbox 3610 3375 3679 3429; x_wconf 90' lang='lat' dir='ltr'><strong>ad</strong></span> 
     </span>
    </p>
   </div>
   <div class='ocr_carea' id='block_1_95' title="bbox 2073 3467 3684 3539">
    <p class='ocr_par' dir='ltr' id='par_1_95' title="bbox 2073 3467 3684 3539">
     <span class='ocr_line' id='line_1_95' title="bbox 2073 3467 3684 3539; baseline -0.001 -15"><span class='ocrx_word' id='word_1_676' title='bbox 2073 3467 2223 3524; x_wconf 70' lang='lat' dir='ltr'><strong>illum</strong></span> <span class='ocrx_word' id='word_1_677' title='bbox 2267 3484 2485 3539; x_wconf 88' lang='lat' dir='ltr'><strong>semper</strong></span> <span class='ocrx_word' id='word_1_678' title='bbox 2538 3469 2729 3525; x_wconf 90' lang='lat' dir='ltr'><strong>oculos</strong></span> <span class='ocrx_word' id='word_1_679' title='bbox 2769 3470 2889 3525; x_wconf 79' lang='lat' dir='ltr'><strong>levo</strong></span> <span class='ocrx_word' id='word_1_680' title='bbox 2954 3470 3021 3524; x_wconf 90' lang='lat' dir='ltr'><strong>ad</strong></span> <span class='ocrx_word' id='word_1_681' title='bbox 3089 3483 3251 3539; x_wconf 90' lang='lat' dir='ltr'><strong>quem</strong></span> <span class='ocrx_word' id='word_1_682' title='bbox 3292 3479 3473 3525; x_wconf 89' lang='lat' dir='ltr'><strong>tecum</strong></span> <span class='ocrx_word' id='word_1_683' title='bbox 3520 3467 3684 3524; x_wconf 87' lang='lat' dir='ltr'><strong>simul</strong></span> 
     </span>
    </p>
   </div>
   <div class='ocr_carea' id='block_1_96' title="bbox 2073 3562 3683 3634">
    <p class='ocr_par' dir='ltr' id='par_1_96' title="bbox 2073 3562 3683 3634">
     <span class='ocr_line' id='line_1_96' title="bbox 2073 3562 3683 3634; baseline 0 -20"><span class='ocrx_word' id='word_1_684' title='bbox 2073 3562 2343 3632; x_wconf 88' lang='lat' dir='ltr'><strong>attingere</strong></span> <span class='ocrx_word' id='word_1_685' title='bbox 2398 3563 2751 3632; x_wconf 88' lang='lat' dir='ltr'><strong>concupisco.</strong></span> <span class='ocrx_word' id='word_1_686' title='bbox 2823 3562 3067 3618; x_wconf 90' lang='lat' dir='ltr'><strong>Consere</strong></span> <span class='ocrx_word' id='word_1_687' title='bbox 3122 3562 3288 3634; x_wconf 88' lang='lat' dir='ltr'><strong>igitur</strong></span> <span class='ocrx_word' id='word_1_688' title='bbox 3349 3571 3403 3616; x_wconf 90' lang='lat' dir='ltr'><strong>et</strong></span> <span class='ocrx_word' id='word_1_689' title='bbox 3466 3562 3683 3615; x_wconf 88' lang='lat' dir='ltr'><strong>innecte</strong></span> 
     </span>
    </p>
   </div>
   <div class='ocr_carea' id='block_1_97' title="bbox 2072 3650 3682 3720">
    <p class='ocr_par' dir='ltr' id='par_1_97' title="bbox 2072 3650 3682 3720">
     <span class='ocr_line' id='line_1_97' title="bbox 2072 3650 3682 3720; baseline -0.001 -15"><span class='ocrx_word' id='word_1_690' title='bbox 2072 3665 2284 3714; x_wconf 90' lang='lat' dir='ltr'><strong>manus,</strong></span> <span class='ocrx_word' id='word_1_691' title='bbox 2312 3659 2498 3720; x_wconf 89' lang='lat' dir='ltr'><strong>atque.</strong></span> <span class='ocrx_word' id='word_1_692' title='bbox 2528 3662 2585 3705; x_wconf 92' lang='lat' dir='ltr'><strong>ut</strong></span> <span class='ocrx_word' id='word_1_693' title='bbox 2608 3652 2847 3707; x_wconf 87' lang='lat' dir='ltr'><strong>laborem</strong></span> <span class='ocrx_word' id='word_1_694' title='bbox 2869 3651 3187 3707; x_wconf 89' lang='lat' dir='ltr'><strong>alleviemus</strong></span> <span class='ocrx_word' id='word_1_695' title='bbox 3213 3651 3449 3715; x_wconf 89' lang='lat' dir='ltr'><strong>itineris,</strong></span> <span class='ocrx_word' id='word_1_696' title='bbox 3480 3650 3682 3704; x_wconf 87' lang='lat' dir='ltr'><strong>mutuis</strong></span> 
     </span>
    </p>
   </div>
   <div class='ocr_carea' id='block_1_98' title="bbox 2070 3741 3677 3811">
    <p class='ocr_par' dir='ltr' id='par_1_98' title="bbox 2070 3741 3677 3811">
     <span class='ocr_line' id='line_1_98' title="bbox 2070 3741 3677 3811; baseline -0.001 -15"><span class='ocrx_word' id='word_1_697' title='bbox 2070 3757 2173 3797; x_wconf 90' lang='lat' dir='ltr'><strong>nos</strong></span> <span class='ocrx_word' id='word_1_698' title='bbox 2211 3742 2689 3798; x_wconf 88' lang='lat' dir='ltr'><strong>adhortationibus</strong></span> <span class='ocrx_word' id='word_1_699' title='bbox 2720 3743 3031 3797; x_wconf 90' lang='lat' dir='ltr'><strong>incitemus.</strong></span> <span class='ocrx_word' id='word_1_700' title='bbox 3062 3741 3141 3796; x_wconf 87' lang='lat' dir='ltr'><strong>Tu</strong></span> <span class='ocrx_word' id='word_1_701' title='bbox 3178 3752 3384 3807; x_wconf 87' lang='lat' dir='ltr'><strong>autem,</strong></span> <span class='ocrx_word' id='word_1_702' title='bbox 3410 3741 3539 3811; x_wconf 88' lang='lat' dir='ltr'><strong>quia</strong></span> <span class='ocrx_word' id='word_1_703' title='bbox 3586 3755 3677 3795; x_wconf 83' lang='lat' dir='ltr'><strong>re-</strong></span> 
     </span>
    </p>
   </div>
   <div class='ocr_carea' id='block_1_99' title="bbox 2072 3816 3679 3904">
    <p class='ocr_par' dir='ltr' id='par_1_99' title="bbox 2072 3816 3679 3904">
     <span class='ocr_line' id='line_1_99' title="bbox 2072 3816 3679 3904; baseline -0.001 -16"><span class='ocrx_word' id='word_1_704' title='bbox 2072 3834 2232 3904; x_wconf 88' lang='lat' dir='ltr'><strong>gendi</strong></span> <span class='ocrx_word' id='word_1_705' title='bbox 2274 3834 2711 3903; x_wconf 62' lang='lat' dir='ltr'><strong>praestantissimi</strong></span> <span class='ocrx_word' id='word_1_706' title='bbox 2768 3816 3085 3889; x_wconf 83' lang='lat' dir='ltr'><strong>monasterii</strong></span> <span class='ocrx_word' id='word_1_707' title='bbox 3126 3834 3356 3889; x_wconf 83' lang='lat' dir='ltr'><strong>nexibus</strong></span> <span class='ocrx_word' id='word_1_708' title='bbox 3397 3832 3679 3902; x_wconf 75' lang='lat' dir='ltr'><strong>obligaris,</strong></span> 
     </span>
    </p>
   </div>
   <div class='ocr_carea' id='block_1_100' title="bbox 2071 3923 3682 3995">
    <p class='ocr_par' dir='ltr' id='par_1_100' title="bbox 2071 3923 3682 3995">
     <span class='ocr_line' id='line_1_100' title="bbox 2071 3923 3682 3995; baseline 0 -16"><span class='ocrx_word' id='word_1_709' title='bbox 2071 3940 2204 3980; x_wconf 90' lang='lat' dir='ltr'><strong>cave</strong></span> <span class='ocrx_word' id='word_1_710' title='bbox 2236 3941 2301 3980; x_wconf 91' lang='lat' dir='ltr'><strong>ne</strong></span> <span class='ocrx_word' id='word_1_711' title='bbox 2334 3926 2387 3979; x_wconf 93' lang='lat' dir='ltr'><strong>in</strong></span> <span class='ocrx_word' id='word_1_712' title='bbox 2442 3923 2603 3993; x_wconf 86' lang='lat' dir='ltr'><strong>hujus</strong></span> <span class='ocrx_word' id='word_1_713' title='bbox 2635 3925 2735 3981; x_wconf 59' lang='lat' dir='ltr'><strong>via?</strong></span> <span class='ocrx_word' id='word_1_714' title='bbox 2783 3925 3085 3990; x_wconf 88' lang='lat' dir='ltr'><strong>laboribus,</strong></span> <span class='ocrx_word' id='word_1_715' title='bbox 3119 3924 3204 3981; x_wconf 90' lang='lat' dir='ltr'><strong>vel</strong></span> <span class='ocrx_word' id='word_1_716' title='bbox 3238 3923 3599 3995; x_wconf 87' lang='lat' dir='ltr'><strong>pusillanimis</strong></span> <span class='ocrx_word' id='word_1_717' title='bbox 3629 3931 3682 3979; x_wconf 83' lang='lat' dir='ltr'><strong>te</strong></span> 
     </span>
    </p>
   </div>
   <div class='ocr_carea' id='block_1_101' title="bbox 2070 4013 3677 4082">
    <p class='ocr_par' dir='ltr' id='par_1_101' title="bbox 2070 4013 3677 4082">
     <span class='ocr_line' id='line_1_101' title="bbox 2070 4013 3677 4082; baseline -0.002 -13"><span class='ocrx_word' id='word_1_718' title='bbox 2070 4015 2337 4072; x_wconf 88' lang='lat' dir='ltr'><strong>lassitudo</strong></span> <span class='ocrx_word' id='word_1_719' title='bbox 2369 4016 2631 4082; x_wconf 88' lang='lat' dir='ltr'><strong>retardet,</strong></span> <span class='ocrx_word' id='word_1_720' title='bbox 2673 4016 2758 4071; x_wconf 87' lang='lat' dir='ltr'><strong>vel</strong></span> <span class='ocrx_word' id='word_1_721' title='bbox 2790 4017 3192 4071; x_wconf 89' lang='lat' dir='ltr'><strong>assentantium</strong></span> <span class='ocrx_word' id='word_1_722' title='bbox 3231 4013 3512 4069; x_wconf 81' lang='lat' dir='ltr'><strong>delenifica</strong></span> <span class='ocrx_word' id='word_1_723' title='bbox 3557 4027 3677 4067; x_wconf 88' lang='lat' dir='ltr'><strong>ver-</strong></span> 
     </span>
    </p>
   </div>
   <div class='ocr_carea' id='block_1_102' title="bbox 2070 4104 3683 4165">
    <p class='ocr_par' dir='ltr' id='par_1_102' title="bbox 2070 4104 3683 4165">
     <span class='ocr_line' id='line_1_102' title="bbox 2070 4104 3683 4165; baseline -0.004 0"><span class='ocrx_word' id='word_1_724' title='bbox 2070 4110 2138 4165; x_wconf 89' lang='lat' dir='ltr'><strong>ba</strong></span> <span class='ocrx_word' id='word_1_725' title='bbox 2178 4112 2345 4165; x_wconf 90' lang='lat' dir='ltr'><strong>robur</strong></span> <span class='ocrx_word' id='word_1_726' title='bbox 2388 4110 2555 4165; x_wconf 90' lang='lat' dir='ltr'><strong>animi</strong></span> <span class='ocrx_word' id='word_1_727' title='bbox 2588 4108 2729 4165; x_wconf 89' lang='lat' dir='ltr'><strong>male</strong></span> <span class='ocrx_word' id='word_1_728' title='bbox 2784 4109 3183 4164; x_wconf 87' lang='lat' dir='ltr'><strong>consentientis</strong></span> <span class='ocrx_word' id='word_1_729' title='bbox 3234 4116 3517 4162; x_wconf 89' lang='lat' dir='ltr'><strong>enervent.</strong></span> <span class='ocrx_word' id='word_1_730' title='bbox 3548 4104 3683 4160; x_wconf 90' lang='lat' dir='ltr'><strong>Illud</strong></span> 
     </span>
    </p>
   </div>
   <div class='ocr_carea' id='block_1_103' title="bbox 2071 4199 3679 4271">
    <p class='ocr_par' dir='ltr' id='par_1_103' title="bbox 2071 4199 3679 4271">
     <span class='ocr_line' id='line_1_103' title="bbox 2071 4199 3679 4271; baseline -0.004 -14"><span class='ocrx_word' id='word_1_731' title='bbox 2071 4203 2257 4271; x_wconf 82' lang='lat' dir='ltr'><strong>itaque</strong></span> <span class='ocrx_word' id='word_1_732' title='bbox 2307 4203 2373 4256; x_wconf 91' lang='lat' dir='ltr'><strong>ad</strong></span> <span class='ocrx_word' id='word_1_733' title='bbox 2433 4204 2752 4257; x_wconf 88' lang='lat' dir='ltr'><strong>memoriam</strong></span> <span class='ocrx_word' id='word_1_734' title='bbox 2794 4216 3014 4266; x_wconf 89' lang='lat' dir='ltr'><strong>revoco,</strong></span> <span class='ocrx_word' id='word_1_735' title='bbox 3043 4200 3219 4270; x_wconf 68' lang='lat' dir='ltr'><strong>.quc&#39;i</strong></span> <span class='ocrx_word' id='word_1_736' title='bbox 3251 4200 3319 4255; x_wconf 89' lang='lat' dir='ltr'><strong>de</strong></span> <span class='ocrx_word' id='word_1_737' title='bbox 3344 4199 3516 4253; x_wconf 89' lang='lat' dir='ltr'><strong>Tobia</strong></span> <span class='ocrx_word' id='word_1_738' title='bbox 3562 4199 3679 4251; x_wconf 85' lang='lat' dir='ltr'><strong>viro</strong></span> 
     </span>
    </p>
   </div>
   <div class='ocr_carea' id='block_1_104' title="bbox 2065 4291 3683 4364">
    <p class='ocr_par' dir='ltr' id='par_1_104' title="bbox 2065 4291 3683 4364">
     <span class='ocr_line' id='line_1_104' title="bbox 2065 4291 3683 4364; baseline -0.004 -17"><span class='ocrx_word' id='word_1_739' title='bbox 2065 4295 2215 4364; x_wconf 90' lang='lat' dir='ltr'><strong>justo</strong></span> <span class='ocrx_word' id='word_1_740' title='bbox 2252 4293 2540 4364; x_wconf 89' lang='lat' dir='ltr'><strong>Scriptura</strong></span> <span class='ocrx_word' id='word_1_741' title='bbox 2586 4302 2857 4349; x_wconf 85' lang='lat' dir='ltr'><strong>testatur:</strong></span> <span class='ocrx_word' id='word_1_742' title='bbox 2925 4310 2943 4343; x_wconf 73' lang='grc' dir='ltr'>α</span> <span class='ocrx_word' id='word_1_743' title='bbox 2973 4291 3234 4362; x_wconf 91' lang='lat' dir='ltr'><strong>Contigit,</strong></span> <span class='ocrx_word' id='word_1_744' title='bbox 3288 4292 3568 4360; x_wconf 88' lang='lat' dir='ltr'><strong>inquiens,</strong></span> <span class='ocrx_word' id='word_1_745' title='bbox 3624 4296 3683 4341; x_wconf 89' lang='lat' dir='ltr'><strong>ut</strong></span> 
     </span>
    </p>
   </div>
   <div class='ocr_carea' id='block_1_105' title="bbox 2070 4381 3677 4455">
    <p class='ocr_par' dir='ltr' id='par_1_105' title="bbox 2070 4381 3677 4455">
     <span class='ocr_line' id='line_1_105' title="bbox 2070 4381 3677 4455; baseline -0.002 -19"><span class='ocrx_word' id='word_1_746' title='bbox 2070 4386 2303 4455; x_wconf 85' lang='lat' dir='ltr'><strong>quadam</strong></span> <span class='ocrx_word' id='word_1_747' title='bbox 2340 4385 2427 4439; x_wconf 89' lang='lat' dir='ltr'><strong>die</strong></span> <span class='ocrx_word' id='word_1_748' title='bbox 2478 4383 2739 4455; x_wconf 84' lang='lat' dir='ltr'><strong>fatigatus</strong></span> <span class='ocrx_word' id='word_1_749' title='bbox 2767 4399 2797 4437; x_wconf 89' lang='lat' dir='ltr'><strong>a</strong></span> <span class='ocrx_word' id='word_1_750' title='bbox 2829 4384 3133 4453; x_wconf 88' lang='lat' dir='ltr'><strong>sepultura,</strong></span> <span class='ocrx_word' id='word_1_751' title='bbox 3182 4381 3410 4436; x_wconf 88' lang='lat' dir='ltr'><strong>veniens</strong></span> <span class='ocrx_word' id='word_1_752' title='bbox 3434 4382 3677 4445; x_wconf 79' lang='lat' dir='ltr'><strong>domum,</strong></span> 
     </span>
    </p>
   </div>
   <div class='ocr_carea' id='block_1_106' title="bbox 2066 4474 3681 4547">
    <p class='ocr_par' dir='ltr' id='par_1_106' title="bbox 2066 4474 3681 4547">
     <span class='ocr_line' id='line_1_106' title="bbox 2066 4474 3681 4547; baseline -0.004 -16"><span class='ocrx_word' id='word_1_753' title='bbox 2066 4478 2332 4547; x_wconf 87' lang='lat' dir='ltr'><strong>jactasset</strong></span> <span class='ocrx_word' id='word_1_754' title='bbox 2380 4490 2440 4532; x_wconf 89' lang='lat' dir='ltr'><strong>se</strong></span> <span class='ocrx_word' id='word_1_755' title='bbox 2477 4476 2633 4547; x_wconf 82' lang='lat' dir='ltr'><strong>juxta</strong></span> <span class='ocrx_word' id='word_1_756' title='bbox 2670 4476 2936 4547; x_wconf 76' lang='lat' dir='ltr'><strong>parietem</strong></span> <span class='ocrx_word' id='word_1_757' title='bbox 2980 4486 3035 4529; x_wconf 90' lang='lat' dir='ltr'><strong>et</strong></span> <span class='ocrx_word' id='word_1_758' title='bbox 3081 4474 3484 4537; x_wconf 90' lang='lat' dir='ltr'><strong>obdormisset,</strong></span> <span class='ocrx_word' id='word_1_759' title='bbox 3516 4482 3681 4542; x_wconf 86' lang='lat' dir='ltr'><strong>atque</strong></span> 
     </span>
    </p>
   </div>
   <div class='ocr_carea' id='block_1_107' title="bbox 1991 4551 3679 4625">
    <p class='ocr_par' dir='ltr' id='par_1_107' title="bbox 1991 4551 3679 4625">
     <span class='ocr_line' id='line_1_107' title="bbox 1991 4551 3679 4625; baseline -0.005 -1"><span class='ocrx_word' id='word_1_760' title='bbox 1991 4551 2046 4611; x_wconf 83' lang='grc' dir='ltr'>Ῑ)</span> <span class='ocrx_word' id='word_1_761' title='bbox 2072 4585 2138 4624; x_wconf 85' lang='lat' dir='ltr'><strong>ex</strong></span> <span class='ocrx_word' id='word_1_762' title='bbox 2175 4570 2303 4625; x_wconf 92' lang='lat' dir='ltr'><strong>nido</strong></span> <span class='ocrx_word' id='word_1_763' title='bbox 2330 4569 2685 4624; x_wconf 90' lang='lat' dir='ltr'><strong>hirundinum</strong></span> <span class='ocrx_word' id='word_1_764' title='bbox 2728 4567 3024 4624; x_wconf 89' lang='lat' dir='ltr'><strong>dormienti</strong></span> <span class='ocrx_word' id='word_1_765' title='bbox 3063 4566 3139 4622; x_wconf 92' lang='lat' dir='ltr'><strong>illi</strong></span> <span class='ocrx_word' id='word_1_766' title='bbox 3188 4565 3384 4622; x_wconf 89' lang='lat' dir='ltr'><strong>callida</strong></span> <span class='ocrx_word' id='word_1_767' title='bbox 3436 4575 3679 4622; x_wconf 86' lang='lat' dir='ltr'><strong>stercora</strong></span> 
     </span>
    </p>
   </div>
   <div class='ocr_carea' id='block_1_108' title="bbox 2071 4658 3679 4729">
    <p class='ocr_par' dir='ltr' id='par_1_108' title="bbox 2071 4658 3679 4729">
     <span class='ocr_line' id='line_1_108' title="bbox 2071 4658 3679 4729; baseline -0.001 -16"><span class='ocrx_word' id='word_1_768' title='bbox 2071 4661 2385 4715; x_wconf 88' lang='lat' dir='ltr'><strong>insisterent</strong></span> <span class='ocrx_word' id='word_1_769' title='bbox 2447 4674 2612 4729; x_wconf 92' lang='lat' dir='ltr'><strong>super</strong></span> <span class='ocrx_word' id='word_1_770' title='bbox 2687 4659 2879 4715; x_wconf 92' lang='lat' dir='ltr'><strong>oculos</strong></span> <span class='ocrx_word' id='word_1_771' title='bbox 2944 4658 3098 4727; x_wconf 85' lang='lat' dir='ltr'><strong>ejus,</strong></span> <span class='ocrx_word' id='word_1_772' title='bbox 3159 4658 3425 4727; x_wconf 80' lang='lat' dir='ltr'><strong>fieretque</strong></span> <span class='ocrx_word' id='word_1_773' title='bbox 3497 4658 3679 4711; x_wconf 56' lang='lat' dir='ltr'><strong>caicus</strong></span> 
     </span>
    </p>
   </div>
   <div class='ocr_carea' id='block_1_109' title="bbox 2070 4749 3680 4827">
    <p class='ocr_par' dir='ltr' id='par_1_109' title="bbox 2070 4749 3680 4827">
     <span class='ocr_line' id='line_1_109' title="bbox 2070 4749 3680 4827; baseline -0.004 -18"><span class='ocrx_word' id='word_1_774' title='bbox 2070 4754 2225 4827; x_wconf 84' lang='lat' dir='ltr'><strong>(Tob.</strong></span> <span class='ocrx_word' id='word_1_775' title='bbox 2255 4755 2355 4823; x_wconf 84' lang='lat' dir='ltr'><strong>rx).</strong></span> <span class='ocrx_word' id='word_1_776' title='bbox 2394 4775 2412 4807; x_wconf 72' lang='grc' dir='ltr'><strong><em>ι</em></strong></span> <span class='ocrx_word' id='word_1_777' title='bbox 2450 4754 2732 4826; x_wconf 82' lang='lat' dir='ltr'><strong>Fatigatus</strong></span> <span class='ocrx_word' id='word_1_778' title='bbox 2764 4770 2792 4808; x_wconf 88' lang='lat' dir='ltr'><strong>a</strong></span> <span class='ocrx_word' id='word_1_779' title='bbox 2827 4754 3132 4823; x_wconf 89' lang='lat' dir='ltr'><strong>sepultura,</strong></span> <span class='ocrx_word' id='word_1_780' title='bbox 3168 4752 3297 4807; x_wconf 92' lang='lat' dir='ltr'><strong>dum</strong></span> <span class='ocrx_word' id='word_1_781' title='bbox 3326 4767 3386 4806; x_wconf 90' lang='lat' dir='ltr'><strong>se</strong></span> <span class='ocrx_word' id='word_1_782' title='bbox 3412 4768 3459 4804; x_wconf 56' lang='lat' dir='ltr'><strong>vi</strong></span> <span class='ocrx_word' id='word_1_783' title='bbox 3482 4751 3497 4804; x_wconf 93' lang='lat' dir='ltr'><strong>l</strong></span> <span class='ocrx_word' id='word_1_784' title='bbox 3518 4749 3680 4805; x_wconf 79' lang='lat' dir='ltr'><strong>ell‘ra-</strong></span> 
     </span>
    </p>
   </div>
   <div class='ocr_carea' id='block_1_110' title="bbox 2070 4842 3680 4916">
    <p class='ocr_par' dir='ltr' id='par_1_110' title="bbox 2070 4842 3680 4916">
     <span class='ocr_line' id='line_1_110' title="bbox 2070 4842 3680 4916; baseline -0.004 -15"><span class='ocrx_word' id='word_1_785' title='bbox 2070 4847 2174 4901; x_wconf 88' lang='lat' dir='ltr'><strong>ctis</strong></span> <span class='ocrx_word' id='word_1_786' title='bbox 2196 4847 2401 4901; x_wconf 89' lang='lat' dir='ltr'><strong>viribus</strong></span> <span class='ocrx_word' id='word_1_787' title='bbox 2426 4845 2875 4916; x_wconf 88' lang='lat' dir='ltr'><strong>projicit,lumen</strong></span> <span class='ocrx_word' id='word_1_788' title='bbox 2926 4844 3150 4899; x_wconf 89' lang='lat' dir='ltr'><strong>amittit.</strong></span> <span class='ocrx_word' id='word_1_789' title='bbox 3201 4842 3433 4897; x_wconf 71' lang='lat' dir='ltr'><strong>Illaasum</strong></span> <span class='ocrx_word' id='word_1_790' title='bbox 3480 4843 3680 4911; x_wconf 84' lang='lat' dir='ltr'><strong>quippe</strong></span> 
     </span>
    </p>
   </div>
   <div class='ocr_carea' id='block_1_111' title="bbox 2070 4934 3681 5010">
    <p class='ocr_par' dir='ltr' id='par_1_111' title="bbox 2070 4934 3681 5010">
     <span class='ocr_line' id='line_1_111' title="bbox 2070 4934 3681 5010; baseline -0.006 -13"><span class='ocrx_word' id='word_1_791' title='bbox 2070 4942 2253 4997; x_wconf 91' lang='lat' dir='ltr'><strong>cordis</strong></span> <span class='ocrx_word' id='word_1_792' title='bbox 2297 4940 2511 4996; x_wconf 84' lang='lat' dir='ltr'><strong>oculum</strong></span> <span class='ocrx_word' id='word_1_793' title='bbox 2560 4949 2765 5004; x_wconf 87' lang='lat' dir='ltr'><strong>servat,</strong></span> <span class='ocrx_word' id='word_1_794' title='bbox 2817 4939 3070 5010; x_wconf 89' lang='lat' dir='ltr'><strong>quisquis</strong></span> <span class='ocrx_word' id='word_1_795' title='bbox 3102 4938 3157 4992; x_wconf 87' lang='lat' dir='ltr'><strong>in</strong></span> <span class='ocrx_word' id='word_1_796' title='bbox 3218 4937 3377 4991; x_wconf 83' lang='lat' dir='ltr'><strong>bonis</strong></span> <span class='ocrx_word' id='word_1_797' title='bbox 3425 4934 3681 5004; x_wconf 88' lang='lat' dir='ltr'><strong>operibus</strong></span> 
     </span>
    </p>
   </div>
   <div class='ocr_carea' id='block_1_112' title="bbox 2069 5026 3681 5103">
    <p class='ocr_par' dir='ltr' id='par_1_112' title="bbox 2069 5026 3681 5103">
     <span class='ocr_line' id='line_1_112' title="bbox 2069 5026 3681 5103; baseline -0.007 -14"><span class='ocrx_word' id='word_1_798' title='bbox 2069 5030 2426 5103; x_wconf 84' lang='lat' dir='ltr'><strong>infatigabilis</strong></span> <span class='ocrx_word' id='word_1_799' title='bbox 2484 5040 2833 5099; x_wconf 83' lang='lat' dir='ltr'><strong>perseverat,</strong></span> <span class='ocrx_word' id='word_1_800' title='bbox 2889 5046 3012 5084; x_wconf 90' lang='lat' dir='ltr'><strong>cum</strong></span> <span class='ocrx_word' id='word_1_801' title='bbox 3060 5044 3191 5084; x_wconf 87' lang='lat' dir='ltr'><strong>vero</strong></span> <span class='ocrx_word' id='word_1_802' title='bbox 3256 5026 3681 5098; x_wconf 84' lang='lat' dir='ltr'><strong>pusillanimitcr</strong></span> 
     </span>
    </p>
   </div>
   <div class='ocr_carea' id='block_1_113' title="bbox 2069 5115 3678 5194">
    <p class='ocr_par' dir='ltr' id='par_1_113' title="bbox 2069 5115 3678 5194">
     <span class='ocr_line' id='line_1_113' title="bbox 2069 5115 3678 5194; baseline -0.007 -13"><span class='ocrx_word' id='word_1_803' title='bbox 2069 5124 2357 5194; x_wconf 88' lang='lat' dir='ltr'><strong>frangitur,</strong></span> <span class='ocrx_word' id='word_1_804' title='bbox 2392 5139 2498 5178; x_wconf 90' lang='lat' dir='ltr'><strong>non</strong></span> <span class='ocrx_word' id='word_1_805' title='bbox 2550 5123 2821 5177; x_wconf 88' lang='lat' dir='ltr'><strong>immerito</strong></span> <span class='ocrx_word' id='word_1_806' title='bbox 2869 5120 2989 5175; x_wconf 89' lang='lat' dir='ltr'><strong>luce</strong></span> <span class='ocrx_word' id='word_1_807' title='bbox 3035 5121 3306 5189; x_wconf 87' lang='lat' dir='ltr'><strong>privatur.</strong></span> <span class='ocrx_word' id='word_1_808' title='bbox 3362 5116 3503 5171; x_wconf 82' lang='lat' dir='ltr'><strong>Hinc</strong></span> <span class='ocrx_word' id='word_1_809' title='bbox 3531 5115 3678 5171; x_wconf 88' lang='lat' dir='ltr'><strong>enim</strong></span> 
     </span>
    </p>
   </div>
   <div class='ocr_carea' id='block_1_114' title="bbox 2072 5209 3675 5289">
    <p class='ocr_par' dir='ltr' id='par_1_114' title="bbox 2072 5209 3675 5289">
     <span class='ocr_line' id='line_1_114' title="bbox 2072 5209 3675 5289; baseline -0.007 -16"><span class='ocrx_word' id='word_1_810' title='bbox 2072 5218 2336 5288; x_wconf 81' lang='lat' dir='ltr'><strong>scriptum</strong></span> <span class='ocrx_word' id='word_1_811' title='bbox 2386 5225 2501 5271; x_wconf 88' lang='lat' dir='ltr'><strong>est:</strong></span> <span class='ocrx_word' id='word_1_812' title='bbox 2540 5235 2558 5267; x_wconf 84' lang='grc'>‹</span> <span class='ocrx_word' id='word_1_813' title='bbox 2592 5215 2684 5269; x_wconf 80' lang='lat' dir='ltr'><strong>Va:</strong></span> <span class='ocrx_word' id='word_1_814' title='bbox 2728 5215 2795 5270; x_wconf 89' lang='lat' dir='ltr'><strong>iis</strong></span> <span class='ocrx_word' id='word_1_815' title='bbox 2832 5214 2924 5283; x_wconf 93' lang='lat' dir='ltr'><strong>qui</strong></span> <span class='ocrx_word' id='word_1_816' title='bbox 2966 5212 3323 5281; x_wconf 88' lang='lat' dir='ltr'><strong>perdiderunt</strong></span> <span class='ocrx_word' id='word_1_817' title='bbox 3356 5209 3675 5289; x_wconf 75' lang='lat' dir='ltr'><strong>substineb-</strong></span> 
     </span>
    </p>
   </div>
   <div class='ocr_carea' id='block_1_115' title="bbox 2072 5302 3676 5381">
    <p class='ocr_par' dir='ltr' id='par_1_115' title="bbox 2072 5302 3676 5381">
     <span class='ocr_line' id='line_1_115' title="bbox 2072 5302 3676 5381; baseline -0.006 -17"><span class='ocrx_word' id='word_1_818' title='bbox 2072 5309 2235 5364; x_wconf 89' lang='lat' dir='ltr'><strong>tiam!</strong></span> <span class='ocrx_word' id='word_1_819' title='bbox 2261 5307 2451 5381; x_wconf 82' lang='lat' dir='ltr'><strong>(Eccli.</strong></span> <span class='ocrx_word' id='word_1_820' title='bbox 2474 5306 2616 5377; x_wconf 87' lang='lat' dir='ltr'><strong>vtu.)</strong></span> <span class='ocrx_word' id='word_1_821' title='bbox 2640 5326 2656 5358; x_wconf 85' lang='grc'>›</span> <span class='ocrx_word' id='word_1_822' title='bbox 2685 5306 2825 5361; x_wconf 85' lang='lat' dir='ltr'><strong>Hinc</strong></span> <span class='ocrx_word' id='word_1_823' title='bbox 2850 5304 3047 5360; x_wconf 86' lang='lat' dir='ltr'><strong>Paulus</strong></span> <span class='ocrx_word' id='word_1_824' title='bbox 3068 5305 3175 5358; x_wconf 89' lang='lat' dir='ltr'><strong>ait:</strong></span> <span class='ocrx_word' id='word_1_825' title='bbox 3211 5322 3229 5355; x_wconf 73' lang='grc' dir='ltr'>ί</span> <span class='ocrx_word' id='word_1_826' title='bbox 3256 5302 3507 5371; x_wconf 79' lang='lat' dir='ltr'><strong>Vigilate,</strong></span> <span class='ocrx_word' id='word_1_827' title='bbox 3531 5308 3676 5356; x_wconf 86' lang='lat' dir='ltr'><strong>stato</strong></span> 
     </span>
    </p>
   </div>
   <div class='ocr_carea' id='block_1_116' title="bbox 2068 5390 3673 5469">
    <p class='ocr_par' dir='ltr' id='par_1_116' title="bbox 2068 5390 3673 5469">
     <span class='ocr_line' id='line_1_116' title="bbox 2068 5390 3673 5469; baseline -0.01 -11"><span class='ocrx_word' id='word_1_828' title='bbox 2068 5404 2125 5458; x_wconf 88' lang='lat' dir='ltr'><strong>in</strong></span> <span class='ocrx_word' id='word_1_829' title='bbox 2158 5403 2284 5467; x_wconf 82' lang='lat' dir='ltr'><strong>ﬁde,</strong></span> <span class='ocrx_word' id='word_1_830' title='bbox 2316 5400 2547 5456; x_wconf 88' lang='lat' dir='ltr'><strong>viriliter</strong></span> <span class='ocrx_word' id='word_1_831' title='bbox 2572 5401 2713 5468; x_wconf 87' lang='lat' dir='ltr'><strong>agite</strong></span> <span class='ocrx_word' id='word_1_832' title='bbox 2741 5398 2792 5469; x_wconf 89' lang='lat' dir='ltr'><strong>(I</strong></span> <span class='ocrx_word' id='word_1_833' title='bbox 2827 5397 2947 5453; x_wconf 81' lang='lat' dir='ltr'><strong>Cor.</strong></span> <span class='ocrx_word' id='word_1_834' title='bbox 2981 5398 3116 5467; x_wconf 84' lang='lat' dir='ltr'><strong>xvr).</strong></span> <span class='ocrx_word' id='word_1_835' title='bbox 3154 5414 3172 5447; x_wconf 83' lang='lat' dir='ltr'><strong>r</strong></span> <span class='ocrx_word' id='word_1_836' title='bbox 3210 5395 3351 5461; x_wconf 86' lang='lat' dir='ltr'><strong>Quid</strong></span> <span class='ocrx_word' id='word_1_837' title='bbox 3381 5407 3511 5447; x_wconf 88' lang='lat' dir='ltr'><strong>vero</strong></span> <span class='ocrx_word' id='word_1_838' title='bbox 3533 5390 3673 5447; x_wconf 89' lang='lat' dir='ltr'><strong>levi-</strong></span> 
     </span>
    </p>
   </div>
   <div class='ocr_carea' id='block_1_117' title="bbox 2070 5485 3673 5555">
    <p class='ocr_par' dir='ltr' id='par_1_117' title="bbox 2070 5485 3673 5555">
     <span class='ocr_line' id='line_1_117' title="bbox 2070 5485 3673 5555; baseline -0.009 -5"><span class='ocrx_word' id='word_1_839' title='bbox 2070 5503 2156 5550; x_wconf 86' lang='lat' dir='ltr'><strong>ter</strong></span> <span class='ocrx_word' id='word_1_840' title='bbox 2182 5493 2476 5550; x_wconf 89' lang='lat' dir='ltr'><strong>volitantes</strong></span> <span class='ocrx_word' id='word_1_841' title='bbox 2505 5491 2855 5555; x_wconf 89' lang='lat' dir='ltr'><strong>hirundines,</strong></span> <span class='ocrx_word' id='word_1_842' title='bbox 2890 5489 2993 5543; x_wconf 90' lang='lat' dir='ltr'><strong>nisi</strong></span> <span class='ocrx_word' id='word_1_843' title='bbox 3036 5488 3180 5543; x_wconf 89' lang='lat' dir='ltr'><strong>leves</strong></span> <span class='ocrx_word' id='word_1_844' title='bbox 3228 5485 3570 5539; x_wconf 88' lang='lat' dir='ltr'><strong>adulantium</strong></span> <span class='ocrx_word' id='word_1_845' title='bbox 3616 5488 3673 5536; x_wconf 88' lang='lat' dir='ltr'><strong>et</strong></span> 
     </span>
    </p>
   </div>
   <div class='ocr_carea' id='block_1_118' title="bbox 2068 5576 3665 5657">
    <p class='ocr_par' dir='ltr' id='par_1_118' title="bbox 2068 5576 3665 5657">
     <span class='ocr_line' id='line_1_118' title="bbox 2068 5576 3665 5657; baseline -0.008 -17"><span class='ocrx_word' id='word_1_846' title='bbox 2068 5585 2269 5641; x_wconf 88' lang='lat' dir='ltr'><strong>blanda</strong></span> <span class='ocrx_word' id='word_1_847' title='bbox 2325 5583 2663 5657; x_wconf 82' lang='lat' dir='ltr'><strong>loquentium</strong></span> <span class='ocrx_word' id='word_1_848' title='bbox 2726 5582 3038 5652; x_wconf 78' lang='lat' dir='ltr'><strong>significant</strong></span> <span class='ocrx_word' id='word_1_849' title='bbox 3106 5579 3329 5634; x_wconf 85' lang='lat' dir='ltr'><strong>mores?</strong></span> <span class='ocrx_word' id='word_1_850' title='bbox 3376 5577 3479 5643; x_wconf 89' lang='lat' dir='ltr'><strong>Qui</strong></span> <span class='ocrx_word' id='word_1_851' title='bbox 3536 5576 3665 5629; x_wconf 82' lang='lat' dir='ltr'><strong>dum</strong></span> 
     </span>
    </p>
   </div>
   <div class='ocr_carea' id='block_1_119' title="bbox 2071 5666 3666 5742">
    <p class='ocr_par' dir='ltr' id='par_1_119' title="bbox 2071 5666 3666 5742">
     <span class='ocr_line' id='line_1_119' title="bbox 2071 5666 3666 5742; baseline -0.01 -9"><span class='ocrx_word' id='word_1_852' title='bbox 2071 5675 2431 5742; x_wconf 88' lang='lat' dir='ltr'><strong>blandiloquii</strong></span> <span class='ocrx_word' id='word_1_853' title='bbox 2459 5674 2543 5728; x_wconf 89' lang='lat' dir='ltr'><strong>sui</strong></span> <span class='ocrx_word' id='word_1_854' title='bbox 2582 5672 2853 5727; x_wconf 81' lang='lat' dir='ltr'><strong>suavitate</strong></span> <span class='ocrx_word' id='word_1_855' title='bbox 2878 5670 3208 5734; x_wconf 87' lang='lat' dir='ltr'><strong>demulcent,</strong></span> <span class='ocrx_word' id='word_1_856' title='bbox 3240 5670 3365 5725; x_wconf 87' lang='lat' dir='ltr'><strong>dum</strong></span> <span class='ocrx_word' id='word_1_857' title='bbox 3395 5666 3666 5720; x_wconf 83' lang='lat' dir='ltr'><strong>adulatio-</strong></span> 
     </span>
    </p>
   </div>
   <div class='ocr_carea' id='block_1_120' title="bbox 2071 5760 3662 5838">
    <p class='ocr_par' dir='ltr' id='par_1_120' title="bbox 2071 5760 3662 5838">
     <span class='ocr_line' id='line_1_120' title="bbox 2071 5760 3662 5838; baseline -0.008 -14"><span class='ocrx_word' id='word_1_858' title='bbox 2071 5767 2160 5824; x_wconf 89' lang='lat' dir='ltr'><strong>nis</strong></span> <span class='ocrx_word' id='word_1_859' title='bbox 2212 5766 2332 5823; x_wconf 83' lang='lat' dir='ltr'><strong>olco</strong></span> <span class='ocrx_word' id='word_1_860' title='bbox 2393 5773 2559 5836; x_wconf 90' lang='lat' dir='ltr'><strong>caput</strong></span> <span class='ocrx_word' id='word_1_861' title='bbox 2610 5764 2880 5820; x_wconf 87' lang='lat' dir='ltr'><strong>audientis</strong></span> <span class='ocrx_word' id='word_1_862' title='bbox 2948 5766 3306 5838; x_wconf 86' lang='lat' dir='ltr'><strong>impinguant,</strong></span> <span class='ocrx_word' id='word_1_863' title='bbox 3375 5760 3662 5814; x_wconf 84' lang='lat' dir='ltr'><strong>interiores</strong></span> 
     </span>
    </p>
   </div>
  </div>
