4260 6438
790 351 893 410 279

1315 353 1372 407 S.
1411 348 1613 406 PETRI
1655 345 1930 402 DAMIANI
1966 345 2116 401 OPP.
2153 343 2332 400 PARS
2367 339 2496 401 SEU
2536 341 2768 400 TOMUS
2796 341 2838 397 I.
2877 370 2947 382 —
2992 339 3204 396 EPIST.
3246 337 3373 394 LIB.
3412 337 3543 396 VIII.

791 467 994 528 oculos,
1023 477 1099 529 ne
1117 463 1270 520 solita
1299 462 1413 518 luce
1441 465 1803 532 perfruantur,
1839 468 2139 516 exczeeant:
2170 477 2188 509 ι
2208 461 2346 512 Cor-
2371 466 2420 521 Α
2447 459 2598 514 duxit
2622 461 2690 512 ad
2719 459 2970 521 medium,
2997 457 3099 511 nisi
3120 463 3179 510 ut
3203 464 3258 508 tu
3281 452 3548 524 intelligas
3575 455 3724 522 quia,
3749 450 4030 521 quantum

795 556 952 626 ripiet
984 571 1068 610 me
1111 555 1305 624 justus,
1331 554 1524 624 inquit,
1566 554 1619 608 iu
1649 553 2035 615 misericordia,
2086 559 2140 604 et
2170 550 2345 629 iticre-

794 649 938 715 pabit
965 662 1081 712 me;
1119 649 1294 704 oleum
1347 656 1524 702 autem
1563 646 1860 716 peccatoris
1898 660 2002 699 non
2051 642 2348 712 impingunt

791 745 947 806 caput
977 753 1152 792 meum
1202 734 1374 808 (Psal.
1421 735 1663 804 cxsvm).
1698 755 1717 787 ι
1751 735 1816 789 Et
1844 744 2094 803 tanquam
2138 739 2347 785 stercus

800 814 972 879 (culis
1002 825 1271 896 ingerunt,
1308 825 1432 880 dum
1456 822 2028 892 lenocinantiseloquii
2059 819 2351 889 quemlibet

798 912 996 966 blanda
1059 913 1381 968 verbositate
1427 919 1750 980 perungunt.
1803 911 1851 965 A
1906 909 2099 980 quibus
2144 907 2350 963 scilicet

792 999 908 1071 haec
934 1014 1075 1067 saepe
1100 1000 1351 1053 dicuntur
1377 1017 1390 1052 :
1428 1016 1448 1049 ι
1479 997 1609 1053 Vive
1637 999 1777 1052 dum.
1806 997 1962 1060 vivis,
1999 1009 2180 1049 recrea
2227 1006 2348 1048 cor-

791 1103 893 1158 pus
919 1089 1143 1153 eduliis;
1174 1105 1242 1143 ne
1269 1089 1312 1146 si
1343 1104 1400 1144 se
1427 1089 1722 1146 districtius
1745 1097 1962 1150 atteret,
1995 1095 2069 1142 tot
2095 1080 2348 1154 oppressa

796 1175 1068 1232 laboribus
1101 1193 1228 1232 caro
1270 1176 1472 1249 fragilis
1500 1192 1620 1234 mox
1660 1177 1994 1231 succumbat.
2027 1192 2045 1224 ι
2109 1173 2348 1228 Persona

797 1277 886 1320 tua
910 1267 1342 1324 clementioribus
1364 1266 1642 1322 excolatur
1662 1265 1922 1329 induviis,
1952 1273 2010 1318 ut
2039 1265 2152 1334 ejus
2189 1276 2350 1334 quam

797 1364 949 1410 tenes
979 1366 1218 1412 servetur
1243 1358 1455 1428 genium
1496 1357 1787 1427 dignitatis.
1821 1355 2228 1426 Agglomeretur
2269 1351 2351 1406 la-

797 1447 1000 1500 teribus
1043 1447 1146 1500 tuis
1199 1447 1250 1500 in
1305 1447 1523 1502 modum
1576 1446 1728 1500 cunei
1785 1446 1936 1499 turba
1964 1444 2261 1506 clientium,
2297 1448 2356 1496 ut

794 1539 918 1593 dum
963 1546 1014 1592 te
1048 1539 1464 1592 commeantium
1519 1537 1801 1591 multitudo
1847 1537 2194 1598 condecorat,
2238 1543 2347 1586 tam

798 1626 1040 1682 sublimis
1062 1626 1234 1680 honor
1260 1624 1416 1680 olIicii
1439 1641 1541 1680 non
1581 1625 1818 1679 vilescat.
1852 1623 1956 1678 Sed
1985 1625 2030 1688 si
2061 1623 2214 1676 nobis
2242 1623 2356 1676 hac

801 1715 1076 1779 diabolica:
1125 1715 1477 1784 malignitatis
1523 1716 1822 1772 amaritudo
1851 1714 2137 1782 detegitur,
2183 1721 2358 1767 lenta-

2445 548 2607 603 distat
2642 547 2782 602 inter
2817 545 3001 601 oculos
3032 553 3088 600 et
3119 543 3358 614 capillos,
3401 551 3608 599 tantum
3645 532 3759 597 fere
3794 542 3848 596 in
3878 547 4030 597 €00-

2449 631 2803 705 templatiouis
2828 634 3004 690 studio
3034 633 3177 691 inter
3202 631 3450 702 praelatos
3474 629 3677 686 distare
3714 629 3932 694 debeat,
3961 629 4030 684 et

2447 725 2743 794 subjectos?
2789 733 3052 794 quatenus
3096 731 3151 777 tu
3201 736 3408 786 eorum,
3456 721 3549 789 qui
3599 720 3693 781 tibi
3739 718 4024 776 commissi

2447 824 2589 881 sunt,
2619 813 2826 881 oculus,
2860 823 2915 868 tu
2941 812 3310 884 spiritualibus
3335 809 3526 876 studiis
3551 809 3634 866 sis
3663 809 3926 877 intentus,
3962 817 4026 867 et

2449 906 2630 962 videas
2665 918 2772 978 non
2811 903 2968 958 modo
2996 902 3110 962 tibi.
3150 901 3244 958 sed
3282 910 3335 956 et
3373 899 3496 956 sibi.
3534 897 3674 955 Hinc
3705 899 4027 970 frequenter

2447 999 2687 1054 exoritur
2723 995 3000 1052 inundatio
3024 993 3272 1058 ﬂetuum,
3303 991 3537 1048 salubris
3563 991 3906 1062 compunctio
3935 989 4022 1045 la-

2449 1101 2778 1156 crymarum.
2809 1083 2945 1138 Hinc
2969 1091 3052 1139 est
3089 1083 3232 1153 quod
3264 1082 3317 1134 in
3346 1079 3544 1136 Genesi
3584 1079 3780 1150 legitur
3806 1096 3820 1133 :
3859 1096 3878 1132 ι
3902 1077 4028 1145 ,ιιιο

2450 1187 2532 1231 est
2555 1215 2570 1240 ,
2620 1176 2795 1245 inquit
2817 1215 2832 1240 ,
2882 1173 3031 1238 Oua,
3062 1173 3154 1243 qui
3182 1171 3383 1227 invenit
3407 1184 3577 1239 aquas
3621 1169 3825 1226 calidas
3849 1169 3903 1224 in
3929 1182 4029 1225 so-

2453 1264 2710 1330 litudine,
2763 1264 2889 1319 dum
2933 1271 3178 1333 pasceret
3224 1262 3405 1317 asinos
3451 1258 3663 1317 Sebeon
3715 1259 3888 1330 patris
3940 1257 4032 1321 Ini

2454 1352 2605 1424 (Gen.
2635 1356 2842 1421 xxxvi).
2876 1373 2894 1406 ι
2927 1353 3038 1408 Hoc
3075 1352 3232 1423 plane
3257 1361 3517 1421 quantum
3554 1351 3623 1407 ad
3651 1349 3888 1407 litteram
3929 1363 4033 1406 va-

2454 1459 2581 1498 num
2608 1444 2815 1499 videtur
2837 1453 2903 1500 et
2914 1443 3180 1498 frivolum.
3209 1442 3346 1510 Quid
3371 1443 3516 1498 enim
3542 1441 3610 1498 ad
3638 1457 3853 1498 sacram
3877 1439 4034 1498 Scri-

2454 1542 2666 1603 pturam
2712 1533 2972 1604 pertinet,
3011 1541 3070 1586 ut
3115 1531 3312 1587 referat
3361 1533 3490 1602 quia
3527 1542 3710 1589 custos
3751 1533 4035 1589 asinorum

2457 1640 2626 1692 aquas
2656 1623 2852 1694 reperit
2893 1624 2945 1677 in
2993 1623 3240 1678 deserto?
3275 1622 3384 1678 Sed
3427 1623 3517 1677 ubi
3557 1624 3612 1678 in
3649 1623 3844 1679 litteris
3877 1622 4035 1680 nulla

2457 1715 2668 1770 videtur
2709 1715 2933 1778 utilitas,
2985 1715 3052 1770 ad
3099 1713 3432 1784 spiritualem
3475 1714 3882 1787 intelligentiam
3931 1730 4036 1783 ne-

794 1803 958 1858 tionis
997 1803 1216 1872 ingesue
1242 1804 1500 1873 caligines
1541 1803 1776 1857 funditus
1827 1811 2167 1856 evanescunt.
2201 1801 2353 1856 Unde
2386 1789 2432 1849 Β
2461 1817 2611 1858 cesse
2639 1812 2721 1858 est
2742 1816 2893 1857 mens
2917 1813 3174 1858 recurrat.
3205 1802 3344 1869 Quid
3369 1805 3454 1858 est
3483 1803 3627 1858 enim
3652 1818 3749 1874 per
3771 1802 4034 1873 ﬁguram,

795 1899 851 1946 et
902 1883 1007 1946 illic
1053 1892 1277 1945 dicitur:
1343 1908 1360 1942 ι
1397 1889 1547 1945 Tunc
1593 1905 1810 1944 sumens
1859 1889 2052 1944 Tobias
2115 1889 2178 1943 de
2236 1887 2356 1944 felle

798 1982 984 2051 piscis,
1009 1981 1184 2035 linivit
1204 1981 1386 2035 oculos
1422 1982 1559 2051 patri
1587 1996 1713 2044 suo;
1757 1994 1984 2058 moxque
2010 1979 2174 2048 cmpit
2202 1977 2353 2032 albu-

801 2089 868 2144 go
912 2088 975 2125 ex
1017 2073 1186 2127 oculis
1236 2071 1368 2141 ejus,
1421 2073 1573 2140 quasi
1629 2072 1989 2126 membranam
2029 2069 2116 2123 ovi
2152 2068 2355 2138 egredi,

804 2166 1090 2232 statimque
1116 2164 1288 2218 visum
1331 2163 1530 2232 recepit
1575 2160 1721 2232 (Tob.
1755 2160 1853 2231 xi).
1889 2180 1906 2212 ι
1938 2158 2030 2214 Fel
2056 2158 2252 2213 etenim
2276 2157 2357 2227 pi-

797 2255 904 2308 scis
939 2262 1022 2307 est
1061 2251 1262 2306 malitia
1307 2251 1643 2315 Beethmotli,
1684 2249 1772 2317 qui
1823 2256 1981 2317 caput
2025 2256 2109 2302 est
2162 2255 2217 2300 et
2256 2245 2356 2299 ini-

805 2344 938 2398 tium
967 2345 1127 2398 totius
1145 2342 1460 2411 iniquitatis.
1487 2341 1591 2410 77
1620 2341 1806 2394 Caecus
1832 2341 2009 2408 itaque
2037 2337 2160 2392 felle
2190 2335 2355 2404 piscis

808 2433 1080 2497 Oblinitur,
1109 2442 1160 2488 et
1211 2434 1453 2502 protinus
1499 2432 1710 2487 caecitas
1737 2430 2018 2499 eiI‘ttgatur,
2050 2430 2197 2498 quia,
2235 2442 2358 2482 sum

805 2523 1104 2580 amaritudo
1128 2521 1401 2576 diabolica:
1429 2522 1676 2575 versutia:
1706 2521 1907 2574 nostris
1943 2519 2112 2572 oculis
2139 2527 2358 2571 ostensa

805 2612 1138 2682 preponitur,
1191 2610 1531 2665 tenebrarum
1559 2623 1682 2662 mox
1727 2608 1898 2677 caligo
1928 2606 2256 2676 propellitur,
2300 2611 2355 2657 et

809 2701 900 2755 lux
929 2702 1166 2764 interior,
1190 2714 1308 2770 qua:
1334 2698 1478 2753 velut
1515 2696 1752 2768 eclipsim
1779 2709 1934 2766 passa
1962 2693 2157 2757 fuerat,
2191 2692 2359 2747 refor-

807 2807 892 2846 ma
900 2801 950 2846 tu
959 2808 1000 2846 l'.

875 2881 943 2935 Et
983 2881 1270 2935 notandum
1310 2879 1448 2948 quod
1487 2879 1679 2950 djcitur
1705 2877 1830 2947 quia
1871 2877 2020 2945 prius
2060 2873 2251 2944 albugo
2295 2873 2360 2927 de

803 2969 970 3025 oculis
993 2978 1077 3025 est
1104 2969 1247 3024 illius
1289 2983 1527 3040 egressa,
1568 2981 1622 3024 et
1648 2969 1726 3022 sic
1769 2966 1858 3020 lux
1904 2966 2044 3020 illico
2088 2972 2354 3034 reparata.

2456 1893 2568 1948 Oua
2596 1894 2648 1947 in
2677 1892 2961 1947 solitudine
2994 1893 3162 1962 patris
3191 1892 3272 1946 sui
3301 1892 3482 1948 asinos
3507 1907 3751 1963 pascere,
3780 1894 3887 1949 nisi
3921 1893 4038 1965 spi-

2455 1981 2702 2036 ritualem
2735 1981 3038 2051 quempiam
3065 1981 3259 2045 virum,
3286 1981 3373 2037 cui
3418 1980 3561 2037 Deus
3586 1990 3740 2052 pater
3769 1991 3872 2048 est,
3901 1983 4037 2038 sitn—

2456 2070 2620 2140 plices
2649 2071 2842 2124 fratres
2867 2071 2966 2125 sub
2993 2070 3285 2140 disciplina:
3311 2071 3618 2128 remotioris
3642 2073 3822 2129 studio
3845 2082 4033 2131 custo-

2457 2162 2609 2216 dire?
2655 2162 2721 2216 Et
2761 2161 2888 2231 quid
2935 2170 3018 2216 est
3057 2175 3225 2230 aquas
3269 2159 3472 2217 calidas
3513 2162 3776 2230 invenire,
3824 2162 3929 2218 nisi
3974 2162 4033 2218 in

2456 2252 2881 2323 compunctionis
2917 2253 3204 2322 lacrymas,
3230 2268 3349 2322 qua:
3372 2252 3439 2309 de
3468 2251 3678 2312 fervore
3708 2255 3878 2310 sancti
3909 2253 4038 2324 Spi-

2459 2346 2597 2399 ritus
2623 2345 2930 2408 eliciuntur,
2955 2343 3277 2414 erumpere?
3305 2342 3440 2398 Nam
3465 2352 3520 2399 et
3563 2345 3678 2414 ipsa
3708 2345 4036 2415 interprets-

2461 2437 2534 2489 tio
2589 2435 2861 2488 nominum
2927 2432 3085 2502 hujus
3142 2433 3326 2504 ilgurze
3388 2446 3496 2487 non
3532 2431 3754 2504 _refugit
3816 2432 4036 2491 intelleo

2457 2534 2622 2579 ctum.
2680 2523 2850 2579 Onam
2903 2522 3166 2590 siquidem
3202 2520 3372 2586 dolor,
3424 2521 3507 2577 vel
3565 2521 3778 2576 tristitia
3823 2539 4033 2589 eorum,

2457 2614 2569 2668 sive
2622 2613 2784 2668 etiam
2839 2611 3170 2678 mussitatio,
3227 2609 3312 2666 vel
3365 2612 3710 2666 murmuratio
3764 2613 4032 2684 interpre-

2459 2713 2619 2758 tatur.
2693 2703 2946 2774 Quisquis
3003 2702 3113 2774 78
3171 2701 3315 2758 enim
3371 2701 3802 2772 compunctionis
3851 2701 4065 2759 dolorr

2460 2795 2720 2858 tristatur,
2768 2793 2921 2862 quasi
2967 2791 3067 2853 sub
3114 2791 3344 2860 quadam
3391 2789 3614 2860 querula
3657 2791 4037 2851 mussitatione

2463 2885 2744 2939 adversum
2771 2883 3091 2952 pravitatem
3121 2882 3246 2936 vita:
3280 2895 3392 2936 sua:
3425 2894 3763 2936 murmurare
3790 2878 4037 2950 compel-

2461 2977 2609 3031 litur.
2663 2974 2872 3030 Sebeon
2913 2983 3091 3028 autem
3126 2973 3533 3043 interpretatur,
3585 2981 3732 3026 stam
3772 2971 3825 3025 in
3867 2971 4037 3041 cqui-

805 3057 900 3112 llle
924 3057 1118 3127 quippe
1155 3057 1208 3111 in
1241 3056 1410 3111 oculis
1434 3056 1571 3123 gerit
1603 3055 1924 3125 albuginem,
1951 3054 2039 3123 qui
2067 3054 2132 3108 de
2153 3068 2211 3106 se
2236 3067 2361 3106 sas-
2402 3127 2428 3132 _
2462 3073 2601 3128 ισω,
2655 3065 2798 3132 quod
2846 3061 2956 3116 Deo
2992 3074 3289 3132 congruere
3325 3073 3485 3115 nemo.
3538 3074 3761 3128 prorsus
3800 3059 4036 3131 ignorat.

808 3147 1008 3202 ctitatis
1038 3147 1201 3202 habet
1234 3147 1552 3216 opinionem.
1594 3145 1842 3215 Quisquis
1875 3159 2004 3213 ergo
2039 3157 2358 3212 recuperare
2385 3127 2431 3194 C
2461 3154 2579 3222 ιρεο
2605 3127 2801 3221 quippe
2827 3149 2882 3204 in
2904 3127 3155 3218 aequitate
3175 3127 3674 3217 principaliteristat
3703 3147 3795 3219 qui
3819 3127 3850 3201 5
3873 3147 4041 3217 jam-

807 3237 919 3292 vult
942 3237 1138 3302 lucem,
1170 3246 1408 3306 amputet
1430 3253 1460 3291 a
1499 3251 1556 3291 se
1580 3237 1728 3307 prius
1753 3237 2011 3292 aﬂectatte
2047 3235 2360 3291 :nstimatio-

807 3329 894 3386 nis
920 3328 1259 3398 albugiaem,
1275 3336 1335 3383 ut
1375 3341 1433 3385 se
1461 3341 1565 3383 non
1611 3329 1836 3401 abneget
1874 3334 2230 3396 peccatorem,
2272 3324 2363 3393 qui

807 3420 1011 3490 peccati
1032 3419 1146 3474 vult
1163 3418 1390 3475 evadere
1409 3419 1725 3474 caecitatem.
1749 3416 1937 3474 «Beati
1963 3416 2161 3473 mundo
2181 3413 2342 3472 corde

811 3512 1061 3581 quoniam
1090 3509 1190 3580 ipsi
1237 3508 1401 3564 Deum
1432 3509 1684 3564 videbunt
1712 3508 1924 3580 (Matth.
1953 3508 2029 3578 v).
2070 3526 2087 3559 ι
2119 3506 2210 3562 Isti
2240 3513 2367 3561 sust

811 3601 982 3668 oculi,
1015 3600 1298 3670 dequibus
1326 3600 1376 3654 in
1405 3598 1640 3654 Canticis
1665 3599 1895 3654 dicitur:
1935 3614 1953 3648 ι
1991 3596 2147 3654 Oculi
2176 3596 2248 3650 tui
2275 3609 2365 3650 co-

811 3694 1130 3755 lumbarum,
1167 3689 1368 3759 absque
1401 3703 1465 3743 eo
1501 3689 1642 3759 quod
1680 3687 1999 3744 intrinsecus
2031 3687 2160 3741 latet
2186 3686 2361 3756 (Cant.

815 3785 911 3852 tv).
952 3802 970 3834 ι
1009 3781 1145 3850 Quia
1183 3780 1307 3835 licet
1342 3780 1515 3835 sancti
1556 3793 1696 3833 nunc
1732 3777 2038 3834 Creatorem
2076 3791 2229 3832 suum
2267 3791 2364 3846 per

812 3871 1037 3941 gratiam
1059 3867 1517 3937 contemplationis
1541 3867 1818 3938 aspiciant.
1844 3866 1972 3921 latet
1995 3876 2168 3924 tamen
2189 3866 2365 3921 adhuc

811 3975 1062 4032 magnum
1092 3959 1318 4029 aliquid,
1349 3957 1417 4013 ad
1449 3959 1592 4028 quod
1629 3983 1682 4012 ιι.
1721 3960 1823 4013 hac
1845 3957 2175 4029 corruptibili
2203 3973 2365 4014 carne

814 4051 1060 4105 humanas
1085 4048 1277 4104 mentis
1301 4047 1443 4102 acies
1481 4061 1587 4101 non
1625 4047 1842 4116 aspirat.
1889 4045 1989 4102 Ubi
2028 4061 2152 4103 mox
2188 4047 2368 4118 sequi-‘-

812 4149 937 4196 tur:
969 4159 988 4191 ι
1021 4131 1215 4209 Capilli
1235 4138 1311 4192 tui
1335 4137 1472 4192 sicut
1496 4150 1684 4207 greges
1705 4151 2006 4205 caprarum,
2029 4151 2145 4206 qum
2179 4149 2368 4191 ascen-

815 4231 1007 4284 derunt
1047 4229 1113 4284 de
1151 4225 1353 4284 Galaad
1383 4224 1590 4296 (Ibid).
1624 4243 1642 4276 i
1681 4224 1834 4280 Sicut
1869 4226 2013 4292 enim
2057 4240 2154 4294 per
2185 4224 2369 4282 oculos

815 4317 1068 4372 Ecclesiae
1088 4316 1333 4371 doctores
1355 4314 1741 4386 intelliguntur,
1764 4316 1853 4384 qui
1879 4316 1944 4370 ad
1970 4315 2196 4371 videnda
2234 4313 2368 4371 infe-

819 4406 1048 4478 rioribus
1071 4405 1322 4460 membris
1343 4419 1548 4460 summa
1574 4420 1637 4461 ac
1657 4405 1954 4475 spiritualia
1983 4413 2105 4460 sunt
2135 4404 2362 4475 praelati,

2464 3243 2550 3297 tia:
2586 3239 2904 3297 rectitudine
2939 3237 3086 3292 nulla
3125 3237 3449 3294 necessitate
3484 3246 3702 3293 coactus
3740 3238 4040 3294 exorbitat.

2464 3333 2632 3387 Onam
2659 3343 2790 3400 ergo
2815 3325 2940 3382 dum
2967 3326 3139 3399 patris
3163 3326 3246 3384 sui
3272 3327 3480 3384 Sebeon
3526 3328 3708 3383 asinos
3748 3326 3801 3382 in
3845 3326 4038 3383 solitu-

2466 3423 2590 3480 dine
2623 3419 2813 3492 pascit,
2856 3433 3021 3488 aquas
3051 3417 3255 3473 calidas
3292 3415 3513 3488 reperit,
3542 3416 3669 3486 quia
3705 3415 3954 3486 quisquis
3983 3431 4044 3473 se

2465 3531 2560 3587 per
2584 3516 2708 3570 vitm
2738 3510 3112 3568 rectitudinem
3142 3511 3251 3564 Deo
3279 3507 3447 3564 illium
3476 3508 3698 3564 exhibet
3723 3521 3787 3563 ac
3815 3507 3882 3564 de
3909 3521 4044 3578 pec-

2467 3607 2604 3662 catis
2629 3606 2740 3660 suis
2765 3600 3071 3658 medullitus
3095 3598 3258 3666 dolet,
3283 3597 3409 3654 dum
3434 3596 3494 3653 se
3520 3597 3694 3653 reddit
3715 3597 3770 3652 in
3795 3595 4044 3667 pervigili

2466 3695 2689 3750 fratrum
2718 3708 2848 3748 cura
2877 3689 3188 3754 sollicitum,
3212 3687 3394 3744 divino
3415 3700 3637 3742 munere
3663 3685 3893 3756 percipit
3916 3700 4046 3757 gra.

2469 3785 2595 3839 tiam
2619 3783 2976 3852 lacrymarum
3006 3796 3020 3833 :
3050 3791 3176 3833 nam
3208 3787 3264 3833 et
3287 3776 3446 3832 beata
3475 3775 3564 3831 illa
3590 3775 3863 3851 peccatrix
3890 3775 4046 3862 prius

2464 3875 2630 3946 pedes
2657 3872 2866 3928 Domini
2892 3879 3164 3941 unguento
3196 3869 3480 3940 perunxit,
3514 3868 3852 3938 postmodum
3878 3867 4047 3925 etiam

2468 3963 2794 4020 alabastrum
2821 3960 3077 4031 unguenti
3107 3959 3329 4030 pretiosi
3352 3972 3514 4028 super
3537 3966 3698 4028 caput
3724 3959 4047 4027 recumben-

2467 4057 2538 4111 tis
2553 4052 2738 4110 eﬂudit
2757 4051 2972 4124 (latth.
2995 4063 3122 4106 nvr
3143 4067 3158 4117 ;
3183 4049 3352 4106 Herc.
3380 4064 3501 4116 xiv;
3529 4049 3691 4105 loeti.
3719 4050 3837 4121 xit).
3867 4049 4046 4122 Caput

2469 4141 2690 4206 Christi,
2730 4141 2899 4205 Deus;
2940 4139 3104 4210 pedes
3125 4138 3352 4205 Christi,
3390 4138 3532 4194 servi
3562 4137 3677 4195 Dei.
3718 4135 3871 4194 Sicut
3895 4139 4046 4196 enim

2471 4227 2582 4294 illa,
2607 4227 2732 4282 dum
2757 4227 3076 4282 humanitati
3105 4225 3305 4282 Christi
3334 4226 3585 4296 dependit
3609 4226 3950 4305 obsequium,
3973 4226 4047 4284 ad

2471 4317 2765 4372 divinitatis
2809 4316 3074 4387 attingere
3120 4315 3323 4372 meruit
3365 4314 3718 4381 intellectum,
3759 4317 3839 4374 sic
3883 4317 4048 4373 nimi-

2470 4421 2609 4471 rum,
2646 4407 2724 4464 sic
2751 4407 2940 4463 doctor
2964 4405 3239 4472 Ecclesia,
3273 4406 3398 4462 dum
3435 4405 3638 4462 Christi
3676 4407 3915 4462 membra
3950 4423 4048 4464 cu-

816 4497 894 4551 sic
913 4496 1074 4550 etiam
1095 4509 1194 4564 per
1221 4493 1458 4565 capillos,
1479 4508 1768 4564 gregesque
1789 4509 2068 4564 caprarum
2088 4496 2368 4566 designan—
2396 4488 2448 4547 D
2473 4495 2635 4552 stodit
2654 4537 2669 4560 ,
2718 4495 3143 4566 contemplanda
3188 4495 3484 4551 divinitatis
3525 4495 3756 4566 gratiam
3795 4496 4045 4567 percipit.

817 4594 904 4639 tur
939 4582 1206 4653 simplices
1241 4594 1296 4638 et
1332 4582 1572 4650 subjecti.
1614 4580 1714 4648 Qui
1755 4583 2036 4648 nimirum,
2075 4592 2132 4638 et
2179 4583 2224 4638 si
2260 4597 2371 4653 pra

821 4674 1160 4743 simplicitate
1187 4673 1438 4744 mysteria
1470 4687 1692 4744 quaeque
1733 4687 1797 4728 ac
1831 4688 2040 4728 summa
2070 4682 2369 4742 penetrant,

823 4759 1163 4818 multitudine
1195 4771 1369 4817 tamen
1397 4771 1453 4817 et
1477 4760 1860 4832 compositione
1883 4777 1980 4817 sua
2001 4771 2242 4818 sanctam
2267 4763 2370 4818 Ec-

823 4851 1063 4917 clesiam,
1094 4851 1240 4907 velut
1267 4852 1440 4922 capilli
1481 4861 1658 4922 caput,
1695 4863 1976 4908 exornant.
2021 4853 2213 4924 Capra,
2246 4854 2376 4924 quia

823 4941 1132 5012 plerumque
1169 4956 1308 4998 .cum
1359 4951 1580 5013 peccato
1629 4941 1868 5008 offertur,
1921 4945 2088 5014 ﬁgura
2133 4944 2372 5014 peccati;

825 5029 1023 5087 Galaad
1063 5049 1080 5083 ι
1123 5045 1346 5092 acervus
1389 5050 1407 5083 ι
1449 5040 1534 5088 est
1572 5049 1590 5084 ι
1638 5032 1946 5088 testimonii.
1983 5053 1998 5085 ι
2039 5033 2140 5089 Per
2175 5034 2381 5090 Galaad

827 5136 975 5194 ergo,
1013 5121 1303 5187 Christum,
1343 5123 1428 5177 cui
1470 5133 1776 5179 sanctorum
1819 5124 2058 5180 omnium
2094 5125 2378 5182 multitudo

826 5214 1074 5285 perhibet
1100 5213 1494 5279 testimonium;
1530 5230 1626 5283 per
1652 5213 1871 5284 capillos
1902 5229 2048 5278 vero,
2081 5215 2164 5270 vel
2191 5231 2372 5288 capra-

826 5319 946 5358 rum
973 5317 1182 5374 greges,
1206 5303 1596 5360 multitudinem
1627 5305 1966 5375 intelligimus
1993 5304 2372 5374 subiectorum.

822 5395 1027 5465 Greges
1051 5410 1181 5465 ergo
1217 5409 1494 5466 caprarum
1524 5397 1819 5452 ascendunt
1843 5399 1910 5454 de
1944 5406 2124 5453 monte
2153 5397 2376 5467 Galaad,

2471 4585 2738 4642 Praeterea
2781 4586 3022 4642 nonnulli
3062 4595 3188 4642 sunt
3219 4585 3490 4656 simplices
3530 4585 3744 4652 fratres,
3782 4587 3876 4658 qui
3913 4587 4050 4658 quid

2475 4675 2544 4730 sit
2574 4675 2955 4744 contemplatio
2976 4676 3243 4741 nesciunt,
3273 4685 3435 4746 atque
3457 4676 3577 4733 ideo
3598 4676 3651 4731 in
3679 4675 4050 4747 spiritualibus

2474 4761 2668 4817 studiis
2700 4776 2759 4816 se
2788 4776 3042 4816 exercere
3073 4763 3377 4819 nullatenus
3413 4774 3656 4834 possunt,
3689 4754 3791 4819 sed
3817 4763 3943 4819 dum
3988 4777 4050 4820 se

2475 4851 2718 4908 funditus
2747 4853 2814 4908 ab
2843 4853 2946 4908 hoc
2971 4852 3172 4909 mundo
3199 4853 3545 4918 mortiﬁcant,
3578 4853 3705 4908 dum
3732 4852 3958 4925 fatigare
3987 4868 4050 4911 se

2482 4944 2708 5000 diversis
2744 4960 2840 5015 per
2881 4945 3238 5001 obedientiam
3276 4945 3548 5002 laboribus
3587 4954 3840 5017 satagunt
3880 4959 3948 5001 ac
3991 4945 4051 5002 in

2481 5034 2730 5089 omnibus
2776 5035 3148 5106 obtemperare
3193 5035 3307 5090 suis
3348 5035 3618 5107 prioribus
3665 5033 4050 5101 inardescunt,

2481 5125 2624 5198 apud
2649 5125 3067 5197 omnipotentem
3100 5125 3269 5182 Deum
3293 5126 3466 5184 locum
3497 5125 3879 5184 familiaritatis
3902 5127 4047 5183 obti-

2480 5222 2630 5280 nent,
2661 5214 2736 5270 ita
2761 5222 2822 5271 ut
2851 5228 2948 5286 per
2983 5230 3078 5273 eos
3104 5215 3391 5288 aliquando
3412 5217 3578 5274 etiam
3609 5217 3760 5289 signa
3785 5217 4049 5276 virtutum

2479 5304 2632 5360 ﬁant.

2551 5395 2732 5452 Pridie
2765 5407 2930 5466 certe,
2957 5399 3082 5455 dum
3102 5399 3214 5470 jam
3253 5399 3333 5457 sol
3367 5415 3618 5458 occasum
3640 5409 3909 5472 vergeret,
3931 5399 4051 5474 lfu-

821 5485 947 5550 quia
970 5492 1277 5539 sanctorum
1302 5486 1538 5540 omnium
1567 5484 1848 5540 multitudo
1871 5485 1937 5540 de
1962 5486 2193 5552 Christo,
2218 5501 2382 5556 quem
2483 5493 2568 5540 ter
2590 5487 2830 5555 quidam,
2859 5489 3094 5546 Joannes
3119 5490 3357 5558 nomine,
3389 5493 3457 5548 ad
3481 5505 3569 5547 me
3603 5491 3770 5556 venit,
3802 5503 3858 5547 et
3883 5492 4052 5548 mira-

825 5571 1037 5627 sibimet
1061 5572 1260 5628 faciunt
1299 5573 1723 5640 fundamentum,
1749 5577 2107 5632 conscendere
2131 5585 2383 5650 satagunt
2485 5577 2663 5636 culum
2705 5580 2905 5638 celebri
2944 5582 3203 5640 memoria
3231 5582 3450 5654 dignum
3490 5582 3593 5638 sibi
3634 5581 3838 5638 dudum
3876 5579 4053 5638 conti-

826 5663 1036 5728 esceisa
1060 5665 1332 5724 virtutum.
1373 5665 1479 5726 Sed
1508 5683 1603 5728 cur
1626 5666 1728 5727 hoc
1755 5667 2060 5742 exemplum
2085 5671 2257 5730 oratio
2280 5670 2379 5730 (Ιο-
2487 5679 2628 5752 gisse
2663 5685 2916 5743 narravit.
2956 5686 3109 5764 Cum,
3143 5678 3344 5756 inquit,
3373 5678 3429 5736 in
3463 5675 3744 5740 Crassense
3781 5683 4037 5742 monaste-
