4260 6384
358 381 442 443 Ill
1383 365 1591 426 LIBER
1610 362 2001 433 SECilNDUS,
2039 360 2261 420 EPIST.
2303 360 2443 420 Xllt.

3512 349 3621 411 989

357 493 426 551 rio
449 487 707 559 degerem,
732 491 788 542 et
814 481 1155 540 commissam
1183 478 1318 537 mihi
1347 494 1627 537 sacrorum
1647 483 1908 538 exedram
1928 478 1986 543 Δ
2008 491 2119 534 nou
2160 477 2415 533 deﬁcient
2454 489 2610 546 aqua:
2650 470 2808 544 (hei.
2837 473 3014 543 cvm).
3047 489 3068 523 ι
3101 469 3241 529 Cum
3284 469 3390 526 hoc
3432 468 3618 539 itaque

357 578 680 644 custodirem,
728 577 959 646 quadam
996 575 1084 631 die
1124 582 1249 645 post
1287 573 1700 643 completorium
1741 573 1910 632 libros

353 669 566 731 ecclesia:
594 667 649 722 in
689 666 914 722 archivo
953 665 1224 738 congessi,
1265 665 1458 722 deinde
1486 665 1694 724 clavem
1723 666 1912 738 impri-

353 777 503 826 mens,
539 767 594 814 ut
631 757 874 829 quotidie
913 771 1330 823 consueveram,
1371 757 1661 814 obseravi:
1702 758 1820 824 sed,
1853 765 1913 814 ut

352 861 456 925 post
493 848 689 920 liquido
734 845 928 919 patuit.
975 844 1043 901 de
1089 860 1249 902 cereo
1291 861 1454 920 quem
1499 845 1776 916 ferebam,
1816 861 1912 904 ne-

351 942 535 999 sciente
577 952 694 1004 me,
745 951 910 1008 vapor
952 935 1206 1003 emicuit,
1246 944 1304 992 et
1351 936 1576 993 linteum
1615 950 1727 1008 quo
1771 933 1911 993 liber

350 1029 669 1105 operiebatur
709 1027 928 1084 amavit.
967 1025 1125 1084 Mane
1150 1036 1336 1109 autem
1380 1027 1524 1086 facto
1561 1043 1684 1085 cum
1722 1042 1907 1084 arcam

349 1121 614 1194 aperirem,
642 1127 704 1174 ut
726 1119 893 1175 libros
923 1117 1185 1185 tollerem,
1212 1130 1433 1190 repente
1459 1120 1593 1189 mihi
1621 1119 1676 1176 in
1701 1117 1908 1176 vultum

345 1213 508 1270 fumus
541 1221 594 1270 et
628 1213 817 1284 igneus
862 1225 1030 1283 vapor
1071 1212 1329 1270 occurrit.
1378 1211 1726 1284 Stupefactus
1763 1214 1908 1272 illico

345 1313 490 1376 atque
515 1304 850 1376 perterritus,
873 1304 917 1361 si
945 1303 1085 1362 forte
1111 1305 1178 1361 de
1205 1304 1358 1362 libris
1387 1307 1564 1364 adhuc
1588 1307 1792 1380 aliquid
1817 1325 1913 1366 su-

342 1404 597 1468 peresset,
639 1397 780 1468 coepi
809 1395 1019 1453 curiose
1060 1398 1380 1470 perquirere
1412 1418 1424 1453 :
1471 1399 1598 1464 sed,
1631 1416 1666 1456 ο
1695 1401 1907 1458 incom-

338 1484 697 1557 prabensibilis
737 1485 932 1542 divina:
969 1485 1186 1542 virtutis
1231 1485 1489 1544 eﬁ'ectnsl
1548 1505 1674 1546 cum
1716 1505 1909 1548 omnes

341 1577 474 1634 lintei
496 1577 678 1648 viginti
707 1578 927 1634 circiter
947 1579 1123 1635 exusti
1149 1586 1332 1635 essent
1359 1579 1414 1635 in
1443 1581 1792 1653 cineremque
1821 1597 1909 1640 re-

337 1668 484 1734 dacti,
519 1669 714 1740 quibus
742 1669 997 1725 nimirum
1025 1670 1244 1727 codices
1273 1669 1491 1727 fuerant
1521 1672 1772 1739 involuti,
1805 1675 1908 1745 ipsi

338 1759 532 1816 codices
549 1761 771 1817 omnino
789 1762 1146 1818 servabantur
1169 1761 1341 1820 illaesi.
1361 1764 1534 1821 Porro
1557 1781 1742 1823 arcam
1766 1767 1908 1837 ignis

2015 569 2106 635 sit,
2141 570 2270 624 tunc
2298 567 2538 625 hominis
2563 566 2745 622 anima
2770 564 2914 622 facta
2939 571 3027 621 est
3050 562 3440 636 paradisus,_et
3464 560 3622 631 quasi

2013 675 2142 718 vere
2166 660 2230 717 ﬁt
2259 661 2453 717 hortus
2475 658 2819 727 deliciarum.
2857 655 3014 714 Tunc
3038 670 3195 712 amor
3232 654 3419 711 mundi
3435 653 3622 725 ,hnjus

2015 752 2074 808 in
2127 751 2548 808 amaritudinem
2600 750 2855 814 vertitur,
2903 762 3063 804 mens
3115 746 3352 803 carnalis
3393 743 3623 801 aﬁbctns

2011 841 2244 898 vinculis
2274 841 2526 913 expedita
2573 841 2630 897 in
2659 840 2770 896 alta
2813 838 3140 906 sustollitur,
3183 846 3247 918 et
3275 838 3332 895 in
3377 837 3495 894 solo
3534 838 3620 895 sui

2010 930 2288 990 Creatoris
2317 930 2581 990 iueﬂabili
2606 930 2968 989 contubernio
2995 930 3319 997 delectatur,
3349 930 3489 986 sicut
3522 945 3622 1000 per

2010 1024 2261 1080 eumdem
2287 1025 2611 1096 prophetam
2637 1023 2838 1081 dicitur
2868 1041 2882 1078 ε
2919 1043 2939 1077 ι
2970 1023 3110 1080 Tum
3140 1022 3500 1080 delectaberis
3528 1037 3621 1078 su-

2011 1132 2109 1189 per
2136 1117 2392 1186 Domino,
2417 1125 2473 1174 et
2502 1117 2784 1175 sustollam
2816 1127 2868 1173 te
2895 1132 3060 1189 super
3084 1117 3428 1174 altitudinem
3456 1125 3619 1174 terra

2009 1219 2067 1266 et
2087 1210 2282 1268 cibabo
2310 1219 2364 1268 te
2391 1211 2712 1267 haereditate
2735 1209 2905 1267 Jacob
2929 1200 3103 1282 patris
3126 1211 3205 1266 tui
3234 1209 3446 1283 (Ibid.).
3483 1229 3503 1263 ι
3533 1207 3620 1266 Ad

2009 1302 2116 1359 hoc
2152 1303 2448 1372 enitamur,
2486 1302 2802 1360 dulcissime
2834 1302 3026 1370 frater,
3064 1302 3270 1359 intimae
3304 1300 3621 1359 refectionls

2009 1395 2230 1468 epulum
2281 1398 2535 1465 tendere;
2585 1399 2686 1454 has
2727 1413 3007 1469 nunquam
3055 1396 3371 1454 desinamus
3416 1396 3618 1468 dapum

2010 1487 2320 1553 caelestium
2352 1488 2576 1546 delicias
2605 1489 2838 1555 esurire,
2868 1496 3140 1559 quatenus
3166 1487 3294 1544 dum
3329 1488 3434 1544 hoc
3458 1485 3618 1558 quasi

2009 1591 2180 1647 parvo
2203 1575 2500 1646 jentaculo,
2529 1592 2600 1634 ne
2641 1577 2962 1634 deﬁciamus
2989 1576 3044 1632 in
3071 1575 3180 1642 via,
3210 1574 3514 1641 deﬁcimus,
3546 1573 3619 1630 ad

2011 1668 2143 1725 illud
2189 1668 2437 1741 plenum,
2477 1669 2708 1742 quodin
2755 1668 2896 1726 cmlo
2940 1678 3046 1735 est,
3077 1668 3337 1757 nuptialis
3381 1668 3619 1730 convivii

2012 1760 2282 1818 ferculum
2308 1763 2640 1819 nutriamur.
2682 1762 2752 1818 Et
2780 1776 3095 1832 quanquam
3119 1760 3350 1818 diversis
3374 1770 3426 1816 te
3453 1773 3618 1830 nego-

334 1860 716 1920 penetraverat,
743 1859 800 1907 et
827 1851 1034 1924 largum
1069 1855 1461 1912 combustionis
1489 1855 1677 1914 urbem
1705 1859 1762 1915 in
1788 1835 1907 1930 ejus
1934 1835 1984 1898 Β
2013 1863 2016 1904 |

1935 1835 1984 1898 Β
2013 1851 2104 1908 tiis
2125 1867 2258 1908 cura
2284 1853 2571 1925 regiminls
2587 1843 2882 1925 opprimat,
2911 1851 2982 1908 ad
3011 1851 3189 1908 sinum
3214 1859 3396 1906 tamen
3417 1849 3617 1920 quietis

335 1939 483 1998 fundo
509 1941 817 2014 reliquerat.
854 1943 970 2000 Hoc
1012 1945 1194 2016 itaque
1227 1958 1509 2019 comperto
1543 1949 1744 2007 fratres
1770 1951 1906 2008 divi-

333 2045 445 2086 nam
472 2031 756 2089 laudavere
785 2033 1101 2104 potentiam,
1127 2035 1382 2106 quoniam
1411 2037 1464 2093 in
1489 2037 1788 2096 Chaldaico
1814 2052 1906 2098 ca-

332 2122 464 2178 mino
485 2121 740 2180 iiehreos
761 2125 1094 2180 custodierat
1118 2141 1316 2196 pueros
1346 2127 1507 2200 (Dan.
1539 2129 1646 2200 ιιι),
1674 2147 1820 2188 nunc
1848 2132 1906 2188 in

329 2225 455 2268 arca:
489 2213 770 2286 ﬂagrantis
813 2215 1062 2272 incendio
1106 2231 1234 2273 suos
1262 2219 1427 2274 etiam
1479 2230 1794 2278 servaverat
1839 2222 1906 2279 li-

329 2303 459 2359 bros.
490 2305 584 2360 Est
623 2315 809 2363 autem
853 2305 1023 2364 frater
1061 2307 1151 2365 ille
1185 2309 1281 2380 qui
1310 2310 1443 2366 mihi
1488 2311 1593 2366 ista
1635 2315 1901 2381 narravit,

325 2396 477 2457 idiota
510 2397 766 2468 quidem,
810 2397 904 2455 sed
942 2408 1049 2455 tam
1091 2399 1352 2460 ferventis
1391 2403 1747 2471 obedientiae,
1793 2415 1901 2462 tam

326 2487 416 2556 piae
449 2488 590 2555 vita,
633 2497 694 2546 ut
738 2505 1079 2562 nequaquam
1123 2492 1370 2550 videatur
1413 2496 1714 2567 indignum,
1758 2500 1902 2570 quod

325 2576 452 2634 Deus
477 2593 573 2650 per
600 2594 725 2635 eum
754 2579 1068 2652 dignantur
1095 2583 1356 2640 exhibere
1385 2585 1709 2658 prodigium.

386 2667 460 2723 ‘l'u
488 2679 692 2734 autem,
717 2670 1042 2728 venerabilis
1065 2670 1260 2738 frater,
1291 2675 1371 2730 sic
1399 2676 1621 2732 domum
1653 2677 1747 2734 Dei
1775 2693 1901 2735 cum

323 2760 596 2818 commisso
620 2775 789 2833 grege
812 2763 1104 2830 custodias,
1133 2775 1195 2820 ut
1221 2773 1274 2822 te
1296 2777 1478 2824 tamen
1505 2783 1604 2840 per
1632 2769 1900 2827 incuriam

325 2864 418 2904 non
451 2850 758 2923 relinquas;
789 2853 869 2908 sic
903 2852 1290 2911 fecunditatem
1331 2855 1443 2913 ιιι
1467 2858 1754 2930 gignendis
1777 2858 1902 2918 feti-

321 2938 410 2995 bus
443 2939 678 3006 excolas.
721 2949 781 2996 ut
822 2957 853 2997 a
883 2952 1120 2999 venustae
1165 2943 1371 3000 Rachel
1399 2945 1741 3017 amplexibus
1787 2963 1899 3006 non

322 3029 526 3085 recedas
571 3027 729 3102 (Gen.
763 3031 936 3102 xxix).
983 3029 1104 3088 Noli
1150 3041 1204 3089 te
1248 3034 1302 3090 in
1347 3036 1740 3093 asseutantinm
1788 3038 1900 3111 79

320 3117 668 3178 blandimenta
701 3123 988 3194 projicere,
1019 3140 1089 3181 ne
1117 3125 1246 3182 dum
1292 3135 1346 3184 te
1384 3127 1584 3184 levium
1614 3129 1895 3187 hominum

2011 1942 2239 2008 intima',
2279 1958 2405 1998 cum
2435 1943 2658 2015 poterit,
2688 1956 2844 1998 mens
2883 1956 3152 1999 recurrat.
3185 1941 3436 1997 Imitatus
3464 1940 3617 1996 scili-

2006 2045 2095 2092 cet
2129 2035 2374 2108 Moysen,
2421 2036 2515 2108 qui
2567 2035 2982 2092 tabernaculum
3026 2033 3251 2091 ftederis
3300 2033 3618 2104 frequenter

2006 2126 2247 2186 intrabat
2269 2135 2325 2183 et
2345 2127 2534 2183 exibat
2557 2125 2758 2198 (Exod.
2782 2127 3002 2197 χχχιιι).
3033 2123 3174 2193 Quid
3194 2131 3278 2181 est
3300 2125 3446 2180 enim
3468 2123 3617 2196 quod

2004 2216 2096 2272 ille
2118 2216 2314 2272 crebro
2337 2215 2747 2272 tabernaculum
2777 2203 3088 2287 ingreditur
3105 2227 3162 2270 et
3181 2214 3476 2284 egreditur,
3507 2213 3616 2270 nisi

2005 2315 2068 2361 ut
2092 2305 2399 2375 exemplum
2430 2306 2691 2376 praebeat,
2715 2305 2862 2376 quod
2893 2305 2960 2371 is,
2988 2303 3084 2376 qui
3113 2304 3261 2360 intus
3283 2303 3340 2360 in
3371 2313 3620 2361 contem-

2003 2398 2299 2470 plationem
2346 2399 2580 2470 rapitur,
2611 2397 2747 2454 foris
2785 2395 3182 2453 inﬁrmantium
3226 2396 3460 2467 negotiis
3507 2395 3617 2454 fre-

2003 2497 2237 2559 quenter
2267 2496 2517 2559 urgetur,
2560 2487 2709 2544 intus
2751 2485 2848 2543 Dei
2882 2501 3086 2543 arcana
3117 2486 3448 2554 considerat,
3480 2485 3617 2544 foris

2002 2594 2170 2636 onera
2202 2578 2503 2635 carnalium
2535 2587 2737 2650 portat.
2769 2576 2872 2646 Qui
2902 2577 2970 2634 de
2999 2577 3165 2634 rebus
3191 2591 3409 2648 quoque
3436 2575 3618 2633 dubiis

2002 2683 2220 2738 semper
2254 2668 2324 2724 ad
2353 2667 2770 2724 tabernaculum
2811 2667 3068 2733 recurrit,
3113 2681 3178 2724 ac
3213 2681 3402 2724 coram
3443 2676 3616 2724 testa-

2003 2759 2170 2815 menti
2199 2773 2324 2815 arca
2354 2758 2646 2815 Dominum
2677 2756 2936 2824 consulit,
2965 2755 3198 2813 formam
3227 2756 3417 2829 procul
3446 2756 3616 2814 dubio

2002 2851 2307 2908 rectoribus
2329 2851 2603 2923 praebens,
2629 2859 2687 2906 ut
2715 2864 2841 2906 cum
2868 2848 3003 2907 foris
3029 2851 3314 2921 ambigunt
3338 2851 3468 2921 quid
3497 2849 3613 2907 dis-

2001 2951 2247 3014 ponant,
2281 2941 2350 2998 ad
2380 2950 2620 2998 mentem
2663 2956 2881 3014 semper
2906 2942 3063 3012 quasi
3093 2943 3163 3000 ad
3199 2943 3612 3002 tabernacuiutn

1999 3031 2244 3100 redeant,
2290 3042 2348 3090 et
2372 3032 2519 3089 velut
2556 3048 2742 3090 coram
2783 3032 3096 3090 testamenti
3141 3047 3272 3090 arca
3317 3033 3606 3092 Dominum

1999 3126 2310 3194 consulant,
2340 3126 2388 3183 si
2429 3128 2497 3183 de
2531 3127 2620 3193 iis,
2647 3126 2703 3182 in
2730 3125 2930 3197 quibus
2955 3126 3210 3182 dubitant
3237 3127 3380 3197 apud
3411 3135 3614 3184 semet-

318 3222 442 3265 vana
463 3210 630 3268 verba
655 3212 947 3279 delectant;
977 3215 1046 3270 ad
1076 3215 1250 3272 instar
1277 3214 1460 3273 Tobiae
1484 3219 1685 3276 mentis
1709 3220 1896 3279 oculos
1922 3211 1970 3276 C
1999 3218 2149 3290 ipsos
2176 3219 2325 3275 intus
2355 3219 2498 3275 sacri
2525 3217 2726 3289 eloquii
2755 3217 2984 3290 paginas
3010 3218 3318 3290 requirunt.
3369 3218 3526 3277 Unde
3553 3227 3613 3278 et

319 3299 651 3362 hirundinum
680 3315 894 3364 stercus
919 3308 1156 3367 obducat
1174 3309 1328 3382 (Tot.
1353 3313 1439 3383 ιι).
1469 3310 1528 3370 Si
1548 3313 1672 3384 quis
1694 3323 1781 3371 est
1803 3314 1898 3386 qui

317 3403 365 3452 te
385 3397 744 3455 amicabiiiter
771 3399 1019 3472 corripit,
1048 3401 1178 3460 huic
1206 3417 1370 3461 aures
1395 3406 1778 3477 aequanimiter
1802 3406 1900 3463 ad-

318 3484 459 3553 hibe;
511 3486 581 3543 ab
627 3488 737 3545 illis
780 3499 959 3547 autem
1003 3491 1152 3548 velut
1189 3507 1456 3552 excreans
1497 3504 1554 3552 et
1603 3505 1900 3555 nauseatus

316 3584 502 3641 averte,
531 3593 603 3634 ne
636 3579 741 3661 tibi
763 3589 1025 3653 congruat
1055 3583 1201 3654 quod
1243 3582 1500 3644 Salomon
1527 3586 1607 3644 ait
1636 3606 1650 3644 :
1686 3606 1707 3641 ι
1743 3587 1896 3656 Viro,

317 3663 398 3732 qui
422 3667 809 3738 eorripientem
828 3669 965 3726 dura
993 3673 1208 3730 cervice
1233 3675 1556 3742 contemnit,
1581 3679 1900 3749 repentinus

315 3759 649 3825 superveniet
692 3759 968 3828 interitus,
995 3771 1051 3818 et
1079 3777 1203 3819 eum
1242 3765 1450 3822 sanitas
1473 3781 1601 3823 'non
1639 3778 1901 3840 sequetur

316 3843 484 3917 (Prov.
518 3855 702 3921 xxix).
738 3872 758 3906 s
807 3853 883 3910 De
930 3854 1129 3913 talibu.
1175 3863 1232 3914 et
1275 3871 1375 3928 per
1414 3858 1611 3917 leniam
1649 3861 1896 3917 dicitur:

317 3955 332 3990 ι
359 3936 586 4011 Populus
611 3943 762 3999 enim
791 3944 860 4000 ad
889 3945 1222 4003 iracundiam
1243 3962 1547 4019 provocans
1571 3958 1655 4006 est
1671 3990 1688 4009 .
1717 3958 1772 4007 et
1798 3949 1898 4007 ﬁlii

315 4033 613 4104 mendaces,
641 4036 742 4093 lilii
765 4037 1008 4095 nolentes
1029 4040 1219 4097 audire
1247 4040 1420 4114 legem
1447 4042 1574 4110 Dei;
1596 4046 1690 4114 qui
1713 4043 1901 4100 dicunt

313 4123 609 4186 videntibus
647 4143 665 4184 ι
710 4127 886 4187 Nolite
909 4130 1126 4199 videre;
1168 4144 1226 4190 et
1253 4134 1684 4206 aspicientibus:
1718 4133 1898 4193 Nolite

312 4215 544 4284 aspicere
574 4218 740 4275 nobis
772 4234 838 4276 ea
867 4235 988 4290 quae
1031 4230 1180 4279 recta
1222 4231 1368 4280 sunt.
1399 4223 1710 4296 Loquimini
1739 4225 1900 4284 nobis

310 4302 589 4398 placentia,
623 4311 811 4368 videte
851 4311 1008 4370 nobis
1031 4328 1267 4382 errores,
1310 4315 1522 4372 auferte
1549 4332 1580 4372 a
1610 4319 1894 4398 me'viam,

312 4393 561 4457 declinata
590 4417 624 4457 a
655 4417 748 4459 me
780 4405 1048 4472 semitam,
1087 4416 1266 4465 cesset
1294 4423 1326 4464 a
1358 4407 1498 4466 facie
1526 4426 1646 4466 mea
1674 4393 1899 4470 sanctus

308 4482 458 4546 Israel
487 4489 629 4563 (lae.
660 4497 818 4569 xxx).
855 4517 875 4550 ι
914 4498 1102 4569 Igitur,
1145 4500 1287 4556 sicut
1310 4501 1426 4570 jam
1467 4503 1718 4572 superius
1755 4502 1899 4560 dixi-

311 4591 436 4645 mus,
461 4583 733 4641 adeamus
753 4601 877 4643 cum
901 4586 1096 4646 ﬁducia
1117 4591 1187 4646 ad
1210 4591 1462 4648 thronum
1485 4591 1675 4663 gratia:
1700 4590 1891 4665 (Hebr.

308 4668 375 4741 tv)
404 4688 417 4725 :
447 4672 776 4734 dueramus
815 4679 1068 4736 tenebras
1115 4681 1322 4749 saeculi,
1370 4683 1438 4738 ab
1472 4682 1645 4740 oculis
1687 4683 1893 4740 nostris

309 4767 524 4822 terrena
568 4769 1032 4842 concupiscentia
1075 4787 1136 4829 se
1162 4773 1339 4845 caligo
1364 4774 1659 4841 dimoveat,
1695 4786 1755 4831 ut
1781 4774 1892 4832 eia-

307 4851 408 4920 μὴ
431 4857 758 4925 passionum
784 4859 1083 4918 carnalium
1121 4861 1382 4930 tenebris,
1410 4863 1526 4920 veri
1555 4861 1698 4920 Solis
1736 4864 1892 4922 nobis

307 4943 545 5013 ﬁniendor
579 4961 857 5022 erumpat.
901 4954 1233 5012 Anhelemus
1275 4957 1344 5013 ad
1386 4971 1535 5025 eum,
1578 4958 1672 5030 qui
1712 4958 1891 5017 lucem

308 5031 502 5095 habitat
542 5042 984 5101 inaccessibilem
1015 5045 1067 5119 (1
1093 5046 1229 5102 Tim.
1257 5049 1359 5119 νι).
1398 5059 1457 5106 et
1489 5048 1681 5106 intimo
1711 5051 1894 5109 cordis

308 5139 515 5187 accessu
545 5149 910 5206 properemus
943 5139 1012 5194 ad
1045 5153 1172 5195 eum
1200 5140 1292 5212 qui
1331 5156 1430 5198 nos
1467 5150 1716 5214 expectat
1752 5158 1896 5200 vera

308 5215 431 5279 locis
463 5234 778 5284 auctorem.
827 5227 884 5284 Si
915 5229 1128 5287 curiose
1169 5232 1460 5302 quaerimus
1504 5233 1559 5290 in
1604 5233 1896 5292 solitudine

308 5327 465 5383 aquas
489 5317 733 5384 calidas,
765 5336 1052 5392 possumus
1080 5323 1344 5392 invenire,
1385 5334 1466 5392 ut,
1493 5325 1620 5382 dum
1654 5342 1898 5386 remove-

311 5416 423 5460 mur
446 5420 477 5462 a
505 5408 742 5475 sarculo,
768 5418 823 5466 et
854 5409 912 5468 8.
945 5413 1181 5483 Spiritus
1208 5428 1309 5470 nos
1337 5413 1518 5472 fervor
1552 5417 1814 5473 accendat
1839 5428 1897 5475 et

311 5495 590 5580 salutiferae
632 5505 1074 5572 compnnctionis
1102 5507 1291 5562 mador
1332 5523 1363 5562 τι
1405 5509 1669 5580 contagiis
1693 5510 1892 5577 abluat,

311 5577 437 5642 sicut
465 5603 563 5660 per
586 5589 797 5647 isaiam
823 5594 1023 5650 dicitur
1049 5615 1062 5650 :
1097 5625 1117 5649 ι
1153 5596 1399 5667 Implebit
1428 5577 1688 5658 Dominus
1717 5602 1897 5672 splen-

313 5675 518 5734 doribus
549 5682 800 5737 animam
844 5693 988 5740 tuam
1015 5694 1070 5742 et
1091 5701 1214 5742 ossa
1254 5697 1343 5744 tua
1379 5689 1661 5758 liberabit;
1702 5702 1757 5748 et
1785 5693 1897 5751 eris

311 5771 453 5848 quasi
484 5773 688 5837 hortus
712 5776 976 5855 irrigans,
999 5787 1057 5840 et
1095 5781 1234 5840 sicut
1268 5781 1389 5844 fons
1425 5798 1712 5863 aquarum.
1741 5787 1896 5867 cuius

2003 3307 2120 3379 ipsa
2149 3305 2388 3374 Veritas,
2417 3321 2518 3380 per
2545 3309 2948 3380 susceptionem
2976 3307 3138 3366 nobis
3160 3318 3364 3366 nostra:
3391 3311 3614 3368 humili-

2000 3401 2135 3456 tatis
2162 3409 2405 3467 ostensa,
2439 3400 2693 3457 noctibus
2732 3401 2788 3455 in
2829 3409 3013 3457 monte
3051 3401 3391 3459 orationibus
3412 3411 3612 3472 .vacat,

2002 3491 2114 3565 ﬁo
2137 3489 2227 3548 die
2253 3505 2388 3548 vero
2415 3491 2472 3546 in
2512 3491 2738 3547 urbibus
2775 3506 2876 3562 per
2913 3491 3302 3548 miraculorum
3333 3493 3488 3566 signa
3516 3508 3613 3552 co-

2001 3589 2218 3649 ruscat,
2256 3581 2580 3638 imitationis
2617 3581 2872 3639 videlicet
2909 3582 3056 3638 viam
3096 3582 3258 3640 bonis
3300 3585 3612 3644 rectoribus

1999 3682 2275 3740 sternens,
2302 3684 2362 3730 ut
2390 3673 2439 3730 si
2470 3672 2586 3743 iam
2613 3689 2830 3730 summa
2859 3672 3278 3747 contemplanda
3321 3687 3612 3749 appetunt,

1999 3765 2419 3821 necessitatibus
2457 3773 2639 3822 tamen
2671 3765 3067 3822 inﬁrmantium
3093 3769 3477 3838 compatiendo
3505 3771 3612 3828 mi-

1999 3863 2280 3924 sceantur,
2309 3855 2439 3926 quia
2472 3864 2599 3911 tunc
2623 3855 2693 3911 ad
2723 3855 2832 3911 alta
2859 3856 3106 3916 charitas
3132 3859 3457 3915 mirabiliter
3485 3876 3609 3917 sur.

1999 3948 2104 4020 git,
2135 3961 2260 4004 cum
2289 3947 2358 4003 ad
2404 3948 2515 4004 ima
2562 3949 2938 4024 proximorum
2981 3964 3043 4007 se
3071 3951 3504 4010 misericorditer
3523 3962 3609 4011 at-

1999 4039 2172 4095 trahit
2197 4047 2272 4106 et,
2309 4055 2418 4112 quo
2443 4040 2676 4113 benigne
2706 4041 2990 4101 descendit
3020 4045 3090 4102 ad
3122 4045 3332 4115 inﬁma,
3361 4045 3606 4107 valentes

1997 4131 2235 4188 recurrit
2268 4131 2337 4188 ad
2366 4147 2601 4190 summa.

2538 4267 2876 4327 EPISTOLA
2915 4270 3050 4328 XIII.

2035 4343 2118 4416 ⁹ΔΙ)
2154 4375 2379 4420 ιυιυιι
2416 4377 2745 4420 υκειυιιιιιιιι
2783 4381 3034 4423 Αιιιιτιιιι
3071 4381 3144 4424 ET
3181 4381 3547 4427 (ςιιιυικιιειι.

1998 4451 2849 4544 “ﬁlll'i'imf:5119.3?“l”-
2876 4459 3119 4544 epistolae
3145 4461 3504 4544 frumentis.
3543 4463 3606 4544 in

2072 4524 2291 4608 quibus,
2333 4532 2397 4608 ut
2423 4525 2710 4608 inscriptio
2739 4524 3004 4608 'testatur,
3033 4531 3100 4586 de
3127 4524 3606 4608 dignitatibusab-

2071 4548 2291 4608 ειιιιυαιι3
2335 4548 2397 4607 ιιι
2423 4548 2710 4595 Inscriptio
2747 4548 3004 4594 tesuttur,
3033 4548 3100 4586 ae
3127 4548 3485 4658 ("genitalibus
3508 4548 3604 4591 an-

2064 4595 2320 4674 Jtctendts
2346 4595 2669 4674 disserebat.
2690 4599 2946 4674 nonnulla
2973 4615 3144 4657 sacra:
3249 4604 3604 4674 riptureloca

2069 4663 2139 4720 ex
2169 4663 2324 4720 libris
2354 4664 2562 4738 Regum
2591 4668 2823 4739 mystice
2851 4669 3260 4741 interpretatur.

2072 4774 2282 4832 Domno
2309 4774 2602 4835 Destnsmo
2627 4779 2908 4836 abbati....
2941 4780 3160 4840 Penus
3194 4793 3453 4854 peccator
3479 4801 3602 4844 mo-

1998 4869 2234 4925 nachus:

2071 4962 2240 5030 Quem
2267 4979 2376 5020 non
2402 4966 2634 5022 aediﬁcet
2655 4974 2821 5038 atque
2845 4967 2913 5024 ad
2943 4968 3336 5041 perfectionem
3360 4971 3601 5029 cbarita-

1996 5055 2066 5111 tis
2088 5055 2290 5111 excitet
2309 5055 2363 5125 (I
2385 5055 2514 5128 Reg.
2543 5058 2761 5131 xxvm),
2794 5075 2978 5130 quem.
3013 5061 3259 5131 inquam,
3287 5077 3396 5118 non
3421 5063 3602 5120 solun:

1998 5147 2067 5203 ad
2091 5145 2390 5204 ofﬁciosum
2425 5149 2528 5219 pla:
2551 5149 2909 5208 humanitatis
2937 5151 3176 5207 studium
3202 5154 3595 5223 exercendum,

1997 5254 2186 5296 verum
2214 5241 2379 5296 etiam
2423 5241 2492 5298 ad
2522 5242 2663 5299 bona
2709 5259 2809 5314 pro
2837 5243 2996 5300 malis
3043 5244 3439 5301 redhibendnm
3488 5260 3600 5302 non

1997 5341 2255 5403 provocet
2298 5331 2403 5389 hoc
2447 5334 2591 5405 quod
2621 5335 2687 5391 de
2731 5334 3055 5408 Pythouissa
3101 5336 3190 5391 illa
3223 5352 3434 5408 magna:
3469 5353 3596 5409 pro-

1998 5419 2144 5477 fecto
2183 5421 2360 5479 laudis
2386 5423 2544 5494 digna
2574 5426 2848 5496 prmconio
2889 5425 3121 5494 legitur?
3159 5425 3310 5494 Quae,
3340 5426 3596 5483 videlicet

1997 5515 2064 5568 ad
2096 5513 2454 5571 imitationem
2487 5516 2615 5581 Dei,
2660 5515 2788 5572 Sani
2832 5527 2942 5573 tam
2972 5519 3112 5575 bene
3152 5520 3433 5583 tractavit,
3482 5533 3594 5574 non

1999 5604 2158 5659 modo
2186 5605 2335 5675 regio
2359 5604 2471 5673 jam
2499 5605 2734 5664 culmine
2764 5608 3129 5680 desperatum,
3161 5609 3256 5666 sed
3287 5619 3341 5665 et
3382 5607 3433 5662 in
3463 5623 3590 5664 cra-

1997 5696 2140 5752 stino
2165 5695 2573 5754 Pbilistinorum
2599 5699 2791 5770 gladiis
2816 5700 3210 5772 perimendum.
3242 5710 3298 5756 et
3332 5711 3590 5770 tanquam

1998 5784 2254 5859 prudens,
2295 5783 2451 5858 juxta
2497 5786 2867 5860 Evangelium,
2917 5804 3142 5864 serpens
3171 5788 3389 5862 (laus.
3418 5788 3478 5862 ι)
3511 5787 3590 5850 ills
