4260 6368
870 386 976 442 283

1417 382 1474 437 S.
1499 378 1699 435 PETRI
1728 370 2001 431 DAMIANI
2036 368 2184 427 OPP.
2213 362 2393 421 PARS
2431 359 2562 418 SEU
2604 356 2835 415 TOMUS
2859 357 2899 411 Ι.
2941 386 3010 398 -
3050 352 3262 411 EPIST.
3304 353 3431 409 LIB.
3462 351 3595 409 VIII.

3996 346 4104 405 284

872 499 1120 569 praestitit
1140 495 1472 556 beneﬁcium,
1504 512 1534 546 a
1554 508 1659 561 quo
1690 488 1888 543 nullum
1911 504 1967 541 se
1992 483 2241 551 consequi
2268 489 2424 548 posse
2453 476 2503 534 Α
2531 479 2615 569 In”:
2638 471 2829 541 ΡΟΡΠΙΟ
2861 484 2954 569 ιξετ
2981 468 3147 569 ιεεειξι
3178 470 3387 569 dat-5"“)
3418 482 3513 534 Ρεῖ
3546 472 3887 569 ‘f'cumam'm
3930 464 4105 569 ειῖίτί·

873 592 1122 660 sperabat
1140 587 1571 643 emolumentum.
1598 582 1687 637 Ille
1708 593 1983 652 praeterea,
2009 579 2143 632 sicut
2168 576 2278 643 ipsa
2300 588 2428 627 con-

873 680 1132 747 queritur,
1155 690 1341 731 omnes
1362 674 1555 729 ariolos
1580 674 1645 725 de
1676 681 1813 725 terra
1840 668 1996 723 Israel
2028 677 2079 721 et
2106 679 2288 731 magos
2313 678 2431 716 era-

872 772 960 833 sit,
995 786 1055 825 ac
1100 786 1196 839 per
1223 769 1324 823 hoc
1354 768 1523 822 eidem
1568 762 1892 818 mtdierCnIae
1930 774 2138 813 onmem
2168 764 2429 824 quzestum

871 860 1039 915 solita:
1082 856 1424 913 divinationis
1468 856 1686 910 ademit.
1732 853 1820 906 Illa
1852 850 2069 904 vitulum
2100 846 2427 918 pascualem,

873 952 961 1018 qui
988 950 1086 1004 sibi
1112 949 1178 1003 de
1207 957 1517 1016 consumpta
1550 947 1631 998 vix
1665 951 1974 1013 paupertate
2004 948 2301 1007 supererat,
2335 953 2427 991 co-

872 1041 971 1105 xit,
1001 1050 1053 1094 et
1097 1056 1313 1110 azymos
1358 1053 1522 1108 panes
1563 1038 1625 1091 de
1668 1036 1951 1106 perexigua
2000 1033 2167 1085 farina
2201 1031 2426 1085 commi-

869 1146 1045 1193 scens,
1087 1132 1180 1194 illi,
1223 1142 1279 1186 ut
1314 1139 1637 1189 vesceretur.
1680 1127 1943 1197 apposuit.
1994 1124 2140 1191 Quod
2183 1139 2301 1177 cum
2344 1122 2430 1175 ille

868 1220 1106 1288 lugubris
1135 1229 1189 1273 et
1212 1220 1457 1287 contigua
1482 1218 1655 1277 morte
1686 1218 1998 1285 perterritus
2030 1221 2327 1282 sperneret,
2367 1227 2428 1265 ac

870 1312 1046 1366 cibum
1102 1326 1291 1379 capere
1340 1308 1575 1363 funditus
1628 1314 1929 1370 recusaret;
1984 1306 2286 1359 econtrario
2343 1302 2429 1355 illa

866 1400 1113 1469 precibus
1137 1400 1367 1463 obnixis,
1398 1408 1449 1454 et
1487 1400 1799 1467 quibusdam
1840 1396 1978 1449 velut
2014 1395 2429 1464 argumentatio-

866 1487 1023 1542 nibus
1067 1489 1449 1543 inceSSabiliter
1494 1488 1793 1551 insistebat,
1843 1495 1902 1539 ut
1934 1486 2137 1553 roganti
2176 1484 2424 1535 talionem

866 1576 1132 1643 redderet,
1163 1587 1234 1642 et,
1263 1579 1398 1631 sicut
1429 1579 1518 1632 illa
1543 1578 1746 1644 jubcnti
1775 1587 2041 1646 paruerat,
2077 1576 2151 1629 sic
2181 1576 2275 1628 iste
2306 1589 2425 1641 sup-

862 1664 1107 1735 plicantis
1157 1668 1404 1735 precibus
1459 1678 1759 1721 anuueret:
1798 1686 1813 1715 ι
1849 1666 2011 1729 Ecce,
2066 1667 2255 1733 inquit,
2302 1665 2430 1717 obe-

864 1755 995 1807 divit
1018 1755 1207 1809 ancilla
1240 1766 1323 1809 tua
1350 1758 1462 1811 voci
1499 1768 1616 1819 tuae,
1647 1767 1699 1809 et
1727 1758 1871 1823 posui
1908 1757 2136 1807 animam
2173 1770 2341 1806 meam
2376 1754 2425 1805 in

2532 561 2671 626 ﬁcia,
2702 574 2797 629 per
2824 558 3221 613 tabernaculum
3249 556 3498 623 denique,
3529 556 3643 609 sive
3672 553 3931 622 templum
3962 552 4107 607 Deus

2531 654 2794 723 quievisse
2824 654 3050 706 videtur.
3096 650 3247 704 Sicut
3276 650 3438 703 David
3474 668 3486 701 :
3526 668 3544 699 ι
3578 650 3764 713 Notus,
3804 648 4017 716 inquit,
4053 647 4106 723 in

2529 744 2707 800 Judtea
2750 745 2920 809 Deus,
2967 746 3017 798 in
3052 744 3209 797 Israel
3247 757 3492 811 magnum
3536 756 3727 795 nomen
3770 740 3886 809 ejus
3927 720 4104 809 (Part7.

2532 838 2711 903 xxxv).
2746 857 2763 889 ι
2794 837 2966 905 Atque
2993 848 3047 889 ut
3081 836 3179 889 iste
3205 834 3427 903 populus
3458 835 3626 903 patris
3655 848 3757 902 pax
3786 848 3908 887 esse
3932 833 4111 885 videa-

2531 938 2631 984 tur.
2662 930 2781 983 audi
2806 930 2945 997 quod
2971 929 3247 996 sequitur:
3279 946 3295 975 ι
3328 927 3393 980 Ει
3420 926 3593 981 factus
3613 936 3692 980 est
3720 927 3770 979 in
3798 940 3931 995 pace
3957 924 4108 980 locus

2531 1020 2647 1088 ejus
2679 1020 2884 1090 (lbid.).
2920 1040 2937 1071 ι
2978 1020 3120 1081 Sive,
3153 1034 3246 1087 per
3276 1019 3530 1082 Absalon,
3562 1018 3727 1073 Judas
3761 1018 3990 1073 traditur
4016 1017 4109 1072 de-

2532 1112 2793 1177 signatur,
2827 1112 2914 1179 qui
2944 1120 2997 1163 et
3038 1111 3150 1178 ipse
3187 1110 3352 1177 patris
3388 1125 3489 1177 pax
3528 1126 3631 1163 non
3672 1109 3945 1162 immerito
3974 1107 4109 1161 dici-

2532 1210 2635 1263 tur,
2666 1202 2801 1254 sicut
2827 1202 2935 1268 ipse
2956 1198 3019 1251 de
3042 1200 3133 1253 illo
3156 1198 3400 1252 Christus
3425 1199 3475 1251 in
3503 1198 3703 1266 psalmo
3726 1198 4103 1266 conqueritur,

2532 1292 2711 1345 dicens
2740 1309 2751 1344 :
2784 1310 2801 1341 ι
2835 1292 3037 1345 Etenim
3069 1291 3227 1342 homo
3248 1290 3394 1358 pacis
3414 1304 3563 1352 mem,
3593 1289 3643 1341 in
3667 1304 3775 1357 quo
3795 1287 4103 1355 sperabam,

2530 1383 2890 1450 magnificavit
2942 1383 3219 1434 adversum
3275 1397 3358 1434 me
3402 1379 3885 1449 supplantationem
3928 1374 4107 1448 (Ρωι.

2531 1480 2639 1543 xL).
2676 1494 2693 1525 ι
2732 1475 2863 1526 Nam
2896 1483 2942 1527 et
2979 1475 3225 1527 Christus
3253 1490 3356 1526 non
3396 1474 3685 1541 incongrue
3716 1482 3870 1540 pater
3908 1467 4111 1522 asseri-

2532 1567 2794 1626 tur,sicut
2817 1566 3073 1633 propheta
3092 1573 3322 1618 testatur
3346 1578 3356 1614 :
3383 1563 3722 1623 «Vocabitur,
3749 1559 3943 1629 inquit,
3966 1558 4109 1612 Deus

2534 1658 2699 1718 fortis,
2732 1668 2883 1725 pater
2909 1656 3070 1709 futuri
3100 1655 3300 1717 sagculi,
3330 1655 3574 1723 princeps
3598 1653 3743 1721 pacis
3771 1648 3924 1719 (Isat'.
3950 1650 4050 1710 Ix).
4084 1667 4102 1701 ι

2534 1748 2635 1801 Iste
2669 1763 2798 1817 ergo
2840 1748 3033 1800 dicitur
3067 1747 3315 1813 princeps
3344 1746 3523 1812 pacis,
3555 1753 3608 1795 et
3640 1743 3727 1796 ille
3765 1757 3867 1811 pax
3913 1740 4106 1810 patris.

865 1858 1021 1897 manu
1056 1853 1163 1908 tua,
1206 1854 1257 1897 et
1281 1846 1455 1897 audivi
1485 1859 1760 1899 sermones
1789 1855 1921 1905 tuos,
1956 1860 2092 1913 quos
2134 1844 2343 1897 loeutus
2372 1859 2429 1897 es
2458 1812 2505 1871 Β
2533 1840 2626 1893 Cui
2658 1842 2843 1902 etiam,
2877 1838 3025 1892 Iudae
3058 1838 3333 1900 videlicet,
3367 1838 3417 1890 in
3450 1838 3562 1905 ipso
3592 1834 3983 1905 persecutionis
4032 1847 4111 1884 ar-

864 1932 930 1985 ad
958 1948 1077 1998 me;
1117 1950 1257 1988 nunc
1283 1950 1411 2004 ergo
1445 1937 1564 1989 audi
1596 1946 1649 1989 et
1683 1946 1734 1989 tu
1768 1951 1949 1989 vocem
1984 1935 2187 1988 ancillae
2220 1946 2340 1995 tuae,
2376 1944 2428 1987 ct

862 2038 1057 2094 ponam
1088 2040 1267 2081 coram
1300 2039 1351 2081 te
1380 2029 1669 2082 buccellam
1714 2030 1884 2097 panis,
1911 2039 1965 2081 ut
1988 2032 2269 2083 comedens
2299 2044 2424 2081 eon—

865 2113 1108 2169 valescas
1132 2127 1185 2169 et
1210 2118 1381 2185 possis
1414 2118 1517 2171 iter
1540 2118 1717 2173 facere
1754 2119 1802 2186 (Ι
1836 2119 1957 2187 Reg.
1988 2122 2192 2183 xxviii).
2234 2140 2250 2171 ι
2298 2120 2427 2183 Quis

863 2206 1004 2258 enim
1051 2206 1154 2260 hoc
1195 2218 1511 2263 coruscante
1555 2209 1757 2265 faceret
1799 2212 2105 2281 Evangelio,
2144 2215 2283 2281 quod
2317 2216 2428 2267 haec

862 2293 1055 2348 mulier
1077 2296 1174 2349 sub
1199 2296 1385 2351 umbra
1412 2298 1543 2368 legis
1565 2300 1739 2367 egisse
1765 2302 2104 2364 describitur,
2132 2305 2424 2370 prmsertim

864 2396 984 2436 cum
1012 2393 1164 2439 vetus
1196 2386 1386 2439 oﬂerat
1421 2388 1832 2443 instrumentum
1873 2408 1883 2441 :
1920 2410 1938 2440 ι
1972 2390 2165 2458 Diliges
2195 2393 2426 2445 amicum

866 2478 1034 2536 tuum,
1064 2482 1117 2527 et
1142 2471 1267 2528 odio
1297 2475 1519 2530 habebis
1562 2477 1838 2531 initnicum
1884 2487 2029 2532 tuum
2074 2478 2256 2548 (Leuit.
2302 2493 2422 2543 xix;

865 2560 1053 2615 Matth.
1081 2578 1163 2627 vt;
1200 2562 1364 2617 Marc.
1405 2567 1522 2634 xu),
1560 2585 1577 2616 ι
1613 2567 1915 2636 evangelica
1958 2582 2085 2621 vero
2117 2569 2237 2621 tuba
2274 2568 2433 2621 terri-

863 2651 1043 2707 biliter
1071 2653 1311 2707 intonet:
1348 2672 1365 2703 ι
1401 2656 1533 2719 Quia
1566 2670 1663 2709 nec
1692 2656 1852 2709 Pater
1879 2665 2055 2709 vester
2079 2658 2305 2709 dimittet
2340 2672 2429 2707 v0-

861 2743 945 2797 bis
972 2752 1185 2812 peccata
1214 2754 1413 2809 vestra,
1460 2746 1503 2800 si
1553 2763 1656 2800 non
1704 2749 2017 2801 reniiseritis
2061 2748 2427 2817 unusquisque

863 2832 1015 2887 fratri
1054 2849 1152 2887 suo
1175 2835 1239 2888 de
1274 2836 1526 2889 cordibus
1558 2838 1784 2889 vestris?
1814 2856 1830 2885 ι
1865 2838 1989 2890 Sanl
2020 2838 2158 2889 enim
2193 2839 2262 2891 ita
2295 2838 2427 2891 divi-

863 2926 1115 2978 nantibus
1139 2933 1193 2979 et
1214 2925 1395 2979 ariolis
1421 2926 1665 2980 inimicus
1688 2929 1914 2991 exstitit,
1943 2940 1997 2981 ut
2022 2930 2216 2995 passim
2243 2944 2429 2982 omnes

863 3015 1204 3081 interficeret,
1236 3025 1289 3071 et
1316 3017 1402 3071 vix
1430 3032 1616 3071 eorum
1646 3020 1934 3088 quispiam,
1982 3022 2084 3074 nisi
2133 3022 2245 3074 INBC
2288 3022 2423 3073 dun-

863 3113 1007 3159 taxat
1051 3108 1371 3177 paupercula
1419 3108 1629 3174 mulier,
1684 3112 2060 3174 remansisset;
2113 3111 2225 3165 haec
2266 3111 2425 3163 etiam

2532 1930 2692 1985 ticulo
2723 1930 2869 1997 pacis
2899 1929 3138 1982 osculum
3170 1944 3272 1980 non
3306 1928 3519 1995 negavit
3550 1924 3763 1995 (Matth.
3796 1924 3968 1991 xxVI).
4004 1919 4113 1975 Nec

2529 2022 2725 2075 mirum
2766 2021 2808 2074 si
2847 2019 2995 2073 Judze
3029 2019 3305 2072 traditoris
3350 2018 3579 2086 speciem
3618 2015 3852 2070 Ahsalon
3894 2012 4110 2076 tenuit,

2529 2128 2687 2181 quem
2732 2127 2836 2165 non
2884 2110 3053 2165 solum
3097 2112 3146 2163 iu
3195 2109 3565 2177 persecutione
3611 2104 3817 2169 David,
3853 2103 3946 2157 sed
3996 2103 4113 2172 ipso

2530 2220 2741 2272 quoque
2780 2218 2975 2274 genere
3016 2218 3125 2255 sua:
3169 2200 3355 2253 mortis
3386 2200 3669 2268 expressit.
3707 2198 3799 2250 Ille
3843 2195 4112 2265 siquidem

2530 2296 2771 2366 quercui,
2803 2297 2925 2349 dum
2956 2295 3185 2349 transire
3213 2292 3392 2357 vellet,
3420 2292 3649 2353 inhaesit,
3680 2290 3781 2343 iste
3808 2288 4005 2357 laqueo
4031 2301 4111 2350 se,

2530 2384 2807 2454 Scriptura
2848 2392 3095 2445 testante,
3144 2382 3436 2449 suspendit.
3471 2378 3537 2433 Ut
3581 2379 3836 2448 quoniam
3879 2387 4113 2445 uterque

2532 2476 2835 2529 redundans
2878 2476 3103 2540 viperea:
3136 2473 3256 2525 felle
3299 2470 3549 2538 nequitiae
3587 2478 3642 2523 et
3673 2478 3816 2522 terra
3860 2469 4114 2536 indignus

2530 2575 2645 2618 erat
2673 2575 2726 2617 et
2754 2564 2909 2623 caelo,
2940 2564 3077 2617 inter
3100 2570 3385 2628 utrumque
3416 2559 3657 2620 libratus,
3686 2566 3740 2609 et
3770 2566 3974 2612 terram
4000 2570 4113 2625 per

2530 2658 2701 2718 deret,
2727 2663 2778 2708 et
2795 2654 2859 2707 ad
2882 2654 3075 2707 caelum
3094 2651 3392 2705 nullatenus
3408 2650 3669 2718 aspiraret
3686 2646 3902 2717 (Matth.
3928 2660 4109 2711 xxvn;

2529 2744 2592 2798 ΙΙ
2628 2743 2754 2813 Reg.
2790 2744 2967 2811 xvm).
3000 2743 3133 2796 Nam
3165 2753 3217 2794 et
3240 2739 3579 2809 Achitophel,
3611 2740 3702 2807 qui
3732 2737 3907 2792 David
3934 2752 4112 2806 perse-

2530 2836 2618 2902 qui
2654 2850 2756 2886 non
2801 2832 3135 2887 dissimiliter
3162 2831 3327 2884 voluit
3356 2828 3441 2898 (II
3484 2827 3611 2897 Reg.
3645 2828 3812 2897 xvtt),
3850 2826 4113 2898 exigenti-

2531 2928 2629 2980 bus
2658 2925 2861 2979 meritis
2881 2966 2893 2985 ,
2941 2925 3169 2993 idipsum
3199 2938 3366 2993 genus
3394 2922 3582 2976 mortis
3623 2920 3797 2989 elegit.
3832 2917 3933 2974 Hic
3969 2919 4111 2973 enim

2530 3014 2763 3068 Absalon
2796 3013 3135 3082 persequenti
3178 3012 3341 3066 David
3384 3010 3665 3065 consilium
3696 3010 3843 3064 dedit
3898 3018 3961 3063 ut
3987 3024 4116 3064 con-

2531 3108 2754 3161 cubinas
2784 3107 2971 3173 patris,
3006 3120 3138 3174 quas
3165 3104 3443 3159 dimiserat
3478 3102 3543 3156 ad
3574 3101 3989 3157 custodiendam
4022 3101 4112 3155 do-

860 3197 963 3266 81
993 3213 1112 3267 quae
1147 3208 1458 3268 supererat,
1498 3210 1643 3255 tanta
1683 3202 1841 3271 regite
1881 3202 2267 3272 persecutionis
2305 3209 2425 3255 erat
2453 3170 2499 3235 α
2531 3214 2677 3251 mum
2708 3239 2721 3259 ,
2768 3170 3035 3266 sacrilega
3075 3197 3423 3267 permistioue
3480 3194 3785 3264 pollueret,
3836 3203 4006 3262 atque
4050 3192 4111 3246 ad

863 3290 1198 3346 immanitate
1239 3293 1527 3347 constricta
1549 3333 1562 3355 ,
1602 3303 1653 3346 ut
1684 3296 1809 3348 dum
1854 3294 2156 3348 nullatenus
2181 3296 2257 3347 uti
2285 3294 2421 3349 divi-

863 3381 1080 3435 natione
1111 3393 1481 3451 prtesumeret,
1523 3395 1837 3439 consuetum
1866 3386 2095 3455 propriae
2124 3388 2253 3440 artis
2280 3403 2422 3455 quae-

862 3480 1002 3525 stum
1039 3470 1277 3527 funditus
1305 3472 1592 3528 amisisset.
1633 3475 1753 3529 llaec
1784 3484 1958 3529 tamen
1978 3517 1993 3539 ,
2027 3477 2252 3546 idipsum
2281 3478 2423 3547 quod

864 3569 1193 3616 remanserat
1212 3562 1457 3629 reddens,
1484 3563 1622 3619 bona
1643 3580 1740 3634 pro
1766 3566 1917 3621 malis
1941 3566 2191 3622 alacriter
2210 3568 2421 3635 obtulit,

863 3661 916 3706 et
946 3653 1217 3708 inimicum
1248 3670 1435 3721 suum,
1470 3657 1617 3711 velut
1659 3658 1912 3727 Apostolo
1945 3659 2053 3727 jam
2088 3660 2201 3715 hcec
2244 3663 2426 3732 praeci-

862 3744 1074 3813 piente,
1110 3747 1310 3801 cibavit
1354 3746 1525 3817 (Rom.
1569 3764 1685 3816 xu;
1748 3748 1903 3805 Prov.
1942 3752 2086 3817 xxv).
2120 3754 2185 3807 Et
2215 3754 2330 3808 haec
2361 3770 2425 3810 eo

865 3843 1104 3904 tempore
1142 3835 1422 3894 laudabilis
1463 3839 1653 3895 mulier
1688 3842 1841 3902 iecit.
1884 3858 2002 3896 cum
2050 3843 2196 3898 illum
2243 3857 2424 3901 nosset

862 3924 1003 3980 illico
1038 3928 1385 3993 moriturum,
1418 3940 1577 4001 atque
1612 3932 1732 3986 ideo
1767 3947 1867 3987 nec
1896 3944 2135 4002 speraret
2170 3934 2277 4001 jam
2312 3935 2426 4004 pla-

864 4017 1070 4082 cidum,
1101 4033 1200 4074 nec
1220 4031 1438 4091 paveret
1464 4023 1677 4077 iratum.
1707 4025 2050 4094 Argumentis
2081 4035 2304 4080 utuntur
2330 4028 2424 4082 ho-

863 4107 1055 4172 mines,
1091 4119 1152 4163 ut
1176 4124 1207 4164 e
1238 4112 1465 4179 propriis
1495 4113 1737 4167 domibus
1772 4115 2026 4183 hospitari
2060 4116 2299 4171 nolentes
2330 4116 2421 4183 eji-

861 4197 1025 4262 ciant,
1054 4207 1111 4252 ut
1132 4199 1199 4253 ad
1233 4201 1481 4255 tabernas
1502 4241 1515 4264 ,
1547 4202 1629 4255 vel
1657 4212 1915 4272 emptorta
1946 4205 2116 4257 vicina
2148 4206 2424 4258 transmit-

864 4294 995 4341 tant.
1027 4284 1297 4356 Siquidem
1326 4288 1473 4345 locus
1503 4292 1603 4369 iste
1630 4293 1977 4359 depretiatur,
2008 4293 2093 4346 ille
2119 4294 2419 4362 praefertur.

864 4374 961 4430 llic
1008 4391 1102 4443 per
1149 4378 1539 4433 inclementiam
1590 4382 1857 4437 annotinaa
1904 4385 2234 4453 tempestatis
2281 4399 2421 4453 azgra

860 4481 1013 4534 seges
1042 4482 1239 4537 negare
1271 4467 1439 4522 fertur
1473 4472 1718 4540 agricolis
1748 4473 1947 4527 victum
1969 4513 1982 4535 ,
2024 4473 2131 4527 illic
2165 4473 2420 4528 feracium

2522 3286 2830 3344 {cedendum
2863 3297 3071 3358 patrem
3104 3303 3363 3342 novercas
3399 3301 3524 3341 suas
3556 3283 3783 3352 turpiter
3813 3284 4110 3338 incestant

2525 3383 2607 3454 (Η
2650 3382 2772 3453 Reg.
2824 3380 2958 3447 xw).
3000 3380 3137 3447 Quid
3184 3387 3360 3433 autem
3409 3392 3505 3447 per
3544 3376 3729 3430 decem
3776 3373 4111 3427 concubinas

2526 3476 2723 3539 David,
2780 3475 2880 3530 nisi
2940 3488 3066 3543 pars
3124 3472 3211 3526 illa
3263 3469 3496 3525 Iudaica
3542 3467 3712 3538 plebis
3762 3465 4108 3535 exprimitur,

2524 3584 2645 3637 qua:
2678 3566 2952 3621 Christum
3008 3579 3215 3626 verum,
3267 3563 3449 3631 utique
3504 3559 3669 3613 David
3728 3558 3839 3628 82
3895 3556 4110 3625 fugien-

2528 3670 2666 3720 tem,
2730 3657 2784 3709 in
2838 3654 3152 3725 gentilitatis
3220 3652 3428 3707 deserta
3490 3664 3592 3703 non
3655 3648 3933 3715 sequitur,
3984 3645 4109 3715 quia

2526 3746 2661 3817 legis
2713 3762 2770 3800 se
2839 3746 3035 3799 habere
3113 3742 3432 3812 Decalogum
3507 3739 3786 3809 gloriatur.
3838 3735 3947 3790 Per
4017 3751 4110 3790 nu-

2526 3852 2730 3892 merum
2797 3850 3029 3904 namque
3098 3834 3551 3895 concubinarum,
3602 3844 3861 3884 numerus
3926 3826 4111 3896 expri-

2525 3930 2691 3983 mitur
2724 3929 3118 3981 mandatorum.
3162 3924 3486 3979 Concubinar.
3515 3937 3671 3991 ergo,
3705 3936 3824 3988 qua:
3872 3934 3983 3973 non
4029 3935 4109 3973 se-

2526 4029 2751 4089 quentes
2773 4018 2957 4079 David,
2984 4019 3197 4069 domum
3225 4022 3459 4073 servant,
3488 4012 3541 4065 bi
3566 4018 3691 4064 sunt
3710 4013 3799 4078 qui
3830 4009 3884 4062 in
3914 4008 4110 4062 veteris

2525 4107 2657 4178 legis
2701 4107 2941 4162 custodia
2984 4113 3352 4174 perseverant.
3402 4101 3635 4157 Absalon
3689 4100 3849 4170 igitur
3894 4100 3962 4152 ad
4012 4100 4109 4153 bas

2526 4199 2849 4252 concubinas
2883 4196 3046 4249 David
3086 4195 3398 4265 ingreditur,
3438 4193 3561 4261 quia
3611 4190 3874 4256 diabolus,
3919 4191 4013 4259 qui
4057 4191 4109 4245 in

2525 4287 2758 4341 Absalon
2783 4296 2915 4349 erat,
2939 4302 3034 4354 per
3052 4300 3307 4340 excessus
3330 4285 3664 4337 diversorum
3693 4282 3957 4336 scelerum
3983 4295 4106 4336 cum

2529 4378 2723 4433 talibus
2761 4378 3075 4432 fornicatur.
3120 4374 3183 4429 Et
3226 4375 3363 4430 bene
3397 4374 3612 4438 dicitur,
3642 4375 3763 4442 quia
3803 4372 3973 4425 David
4016 4386 4108 4427 eas

2527 4464 2805 4524 dimiserat
2835 4471 2901 4524 ad
2930 4467 3332 4523 custodiendam
3362 4464 3600 4520 domum.
3643 4463 3872 4519 Provida
3906 4464 4109 4534 quippe

861 4554 1071 4625 frugum
1099 4556 1292 4611 dicitur
1311 4560 1969 4630 exuberasseproventus.
2005 4562 2158 4617 Modo
2187 4564 2420 4621 brevitas
2446 4524 2500 4583 Β
2525 4559 2897 4628 Redemptoris
2948 4558 3116 4612 nostri
3158 4556 3554 4625 dispensatione
3598 4555 3856 4609 divinitus
3903 4524 4106 4623 agitur,

863 4648 1267 4701 commendatur
1298 4650 1536 4714 itineris,
1565 4652 1722 4705 modo
1754 4652 1832 4705 sol
1862 4652 2049 4706 altiora
2079 4653 2198 4708 coeli
2242 4663 2420 4711 tenere

863 4737 1029 4804 spatia
1061 4738 1387 4805 perhibetur.
1427 4740 1536 4795 Hac
1580 4742 1740 4811 igitur
1771 4744 2110 4798 accuratione
2136 4745 2418 4802 verborum

863 4824 1028 4879 nihil.
1054 4837 1069 4855 ε
1087 4830 1151 4880 ud
1175 4830 1371 4899 agitur,
1400 4846 1556 4899 quam
1588 4842 1643 4885 ut
1666 4836 2122 4903 supervenientes,
2150 4838 2291 4892 aliud
2318 4840 2419 4895 sibi

852 4913 1140 4983 providere
1165 4919 1548 4987 compellantur
1576 4924 1881 4990 hospitium.
1918 4926 2038 4979 Ilaec
2073 4937 2250 4982 autem
2290 4946 2415 4998 pru-

861 5002 992 5057 dens
1026 5013 1078 5057 et
1109 5006 1333 5074 ingenua
1370 5009 1558 5064 mulier
1597 5014 1977 5079 rbetoricatnr,
2013 5027 2070 5071 ut
2098 5018 2173 5071 ita
2209 5018 2416 5088 loquar,

860 5103 915 5150 et
954 5107 1227 5151 oratorum
1268 5099 1599 5156 orationibus
1644 5104 1832 5168 utitur,
1878 5115 1935 5159 ιιι
1977 5108 2220 5163 inimicus
2257 5111 2372 5179 ejus
2400 5154 2413 5177 ,

862 5186 984 5239 dzun
1016 5189 1217 5253 respuit
1242 5203 1305 5242 ac
1334 5189 1584 5255 resultat,
1617 5193 1680 5245 ad
1711 5194 1944 5247 edulium
1974 5208 2309 5265 provocetur.

932 5275 1013 5345 (11
1044 5275 1167 5345 Reg.
1204 5295 1318 5343 xm,
1348 5297 1438 5347 per
1463 5284 1669 5353 totum.)
1704 5284 1932 5338 Absalon
1962 5286 2221 5355 siquidem
2250 5289 2415 5345 inter-

858 5374 1119 5437 pretatur,
1157 5376 1322 5437 patris
1360 5387 1490 5436 pax,
1529 5388 1620 5441 per
1659 5390 1815 5442 quem
1860 5376 2163 5446 designatur
2196 5379 2418 5449 populus

858 5457 1199 5522 Judworum,
1251 5460 1341 5529 qui
1387 5476 1551 5528 usque
1600 5464 1665 5516 ad
1714 5475 1935 5518 mortem
1984 5482 2133 5533 perse
2212 5479 2293 5523 tus
2337 5480 2417 5526 est

860 5546 1150 5599 Christum.
1174 5548 1247 5603 De
1268 5566 1372 5617 quo
1390 5552 1579 5618 p0pulo
1600 5569 1693 5621 per
1714 5554 1902 5609 Isaiam
1920 5557 2046 5609 dicit
2069 5576 2081 5608 :
2105 5576 2121 5607 ι
2155 5560 2312 5613 Filius
2328 5576 2420 5631 ge-

865 5639 953 5688 nui
977 5647 1029 5689 et
1070 5639 1329 5699 exaltavi;
1359 5639 1455 5707 ipsi
1486 5652 1659 5695 autem
1688 5655 2003 5712 spreverunt
2025 5663 2109 5701 me
2131 5648 2281 5715 tlsai.
2309 5651 2369 5721 ι).
2392 5670 2410 5702 ι

862 5723 963 5794 Qui
989 5730 1155 5795 patris
1179 5743 1283 5800 pax
1305 5729 1426 5800 jure
1453 5732 1665 5801 dicitur,
1696 5737 1948 5807 quoniam
1977 5740 2030 5795 iu
2060 5738 2147 5794 illo
2176 5743 2418 5809 speciali-

2524 4661 2582 4706 ut
2609 4652 2760 4721 quasi
2790 4651 2856 4704 ad
2893 4649 3211 4704 servandam
3244 4647 3375 4715 legis
3404 4648 3621 4701 domtun
3658 4643 3967 4702 Iuda-orum
4022 4658 4105 4699 re-

2523 4744 2701 4813 liquias
2741 4749 3046 4805 serventur,
3096 4749 3153 4793 ut
3194 4740 3293 4808 ipsi
3342 4736 3735 4808 quodammodo
3776 4735 3949 4789 nostri
3998 4735 4108 4789 sint

2520 4834 2814 4896 scriniarii,
2838 4843 2892 4887 et
2915 4831 3079 4887 libros
3102 4829 3337 4884 caelestis
3362 4828 3581 4897 eloquii,
3614 4827 3665 4881 in
3697 4826 3886 4880 eadem
3919 4826 3973 4879 in
4000 4842 4103 4895 qua

2522 4922 2722 4976 conditi
2754 4930 2876 4974 sunt
2920 4922 3120 4991 lingua,
3154 4919 3351 4988 ubique
3381 4928 3644 4972 terrarum
3679 4914 3877 4977 ferant,
3906 4926 4101 4984 quate-

2526 5027 2625 5065 nus
2655 5012 2774 5080 ipsi,
2797 5011 2886 5080 qui
2910 5010 3063 5065 nobis
3088 5010 3291 5063 inimici
3323 5019 3469 5074 sunt,
3501 5008 3546 5062 si
3575 5008 3789 5077 quando
3815 5005 4105 5077 scrupulus

2526 5100 2811 5154 dubietatis
2836 5099 3135 5162 etuerserit,
3166 5112 3325 5151 oume
3360 5097 3513 5151 nobis
3543 5096 3851 5163 ambiguum
3891 5094 4102 5150 tollant.

2527 5190 2677 5245 Unde
2703 5206 2797 5258 per
2824 5190 3162 5243 Psalmistam
3195 5188 3419 5241 dicitur:
3456 5204 3474 5237 ι
3510 5185 3651 5239 Deus
3675 5200 3845 5250 meus,
3876 5184 4103 5240 ostende

2524 5281 2653 5334 mihi
2684 5281 2818 5333 bona
2854 5281 2991 5333 inter
3031 5277 3274 5331 inimicos
3316 5291 3485 5339 meos,
3534 5289 3599 5328 ne
3632 5274 3847 5329 occidas
3886 5290 4005 5341 eos,
4037 5287 4101 5328 ne

2523 5380 2734 5447 quando
2747 5374 3268 5443 obliviscanturlegis
3293 5382 3394 5426 tua:
3411 5370 3582 5441 (Psal.
3596 5370 3771 5439 ινιιι).
3796 5389 3815 5421 ι
3835 5369 4099 5424 Hebraica

2523 5472 2716 5540 quippe
2755 5470 2929 5540 lingua
2977 5484 3093 5537 quae
3150 5478 3260 5522 toto
3305 5468 3435 5521 orbe
3481 5465 3824 5535 dispergitur,
3874 5465 4097 5518 multum

2522 5562 2839 5617 Christianze
2865 5560 2983 5613 ﬁdei
3015 5559 3309 5613 auctoritas
3334 5558 3634 5627 adjuvetur.
3666 5556 3799 5609 Nam
3834 5556 3940 5611 nisi
3975 5554 4099 5610 illud

2523 5658 2801 5711 accederet
2848 5654 3244 5716 testimonium,
3289 5652 3429 5720 quod
3473 5650 3614 5720 apud
3659 5664 3759 5703 nos
3803 5649 4094 5715 scribitur,

2520 5746 2913 5816 quodammodo
2929 5744 3107 5815 putari
3132 5750 3311 5813 posset
3333 5756 3449 5797 esse
3473 5739 3813 5811 ﬁgmentum;
3856 5738 3954 5795 sed
3976 5754 4095 5795 cum
