4260 6364
330 559 466 614 Unde
493 565 545 612 et
574 556 685 610 illic
711 559 895 623 aperte
930 548 1306 620 subjungitur:
1349 563 1369 598 ι
1400 546 1657 615 Disperge
1683 543 1802 597 illos
1834 542 1890 596 in

328 650 511 703 virtute
535 654 625 700 tua
659 641 830 713 (Ptol.
860 639 1067 709 Lvtn.);
1103 657 1123 691 ι
1156 653 1221 694 ac
1246 636 1293 693 si
1322 636 1465 691 dicat
1489 633 1660 689 Filius
1691 633 1757 688 ad
1782 632 1890 687 Pa-

329 750 453 794 trem
482 757 493 791 :
521 737 798 806 Dispergc,
828 741 988 803 atque
1048 731 1300 785 issemina
1323 742 1421 798 per
1447 736 1616 782 totum
1634 725 1888 780 mundum

323 833 405 901 qui
445 826 809 897 superfuerint
849 826 917 880 de
960 820 1155 892 populo
1192 819 1523 884 Iudaeorum,
1573 826 1632 872 ut
1678 817 1779 887 ipsi
1824 815 1892 870 de

322 919 583 975 veteribus
612 916 768 973 libris
801 914 1166 971 testimonium
1204 913 1526 983 perhibeant
1567 925 1719 966 novae
1768 908 1893 964 fidei

322 1008 545 1065 veritati.

381 1097 623 1165 Cumque
666 1097 904 1151 venisset
948 1093 1115 1149 David
1162 1092 1220 1148 in
1261 1098 1439 1148 castra
1480 1090 1715 1155 Madian,
1762 1086 1894 1143 Sobi

320 1167 453 1245 filius
498 1186 670 1253 Naas,
718 1195 773 1241 et
818 1186 1009 1240 Machil
1061 1184 1203 1240 ﬁlius
1252 1181 1476 1246 Amibil,
1534 1190 1588 1235 et
1633 1178 1891 1235 Bersellai

316 1278 618 1334 Galaadites
654 1275 963 1331 obtulerunt
1013 1275 1061 1328 ei
1106 1273 1395 1338 stratoria,
1447 1280 1503 1327 et
1548 1270 1783 1340 tapetia,
1830 1282 1894 1323 ac

318 1382 435 1422 vasa
479 1366 665 1421 fictilia
696 1406 711 1431 ,
751 1375 855 1420 etc.
901 1364 983 1422 (Il
1041 1364 1166 1435 Reg.
1214 1363 1369 1435 xm).
1415 1361 1721 1417 Madianita
1764 1372 1896 1414 vero

315 1458 401 1528 qui
436 1460 716 1526 pnehuere
752 1458 861 1526 regi
892 1457 1056 1510 David
1101 1456 1379 1520 stratoris,
1411 1463 1466 1511 et
1512 1453 1735 1523 tapetia,
1763 1450 1894 1521 quid

318 1546 450 1603 aliud
479 1546 788 1615 signiﬁcant
818 1563 978 1615 quam
1008 1546 1234 1616 gentiles
1264 1559 1556 1601 conversos
1587 1543 1652 1597 ad
1690 1540 1850 1596 fidem
1869 1540 1896 1595 τ

315 1636 410 1703 Qui
444 1637 573 1692 dum
608 1637 713 1707 piis
763 1638 971 1691 actibus
1024 1637 1359 1691 incessanter
1406 1636 1686 1699 insistunt,
1735 1632 1894 1703 quasi

315 1730 526 1783 textrini
571 1730 754 1797 operis
803 1728 1114 1783 linteamina
1179 1738 1525 1796 praeparant,
1568 1730 1636 1782 in
1698 1728 1894 1796 quibus

1405 362 1601 416 usus
1642 353 2031 421 sscuunus,
2071 352 2287 409 EPIST.
2328 350 2464 407 xui.
3416 420 3431 427 _

331 460 833 526 illodtestimonium
864 458 1165 521 adhibetur,
1197 456 1339 511 illico
1369 455 1621 509 dubietas
1662 452 1883 507 tollitur.
1912 445 2368 515 Avicissitudine
2395 442 2481 515 (11
2530 441 2661 513 Reg.
2692 439 2827 511 ιιι).
2863 458 2880 492 ι
2915 436 3081 507 Cujus
3122 436 3350 511 ﬁguram
3388 444 3591 498 tenent,

3484 345 3591 405 9.80

1991 538 2082 607 qui
2109 536 2374 606 spirituali
2415 536 2667 603 cuiquam
2711 533 2850 598 viro,
2877 547 3105 601 seseque
3135 530 3204 585 ad
3241 528 3434 583 altiora
3470 542 3595 597 pro-

1991 627 2249 692 vocanti,
2305 627 2461 696 quasi
2532 625 2812 679 humiliter
2866 624 3201 679 decantant:
3271 620 3597 676 Peccatores

1989 721 2207 789 quidem
2258 734 2465 782 sumus,
2500 717 2725 784 tibique,
2766 716 2948 778 Pater,
2992 714 3451 783 ohtemperamus,
3497 710 3595 767 sed

1988 809 2337 864 districtioris
2367 808 2598 863 instituti
2626 806 2864 876 regulam
2890 820 3111 860 servare
3144 820 3249 858 nun
3282 818 3594 872 possumus.

1988 899 2191 956 Inﬁrmi
2238 915 2425 954 sumus
2472 907 2527 953 et
2560 898 2800 969 fragiles,
2838 909 3000 967 atque
3047 898 3167 952 ideo
3215 896 3408 950 melius
3448 891 3595 961 judi-

1990 1006 2180 1047 camus
2209 991 2310 1046 sub
2339 990 2444 1045 levi
2476 1006 2578 1046 nos
2606 989 2753 1044 fasce
2798 989 3056 1059 inglorios
3092 998 3364 1055 utcunque
3390 988 3597 1053 vivere,

1987 1096 2154 1155 quam
2183 1084 2285 1139 sub
2326 1084 2510 1153 gravis
2554 1082 2786 1137 sarcina:
2814 1082 3053 1151 pondere
3078 1080 3232 1149 quasi
3282 1077 3447 1131 fortes
3478 1076 3599 1130 fun-

1990 1174 2139 1231 ditus
2172 1173 2413 1228 interire.
2448 1171 2587 1227 Nam
2627 1180 2683 1226 et
2708 1172 2851 1238 quod
2882 1170 3022 1224 idem
3053 1168 3318 1223 Berzellai
3350 1167 3600 1238 superius

1990 1262 2245 1327 dixerat,
2297 1262 2365 1317 ab
2413 1262 2641 1315 istorum
2679 1260 2959 1314 interioris
3004 1259 3240 1313 hominis
3291 1258 3445 1311 senio
3486 1271 3598 1311 non

1990 1355 2284 1413 discordat.
2344 1354 2528 1421 «Quot
2586 1362 2734 1418 sunt,
2793 1353 2991 1421 inquit,
3034 1354 3147 1406 dies
3179 1366 3445 1404 annorum
3472 1348 3599 1404 vita

1990 1464 2126 1505 meae
2154 1459 2213 1503 ut
2238 1448 2533 1503 ascendam
2557 1462 2680 1500 cum
2709 1461 2835 1516 rege
2864 1446 2918 1499 in
2949 1444 3285 1498 Hierusalem
3310 1442 3333 1495 ?
3356 1462 3373 1493 ι
3405 1440 3597 1512 (Ibid.)

1990 1540 2061 1595 Et
2089 1538 2325 1607 adjecit:
2368 1557 2385 1588 ι
2424 1535 2674 1605 Nunquid
2701 1536 2885 1607 vigent
2923 1550 3118 1589 sensus
3150 1534 3255 1587 mei
3285 1534 3349 1587 ad
3390 1534 3601 1587 discer-

1992 1629 2227 1683 nendum
2279 1642 2444 1682 suave
2492 1635 2546 1680 et
2600 1624 2895 1680 amarum?
2951 1634 3046 1679 aut
3090 1624 3364 1678 delectare
3418 1630 3601 1691 potest

1991 1735 2207 1776 servum
2240 1728 2388 1773 tuum
2418 1720 2570 1773 cibus
2602 1726 2656 1773 et
2684 1716 2889 1789 potus?
2921 1718 3002 1770 vel
3035 1716 3235 1769 audire
3254 1730 3475 1783 possum
3505 1728 3603 1766 vo-

312 1821 489 1889 ltique
518 1821 781 1875 Dominus
815 1822 1050 1875 suaviter
1088 1822 1408 1890 requiescat.
1444 1820 1566 1874 Haec
1594 1820 1737 1874 enim
1767 1828 1894 1874 sunt
1922 1802 1969 1863 Β
1994 1828 2112 1870 cem
2151 1822 2434 1867 cantorum
2472 1822 2526 1865 et
2567 1809 2973 1880 cantatricum?
3010 1828 3026 1859 ι
3082 1807 3281 1878 (Ibid.)
3326 1806 3600 1860 Veraciter

313 1910 611 1981 evangelica
664 1911 751 1964 illa
788 1911 1127 1977 vestimenta,
1159 1927 1277 1981 quae
1312 1910 1537 1980 apostoli
1590 1925 1751 1978 super
1788 1911 1895 1965 asi—

311 2016 431 2055 num
452 2013 685 2071 ponunt,
705 2014 757 2056 et
779 2000 960 2056 Jesum
984 2004 1169 2057 sedere
1196 2003 1424 2069 desuper
1449 2001 1654 2055 faciunt
1675 2000 1891 2071 (Matth.

313 2106 433 2157 ηις
477 2090 651 2144 lare.
701 2107 795 2155 xi;
828 2090 957 2144 Luc.
997 2107 1131 2162 xix).
1167 2091 1323 2158 Quod
1366 2100 1545 2144 autem
1601 2090 1890 2158 sequitur:

311 2182 436 2251 Quia
464 2184 732 2239 dederunt
761 2185 925 2238 David
956 2187 1117 2239 etiam
1151 2201 1271 2238 vasa
1306 2184 1509 2247 fictilia,
1538 2182 1893 2250 frumentum,

310 2284 360 2329 et
390 2274 672 2337 hordeum,
704 2275 951 2339 farinam,
978 2290 1024 2331 e'
1058 2275 1260 2339 fabam,
1284 2285 1339 2329 et
1372 2275 1590 2338 lentem,
1614 2286 1669 2330 et
1697 2276 1896 2329 frixum

312 2364 471 2428 cicer,
510 2372 567 2419 et
599 2364 727 2425 mel,
772 2374 827 2417 et
876 2366 1149 2433 butyrum,
1195 2380 1324 2420 oves
1354 2366 1539 2429 etiam,
1572 2374 1627 2418 et
1673 2366 1898 2434 pingues

309 2440 497 2506 vitulos
528 2450 619 2520 (11
656 2451 781 2521 Reg.
828 2454 977 2520 xvii),
1014 2454 1255 2522 plurima:
1297 2455 1544 2509 ciborum
1580 2455 1788 2522 species
1814 2455 1897 2509 di-

311 2543 440 2596 versi
469 2551 597 2596 sunt
624 2552 934 2598 sanctorum
966 2545 1239 2598 hominum
1265 2560 1464 2600 mores.
1500 2544 1706 2610 Quibus
1731 2543 1894 2600 nimi—

310 2648 422 2686 rum
452 2632 627 2686 David
665 2648 790 2687 cum
834 2634 943 2688 :uis
961 2635 1435 2695 gitnmilitonihus
1475 2638 1735 2707 pascitur,
1768 2639 1895 2708 quia

311 2720 849 2792 κεύθωμαι-,ηομερ
876 2738 999 2780 cum
1026 2719 1229 2784 sanctis
1268 2729 1381 2785 suis
1426 2731 1597 2786 rectis
1622 2732 1892 2801 justorum

309 2812 556 2883 operibus
582 2811 728 2865 velut
754 2815 999 2868 esuriens
1018 2822 1295 2881 epuratur.

374 2901 631 2955 Berzellai
676 2901 983 2957 Galaaditcs
1029 2917 1195 2957 senex
1242 2904 1417 2968 valde,
1469 2906 1519 2960 id
1572 2917 1673 2970 cst,
1746 2918 1889 2963 octo-

309 2994 575 3061 genarius,
607 3001 667 3047 ut
706 3008 861 3047 sacra
895 3002 1125 3047 testatur
1165 2994 1412 3060 historia,
1464 2999 1797 3055 descendens
1827 3003 1894 3056 de

1992 1907 2136 1961 enim
2160 1904 2344 1957 talium
2370 1903 2646 1956 hominum
2674 1917 2867 1956 sensus
2888 1902 3219 1954 intrinsecus
3244 1898 3424 1953 obtusi
3447 1906 3595 1961 sunt,

1991 1997 2118 2066 quia
2163 1993 2466 2064 spiritualia
2519 1992 2719 2045 mentis
2764 1990 2967 2053 edulia,
3014 1990 3095 2043 vel
3147 1990 3352 2042 intimae
3399 1987 3599 2056 jubila-

1993 2086 2157 2141 tionis
2198 2100 2401 2154 organa
2459 2098 2564 2135 non
2606 2083 2942 2135 discernunt.
2990 2077 3106 2133 Non
3151 2079 3297 2131 enim
3345 2077 3424 2130 eis
3460 2076 3602 2145 sapit

1990 2178 2146 2235 cibus
2190 2176 2279 2230 ille
2332 2175 2601 2239 caelestis,
2646 2174 2714 2227 ad
2754 2186 2915 2243 quem
2962 2171 3235 2243 PrOpheta
3284 2167 3603 2239 spirituales

1990 2267 2246 2324 convivas
2292 2266 2484 2320 invitat
2534 2282 2547 2317 :
2606 2281 2624 2314 ι
2677 2263 2946 2327 Gustate,
3014 2261 3232 2329 inquit,
3302 2267 3355 2314 et
3398 2258 3599 2322 videte,

1990 2357 2244 2429 quoniam
2269 2356 2452 2409 suavis
2473 2361 2555 2409 est
2588 2353 2849 2409 Dominus
2874 2352 3049 2424 (Psal.
3076 2352 3293 2421 xxxttt).
3328 2371 3347 2401 ι
3374 2349 3487 2405 Nec
3509 2348 3600 2404 illa

1990 2449 2174 2503 fauces
2206 2464 2394 2502 eorum
2430 2446 2585 2501 mella
2625 2446 2965 2508 discernunt,
3011 2445 3078 2498 de
3118 2444 3317 2512 quibus
3366 2444 3592 2496 aiebat:

1999 2559 2019 2593 ι
2055 2542 2228 2609 Quam
2266 2539 2445 2593 dulcia
2480 2539 2726 2594 faucibus
2756 2540 2895 2593 meis
2924 2537 3137 2605 eloquia
3180 2546 3293 2599 tua,
3342 2533 3596 2598 Domine,

1988 2648 2153 2703 super
2172 2630 2276 2685 tnel
2305 2640 2359 2685 et
2385 2629 2566 2683 favum
2587 2630 2669 2684 ori
2694 2630 2842 2684 meo!
2867 2648 2885 2680 ι
2918 2626 3089 2698 (Ptol.
3119 2624 3331 2692 cxvnt.)
3357 2624 3598 2679 Necdum

1988 2725 2058 2781 ad
2091 2726 2219 2780 illud
2260 2723 2553 2792 Sapientiae
2584 2723 2909 2778 discubuere
2933 2722 3266 2784 convivimn,
3299 2718 3367 2771 de
3398 2733 3505 2787 quo
3542 2717 3600 2772 in

1988 2815 2129 2872 libro
2157 2816 2414 2870 Proverb.
2458 2816 2699 2869 dicitur:
2741 2834 2759 2867 ι
2805 2814 2943 2881 Quia
2981 2813 3246 2881 sapientia
3295 2809 3601 2865 immolavit

1986 2908 2241 2961 victimas
2282 2922 2443 2968 suas,
2509 2907 2729 2961 miscuit
2779 2907 2963 2959 vinum
3018 2914 3071 2959 et
3123 2904 3302 2973 posuit
3353 2916 3598 2957 mensam

1988 3013 2144 3053 suam
2187 2997 2371 3069 (Prov.
2404 2999 2518 3066 ix);
2557 3019 2577 3050 ι
2606 2998 2696 3053 ubi
2746 3007 2801 3053 et
2829 2999 3112 3067 sequitur:
3144 3014 3161 3045 ι
3196 2995 3342 3049 Misit
3374 2993 3600 3051 ancillas

312 3082 578 3154 Rogelim,
631 3084 941 3137 transduxit
991 3098 1168 3154 regem
1207 3086 1381 3144 David
1427 3086 1739 3145 Jordanein.
1793 3090 1891 3145 Cui
1934 3154 1959 3157 _
1990 3105 2118 3145 suas
2148 3099 2207 3157 ut
2236 3098 2497 3144 vocarent
2530 3090 2597 3142 ad
2640 3103 2823 3143 arcem
2870 3097 2925 3143 et
2967 3087 3033 3141 ad
3067 3088 3267 3141 tutenia
3316 3085 3596 3141 civitatis:

309 3191 394 3230 rex
433 3194 448 3229 :
486 3195 506 3227 ‹
530 3176 694 3241 Veni,
730 3177 926 3247 inquit,
957 3187 1015 3233 ut
1038 3181 1346 3251 requiescas
1371 3199 1581 3237 mecum
1616 3184 1668 3235 in
1705 3154 1962 3239 Hieru-C
1992 3181 2206 3245 Venite,
2256 3182 2527 3247 comeditc
2569 3195 2763 3249 panem
2812 3194 3016 3241 memn,
3077 3187 3134 3232 et
3192 3177 3361 3231 hibite
3409 3177 3596 3232 vinum

308 3264 463 3319 salem
482 3264 530 3334 (Ι
538 3264 567 3319 1
581 3265 713 3337 Reg.
732 3268 865 3338 xIx).
890 3287 905 3319 ι
926 3268 1018 3323 ille
1033 3280 1210 3325 autem
1240 3286 1471 3327 renuens
1484 3276 1892 3331 excusationem

307 3358 596 3413 senectutis
616 3359 881 3422 obtendit,
898 3368 953 3414 et
973 3359 1158 3415 relicto
1180 3377 1305 3431 rege
1332 3380 1456 3417 mox
1478 3365 1545 3418 ad
1570 3366 1789 3435 propria
1814 3380 1893 3421 re-

307 3448 531 3515 pedavit.
557 3449 706 3503 Sunt
737 3467 969 3521 namque
993 3454 1233 3509 nonnulli
1258 3456 1349 3525 qtti
1381 3472 1559 3525 regem
1576 3458 1763 3522 David,
1791 3459 1894 3513 hoc

304 3550 397 3604 est,
423 3538 770 3596 Salvatoretn
809 3553 1054 3597 nostrum
1082 3554 1395 3613 sequentes,
1420 3546 1671 3601 Iordanis
1696 3547 1891 3604 ﬂuenta

306 3634 696 3697 transmittunt,
728 3635 831 3689 hoc
851 3645 953 3701 est,
983 3637 1065 3693 vel
1096 3637 1347 3707 baptismi
1371 3640 1671 3709 suscipiunt
1703 3657 1891 3695 sacra-

303 3732 557 3789 mentum,
580 3726 671 3780 vel
694 3726 857 3795 quod,
881 3727 1174 3782 secundum
1198 3737 1279 3783 est
1306 3728 1599 3794 lavacrum,
1625 3732 1893 3797 arripiunt

302 3813 571 3880 spirituale
601 3817 959 3885 propositum.
998 3817 1131 3871 Nam
1172 3820 1295 3888 quia
1342 3821 1393 3875 in
1432 3819 1665 3876 Iordane
1703 3831 1893 3876 auctor

300 3901 540 3973 baptismi
558 3904 815 3962 Christus
835 3919 918 3963 est
946 3909 1247 3976 baptizatus
1267 3909 1483 3982 (Matth.
1510 3928 1567 3966 ιιι
1587 3929 1600 3977 ;
1624 3912 1746 3966 Luc.
1780 3912 1887 3985 tu),

298 3995 399 4065 83
440 4007 591 4052 recte
640 4013 743 4068 per
786 4015 909 4055 eum
948 4001 1269 4073 intelligitur
1310 4005 1631 4074 haptismus.
1659 4006 1762 4061 Sed
1806 4008 1884 4077 hi,

301 4098 439 4144 veste
475 4090 717 4157 variata,
764 4107 869 4146 non
915 4104 1115 4155 mente,
1168 4096 1409 4150 habitum
1455 4098 1733 4162 mutando,
1779 4113 1884 4155 non

300 4180 553 4249 animum,
598 4184 670 4236 ad
708 4183 962 4251 pristinos
991 4186 1218 4240 redeunt
1262 4203 1461 4249 mores,
1504 4194 1557 4242 et
1601 4190 1885 4245 saeculares

298 4278 538 4338 repetunt
587 4272 873 4338 actiones;
924 4282 978 4327 et
1005 4273 1127 4343 quia
1175 4288 1448 4346 nequeunt
1484 4292 1511 4330 a
1546 4281 1883 4347 negotiorum

295 4360 629 4415 Iocularium
665 4364 1069 4432 perturbatione
1094 4366 1397 4435 quiescere,
1445 4368 1633 4423 unltmt
1666 4372 1715 4425 in
1755 4373 1881 4429 [lie-

296 4450 547 4516 rusalem.
605 4453 718 4507 hoc
764 4463 868 4519 est,
924 4456 975 4509 in
1022 4457 1229 4512 visione
1272 4459 1421 4527 pacis
1476 4456 1720 4517 habitare
1758 4479 1879 4520 cum

295 4558 431 4613 rege.
467 4545 648 4600 Senes
674 4546 821 4599 enim
853 4557 977 4601 sunt
1006 4555 1061 4601 et
1088 4548 1393 4615 inveterati,
1423 4560 1586 4621 atque
1624 4555 1743 4608 ideo
1786 4570 1881 4611 ne-

296 4644 491 4702 queunt
522 4638 577 4690 in
626 4652 825 4690 novam
854 4638 919 4692 de
962 4648 1169 4695 vetusta
1198 4644 1611 4699 conversatione
1662 4647 1883 4703 mutari.

300 4724 421 4779 Nam
469 4735 525 4781 et
565 4726 869 4783 Iordanem
909 4739 1187 4786 transeunt
1228 4744 1284 4788 et
1332 4736 1664 4805 octogenarii
1716 4746 1882 4803 sunt;

302 4817 411 4885 quia
440 4825 497 4873 et
522 4816 794 4888 baptizati
839 4830 994 4886 sunt,
1034 4832 1086 4877 et
1132 4826 1584 4881 resurrectionem
1617 4827 1884 4911 futuram,

297 4921 406 4973 qua:
433 4923 532 4977 per
570 4909 920 4963 octonarium
950 4913 1261 4984 designatur
1300 4931 1605 4982 numerum,
1638 4909 1885 4977 credunt.

296 4994 389 5051 Sed
416 4996 469 5052 bi
502 5014 839 5071 quanquam.
865 5002 973 5071 regi
1029 5004 1305 5060 humiliter
1333 5017 1387 5061 et
1416 5007 1609 5062 blande
1656 5009 1881 5079 loquan-

296 5100 392 5155 tur,
420 5106 605 5167 regem
645 5102 829 5146 tanien
868 5095 1145 5162 deserunt,
1174 5110 1229 5153 et
1258 5100 1324 5153 ad
1367 5101 1539 5157 solita:
1584 5118 1880 5161 conversa-

296 5185 445 5240 tionis
495 5189 953 5244 consuetudinem
1005 5202 1366 5248 revertnntur.
1418 5196 1555 5263 Quid
1606 5208 1690 5253 est
1734 5201 1878 5254 enim

296 5278 395 5345 regi
425 5276 624 5333 blanda
665 5279 834 5332 verba
866 5280 1124 5349 proferre,
1158 5283 1262 5337 nisi
1304 5284 1445 5339 sicut
1489 5286 1541 5340 in
1589 5287 1878 5359 Evangelia

295 5362 502 5433 dicitur,
535 5383 599 5424 se
628 5367 830 5424 callide
858 5371 1036 5439 potius
1066 5388 1226 5441 quam
1259 5374 1536 5430 humiliter
1575 5380 1878 5433 excusare?

300 5476 316 5509 ι
353 5458 543 5530 Rogo,
602 5461 836 5531 inquit,
909 5473 995 5528 te,
1049 5466 1187 5522 habe
1229 5483 1316 5523 me
1354 5478 1668 5524 excusatum
1723 5471 1876 5541 (Luc.

298 5551 419 5623 xiv).
441 5572 461 5606 ι
492 5551 732 5609 Dicebat
753 5554 898 5609 enim
913 5554 1167 5612 Benellai
1185 5560 1331 5630 regi:
1362 5579 1380 5612 ι
1404 5561 1513 5616 Cur
1541 5578 1730 5619 servus
1759 5574 1880 5621 tuus

298 5642 349 5696 lit
394 5644 547 5701 oneri
604 5644 837 5727 domino
887 5662 1005 5702 meo
1052 5651 1210 5721 regi?
1260 5650 1539 5707 Paululum
1586 5658 1876 5724 procedam

297 5732 514 5796 famulus
552 5746 685 5795 tuus
726 5736 799 5794 ab
832 5735 1063 5798 Iordane
1097 5753 1274 5801 tecum
1299 5785 1316 5814 ,
1380 5760 1481 5805 nec
1525 5746 1740 5821 indigeo
1775 5751 1877 5808 hac

1989 3276 2132 3345 quod
2182 3275 2374 3329 miscui
2416 3274 2566 3327 vobis
2610 3270 2823 3342 (lbid.).
2877 3291 2896 3322 ι
2934 3269 2998 3323 lli
3043 3284 3205 3323 voces
3256 3270 3418 3322 etiam
3467 3281 3599 3322 can-

1992 3375 2167 3421 torum
2198 3376 2253 3420 et
2291 3365 2649 3420 cantatricum
2700 3378 2805 3417 non
2861 3361 3119 3425 audiunt;
3162 3360 3289 3429 quia
3317 3373 3439 3428 quae
3467 3372 3599 3412 san-

1989 3467 2204 3514 ctorum
2241 3466 2567 3527 martyrum,
2611 3470 2733 3523 qum
2784 3462 3098 3507 sanctarum
3150 3451 3420 3522 virginum
3470 3457 3599 3505 ante

1990 3550 2159 3605 Deum
2182 3548 2377 3616 jubilct
2416 3546 2731 3607 modulatio,
2768 3545 3074 3598 nullatenus
3105 3540 3594 3611 comprehendunt.

1987 3640 2124 3695 Nam
2185 3641 2311 3710 quia
2362 3637 2657 3693 carnaliter
2702 3643 3131 3700 conversantes,
3182 3634 3249 3687 ad
3306 3633 3595 3688 Dominum

1987 3732 2459 3803 contemplationis
2498 3729 2662 3785 corda
2712 3744 2817 3783 non
2860 3728 3106 3789 elevant,
3165 3726 3404 3782 caelestis
3464 3726 3597 3781 har-

1987 3826 2185 3879 monia:
2239 3822 2519 3887 modulos,
2573 3832 2627 3876 et
2684 3819 2970 3875 mellilluas
3011 3819 3241 3890 angelici
3294 3826 3597 3872 concentus

1987 3917 2287 3971 suavitates
2333 3917 2603 3985 ignorant.
2640 3912 2794 3969 Unde
2843 3928 2949 3967 non
2986 3911 3264 3966 immerito
3305 3924 3470 3967 senex
3506 3908 3597 3964 ille

1985 4009 2248 4065 Berzellai
2296 4007 2464 4062 fuisse
2501 4006 2703 4062 dicitur
2727 4006 2796 4059 de
2835 4004 3105 4075 Rogelim,
3144 4002 3286 4073 quod
3324 4003 3596 4075 interpre-

1986 4100 2089 4155 tari
2158 4098 2360 4153 dicitur
2424 4097 2599 4168 pedes.
2649 4073 2944 4151 Pedestres
3009 4094 3155 4147 enim
3213 4092 3347 4147 tales
3400 4073 3595 4145 ainin-

1982 4188 2120 4255 lant,
2158 4198 2214 4243 et
2255 4186 2513 4257 quoniam
2564 4202 2593 4240 a
2640 4194 2868 4240 terrenae
2914 4184 3347 4238 conversationis
3403 4182 3596 4235 itinere

1982 4294 2043 4335 se
2089 4277 2421 4347 suspendere
2467 4276 2750 4339 nesciunt,
2808 4274 2875 4328 ad
2924 4272 3431 4342 comprehendenda
3479 4283 3595 4325 cm-

1982 4372 2133 4427 leslis
2171 4368 2421 4424 melodis:
2457 4368 2672 4422 cantica
2712 4382 2819 4421 non
2857 4376 3169 4437 assurgunt.
3201 4364 3593 4419 Nolunt'cnim

1908 4464 2097 4573 Du
2137 4464 2237 4517 nisi
2286 4462 2496 4533 pedites
2539 4475 2759 4531 semper
2804 4462 3087 4524 incedere,
3131 4470 3296 4530 atque
3340 4460 3459 4514 ideo
3506 4474 3595 4514 ne-

1988 4566 2192 4624 queunt
2222 4555 2329 4608 alta
2356 4554 2696 4622 jubilationis
2727 4555 2931 4609 intimae
2956 4554 3149 4625 gaudia
3188 4562 3499 4622 penetrare.
3530 4553 3595 4606 Et

1988 4649 2243 4719 quoniam
2276 4648 2475 4701 terreni
2502 4655 2677 4711 actus,
2719 4648 2770 4700 in
2801 4648 3001 4716 quibus
3028 4647 3202 4716 sparsi
3244 4656 3393 4709 sunt,
3429 4646 3594 4699 duros

1989 4756 2083 4796 eos
2125 4749 2288 4809 atque
2330 4739 2675 4794 insensibiles
2724 4738 3000 4803 reddunt,
3046 4738 3346 4808 spiritualis
3393 4737 3593 4790 laetitia:

1990 4830 2343 4899 contemplari
2376 4830 2593 4884 subtilia
2625 4838 2920 4899 nequeunt.
2966 4829 3106 4884 Hinc
3133 4838 3219 4885 est
3250 4829 3416 4883 etiam
3449 4829 3591 4897 quod

1989 4925 2095 4979 iste
2121 4921 2380 4975 Berzellai
2409 4920 2713 4977 Galaadites
2740 4921 3005 4975 asseritur
3033 4922 3178 4990 quod
3213 4936 3430 4973 acetum
3457 4921 3596 4973 mti-

1988 5014 2150 5067 mom’i
2188 5013 2595 5082 interpretatur.
2644 5011 2708 5067 Et
2748 5012 3002 5079 quaniam
3048 5024 3280 5064 acervus
3320 5008 3407 5062 ille
3448 5009 3593 5062 testi-

1988 5104 2195 5170 monii,
2241 5104 2332 5174 qui
2377 5102 2582 5157 Galaad
2631 5102 2860 5166 dicitur,
2906 5118 2935 5154 a
2987 5100 3173 5156 Laban
3212 5110 3267 5154 et
3311 5100 3483 5154 Jacob
3524 5100 3591 5155 de

1985 5199 2261 5270 lapidibus
2304 5197 2478 5253 factus
2524 5197 2836 5267 agnoscitur
2878 5193 3030 5266 (Gen.
3072 5194 3226 5264 xxxi)
3255 5234 3269 5258 ,
3311 5194 3453 5247 bene
3492 5208 3590 5263 per

1984 5294 2128 5347 hunc
2152 5291 2487 5347 Galaaditem
2512 5332 2526 5355 ,
2562 5290 2681 5344 duri
2716 5305 2780 5343 ac
2806 5288 2999 5357 lapidei
3030 5286 3280 5341 homines
3304 5286 3585 5355 designan-

1986 5394 2097 5449 tur,
2140 5385 2230 5453 qui
2264 5385 2389 5437 dum
2435 5383 2502 5436 ad
2541 5396 2780 5436 amorem
2824 5379 3123 5447 spiritualis
3164 5378 3287 5431 vitae
3331 5394 3428 5432 cor
3476 5394 3581 5433 non

1986 5475 2300 5543 emolliunt,
2332 5484 2585 5543 tanquam
2612 5473 2836 5541 (lapides
2862 5472 3008 5534 facti,
3040 5472 3092 5525 in
3126 5470 3391 5540 pertinaci
3417 5485 3582 5523 szecu-

1987 5569 2182 5623 larium
2210 5568 2548 5638 negotiorum
2584 5566 2761 5635 rigore
2790 5566 3103 5618 durescunt.
3133 5562 3212 5616 Ad
3244 5578 3405 5631 quam
3436 5561 3581 5614 duri-

1988 5661 2116 5714 tiam
2161 5658 2393 5729 pertinet
2430 5659 2571 5726 quod
2608 5658 2745 5710 idem
2786 5671 3000 5725 quoque
3036 5652 3295 5707 Berzellai
3322 5692 3335 5716 ,
3379 5651 3575 5718 ferrum

1985 5766 2156 5808 meum
2182 5750 2529 5821 interpretari
2569 5748 2784 5804 dicitur.
2824 5745 2963 5814 Quid
2991 5754 3079 5801 est
3103 5744 3287 5800 durius
3320 5741 3495 5795 fcer?
3524 5749 3577 5796 et
