  <div class='ocr_page' id='page_1' title='image "/cluster/home/n/w/nwhite01/storage/ocr_20150623/144-145/uc1.31175001639262/151.png"; bbox 0 0 4260 6400; ppageno 0'>
   <div class='ocr_carea' id='block_1_1' title="bbox 881 355 983 413">
    <p class='ocr_par' dir='ltr' id='par_1_1' title="bbox 881 355 983 413">
     <span class='ocr_line' id='line_1_1' title="bbox 881 355 983 413; baseline 0 0"><span class='ocrx_word' id='word_1_1' title='bbox 881 355 983 413; x_wconf 71' lang='grc'><strong>287</strong></span> 
     </span>
    </p>
   </div>
   <div class='ocr_carea' id='block_1_2' title="bbox 881 560 2432 632">
    <p class='ocr_par' dir='ltr' id='par_1_2' title="bbox 881 560 2432 632">
     <span class='ocr_line' id='line_1_2' title="bbox 881 560 2432 632; baseline -0.001 -18"><span class='ocrx_word' id='word_1_2' title='bbox 881 562 1024 615; x_wconf 86' lang='lat' dir='ltr'><strong>enim</strong></span> <span class='ocrx_word' id='word_1_3' title='bbox 1045 561 1278 614; x_wconf 84' lang='lat' dir='ltr'><strong>animam</strong></span> <span class='ocrx_word' id='word_1_4' title='bbox 1306 575 1577 630; x_wconf 81' lang='lat' dir='ltr'><strong>nunquam</strong></span> <span class='ocrx_word' id='word_1_5' title='bbox 1603 560 1844 616; x_wconf 75' lang='lat' dir='ltr'><strong>introibit</strong></span> <span class='ocrx_word' id='word_1_6' title='bbox 1870 561 2128 630; x_wconf 74' lang='lat' dir='ltr'><strong>sapientia</strong></span> <span class='ocrx_word' id='word_1_7' title='bbox 2154 560 2303 629; x_wconf 87' lang='lat' dir='ltr'><strong>(Sap.</strong></span> <span class='ocrx_word' id='word_1_8' title='bbox 2321 561 2381 632; x_wconf 87' lang='grc' dir='ltr'>ι).</span> <span class='ocrx_word' id='word_1_9' title='bbox 2417 582 2432 612; x_wconf 76' lang='grc' dir='ltr'><strong>ι</strong></span> 
     </span>
    </p>
   </div>
   <div class='ocr_carea' id='block_1_3' title="bbox 881 648 2440 719">
    <p class='ocr_par' dir='ltr' id='par_1_3' title="bbox 881 648 2440 719">
     <span class='ocr_line' id='line_1_3' title="bbox 881 648 2440 719; baseline 0.001 -15"><span class='ocrx_word' id='word_1_10' title='bbox 881 649 950 704; x_wconf 82' lang='lat' dir='ltr'><strong>Et</strong></span> <span class='ocrx_word' id='word_1_11' title='bbox 969 662 1218 719; x_wconf 89' lang='lat' dir='ltr'><strong>congrue,</strong></span> <span class='ocrx_word' id='word_1_12' title='bbox 1244 648 1442 702; x_wconf 79' lang='lat' dir='ltr'><strong>lerrum</strong></span> <span class='ocrx_word' id='word_1_13' title='bbox 1472 665 1670 715; x_wconf 88' lang='lat' dir='ltr'><strong>meum,</strong></span> <span class='ocrx_word' id='word_1_14' title='bbox 1696 651 1850 719; x_wconf 89' lang='lat' dir='ltr'><strong>quasi</strong></span> <span class='ocrx_word' id='word_1_15' title='bbox 1871 651 1935 704; x_wconf 93' lang='lat' dir='ltr'><strong>de</strong></span> <span class='ocrx_word' id='word_1_16' title='bbox 1960 665 2018 704; x_wconf 87' lang='lat' dir='ltr'><strong>se</strong></span> <span class='ocrx_word' id='word_1_17' title='bbox 2037 649 2260 717; x_wconf 87' lang='lat' dir='ltr'><strong>quilibet</strong></span> <span class='ocrx_word' id='word_1_18' title='bbox 2278 648 2440 705; x_wconf 88' lang='lat' dir='ltr'><strong>homo</strong></span> 
     </span>
    </p>
   </div>
   <div class='ocr_carea' id='block_1_4' title="bbox 882 737 2440 810">
    <p class='ocr_par' dir='ltr' id='par_1_4' title="bbox 882 737 2440 810">
     <span class='ocr_line' id='line_1_4' title="bbox 882 737 2440 810; baseline 0.003 -18"><span class='ocrx_word' id='word_1_19' title='bbox 882 738 1044 792; x_wconf 87' lang='lat' dir='ltr'><strong>durus</strong></span> <span class='ocrx_word' id='word_1_20' title='bbox 1072 746 1130 792; x_wconf 90' lang='lat' dir='ltr'><strong>et</strong></span> <span class='ocrx_word' id='word_1_21' title='bbox 1154 737 1454 794; x_wconf 85' lang='lat' dir='ltr'><strong>obstinatus</strong></span> <span class='ocrx_word' id='word_1_22' title='bbox 1487 739 1638 802; x_wconf 87' lang='lat' dir='ltr'><strong>dicit,</strong></span> <span class='ocrx_word' id='word_1_23' title='bbox 1672 741 1818 809; x_wconf 86' lang='lat' dir='ltr'><strong>quia,</strong></span> <span class='ocrx_word' id='word_1_24' title='bbox 1843 741 1966 794; x_wconf 90' lang='lat' dir='ltr'><strong>dum</strong></span> <span class='ocrx_word' id='word_1_25' title='bbox 2010 740 2198 794; x_wconf 86' lang='lat' dir='ltr'><strong>statuit</strong></span> <span class='ocrx_word' id='word_1_26' title='bbox 2226 741 2278 794; x_wconf 90' lang='lat' dir='ltr'><strong>in</strong></span> <span class='ocrx_word' id='word_1_27' title='bbox 2322 755 2440 810; x_wconf 80' lang='lat' dir='ltr'><strong>pro-</strong></span> 
     </span>
    </p>
   </div>
   <div class='ocr_carea' id='block_1_5' title="bbox 880 826 2442 900">
    <p class='ocr_par' dir='ltr' id='par_1_5' title="bbox 880 826 2442 900">
     <span class='ocr_line' id='line_1_5' title="bbox 880 826 2442 900; baseline 0.004 -21"><span class='ocrx_word' id='word_1_28' title='bbox 880 826 995 896; x_wconf 87' lang='lat' dir='ltr'><strong>pria</strong></span> <span class='ocrx_word' id='word_1_29' title='bbox 1015 840 1363 895; x_wconf 79' lang='lat' dir='ltr'><strong>perseverare</strong></span> <span class='ocrx_word' id='word_1_30' title='bbox 1383 828 1597 893; x_wconf 80' lang='lat' dir='ltr'><strong>duritia,</strong></span> <span class='ocrx_word' id='word_1_31' title='bbox 1622 829 1673 883; x_wconf 94' lang='lat' dir='ltr'><strong>in</strong></span> <span class='ocrx_word' id='word_1_32' title='bbox 1704 829 1922 884; x_wconf 88' lang='lat' dir='ltr'><strong>consilia</strong></span> <span class='ocrx_word' id='word_1_33' title='bbox 1950 843 2008 883; x_wconf 91' lang='lat' dir='ltr'><strong>se</strong></span> <span class='ocrx_word' id='word_1_34' title='bbox 2031 844 2304 898; x_wconf 82' lang='lat' dir='ltr'><strong>nunquam</strong></span> <span class='ocrx_word' id='word_1_35' title='bbox 2324 845 2442 900; x_wconf 84' lang='lat' dir='ltr'><strong>pro-</strong></span> 
     </span>
    </p>
   </div>
   <div class='ocr_carea' id='block_1_6' title="bbox 873 915 2441 988">
    <p class='ocr_par' dir='ltr' id='par_1_6' title="bbox 873 915 2441 988">
     <span class='ocr_line' id='line_1_6' title="bbox 873 915 2441 988; baseline 0.006 -20"><span class='ocrx_word' id='word_1_36' title='bbox 873 915 994 984; x_wconf 87' lang='lat' dir='ltr'><strong>jicit</strong></span> <span class='ocrx_word' id='word_1_37' title='bbox 1030 916 1225 973; x_wconf 88' lang='lat' dir='ltr'><strong>aliena.</strong></span> <span class='ocrx_word' id='word_1_38' title='bbox 1263 917 1338 972; x_wconf 87' lang='lat' dir='ltr'><strong>Ea</strong></span> <span class='ocrx_word' id='word_1_39' title='bbox 1383 920 1508 987; x_wconf 85' lang='lat' dir='ltr'><strong>quia</strong></span> <span class='ocrx_word' id='word_1_40' title='bbox 1539 920 1738 988; x_wconf 79' lang='lat' dir='ltr'><strong>rigidus</strong></span> <span class='ocrx_word' id='word_1_41' title='bbox 1783 928 1837 974; x_wconf 90' lang='lat' dir='ltr'><strong>et</strong></span> <span class='ocrx_word' id='word_1_42' title='bbox 1877 918 2180 975; x_wconf 76' lang='lat' dir='ltr'><strong>inﬂexibilis</strong></span> <span class='ocrx_word' id='word_1_43' title='bbox 2224 921 2292 974; x_wconf 93' lang='lat' dir='ltr'><strong>ad</strong></span> <span class='ocrx_word' id='word_1_44' title='bbox 2331 936 2441 977; x_wconf 76' lang='grc' dir='ltr'><strong>εω-</strong></span> 
     </span>
    </p>
   </div>
   <div class='ocr_carea' id='block_1_7' title="bbox 879 1004 2440 1081">
    <p class='ocr_par' dir='ltr' id='par_1_7' title="bbox 879 1004 2440 1081">
     <span class='ocr_line' id='line_1_7' title="bbox 879 1004 2440 1081; baseline 0.007 -25"><span class='ocrx_word' id='word_1_45' title='bbox 879 1004 1067 1062; x_wconf 85' lang='lat' dir='ltr'><strong>lestem</strong></span> <span class='ocrx_word' id='word_1_46' title='bbox 1089 1005 1421 1064; x_wconf 81' lang='lat' dir='ltr'><strong>Hierusalem</strong></span> <span class='ocrx_word' id='word_1_47' title='bbox 1448 1023 1567 1062; x_wconf 90' lang='lat' dir='ltr'><strong>cum</strong></span> <span class='ocrx_word' id='word_1_48' title='bbox 1595 1009 1762 1064; x_wconf 83' lang='lat' dir='ltr'><strong>David</strong></span> <span class='ocrx_word' id='word_1_49' title='bbox 1793 1024 1919 1081; x_wconf 86' lang='lat' dir='ltr'><strong>rege</strong></span> <span class='ocrx_word' id='word_1_50' title='bbox 1945 1026 2048 1065; x_wconf 89' lang='lat' dir='ltr'><strong>non</strong></span> <span class='ocrx_word' id='word_1_51' title='bbox 2079 1011 2342 1081; x_wconf 78' lang='lat' dir='ltr'><strong>graditur,</strong></span> <span class='ocrx_word' id='word_1_52' title='bbox 2374 1012 2440 1067; x_wconf 89' lang='lat' dir='ltr'><strong>de</strong></span> 
     </span>
    </p>
   </div>
   <div class='ocr_carea' id='block_1_8' title="bbox 879 1092 2435 1168">
    <p class='ocr_par' dir='ltr' id='par_1_8' title="bbox 879 1092 2435 1168">
     <span class='ocr_line' id='line_1_8' title="bbox 879 1092 2435 1168; baseline 0.008 -23"><span class='ocrx_word' id='word_1_53' title='bbox 879 1092 964 1147; x_wconf 91' lang='lat' dir='ltr'><strong>via</strong></span> <span class='ocrx_word' id='word_1_54' title='bbox 985 1109 1143 1163; x_wconf 90' lang='lat' dir='ltr'><strong>quam</strong></span> <span class='ocrx_word' id='word_1_55' title='bbox 1171 1105 1404 1165; x_wconf 71' lang='lat' dir='ltr'><strong>cmperat</strong></span> <span class='ocrx_word' id='word_1_56' title='bbox 1427 1112 1548 1152; x_wconf 82' lang='lat' dir='ltr'><strong>cum</strong></span> <span class='ocrx_word' id='word_1_57' title='bbox 1571 1097 1855 1166; x_wconf 83' lang='lat' dir='ltr'><strong>Berzellai,</strong></span> <span class='ocrx_word' id='word_1_58' title='bbox 1883 1100 1948 1154; x_wconf 90' lang='lat' dir='ltr'><strong>ad</strong></span> <span class='ocrx_word' id='word_1_59' title='bbox 1977 1109 2177 1155; x_wconf 87' lang='lat' dir='ltr'><strong>terram</strong></span> <span class='ocrx_word' id='word_1_60' title='bbox 2205 1101 2435 1168; x_wconf 82' lang='lat' dir='ltr'><strong>Madian,</strong></span> 
     </span>
    </p>
   </div>
   <div class='ocr_carea' id='block_1_9' title="bbox 881 1183 2439 1263">
    <p class='ocr_par' dir='ltr' id='par_1_9' title="bbox 881 1183 2439 1263">
     <span class='ocr_line' id='line_1_9' title="bbox 881 1183 2439 1263; baseline 0.008 -27"><span class='ocrx_word' id='word_1_61' title='bbox 881 1183 963 1254; x_wconf 89' lang='lat' dir='ltr'><strong>(II</strong></span> <span class='ocrx_word' id='word_1_62' title='bbox 1009 1184 1138 1255; x_wconf 83' lang='lat' dir='ltr'><strong>Reg.</strong></span> <span class='ocrx_word' id='word_1_63' title='bbox 1182 1188 1308 1256; x_wconf 80' lang='lat' dir='ltr'><strong>xx),</strong></span> <span class='ocrx_word' id='word_1_64' title='bbox 1345 1187 1448 1244; x_wconf 79' lang='lat' dir='ltr'><strong>hoc</strong></span> <span class='ocrx_word' id='word_1_65' title='bbox 1489 1200 1593 1254; x_wconf 89' lang='lat' dir='ltr'><strong>est,</strong></span> <span class='ocrx_word' id='word_1_66' title='bbox 1640 1191 1706 1245; x_wconf 87' lang='lat' dir='ltr'><strong>ad</strong></span> <span class='ocrx_word' id='word_1_67' title='bbox 1743 1191 1868 1246; x_wconf 73' lang='lat' dir='ltr'><strong>vitm</strong></span> <span class='ocrx_word' id='word_1_68' title='bbox 1907 1193 2105 1247; x_wconf 81' lang='lat' dir='ltr'><strong>veteris</strong></span> <span class='ocrx_word' id='word_1_69' title='bbox 2148 1193 2439 1263; x_wconf 89' lang='lat' dir='ltr'><strong>primordia</strong></span> 
     </span>
    </p>
   </div>
   <div class='ocr_carea' id='block_1_10' title="bbox 881 1287 1182 1332">
    <p class='ocr_par' dir='ltr' id='par_1_10' title="bbox 881 1287 1182 1332">
     <span class='ocr_line' id='line_1_10' title="bbox 881 1287 1182 1332; baseline 0.01 -4"><span class='ocrx_word' id='word_1_70' title='bbox 881 1287 1182 1332; x_wconf 87' lang='lat' dir='ltr'><strong>revocatur.</strong></span> 
     </span>
    </p>
   </div>
   <div class='ocr_carea' id='block_1_11' title="bbox 950 1364 2440 1440">
    <p class='ocr_par' dir='ltr' id='par_1_11' title="bbox 950 1364 2440 1440">
     <span class='ocr_line' id='line_1_11' title="bbox 950 1364 2440 1440; baseline 0.007 -21"><span class='ocrx_word' id='word_1_71' title='bbox 950 1364 1190 1435; x_wconf 82' lang='lat' dir='ltr'><strong>Cumque</strong></span> <span class='ocrx_word' id='word_1_72' title='bbox 1228 1368 1458 1425; x_wconf 91' lang='lat' dir='ltr'><strong>venisset</strong></span> <span class='ocrx_word' id='word_1_73' title='bbox 1489 1386 1582 1424; x_wconf 79' lang='lat' dir='ltr'><strong>rex</strong></span> <span class='ocrx_word' id='word_1_74' title='bbox 1628 1371 1794 1426; x_wconf 83' lang='lat' dir='ltr'><strong>David</strong></span> <span class='ocrx_word' id='word_1_75' title='bbox 1825 1374 1877 1426; x_wconf 91' lang='lat' dir='ltr'><strong>in</strong></span> <span class='ocrx_word' id='word_1_76' title='bbox 1907 1372 2240 1430; x_wconf 82' lang='lat' dir='ltr'><strong>Hierusalem</strong></span> <span class='ocrx_word' id='word_1_77' title='bbox 2266 1416 2280 1440; x_wconf 92' lang='lat'><strong>,</strong></span> <span class='ocrx_word' id='word_1_78' title='bbox 2322 1375 2440 1430; x_wconf 86' lang='lat' dir='ltr'><strong>tulit</strong></span> 
     </span>
    </p>
   </div>
   <div class='ocr_carea' id='block_1_12' title="bbox 880 1454 2438 1532">
    <p class='ocr_par' dir='ltr' id='par_1_12' title="bbox 880 1454 2438 1532">
     <span class='ocr_line' id='line_1_12' title="bbox 880 1454 2438 1532; baseline 0.007 -25"><span class='ocrx_word' id='word_1_79' title='bbox 880 1454 1061 1508; x_wconf 87' lang='lat' dir='ltr'><strong>decem</strong></span> <span class='ocrx_word' id='word_1_80' title='bbox 1081 1457 1407 1512; x_wconf 87' lang='lat' dir='ltr'><strong>concubinas</strong></span> <span class='ocrx_word' id='word_1_81' title='bbox 1428 1474 1573 1524; x_wconf 88' lang='lat' dir='ltr'><strong>suas,</strong></span> <span class='ocrx_word' id='word_1_82' title='bbox 1589 1475 1721 1529; x_wconf 87' lang='lat' dir='ltr'><strong>quas</strong></span> <span class='ocrx_word' id='word_1_83' title='bbox 1746 1462 2032 1532; x_wconf 82' lang='lat' dir='ltr'><strong>reliquerat</strong></span> <span class='ocrx_word' id='word_1_84' title='bbox 2049 1464 2114 1517; x_wconf 88' lang='lat' dir='ltr'><strong>ad</strong></span> <span class='ocrx_word' id='word_1_85' title='bbox 2136 1459 2438 1518; x_wconf 76' lang='lat' dir='ltr'><strong>custodien-</strong></span> 
     </span>
    </p>
   </div>
   <div class='ocr_carea' id='block_1_13' title="bbox 880 1542 2438 1616">
    <p class='ocr_par' dir='ltr' id='par_1_13' title="bbox 880 1542 2438 1616">
     <span class='ocr_line' id='line_1_13' title="bbox 880 1542 2438 1616; baseline 0.008 -20"><span class='ocrx_word' id='word_1_86' title='bbox 880 1543 998 1597; x_wconf 86' lang='lat' dir='ltr'><strong>dam</strong></span> <span class='ocrx_word' id='word_1_87' title='bbox 1022 1542 1259 1612; x_wconf 90' lang='lat' dir='ltr'><strong>domum,</strong></span> <span class='ocrx_word' id='word_1_88' title='bbox 1287 1556 1339 1602; x_wconf 92' lang='lat' dir='ltr'><strong>et</strong></span> <span class='ocrx_word' id='word_1_89' title='bbox 1364 1549 1580 1604; x_wconf 84' lang='lat' dir='ltr'><strong>tradidit</strong></span> <span class='ocrx_word' id='word_1_90' title='bbox 1603 1566 1698 1605; x_wconf 90' lang='lat' dir='ltr'><strong>eas</strong></span> <span class='ocrx_word' id='word_1_91' title='bbox 1720 1553 1769 1604; x_wconf 90' lang='lat' dir='ltr'><strong>in</strong></span> <span class='ocrx_word' id='word_1_92' title='bbox 1792 1553 2106 1616; x_wconf 87' lang='lat' dir='ltr'><strong>custodiam,</strong></span> <span class='ocrx_word' id='word_1_93' title='bbox 2136 1569 2235 1608; x_wconf 90' lang='lat' dir='ltr'><strong>nec</strong></span> <span class='ocrx_word' id='word_1_94' title='bbox 2259 1563 2340 1609; x_wconf 90' lang='lat' dir='ltr'><strong>est</strong></span> <span class='ocrx_word' id='word_1_95' title='bbox 2364 1555 2438 1608; x_wconf 84' lang='lat' dir='ltr'><strong>in-</strong></span> 
     </span>
    </p>
   </div>
   <div class='ocr_carea' id='block_1_14' title="bbox 879 1635 2439 1710">
    <p class='ocr_par' dir='ltr' id='par_1_14' title="bbox 879 1635 2439 1710">
     <span class='ocr_line' id='line_1_14' title="bbox 879 1635 2439 1710; baseline 0.008 -25"><span class='ocrx_word' id='word_1_96' title='bbox 879 1647 1094 1700; x_wconf 84' lang='lat' dir='ltr'><strong>gressus</strong></span> <span class='ocrx_word' id='word_1_97' title='bbox 1110 1635 1175 1688; x_wconf 90' lang='lat' dir='ltr'><strong>ad</strong></span> <span class='ocrx_word' id='word_1_98' title='bbox 1202 1650 1314 1700; x_wconf 90' lang='lat' dir='ltr'><strong>eas,</strong></span> <span class='ocrx_word' id='word_1_99' title='bbox 1340 1638 1429 1691; x_wconf 88' lang='lat' dir='ltr'><strong>sed</strong></span> <span class='ocrx_word' id='word_1_100' title='bbox 1445 1649 1600 1692; x_wconf 89' lang='lat' dir='ltr'><strong>erant</strong></span> <span class='ocrx_word' id='word_1_101' title='bbox 1617 1639 1811 1696; x_wconf 68' lang='lat' dir='ltr'><strong>elausaa</strong></span> <span class='ocrx_word' id='word_1_102' title='bbox 1834 1655 2002 1710; x_wconf 89' lang='lat' dir='ltr'><strong>usque</strong></span> <span class='ocrx_word' id='word_1_103' title='bbox 2024 1643 2074 1696; x_wconf 94' lang='lat' dir='ltr'><strong>in</strong></span> <span class='ocrx_word' id='word_1_104' title='bbox 2089 1643 2228 1697; x_wconf 89' lang='lat' dir='ltr'><strong>diem</strong></span> <span class='ocrx_word' id='word_1_105' title='bbox 2251 1645 2439 1699; x_wconf 90' lang='lat' dir='ltr'><strong>mortis</strong></span> 
     </span>
    </p>
   </div>
   <div class='ocr_carea' id='block_1_15' title="bbox 881 1721 2441 1800">
    <p class='ocr_par' dir='ltr' id='par_1_15' title="bbox 881 1721 2441 1800">
     <span class='ocr_line' id='line_1_15' title="bbox 881 1721 2441 1800; baseline 0.01 -27"><span class='ocrx_word' id='word_1_106' title='bbox 881 1734 1021 1784; x_wconf 71' lang='lat' dir='ltr'><strong>suae,</strong></span> <span class='ocrx_word' id='word_1_107' title='bbox 1056 1721 1107 1778; x_wconf 89' lang='lat' dir='ltr'><strong>in</strong></span> <span class='ocrx_word' id='word_1_108' title='bbox 1136 1723 1391 1779; x_wconf 90' lang='lat' dir='ltr'><strong>viduitate</strong></span> <span class='ocrx_word' id='word_1_109' title='bbox 1418 1727 1675 1783; x_wconf 87' lang='lat' dir='ltr'><strong>viventes.</strong></span> <span class='ocrx_word' id='word_1_110' title='bbox 1711 1729 2049 1795; x_wconf 72' lang='lat' dir='ltr'><strong>Concubiuaz,</strong></span> <span class='ocrx_word' id='word_1_111' title='bbox 2079 1747 2198 1800; x_wconf 71' lang='lat' dir='ltr'><strong>qua:</strong></span> <span class='ocrx_word' id='word_1_112' title='bbox 2224 1749 2328 1787; x_wconf 85' lang='lat' dir='ltr'><strong>non</strong></span> <span class='ocrx_word' id='word_1_113' title='bbox 2358 1750 2441 1788; x_wconf 87' lang='lat' dir='ltr'><strong>se-</strong></span> 
     </span>
    </p>
   </div>
   <div class='ocr_carea' id='block_1_16' title="bbox 1446 349 3620 416">
    <p class='ocr_par' dir='ltr' id='par_1_16' title="bbox 1446 349 3620 416">
     <span class='ocr_line' id='line_1_16' title="bbox 1446 349 3620 416; baseline -0.004 -2"><span class='ocrx_word' id='word_1_114' title='bbox 1446 358 1504 414; x_wconf 89' lang='lat' dir='ltr'><strong>S.</strong></span> <span class='ocrx_word' id='word_1_115' title='bbox 1542 357 1740 414; x_wconf 80' lang='lat' dir='ltr'><strong>PETRI</strong></span> <span class='ocrx_word' id='word_1_116' title='bbox 1779 355 2055 413; x_wconf 81' lang='lat' dir='ltr'><strong>DAMIANI</strong></span> <span class='ocrx_word' id='word_1_117' title='bbox 2085 355 2234 414; x_wconf 82' lang='lat' dir='ltr'><strong>OPP.</strong></span> <span class='ocrx_word' id='word_1_118' title='bbox 2274 354 2453 414; x_wconf 74' lang='lat' dir='ltr'><strong>PARS</strong></span> <span class='ocrx_word' id='word_1_119' title='bbox 2482 355 2612 416; x_wconf 84' lang='lat' dir='ltr'><strong>SEU</strong></span> <span class='ocrx_word' id='word_1_120' title='bbox 2650 355 2882 415; x_wconf 79' lang='lat' dir='ltr'><strong>TOMUS</strong></span> <span class='ocrx_word' id='word_1_121' title='bbox 2911 355 2951 412; x_wconf 91' lang='lat' dir='ltr'><strong>I.</strong></span> <span class='ocrx_word' id='word_1_122' title='bbox 2977 385 3047 396; x_wconf 94' lang='lat'><strong>—</strong></span> <span class='ocrx_word' id='word_1_123' title='bbox 3073 351 3288 411; x_wconf 83' lang='lat' dir='ltr'><strong>EPIST.</strong></span> <span class='ocrx_word' id='word_1_124' title='bbox 3328 350 3455 407; x_wconf 80' lang='lat' dir='ltr'><strong>LIB.</strong></span> <span class='ocrx_word' id='word_1_125' title='bbox 3493 349 3620 408; x_wconf 89' lang='lat' dir='ltr'><strong>VIII.</strong></span> 
     </span>
    </p>
   </div>
   <div class='ocr_carea' id='block_1_17' title="bbox 882 467 2519 540">
    <p class='ocr_par' dir='ltr' id='par_1_17' title="bbox 882 467 2519 540">
     <span class='ocr_line' id='line_1_17' title="bbox 882 467 2519 540; baseline 0.001 -17"><span class='ocrx_word' id='word_1_126' title='bbox 882 468 1009 540; x_wconf 91' lang='lat' dir='ltr'><strong>quid</strong></span> <span class='ocrx_word' id='word_1_127' title='bbox 1058 467 1376 524; x_wconf 86' lang='lat' dir='ltr'><strong>obstinatius</strong></span> <span class='ocrx_word' id='word_1_128' title='bbox 1413 475 1575 524; x_wconf 90' lang='lat' dir='ltr'><strong>corde</strong></span> <span class='ocrx_word' id='word_1_129' title='bbox 1622 474 1917 538; x_wconf 80' lang='lat' dir='ltr'><strong>perverso?</strong></span> <span class='ocrx_word' id='word_1_130' title='bbox 1967 489 1985 521; x_wconf 78' lang='grc' dir='ltr'><strong>ι</strong></span> <span class='ocrx_word' id='word_1_131' title='bbox 2015 473 2076 524; x_wconf 82' lang='grc' dir='ltr'><strong>ιιι</strong></span> <span class='ocrx_word' id='word_1_132' title='bbox 2122 473 2437 525; x_wconf 86' lang='lat' dir='ltr'><strong>malevolam</strong></span> <span class='ocrx_word' id='word_1_133' title='bbox 2463 476 2519 534; x_wconf 71' lang='grc' dir='ltr'><strong>Α</strong></span> 
     </span>
    </p>
   </div>
   <div class='ocr_carea' id='block_1_18' title="bbox 3040 482 3589 542">
    <p class='ocr_par' dir='ltr' id='par_1_18' title="bbox 3040 482 3589 542">
     <span class='ocr_line' id='line_1_18' title="bbox 3040 482 3589 542; baseline -0.011 0"><span class='ocrx_word' id='word_1_134' title='bbox 3040 485 3368 542; x_wconf 83' lang='lat' dir='ltr'><strong>EPISTOLA</strong></span> <span class='ocrx_word' id='word_1_135' title='bbox 3406 482 3589 540; x_wconf 89' lang='lat' dir='ltr'><strong>XVIII.</strong></span> 
     </span>
    </p>
   </div>
   <div class='ocr_carea' id='block_1_19' title="bbox 2538 603 4108 660">
    <p class='ocr_par' dir='ltr' id='par_1_19' title="bbox 2538 603 4108 660">
     <span class='ocr_line' id='line_1_19' title="bbox 2538 603 4108 660; baseline -0.01 -2"><span class='ocrx_word' id='word_1_136' title='bbox 2538 620 2604 658; x_wconf 73' lang='lat' dir='ltr'><strong>AD</strong></span> <span class='ocrx_word' id='word_1_137' title='bbox 2631 616 2848 660; x_wconf 76' lang='grc' dir='ltr'>εωιοειι</span> <span class='ocrx_word' id='word_1_138' title='bbox 2875 613 3190 657; x_wconf 70' lang='grc' dir='ltr'><strong>ΒΕΒῙῺΕΜΙῙΙ</strong></span> <span class='ocrx_word' id='word_1_139' title='bbox 3224 613 3342 652; x_wconf 76' lang='grc' dir='ltr'><strong>ΔΒΒ.</strong></span> <span class='ocrx_word' id='word_1_140' title='bbox 3375 611 3444 650; x_wconf 75' lang='lat' dir='ltr'><strong>IT</strong></span> <span class='ocrx_word' id='word_1_141' title='bbox 3471 610 3628 651; x_wconf 75' lang='grc' dir='ltr'>οΑιιι).</span> <span class='ocrx_word' id='word_1_142' title='bbox 3673 605 3906 656; x_wconf 69' lang='grc' dir='ltr'><strong>υυδοιικ</strong></span> <span class='ocrx_word' id='word_1_143' title='bbox 3931 603 4108 646; x_wconf 68' lang='grc' dir='ltr'>ιιοιιλ-</span> 
     </span>
    </p>
   </div>
   <div class='ocr_carea' id='block_1_20' title="bbox 3063 680 3566 726">
    <p class='ocr_par' dir='ltr' id='par_1_20' title="bbox 3063 680 3566 726">
     <span class='ocr_line' id='line_1_20' title="bbox 3063 680 3566 726; baseline -0.014 0"><span class='ocrx_word' id='word_1_144' title='bbox 3063 685 3238 726; x_wconf 71' lang='lat' dir='ltr'><strong>STIRII</strong></span> <span class='ocrx_word' id='word_1_145' title='bbox 3274 680 3566 724; x_wconf 69' lang='lat' dir='ltr'><strong>IONACBOS.</strong></span> 
     </span>
    </p>
   </div>
   <div class='ocr_carea' id='block_1_21' title="bbox 2758 771 3877 852">
    <p class='ocr_par' dir='ltr' id='par_1_21' title="bbox 2758 771 3877 852">
     <span class='ocr_line' id='line_1_21' title="bbox 2758 771 3877 852; baseline -0.013 -14"><span class='ocrx_word' id='word_1_146' title='bbox 2758 782 3016 852; x_wconf 78' lang='lat' dir='ltr'><strong>(Habetur</strong></span> <span class='ocrx_word' id='word_1_147' title='bbox 3042 790 3166 834; x_wconf 80' lang='lat' dir='ltr'><strong>tam.</strong></span> <span class='ocrx_word' id='word_1_148' title='bbox 3197 776 3319 844; x_wconf 89' lang='lat' dir='ltr'><strong>III,</strong></span> <span class='ocrx_word' id='word_1_149' title='bbox 3341 785 3515 847; x_wconf 77' lang='lat' dir='ltr'><strong>estque</strong></span> <span class='ocrx_word' id='word_1_150' title='bbox 3536 789 3714 843; x_wconf 83' lang='lat' dir='ltr'><strong>opusc.</strong></span> <span class='ocrx_word' id='word_1_151' title='bbox 3757 771 3877 841; x_wconf 76' lang='lat'><strong>37.)</strong></span> 
     </span>
    </p>
   </div>
   <div class='ocr_carea' id='block_1_22' title="bbox 3053 904 3574 966">
    <p class='ocr_par' dir='ltr' id='par_1_22' title="bbox 3053 904 3574 966">
     <span class='ocr_line' id='line_1_22' title="bbox 3053 904 3574 966; baseline -0.015 0"><span class='ocrx_word' id='word_1_152' title='bbox 3053 907 3383 966; x_wconf 72' lang='grc' dir='ltr'><strong>Ειηποωι</strong></span> <span class='ocrx_word' id='word_1_153' title='bbox 3434 904 3574 960; x_wconf 84' lang='lat' dir='ltr'><strong>XIX.</strong></span> 
     </span>
    </p>
   </div>
   <div class='ocr_carea' id='block_1_23' title="bbox 2539 1002 4111 1064">
    <p class='ocr_par' dir='ltr' id='par_1_23' title="bbox 2539 1002 4111 1064">
     <span class='ocr_line' id='line_1_23' title="bbox 2539 1002 4111 1064; baseline -0.012 -1"><span class='ocrx_word' id='word_1_154' title='bbox 2539 1025 2605 1063; x_wconf 69' lang='lat' dir='ltr'><strong>AD</strong></span> <span class='ocrx_word' id='word_1_155' title='bbox 2634 1021 2845 1064; x_wconf 76' lang='lat' dir='ltr'><strong>PITIIUI</strong></span> <span class='ocrx_word' id='word_1_156' title='bbox 2871 1020 2916 1060; x_wconf 75' lang='lat'><strong>8.</strong></span> <span class='ocrx_word' id='word_1_157' title='bbox 2955 1019 3011 1058; x_wconf 82' lang='grc' dir='ltr'>ιι.</span> <span class='ocrx_word' id='word_1_158' title='bbox 3040 1018 3094 1058; x_wconf 73' lang='grc' dir='ltr'><strong>Β.</strong></span> <span class='ocrx_word' id='word_1_159' title='bbox 3117 1012 3385 1056; x_wconf 69' lang='grc' dir='ltr'>ιιιλοοιωι</span> <span class='ocrx_word' id='word_1_160' title='bbox 3413 1007 3750 1052; x_wconf 70' lang='grc' dir='ltr'>ωιωιιιιιεκ</span> <span class='ocrx_word' id='word_1_161' title='bbox 3783 1006 3857 1047; x_wconf 75' lang='grc' dir='ltr'><strong>Ετ</strong></span> <span class='ocrx_word' id='word_1_162' title='bbox 3883 1002 4111 1047; x_wconf 68' lang='grc' dir='ltr'><strong><em>αλπη-</em></strong></span> 
     </span>
    </p>
   </div>
   <div class='ocr_carea' id='block_1_24' title="bbox 3216 1083 3432 1124">
    <p class='ocr_par' dir='ltr' id='par_1_24' title="bbox 3216 1083 3432 1124">
     <span class='ocr_line' id='line_1_24' title="bbox 3216 1083 3432 1124; baseline -0.014 0"><span class='ocrx_word' id='word_1_163' title='bbox 3216 1083 3432 1124; x_wconf 69' lang='lat' dir='ltr'><strong>LABICI.</strong></span> 
     </span>
    </p>
   </div>
   <div class='ocr_carea' id='block_1_25' title="bbox 2537 1171 4112 1244">
    <p class='ocr_par' dir='ltr' id='par_1_25' title="bbox 2537 1171 4112 1244">
     <span class='ocr_line' id='line_1_25' title="bbox 2537 1171 4112 1244; baseline -0.013 -2"><span class='ocrx_word' id='word_1_164' title='bbox 2537 1189 2930 1244; x_wconf 66' lang='lat' dir='ltr'><strong>Aacousu&#39;ruu.</strong></span> <span class='ocrx_word' id='word_1_165' title='bbox 2960 1213 3025 1223; x_wconf 89' lang='lat'><strong>-</strong></span> <span class='ocrx_word' id='word_1_166' title='bbox 3055 1181 3270 1236; x_wconf 85' lang='lat' dir='ltr'><strong>Petrum</strong></span> <span class='ocrx_word' id='word_1_167' title='bbox 3321 1178 3380 1232; x_wconf 89' lang='lat' dir='ltr'><strong>S.</strong></span> <span class='ocrx_word' id='word_1_168' title='bbox 3419 1175 3487 1229; x_wconf 82' lang='lat' dir='ltr'><strong>R.</strong></span> <span class='ocrx_word' id='word_1_169' title='bbox 3525 1175 3588 1230; x_wconf 67' lang='lat' dir='ltr'><strong>Is.</strong></span> <span class='ocrx_word' id='word_1_170' title='bbox 3627 1171 3961 1229; x_wconf 86' lang='lat' dir='ltr'><strong>cardinalem</strong></span> <span class='ocrx_word' id='word_1_171' title='bbox 3989 1208 4007 1234; x_wconf 96' lang='lat'><strong>,</strong></span> <span class='ocrx_word' id='word_1_172' title='bbox 4061 1174 4112 1223; x_wconf 84' lang='lat' dir='ltr'><strong>et</strong></span> 
     </span>
    </p>
   </div>
   <div class='ocr_carea' id='block_1_26' title="bbox 2609 1246 4112 1322">
    <p class='ocr_par' dir='ltr' id='par_1_26' title="bbox 2609 1246 4112 1322">
     <span class='ocr_line' id='line_1_26' title="bbox 2609 1246 4112 1322; baseline -0.015 -10"><span class='ocrx_word' id='word_1_173' title='bbox 2609 1256 2984 1312; x_wconf 88' lang='lat' dir='ltr'><strong>cancellarium</strong></span> <span class='ocrx_word' id='word_1_174' title='bbox 3044 1263 3367 1322; x_wconf 71' lang='lat' dir='ltr'><strong>magnopere</strong></span> <span class='ocrx_word' id='word_1_175' title='bbox 3419 1246 3664 1322; x_wconf 82' lang='lat' dir='ltr'><strong>laud_at,_</strong></span> <span class='ocrx_word' id='word_1_176' title='bbox 3693 1250 3750 1297; x_wconf 84' lang='lat' dir='ltr'><strong>et</strong></span> <span class='ocrx_word' id='word_1_177' title='bbox 3793 1253 4022 1322; x_wconf 40' lang='lat' dir='ltr'><strong>secum</strong></span> <span class='ocrx_word' id='word_1_178' title='bbox 4050 1250 4112 1322; x_wconf 71' lang='lat' dir='ltr'><strong>eo</strong></span> 
     </span>
    </p>
   </div>
   <div class='ocr_carea' id='block_1_27' title="bbox 2609 1308 4112 1391">
    <p class='ocr_par' dir='ltr' id='par_1_27' title="bbox 2609 1308 4112 1391">
     <span class='ocr_line' id='line_1_27' title="bbox 2609 1308 4112 1391; baseline -0.014 -11"><span class='ocrx_word' id='word_1_179' title='bbox 2609 1308 2974 1380; x_wconf 59' lang='lat' dir='ltr'><strong>familiaritate</strong></span> <span class='ocrx_word' id='word_1_180' title='bbox 2995 1308 3369 1391; x_wconf 54' lang='lat' dir='ltr'><strong>jungivcupere</strong></span> <span class='ocrx_word' id='word_1_181' title='bbox 3386 1316 3482 1391; x_wconf 78' lang='lat' dir='ltr'><strong>ait,</strong></span> <span class='ocrx_word' id='word_1_182' title='bbox 3510 1313 3776 1382; x_wconf 87' lang='lat' dir='ltr'><strong>simulque</strong></span> <span class='ocrx_word' id='word_1_183' title='bbox 3801 1308 3880 1364; x_wconf 91' lang='lat' dir='ltr'><strong>illi</strong></span> <span class='ocrx_word' id='word_1_184' title='bbox 3907 1315 4112 1363; x_wconf 67' lang='lat' dir='ltr'><strong>sancta</strong></span> 
     </span>
    </p>
   </div>
   <div class='ocr_carea' id='block_1_28' title="bbox 2608 1387 3482 1450">
    <p class='ocr_par' dir='ltr' id='par_1_28' title="bbox 2608 1387 3482 1450">
     <span class='ocr_line' id='line_1_28' title="bbox 2608 1387 3482 1450; baseline -0.013 -1"><span class='ocrx_word' id='word_1_185' title='bbox 2608 1395 2859 1450; x_wconf 77' lang='lat' dir='ltr'><strong>Ecclesia:</strong></span> <span class='ocrx_word' id='word_1_186' title='bbox 2893 1387 3482 1447; x_wconf 61' lang='lat' dir='ltr'><strong>statum&#39;commendat.</strong></span> 
     </span>
    </p>
   </div>
   <div class='ocr_carea' id='block_1_29' title="bbox 2607 1510 4113 1600">
    <p class='ocr_par' dir='ltr' id='par_1_29' title="bbox 2607 1510 4113 1600">
     <span class='ocr_line' id='line_1_29' title="bbox 2607 1510 4113 1600; baseline -0.013 -18"><span class='ocrx_word' id='word_1_187' title='bbox 2607 1523 3128 1600; x_wconf 66' lang='grc' dir='ltr'>εθῡοιιιιιοΡει-ιιο</span> <span class='ocrx_word' id='word_1_188' title='bbox 3161 1520 3300 1577; x_wconf 88' lang='lat' dir='ltr'><strong>sacri</strong></span> <span class='ocrx_word' id='word_1_189' title='bbox 3325 1517 3506 1590; x_wconf 86' lang='lat' dir='ltr'><strong>palatii</strong></span> <span class='ocrx_word' id='word_1_190' title='bbox 3529 1511 3872 1574; x_wconf 86' lang='lat' dir='ltr'><strong>canoellario,</strong></span> <span class='ocrx_word' id='word_1_191' title='bbox 3897 1510 4113 1565; x_wconf 67' lang='lat' dir='ltr'><strong>Penus</strong></span> 
     </span>
    </p>
   </div>
   <div class='ocr_carea' id='block_1_30' title="bbox 2540 1598 4111 1675">
    <p class='ocr_par' dir='ltr' id='par_1_30' title="bbox 2540 1598 4111 1675">
     <span class='ocr_line' id='line_1_30' title="bbox 2540 1598 4111 1675; baseline -0.015 0"><span class='ocrx_word' id='word_1_192' title='bbox 2540 1598 2729 1675; x_wconf 82' lang='lat' dir='ltr'><strong>Crucis</strong></span> <span class='ocrx_word' id='word_1_193' title='bbox 2749 1615 2949 1671; x_wconf 76' lang='lat' dir='ltr'><strong>Christi</strong></span> <span class='ocrx_word' id='word_1_194' title='bbox 2974 1626 3252 1669; x_wconf 86' lang='lat' dir='ltr'><strong>servorum</strong></span> <span class='ocrx_word' id='word_1_195' title='bbox 3288 1607 3540 1673; x_wconf 76' lang='lat' dir='ltr'><strong>famulus,</strong></span> <span class='ocrx_word' id='word_1_196' title='bbox 3579 1600 3997 1662; x_wconf 69' lang='lat' dir='ltr'><strong>ferventissimae</strong></span> <span class='ocrx_word' id='word_1_197' title='bbox 4019 1598 4111 1652; x_wconf 81' lang='lat' dir='ltr'><strong>de-</strong></span> 
     </span>
    </p>
   </div>
   <div class='ocr_carea' id='block_1_31' title="bbox 2542 1705 3141 1773">
    <p class='ocr_par' dir='ltr' id='par_1_31' title="bbox 2542 1705 3141 1773">
     <span class='ocr_line' id='line_1_31' title="bbox 2542 1705 3141 1773; baseline -0.01 -11"><span class='ocrx_word' id='word_1_198' title='bbox 2542 1709 2772 1764; x_wconf 90' lang='lat' dir='ltr'><strong>votionis</strong></span> <span class='ocrx_word' id='word_1_199' title='bbox 2803 1705 3141 1773; x_wconf 87' lang='lat' dir='ltr'><strong>obsequium.</strong></span> 
     </span>
    </p>
   </div>
   <div class='ocr_carea' id='block_1_32' title="bbox 879 1784 4116 1889">
    <p class='ocr_par' dir='ltr' id='par_1_32' title="bbox 879 1784 4116 1889">
     <span class='ocr_line' id='line_1_32' title="bbox 879 1784 4116 1889; baseline 0.005 -27"><span class='ocrx_word' id='word_1_200' title='bbox 879 1819 1105 1877; x_wconf 84' lang='lat' dir='ltr'><strong>quentes</strong></span> <span class='ocrx_word' id='word_1_201' title='bbox 1125 1810 1310 1878; x_wconf 75' lang='lat' dir='ltr'><strong>David,</strong></span> <span class='ocrx_word' id='word_1_202' title='bbox 1335 1814 1548 1870; x_wconf 91' lang='lat' dir='ltr'><strong>domum</strong></span> <span class='ocrx_word' id='word_1_203' title='bbox 1570 1828 1805 1882; x_wconf 85' lang='lat' dir='ltr'><strong>servant,</strong></span> <span class='ocrx_word' id='word_1_204' title='bbox 1829 1819 1881 1874; x_wconf 83' lang='lat' dir='ltr'><strong>lii</strong></span> <span class='ocrx_word' id='word_1_205' title='bbox 1906 1784 2139 1889; x_wconf 53' lang='lat' dir='ltr'><strong>SUIII&#39;QI&#39;II</strong></span> <span class='ocrx_word' id='word_1_206' title='bbox 2471 1823 2514 1880; x_wconf 72' lang='lat' dir='ltr'><strong>II</strong></span> <span class='ocrx_word' id='word_1_207' title='bbox 2613 1797 2982 1889; x_wconf 62' lang='lat' dir='ltr'><strong>DilCCl_iSSi&#39;&quot;e&#39;</strong></span> <span class='ocrx_word' id='word_1_208' title='bbox 3012 1810 3133 1849; x_wconf 72' lang='lat' dir='ltr'><strong>cum</strong></span> <span class='ocrx_word' id='word_1_209' title='bbox 3160 1807 3265 1889; x_wconf 45' lang='lat' dir='ltr'><strong>&quot;(in</strong></span> <span class='ocrx_word' id='word_1_210' title='bbox 3293 1791 3552 1860; x_wconf 55' lang='lat' dir='ltr'><strong>im&#39;orem’</strong></span> <span class='ocrx_word' id='word_1_211' title='bbox 3583 1785 3712 1889; x_wconf 40' lang='lat' dir='ltr'><strong>qam</strong></span> <span class='ocrx_word' id='word_1_212' title='bbox 3739 1784 4116 1889; x_wconf 37' lang='lat'><strong>“9‘65&quot;”:</strong></span> 
     </span>
    </p>
   </div>
   <div class='ocr_carea' id='block_1_33' title="bbox 879 1897 2434 1980">
    <p class='ocr_par' dir='ltr' id='par_1_33' title="bbox 879 1897 2434 1980">
     <span class='ocr_line' id='line_1_33' title="bbox 879 1897 2434 1980; baseline 0.011 -29"><span class='ocrx_word' id='word_1_213' title='bbox 879 1897 1012 1969; x_wconf 84' lang='lat' dir='ltr'><strong>legis</strong></span> <span class='ocrx_word' id='word_1_214' title='bbox 1044 1903 1280 1957; x_wconf 89' lang='lat' dir='ltr'><strong>custodia</strong></span> <span class='ocrx_word' id='word_1_215' title='bbox 1309 1917 1670 1974; x_wconf 84' lang='lat' dir='ltr'><strong>perseverant.</strong></span> <span class='ocrx_word' id='word_1_216' title='bbox 1715 1909 1786 1962; x_wconf 90' lang='lat' dir='ltr'><strong>De</strong></span> <span class='ocrx_word' id='word_1_217' title='bbox 1826 1911 2019 1978; x_wconf 86' lang='lat' dir='ltr'><strong>quibus</strong></span> <span class='ocrx_word' id='word_1_218' title='bbox 2047 1913 2284 1980; x_wconf 77' lang='lat' dir='ltr'><strong>profecto</strong></span> <span class='ocrx_word' id='word_1_219' title='bbox 2314 1930 2434 1968; x_wconf 89' lang='lat' dir='ltr'><strong>con-</strong></span> 
     </span>
    </p>
   </div>
   <div class='ocr_carea' id='block_1_34' title="bbox 883 1989 2438 2062">
    <p class='ocr_par' dir='ltr' id='par_1_34' title="bbox 883 1989 2438 2062">
     <span class='ocr_line' id='line_1_34' title="bbox 883 1989 2438 2062; baseline 0.01 -21"><span class='ocrx_word' id='word_1_220' title='bbox 883 1989 1091 2044; x_wconf 90' lang='lat' dir='ltr'><strong>cubinis</strong></span> <span class='ocrx_word' id='word_1_221' title='bbox 1128 1991 1323 2046; x_wconf 90' lang='lat' dir='ltr'><strong>dicitur</strong></span> <span class='ocrx_word' id='word_1_222' title='bbox 1362 2008 1376 2046; x_wconf 89' lang='lat'><strong>:</strong></span> <span class='ocrx_word' id='word_1_223' title='bbox 1420 2015 1438 2046; x_wconf 81' lang='grc' dir='ltr'><strong>ι</strong></span> <span class='ocrx_word' id='word_1_224' title='bbox 1472 1995 1606 2062; x_wconf 85' lang='lat' dir='ltr'><strong>Quia</strong></span> <span class='ocrx_word' id='word_1_225' title='bbox 1645 1997 1711 2051; x_wconf 92' lang='lat' dir='ltr'><strong>de</strong></span> <span class='ocrx_word' id='word_1_226' title='bbox 1757 2007 1951 2054; x_wconf 66' lang='lat' dir='ltr'><strong>caetero</strong></span> <span class='ocrx_word' id='word_1_227' title='bbox 1999 2016 2100 2055; x_wconf 86' lang='lat' dir='ltr'><strong>nou</strong></span> <span class='ocrx_word' id='word_1_228' title='bbox 2145 2013 2226 2056; x_wconf 85' lang='lat' dir='ltr'><strong>est</strong></span> <span class='ocrx_word' id='word_1_229' title='bbox 2272 2004 2438 2058; x_wconf 83' lang='lat' dir='ltr'><strong>David</strong></span> 
     </span>
    </p>
   </div>
   <div class='ocr_carea' id='block_1_35' title="bbox 883 2076 2436 2158">
    <p class='ocr_par' dir='ltr' id='par_1_35' title="bbox 883 2076 2436 2158">
     <span class='ocr_line' id='line_1_35' title="bbox 883 2076 2436 2158; baseline 0.01 -28"><span class='ocrx_word' id='word_1_230' title='bbox 883 2076 1155 2148; x_wconf 85' lang='lat' dir='ltr'><strong>ingressus</strong></span> <span class='ocrx_word' id='word_1_231' title='bbox 1190 2082 1255 2135; x_wconf 88' lang='lat' dir='ltr'><strong>ad</strong></span> <span class='ocrx_word' id='word_1_232' title='bbox 1292 2098 1382 2138; x_wconf 90' lang='lat' dir='ltr'><strong>eas</strong></span> <span class='ocrx_word' id='word_1_233' title='bbox 1405 2124 1419 2147; x_wconf 92' lang='lat'><strong>,</strong></span> <span class='ocrx_word' id='word_1_234' title='bbox 1465 2088 1557 2140; x_wconf 90' lang='lat' dir='ltr'><strong>sed</strong></span> <span class='ocrx_word' id='word_1_235' title='bbox 1586 2097 1739 2140; x_wconf 90' lang='lat' dir='ltr'><strong>erant</strong></span> <span class='ocrx_word' id='word_1_236' title='bbox 1775 2089 1970 2143; x_wconf 68' lang='lat' dir='ltr'><strong>clausa:</strong></span> <span class='ocrx_word' id='word_1_237' title='bbox 2007 2106 2172 2158; x_wconf 85' lang='lat' dir='ltr'><strong>usque</strong></span> <span class='ocrx_word' id='word_1_238' title='bbox 2203 2092 2254 2144; x_wconf 92' lang='lat' dir='ltr'><strong>in</strong></span> <span class='ocrx_word' id='word_1_239' title='bbox 2296 2092 2436 2146; x_wconf 88' lang='lat' dir='ltr'><strong>diem</strong></span> 
     </span>
    </p>
   </div>
   <div class='ocr_carea' id='block_1_36' title="bbox 883 2169 2439 2248">
    <p class='ocr_par' dir='ltr' id='par_1_36' title="bbox 883 2169 2439 2248">
     <span class='ocr_line' id='line_1_36' title="bbox 883 2169 2439 2248; baseline 0.01 -28"><span class='ocrx_word' id='word_1_240' title='bbox 883 2169 1224 2235; x_wconf 66' lang='lat' dir='ltr'><strong>mortis&#39;suze,</strong></span> <span class='ocrx_word' id='word_1_241' title='bbox 1253 2171 1306 2224; x_wconf 93' lang='lat' dir='ltr'><strong>in</strong></span> <span class='ocrx_word' id='word_1_242' title='bbox 1334 2172 1588 2228; x_wconf 85' lang='lat' dir='ltr'><strong>viduitate</strong></span> <span class='ocrx_word' id='word_1_243' title='bbox 1610 2176 1898 2232; x_wconf 68' lang='lat' dir='ltr'><strong>viventes.)</strong></span> <span class='ocrx_word' id='word_1_244' title='bbox 1931 2177 2093 2232; x_wconf 59' lang='lat' dir='ltr'><strong>Judaei</strong></span> <span class='ocrx_word' id='word_1_245' title='bbox 2120 2180 2274 2248; x_wconf 87' lang='lat' dir='ltr'><strong>plane</strong></span> <span class='ocrx_word' id='word_1_246' title='bbox 2299 2196 2439 2236; x_wconf 92' lang='lat' dir='ltr'><strong>nunc</strong></span> 
     </span>
    </p>
   </div>
   <div class='ocr_carea' id='block_1_37' title="bbox 884 2256 2438 2337">
    <p class='ocr_par' dir='ltr' id='par_1_37' title="bbox 884 2256 2438 2337">
     <span class='ocr_line' id='line_1_37' title="bbox 884 2256 2438 2337; baseline 0.01 -27"><span class='ocrx_word' id='word_1_247' title='bbox 884 2256 1052 2312; x_wconf 89' lang='lat' dir='ltr'><strong>clausi</strong></span> <span class='ocrx_word' id='word_1_248' title='bbox 1076 2269 1216 2322; x_wconf 89' lang='lat' dir='ltr'><strong>sunt,</strong></span> <span class='ocrx_word' id='word_1_249' title='bbox 1245 2270 1297 2314; x_wconf 91' lang='lat' dir='ltr'><strong>et</strong></span> <span class='ocrx_word' id='word_1_250' title='bbox 1318 2262 1369 2316; x_wconf 92' lang='lat' dir='ltr'><strong>in</strong></span> <span class='ocrx_word' id='word_1_251' title='bbox 1391 2264 1646 2318; x_wconf 89' lang='lat' dir='ltr'><strong>viduitate</strong></span> <span class='ocrx_word' id='word_1_252' title='bbox 1669 2267 1874 2330; x_wconf 89' lang='lat' dir='ltr'><strong>vivunt,</strong></span> <span class='ocrx_word' id='word_1_253' title='bbox 1898 2271 2149 2337; x_wconf 89' lang='lat' dir='ltr'><strong>quoniam</strong></span> <span class='ocrx_word' id='word_1_254' title='bbox 2173 2272 2238 2322; x_wconf 89' lang='lat' dir='ltr'><strong>ad</strong></span> <span class='ocrx_word' id='word_1_255' title='bbox 2265 2272 2438 2325; x_wconf 81' lang='lat' dir='ltr'><strong>virum</strong></span> 
     </span>
    </p>
   </div>
   <div class='ocr_carea' id='block_1_38' title="bbox 883 2347 2439 2415">
    <p class='ocr_par' dir='ltr' id='par_1_38' title="bbox 883 2347 2439 2415">
     <span class='ocr_line' id='line_1_38' title="bbox 883 2347 2439 2415; baseline 0.009 -15"><span class='ocrx_word' id='word_1_256' title='bbox 883 2355 1084 2401; x_wconf 72' lang='lat' dir='ltr'><strong>sanctze</strong></span> <span class='ocrx_word' id='word_1_257' title='bbox 1112 2347 1359 2404; x_wconf 81' lang='lat' dir='ltr'><strong>Ecclesia:</strong></span> <span class='ocrx_word' id='word_1_258' title='bbox 1401 2366 1504 2405; x_wconf 94' lang='lat' dir='ltr'><strong>non</strong></span> <span class='ocrx_word' id='word_1_259' title='bbox 1531 2353 1808 2408; x_wconf 86' lang='lat' dir='ltr'><strong>accedunt.</strong></span> <span class='ocrx_word' id='word_1_260' title='bbox 1839 2353 1947 2410; x_wconf 88' lang='lat' dir='ltr'><strong>Nec</strong></span> <span class='ocrx_word' id='word_1_261' title='bbox 1973 2357 2036 2410; x_wconf 91' lang='lat' dir='ltr'><strong>ad</strong></span> <span class='ocrx_word' id='word_1_262' title='bbox 2073 2372 2165 2411; x_wconf 90' lang='lat' dir='ltr'><strong>eos</strong></span> <span class='ocrx_word' id='word_1_263' title='bbox 2204 2359 2439 2415; x_wconf 69' lang='lat' dir='ltr'><strong>caelestis</strong></span> 
     </span>
    </p>
   </div>
   <div class='ocr_carea' id='block_1_39' title="bbox 883 2433 2440 2514">
    <p class='ocr_par' dir='ltr' id='par_1_39' title="bbox 883 2433 2440 2514">
     <span class='ocr_line' id='line_1_39' title="bbox 883 2433 2440 2514; baseline 0.01 -26"><span class='ocrx_word' id='word_1_264' title='bbox 883 2433 970 2490; x_wconf 89' lang='lat' dir='ltr'><strong>ille</strong></span> <span class='ocrx_word' id='word_1_265' title='bbox 997 2450 1225 2506; x_wconf 87' lang='lat' dir='ltr'><strong>sponsus</strong></span> <span class='ocrx_word' id='word_1_266' title='bbox 1255 2440 1573 2510; x_wconf 86' lang='lat' dir='ltr'><strong>ingreditur,</strong></span> <span class='ocrx_word' id='word_1_267' title='bbox 1601 2443 1726 2512; x_wconf 90' lang='lat' dir='ltr'><strong>quia</strong></span> <span class='ocrx_word' id='word_1_268' title='bbox 1758 2453 2009 2514; x_wconf 86' lang='lat' dir='ltr'><strong>tanquam</strong></span> <span class='ocrx_word' id='word_1_269' title='bbox 2047 2447 2370 2503; x_wconf 81' lang='lat' dir='ltr'><strong>mulierculis</strong></span> <span class='ocrx_word' id='word_1_270' title='bbox 2408 2465 2440 2504; x_wconf 89' lang='lat' dir='ltr'><strong>a</strong></span> 
     </span>
    </p>
   </div>
   <div class='ocr_carea' id='block_1_40' title="bbox 885 2525 2443 2601">
    <p class='ocr_par' dir='ltr' id='par_1_40' title="bbox 885 2525 2443 2601">
     <span class='ocr_line' id='line_1_40' title="bbox 885 2525 2443 2601; baseline 0.008 -22"><span class='ocrx_word' id='word_1_271' title='bbox 885 2525 1096 2582; x_wconf 90' lang='lat' dir='ltr'><strong>diabolo</strong></span> <span class='ocrx_word' id='word_1_272' title='bbox 1121 2529 1438 2597; x_wconf 85' lang='lat' dir='ltr'><strong>prostitutis,</strong></span> <span class='ocrx_word' id='word_1_273' title='bbox 1470 2546 1624 2585; x_wconf 91' lang='lat' dir='ltr'><strong>suum</strong></span> <span class='ocrx_word' id='word_1_274' title='bbox 1655 2533 1892 2601; x_wconf 64' lang='lat' dir='ltr'><strong>praebere</strong></span> <span class='ocrx_word' id='word_1_275' title='bbox 1917 2536 2325 2590; x_wconf 86' lang='lat' dir='ltr'><strong>contubernium</strong></span> <span class='ocrx_word' id='word_1_276' title='bbox 2354 2538 2443 2592; x_wconf 84' lang='lat' dir='ltr'><strong>de-</strong></span> 
     </span>
    </p>
   </div>
   <div class='ocr_carea' id='block_1_41' title="bbox 885 2615 2437 2694">
    <p class='ocr_par' dir='ltr' id='par_1_41' title="bbox 885 2615 2437 2694">
     <span class='ocr_line' id='line_1_41' title="bbox 885 2615 2437 2694; baseline 0.008 -25"><span class='ocrx_word' id='word_1_277' title='bbox 885 2615 1146 2684; x_wconf 83' lang='lat' dir='ltr'><strong>dignatur,</strong></span> <span class='ocrx_word' id='word_1_278' title='bbox 1184 2618 1396 2688; x_wconf 84' lang='lat' dir='ltr'><strong>eisque,</strong></span> <span class='ocrx_word' id='word_1_279' title='bbox 1433 2622 1556 2689; x_wconf 91' lang='lat' dir='ltr'><strong>quia</strong></span> <span class='ocrx_word' id='word_1_280' title='bbox 1582 2621 1763 2690; x_wconf 89' lang='lat' dir='ltr'><strong>polluti</strong></span> <span class='ocrx_word' id='word_1_281' title='bbox 1784 2632 1925 2694; x_wconf 48' lang='lat' dir='ltr'><strong>.sunt</strong></span> <span class='ocrx_word' id='word_1_282' title='bbox 1953 2639 2051 2692; x_wconf 84' lang='lat' dir='ltr'><strong>per</strong></span> <span class='ocrx_word' id='word_1_283' title='bbox 2078 2625 2394 2680; x_wconf 70' lang='lat' dir='ltr'><strong>adulterium</strong></span> <span class='ocrx_word' id='word_1_284' title='bbox 2423 2668 2437 2690; x_wconf 89' lang='lat'><strong>,</strong></span> 
     </span>
    </p>
   </div>
   <div class='ocr_carea' id='block_1_42' title="bbox 883 2707 2440 2783">
    <p class='ocr_par' dir='ltr' id='par_1_42' title="bbox 883 2707 2440 2783">
     <span class='ocr_line' id='line_1_42' title="bbox 883 2707 2440 2783; baseline 0.006 -23"><span class='ocrx_word' id='word_1_285' title='bbox 883 2707 1090 2777; x_wconf 87' lang='lat' dir='ltr'><strong>repudii</strong></span> <span class='ocrx_word' id='word_1_286' title='bbox 1125 2709 1218 2763; x_wconf 88' lang='lat' dir='ltr'><strong>dat</strong></span> <span class='ocrx_word' id='word_1_287' title='bbox 1253 2710 1506 2766; x_wconf 85' lang='lat' dir='ltr'><strong>libellum.</strong></span> <span class='ocrx_word' id='word_1_288' title='bbox 1545 2711 1610 2764; x_wconf 87' lang='lat' dir='ltr'><strong>Et</strong></span> <span class='ocrx_word' id='word_1_289' title='bbox 1637 2713 1720 2767; x_wconf 79' lang='lat' dir='ltr'><strong>ha:</strong></span> <span class='ocrx_word' id='word_1_290' title='bbox 1748 2727 1868 2782; x_wconf 69' lang='lat' dir='ltr'><strong>qua:</strong></span> <span class='ocrx_word' id='word_1_291' title='bbox 1900 2729 2005 2768; x_wconf 90' lang='lat' dir='ltr'><strong>non</strong></span> <span class='ocrx_word' id='word_1_292' title='bbox 2038 2725 2334 2783; x_wconf 88' lang='lat' dir='ltr'><strong>sequuntur</strong></span> <span class='ocrx_word' id='word_1_293' title='bbox 2362 2717 2440 2770; x_wconf 89' lang='lat' dir='ltr'><strong>vi-</strong></span> 
     </span>
    </p>
   </div>
   <div class='ocr_carea' id='block_1_43' title="bbox 883 2798 2438 2875">
    <p class='ocr_par' dir='ltr' id='par_1_43' title="bbox 883 2798 2438 2875">
     <span class='ocr_line' id='line_1_43' title="bbox 883 2798 2438 2875; baseline 0.008 -26"><span class='ocrx_word' id='word_1_294' title='bbox 883 2810 1022 2860; x_wconf 88' lang='lat' dir='ltr'><strong>rum,</strong></span> <span class='ocrx_word' id='word_1_295' title='bbox 1051 2798 1239 2851; x_wconf 76' lang='lat' dir='ltr'><strong>merito</strong></span> <span class='ocrx_word' id='word_1_296' title='bbox 1261 2801 1597 2866; x_wconf 86' lang='lat' dir='ltr'><strong>concubinae,</strong></span> <span class='ocrx_word' id='word_1_297' title='bbox 1630 2816 1728 2856; x_wconf 89' lang='lat' dir='ltr'><strong>nec</strong></span> <span class='ocrx_word' id='word_1_298' title='bbox 1754 2811 2018 2858; x_wconf 88' lang='lat' dir='ltr'><strong>vocantur</strong></span> <span class='ocrx_word' id='word_1_299' title='bbox 2051 2818 2244 2860; x_wconf 78' lang='lat' dir='ltr'><strong>uxores</strong></span> <span class='ocrx_word' id='word_1_300' title='bbox 2271 2824 2284 2858; x_wconf 90' lang='lat'><strong>:</strong></span> <span class='ocrx_word' id='word_1_301' title='bbox 2314 2807 2438 2875; x_wconf 86' lang='lat' dir='ltr'><strong>quia</strong></span> 
     </span>
    </p>
   </div>
   <div class='ocr_carea' id='block_1_44' title="bbox 883 2885 2436 2966">
    <p class='ocr_par' dir='ltr' id='par_1_44' title="bbox 883 2885 2436 2966">
     <span class='ocr_line' id='line_1_44' title="bbox 883 2885 2436 2966; baseline 0.01 -28"><span class='ocrx_word' id='word_1_302' title='bbox 883 2885 1043 2939; x_wconf 88' lang='lat' dir='ltr'><strong>dotali</strong></span> <span class='ocrx_word' id='word_1_303' title='bbox 1083 2886 1282 2943; x_wconf 68' lang='lat' dir='ltr'><strong>ﬁndere</strong></span> <span class='ocrx_word' id='word_1_304' title='bbox 1320 2904 1384 2944; x_wconf 90' lang='lat' dir='ltr'><strong>ac</strong></span> <span class='ocrx_word' id='word_1_305' title='bbox 1417 2892 1640 2960; x_wconf 89' lang='lat' dir='ltr'><strong>nuptiali</strong></span> <span class='ocrx_word' id='word_1_306' title='bbox 1677 2895 1862 2963; x_wconf 88' lang='lat' dir='ltr'><strong>copula</strong></span> <span class='ocrx_word' id='word_1_307' title='bbox 1910 2909 2131 2964; x_wconf 84' lang='lat' dir='ltr'><strong>prorsus</strong></span> <span class='ocrx_word' id='word_1_308' title='bbox 2171 2897 2398 2966; x_wconf 71' lang='lat' dir='ltr'><strong>indigna:</strong></span> <span class='ocrx_word' id='word_1_309' title='bbox 2421 2938 2436 2963; x_wconf 93' lang='lat'><strong>,</strong></span> 
     </span>
    </p>
   </div>
   <div class='ocr_carea' id='block_1_45' title="bbox 880 2975 2441 3053">
    <p class='ocr_par' dir='ltr' id='par_1_45' title="bbox 880 2975 2441 3053">
     <span class='ocr_line' id='line_1_45' title="bbox 880 2975 2441 3053; baseline 0.01 -26"><span class='ocrx_word' id='word_1_310' title='bbox 880 2988 987 3028; x_wconf 92' lang='lat' dir='ltr'><strong>non</strong></span> <span class='ocrx_word' id='word_1_311' title='bbox 1018 2975 1160 3029; x_wconf 91' lang='lat' dir='ltr'><strong>illam</strong></span> <span class='ocrx_word' id='word_1_312' title='bbox 1194 2978 1408 3046; x_wconf 86' lang='lat' dir='ltr'><strong>pariunt</strong></span> <span class='ocrx_word' id='word_1_313' title='bbox 1435 2981 1669 3036; x_wconf 86' lang='lat' dir='ltr'><strong>sobolem</strong></span> <span class='ocrx_word' id='word_1_314' title='bbox 1696 2998 1815 3052; x_wconf 83' lang='lat' dir='ltr'><strong>quae</strong></span> <span class='ocrx_word' id='word_1_315' title='bbox 1844 2993 2083 3053; x_wconf 79' lang='lat' dir='ltr'><strong>paterna:</strong></span> <span class='ocrx_word' id='word_1_316' title='bbox 2120 2986 2441 3043; x_wconf 86' lang='lat' dir='ltr'><strong>benedictio-</strong></span> 
     </span>
    </p>
   </div>
   <div class='ocr_carea' id='block_1_46' title="bbox 881 3064 2438 3134">
    <p class='ocr_par' dir='ltr' id='par_1_46' title="bbox 881 3064 2438 3134">
     <span class='ocr_line' id='line_1_46' title="bbox 881 3064 2438 3134; baseline 0.009 -17"><span class='ocrx_word' id='word_1_317' title='bbox 881 3064 964 3118; x_wconf 89' lang='lat' dir='ltr'><strong>nis</strong></span> <span class='ocrx_word' id='word_1_318' title='bbox 1002 3066 1266 3134; x_wconf 87' lang='lat' dir='ltr'><strong>possideat</strong></span> <span class='ocrx_word' id='word_1_319' title='bbox 1302 3069 1686 3127; x_wconf 63' lang='lat' dir='ltr'><strong>hereditatem.</strong></span> <span class='ocrx_word' id='word_1_320' title='bbox 1724 3073 1884 3129; x_wconf 87' lang='lat' dir='ltr'><strong>Nobis</strong></span> <span class='ocrx_word' id='word_1_321' title='bbox 1910 3085 2088 3130; x_wconf 89' lang='lat' dir='ltr'><strong>autem</strong></span> <span class='ocrx_word' id='word_1_322' title='bbox 2133 3077 2438 3131; x_wconf 84' lang='lat' dir='ltr'><strong>econtrario</strong></span> 
     </span>
    </p>
   </div>
   <div class='ocr_carea' id='block_1_47' title="bbox 883 3153 2512 3230">
    <p class='ocr_par' dir='ltr' id='par_1_47' title="bbox 883 3153 2512 3230">
     <span class='ocr_line' id='line_1_47' title="bbox 883 3153 2512 3230; baseline 0.01 -24"><span class='ocrx_word' id='word_1_323' title='bbox 883 3153 1076 3208; x_wconf 86' lang='lat' dir='ltr'><strong>dicitur</strong></span> <span class='ocrx_word' id='word_1_324' title='bbox 1118 3173 1130 3209; x_wconf 93' lang='lat'>:</span> <span class='ocrx_word' id='word_1_325' title='bbox 1177 3174 1195 3207; x_wconf 84' lang='grc' dir='ltr'><strong>ι</strong></span> <span class='ocrx_word' id='word_1_326' title='bbox 1229 3158 1285 3211; x_wconf 85' lang='grc' dir='ltr'><strong>ιιι</strong></span> <span class='ocrx_word' id='word_1_327' title='bbox 1325 3159 1426 3214; x_wconf 88' lang='lat' dir='ltr'><strong>hoc</strong></span> <span class='ocrx_word' id='word_1_328' title='bbox 1473 3163 1644 3216; x_wconf 87' lang='lat' dir='ltr'><strong>vocati</strong></span> <span class='ocrx_word' id='word_1_329' title='bbox 1688 3165 1855 3228; x_wconf 87' lang='lat' dir='ltr'><strong>estis,</strong></span> <span class='ocrx_word' id='word_1_330' title='bbox 1907 3174 1964 3218; x_wconf 92' lang='lat' dir='ltr'><strong>ut</strong></span> <span class='ocrx_word' id='word_1_331' title='bbox 2012 3166 2437 3222; x_wconf 84' lang='lat' dir='ltr'><strong>benedictionem</strong></span> <span class='ocrx_word' id='word_1_332' title='bbox 2464 3167 2512 3230; x_wconf 81' lang='grc' dir='ltr'>ο</span> 
     </span>
    </p>
   </div>
   <div class='ocr_carea' id='block_1_48' title="bbox 881 3244 2432 3325">
    <p class='ocr_par' dir='ltr' id='par_1_48' title="bbox 881 3244 2432 3325">
     <span class='ocr_line' id='line_1_48' title="bbox 881 3244 2432 3325; baseline 0.01 -28"><span class='ocrx_word' id='word_1_333' title='bbox 881 3244 1187 3302; x_wconf 61' lang='lat' dir='ltr'><strong>hereditate</strong></span> <span class='ocrx_word' id='word_1_334' title='bbox 1233 3249 1546 3317; x_wconf 88' lang='lat' dir='ltr'><strong>possideatis</strong></span> <span class='ocrx_word' id='word_1_335' title='bbox 1598 3251 1682 3323; x_wconf 91' lang='lat' dir='ltr'><strong>(II</strong></span> <span class='ocrx_word' id='word_1_336' title='bbox 1710 3252 1854 3307; x_wconf 83' lang='lat' dir='ltr'><strong>Petr.</strong></span> <span class='ocrx_word' id='word_1_337' title='bbox 1880 3260 1983 3325; x_wconf 90' lang='grc' dir='ltr'>ιιι).</span> <span class='ocrx_word' id='word_1_338' title='bbox 2015 3275 2032 3307; x_wconf 78' lang='grc' dir='ltr'><strong>ι</strong></span> <span class='ocrx_word' id='word_1_339' title='bbox 2068 3255 2200 3309; x_wconf 79' lang='lat' dir='ltr'><strong>Nam</strong></span> <span class='ocrx_word' id='word_1_340' title='bbox 2225 3266 2278 3310; x_wconf 92' lang='lat' dir='ltr'><strong>et</strong></span> <span class='ocrx_word' id='word_1_341' title='bbox 2305 3258 2432 3312; x_wconf 84' lang='lat' dir='ltr'><strong>item</strong></span> 
     </span>
    </p>
   </div>
   <div class='ocr_carea' id='block_1_49' title="bbox 882 3331 2437 3413">
    <p class='ocr_par' dir='ltr' id='par_1_49' title="bbox 882 3331 2437 3413">
     <span class='ocr_line' id='line_1_49' title="bbox 882 3331 2437 3413; baseline 0.01 -26"><span class='ocrx_word' id='word_1_342' title='bbox 882 3331 1009 3387; x_wconf 89' lang='lat' dir='ltr'><strong>dicit</strong></span> <span class='ocrx_word' id='word_1_343' title='bbox 1034 3333 1317 3403; x_wconf 81' lang='lat' dir='ltr'><strong>Apostolus</strong></span> <span class='ocrx_word' id='word_1_344' title='bbox 1341 3358 1354 3393; x_wconf 90' lang='lat'><strong>:</strong></span> <span class='ocrx_word' id='word_1_345' title='bbox 1383 3358 1408 3392; x_wconf 71' lang='grc' dir='ltr'><strong><em>ο</em></strong></span> <span class='ocrx_word' id='word_1_346' title='bbox 1428 3341 1593 3412; x_wconf 85' lang='lat' dir='ltr'><strong>Igitur</strong></span> <span class='ocrx_word' id='word_1_347' title='bbox 1623 3345 1712 3413; x_wconf 92' lang='lat' dir='ltr'><strong>qui</strong></span> <span class='ocrx_word' id='word_1_348' title='bbox 1734 3360 1801 3400; x_wconf 80' lang='lat' dir='ltr'><strong>ex</strong></span> <span class='ocrx_word' id='word_1_349' title='bbox 1833 3345 1935 3400; x_wconf 79' lang='lat' dir='ltr'><strong>(ide</strong></span> <span class='ocrx_word' id='word_1_350' title='bbox 1958 3348 2437 3412; x_wconf 87' lang='lat' dir='ltr'><strong>sunt,benedicen-</strong></span> 
     </span>
    </p>
   </div>
   <div class='ocr_carea' id='block_1_50' title="bbox 883 3427 2439 3508">
    <p class='ocr_par' dir='ltr' id='par_1_50' title="bbox 883 3427 2439 3508">
     <span class='ocr_line' id='line_1_50' title="bbox 883 3427 2439 3508; baseline 0.012 -33"><span class='ocrx_word' id='word_1_351' title='bbox 883 3430 967 3476; x_wconf 88' lang='lat' dir='ltr'><strong>tur</strong></span> <span class='ocrx_word' id='word_1_352' title='bbox 995 3439 1115 3478; x_wconf 90' lang='lat' dir='ltr'><strong>cum</strong></span> <span class='ocrx_word' id='word_1_353' title='bbox 1157 3427 1293 3483; x_wconf 85' lang='lat' dir='ltr'><strong>Ildeli</strong></span> <span class='ocrx_word' id='word_1_354' title='bbox 1330 3430 1621 3488; x_wconf 81' lang='lat' dir='ltr'><strong>Abraham.</strong></span> <span class='ocrx_word' id='word_1_355' title='bbox 1655 3434 1968 3506; x_wconf 84' lang='lat' dir='ltr'><strong>Quicunque</strong></span> <span class='ocrx_word' id='word_1_356' title='bbox 1994 3448 2170 3492; x_wconf 89' lang='lat' dir='ltr'><strong>autem</strong></span> <span class='ocrx_word' id='word_1_357' title='bbox 2207 3453 2273 3492; x_wconf 73' lang='lat' dir='ltr'><strong>ex</strong></span> <span class='ocrx_word' id='word_1_358' title='bbox 2307 3454 2439 3508; x_wconf 85' lang='lat' dir='ltr'><strong>ope-</strong></span> 
     </span>
    </p>
   </div>
   <div class='ocr_carea' id='block_1_51' title="bbox 883 3511 2372 3598">
    <p class='ocr_par' dir='ltr' id='par_1_51' title="bbox 883 3511 2372 3598">
     <span class='ocr_line' id='line_1_51' title="bbox 883 3511 2372 3598; baseline 0.011 -34"><span class='ocrx_word' id='word_1_359' title='bbox 883 3511 1029 3568; x_wconf 84' lang='lat' dir='ltr'><strong>ribus</strong></span> <span class='ocrx_word' id='word_1_360' title='bbox 1057 3515 1187 3584; x_wconf 86' lang='lat' dir='ltr'><strong>legis</strong></span> <span class='ocrx_word' id='word_1_361' title='bbox 1221 3529 1362 3586; x_wconf 90' lang='lat' dir='ltr'><strong>sunt,</strong></span> <span class='ocrx_word' id='word_1_362' title='bbox 1393 3524 1491 3576; x_wconf 88' lang='lat' dir='ltr'><strong>sub</strong></span> <span class='ocrx_word' id='word_1_363' title='bbox 1521 3523 1803 3581; x_wconf 87' lang='lat' dir='ltr'><strong>maledicto</strong></span> <span class='ocrx_word' id='word_1_364' title='bbox 1829 3537 1955 3582; x_wconf 89' lang='lat' dir='ltr'><strong>sunt</strong></span> <span class='ocrx_word' id='word_1_365' title='bbox 1984 3527 2181 3598; x_wconf 78' lang='lat' dir='ltr'><strong>(Galat.</strong></span> <span class='ocrx_word' id='word_1_366' title='bbox 2213 3527 2316 3597; x_wconf 91' lang='grc' dir='ltr'>ιιι).</span> <span class='ocrx_word' id='word_1_367' title='bbox 2355 3548 2372 3581; x_wconf 82' lang='lat' dir='ltr'><strong>i</strong></span> 
     </span>
    </p>
   </div>
   <div class='ocr_carea' id='block_1_52' title="bbox 1410 3650 1890 3709">
    <p class='ocr_par' dir='ltr' id='par_1_52' title="bbox 1410 3650 1890 3709">
     <span class='ocr_line' id='line_1_52' title="bbox 1410 3650 1890 3709; baseline 0.01 -6"><span class='ocrx_word' id='word_1_368' title='bbox 1410 3650 1733 3709; x_wconf 78' lang='lat' dir='ltr'><strong>EPISTOLA</strong></span> <span class='ocrx_word' id='word_1_369' title='bbox 1773 3655 1890 3708; x_wconf 85' lang='lat' dir='ltr'><strong>XIV</strong></span> 
     </span>
    </p>
   </div>
   <div class='ocr_carea' id='block_1_53' title="bbox 917 3742 2404 3801">
    <p class='ocr_par' dir='ltr' id='par_1_53' title="bbox 917 3742 2404 3801">
     <span class='ocr_line' id='line_1_53' title="bbox 917 3742 2404 3801; baseline 0.011 -16"><span class='ocrx_word' id='word_1_370' title='bbox 917 3742 984 3785; x_wconf 80' lang='grc' dir='ltr'>Αἶ)</span> <span class='ocrx_word' id='word_1_371' title='bbox 1029 3748 1244 3790; x_wconf 73' lang='grc' dir='ltr'><strong>ΕΠΙΒΕΙ</strong></span> <span class='ocrx_word' id='word_1_372' title='bbox 1287 3753 1602 3801; x_wconf 74' lang='grc' dir='ltr'>υεεωειιιυιι</span> <span class='ocrx_word' id='word_1_373' title='bbox 1651 3759 1894 3797; x_wconf 60' lang='grc' dir='ltr'><strong>ΑΒΒΑΤΕΠ</strong></span> <span class='ocrx_word' id='word_1_374' title='bbox 1943 3761 2009 3800; x_wconf 80' lang='grc' dir='ltr'><strong>ΕΤ</strong></span> <span class='ocrx_word' id='word_1_375' title='bbox 2047 3761 2404 3801; x_wconf 71' lang='lat' dir='ltr'><strong>CABDINALEI.</strong></span> 
     </span>
    </p>
   </div>
   <div class='ocr_carea' id='block_1_54' title="bbox 1131 3823 2232 3905">
    <p class='ocr_par' dir='ltr' id='par_1_54' title="bbox 1131 3823 2232 3905">
     <span class='ocr_line' id='line_1_54' title="bbox 1131 3823 2232 3905; baseline 0.013 -29"><span class='ocrx_word' id='word_1_376' title='bbox 1131 3823 1389 3892; x_wconf 78' lang='lat' dir='ltr'><strong>(Habetur</strong></span> <span class='ocrx_word' id='word_1_377' title='bbox 1412 3839 1534 3883; x_wconf 86' lang='lat' dir='ltr'><strong>tom.</strong></span> <span class='ocrx_word' id='word_1_378' title='bbox 1565 3829 1686 3897; x_wconf 86' lang='lat' dir='ltr'><strong>III,</strong></span> <span class='ocrx_word' id='word_1_379' title='bbox 1712 3843 1882 3901; x_wconf 81' lang='lat' dir='ltr'><strong>estque</strong></span> <span class='ocrx_word' id='word_1_380' title='bbox 1911 3851 2088 3903; x_wconf 87' lang='lat' dir='ltr'><strong>opusc.</strong></span> <span class='ocrx_word' id='word_1_381' title='bbox 2119 3836 2232 3905; x_wconf 75' lang='grc'><strong>35.)</strong></span> 
     </span>
    </p>
   </div>
   <div class='ocr_carea' id='block_1_55' title="bbox 1345 3939 1968 4013">
    <p class='ocr_par' dir='ltr' id='par_1_55' title="bbox 1345 3939 1968 4013">
     <span class='ocr_line' id='line_1_55' title="bbox 1345 3939 1968 4013; baseline 0.006 -18"><span class='ocrx_word' id='word_1_382' title='bbox 1345 3939 1454 4013; x_wconf 75' lang='lat'><strong>35</strong></span> <span class='ocrx_word' id='word_1_383' title='bbox 1491 3941 1818 3998; x_wconf 75' lang='lat' dir='ltr'><strong>EPISTOLA</strong></span> <span class='ocrx_word' id='word_1_384' title='bbox 1854 3943 1968 3999; x_wconf 83' lang='lat' dir='ltr'><strong>xv.</strong></span> 
     </span>
    </p>
   </div>
   <div class='ocr_carea' id='block_1_56' title="bbox 883 4037 2442 4104">
    <p class='ocr_par' dir='ltr' id='par_1_56' title="bbox 883 4037 2442 4104">
     <span class='ocr_line' id='line_1_56' title="bbox 883 4037 2442 4104; baseline 0.012 -28"><span class='ocrx_word' id='word_1_385' title='bbox 883 4037 949 4075; x_wconf 70' lang='lat' dir='ltr'><strong>AD</strong></span> <span class='ocrx_word' id='word_1_386' title='bbox 985 4039 1198 4082; x_wconf 71' lang='lat' dir='ltr'><strong>EUIDBI</strong></span> <span class='ocrx_word' id='word_1_387' title='bbox 1224 4044 1539 4086; x_wconf 62' lang='lat' dir='ltr'><strong>DESIDERIU!</strong></span> <span class='ocrx_word' id='word_1_388' title='bbox 1575 4051 1690 4088; x_wconf 76' lang='grc' dir='ltr'><strong>ΔΒΒ.</strong></span> <span class='ocrx_word' id='word_1_389' title='bbox 1725 4052 1794 4090; x_wconf 80' lang='grc' dir='ltr'><strong>ΕΤ</strong></span> <span class='ocrx_word' id='word_1_390' title='bbox 1838 4051 1992 4091; x_wconf 70' lang='lat' dir='ltr'><strong>CABD.</strong></span> <span class='ocrx_word' id='word_1_391' title='bbox 2026 4053 2245 4104; x_wconf 73' lang='grc' dir='ltr'><strong>ειυεουε</strong></span> <span class='ocrx_word' id='word_1_392' title='bbox 2273 4055 2442 4098; x_wconf 60' lang='lat' dir='ltr'><strong>NONA-</strong></span> 
     </span>
    </p>
   </div>
   <div class='ocr_carea' id='block_1_57' title="bbox 1405 4117 1919 4160">
    <p class='ocr_par' dir='ltr' id='par_1_57' title="bbox 1405 4117 1919 4160">
     <span class='ocr_line' id='line_1_57' title="bbox 1405 4117 1919 4160; baseline 0.01 -5"><span class='ocrx_word' id='word_1_393' title='bbox 1405 4117 1578 4156; x_wconf 72' lang='lat' dir='ltr'><strong>STEBII</strong></span> <span class='ocrx_word' id='word_1_394' title='bbox 1627 4120 1919 4160; x_wconf 72' lang='lat' dir='ltr'><strong>IONACIIOS.</strong></span> 
     </span>
    </p>
   </div>
   <div class='ocr_carea' id='block_1_58' title="bbox 1105 4187 2212 4272">
    <p class='ocr_par' dir='ltr' id='par_1_58' title="bbox 1105 4187 2212 4272">
     <span class='ocr_line' id='line_1_58' title="bbox 1105 4187 2212 4272; baseline 0.014 -31"><span class='ocrx_word' id='word_1_395' title='bbox 1105 4187 1363 4258; x_wconf 75' lang='lat' dir='ltr'><strong>(Habetur</strong></span> <span class='ocrx_word' id='word_1_396' title='bbox 1389 4203 1514 4248; x_wconf 87' lang='lat' dir='ltr'><strong>tom.</strong></span> <span class='ocrx_word' id='word_1_397' title='bbox 1543 4194 1638 4250; x_wconf 89' lang='lat' dir='ltr'><strong>III</strong></span> <span class='ocrx_word' id='word_1_398' title='bbox 1655 4236 1670 4261; x_wconf 92' lang='lat'><strong>,</strong></span> <span class='ocrx_word' id='word_1_399' title='bbox 1696 4207 1868 4267; x_wconf 85' lang='lat' dir='ltr'><strong>estque</strong></span> <span class='ocrx_word' id='word_1_400' title='bbox 1890 4216 2066 4268; x_wconf 75' lang='lat' dir='ltr'><strong>opusc.</strong></span> <span class='ocrx_word' id='word_1_401' title='bbox 2098 4201 2212 4272; x_wconf 70' lang='lat'><strong>54.)</strong></span> 
     </span>
    </p>
   </div>
   <div class='ocr_carea' id='block_1_59' title="bbox 1405 4304 1916 4365">
    <p class='ocr_par' dir='ltr' id='par_1_59' title="bbox 1405 4304 1916 4365">
     <span class='ocr_line' id='line_1_59' title="bbox 1405 4304 1916 4365; baseline 0.006 -5"><span class='ocrx_word' id='word_1_402' title='bbox 1405 4304 1734 4363; x_wconf 82' lang='lat' dir='ltr'><strong>EPISTOLA</strong></span> <span class='ocrx_word' id='word_1_403' title='bbox 1779 4308 1916 4365; x_wconf 88' lang='lat' dir='ltr'><strong>XVI.</strong></span> 
     </span>
    </p>
   </div>
   <div class='ocr_carea' id='block_1_60' title="bbox 882 4403 2442 4465">
    <p class='ocr_par' dir='ltr' id='par_1_60' title="bbox 882 4403 2442 4465">
     <span class='ocr_line' id='line_1_60' title="bbox 882 4403 2442 4465; baseline 0.01 -22"><span class='ocrx_word' id='word_1_404' title='bbox 882 4403 951 4455; x_wconf 56' lang='lat' dir='ltr'><strong>AD</strong></span> <span class='ocrx_word' id='word_1_405' title='bbox 972 4405 1184 4446; x_wconf 70' lang='lat' dir='ltr'><strong>EUIDEI</strong></span> <span class='ocrx_word' id='word_1_406' title='bbox 1216 4409 1527 4452; x_wconf 74' lang='grc' dir='ltr'>υεδιυειιιυιι</span> <span class='ocrx_word' id='word_1_407' title='bbox 1557 4413 1670 4452; x_wconf 79' lang='grc' dir='ltr'><strong>ΑΒΒ.</strong></span> <span class='ocrx_word' id='word_1_408' title='bbox 1711 4414 1780 4455; x_wconf 78' lang='grc' dir='ltr'><strong>ΕΤ</strong></span> <span class='ocrx_word' id='word_1_409' title='bbox 1809 4415 1966 4454; x_wconf 76' lang='lat' dir='ltr'><strong>CARD.</strong></span> <span class='ocrx_word' id='word_1_410' title='bbox 2000 4416 2223 4465; x_wconf 76' lang='grc' dir='ltr'><strong>ειυερυε</strong></span> <span class='ocrx_word' id='word_1_411' title='bbox 2273 4415 2442 4458; x_wconf 61' lang='lat' dir='ltr'><strong>IOHA-</strong></span> 
     </span>
    </p>
   </div>
   <div class='ocr_carea' id='block_1_61' title="bbox 1408 4480 1910 4526">
    <p class='ocr_par' dir='ltr' id='par_1_61' title="bbox 1408 4480 1910 4526">
     <span class='ocr_line' id='line_1_61' title="bbox 1408 4480 1910 4526; baseline 0.008 -7"><span class='ocrx_word' id='word_1_412' title='bbox 1408 4480 1583 4521; x_wconf 78' lang='grc' dir='ltr'>ετειιιι</span> <span class='ocrx_word' id='word_1_413' title='bbox 1621 4484 1910 4526; x_wconf 74' lang='grc' dir='ltr'><strong>ΙΟΝΔΩῙΙΟΒ.</strong></span> 
     </span>
    </p>
   </div>
   <div class='ocr_carea' id='block_1_62' title="bbox 1108 4553 2204 4632">
    <p class='ocr_par' dir='ltr' id='par_1_62' title="bbox 1108 4553 2204 4632">
     <span class='ocr_line' id='line_1_62' title="bbox 1108 4553 2204 4632; baseline 0.008 -26"><span class='ocrx_word' id='word_1_414' title='bbox 1108 4553 1370 4625; x_wconf 75' lang='lat' dir='ltr'><strong>(Habetur</strong></span> <span class='ocrx_word' id='word_1_415' title='bbox 1391 4566 1513 4611; x_wconf 88' lang='lat' dir='ltr'><strong>tom.</strong></span> <span class='ocrx_word' id='word_1_416' title='bbox 1543 4557 1660 4624; x_wconf 90' lang='lat' dir='ltr'><strong>III,</strong></span> <span class='ocrx_word' id='word_1_417' title='bbox 1692 4569 1864 4630; x_wconf 85' lang='lat' dir='ltr'><strong>estque</strong></span> <span class='ocrx_word' id='word_1_418' title='bbox 1891 4577 2068 4630; x_wconf 84' lang='lat' dir='ltr'><strong>opusc.</strong></span> <span class='ocrx_word' id='word_1_419' title='bbox 2092 4561 2204 4632; x_wconf 77' lang='lat'><strong>55.)</strong></span> 
     </span>
    </p>
   </div>
   <div class='ocr_carea' id='block_1_63' title="bbox 1396 4666 1918 4726">
    <p class='ocr_par' dir='ltr' id='par_1_63' title="bbox 1396 4666 1918 4726">
     <span class='ocr_line' id='line_1_63' title="bbox 1396 4666 1918 4726; baseline 0.006 -5"><span class='ocrx_word' id='word_1_420' title='bbox 1396 4666 1724 4726; x_wconf 76' lang='lat' dir='ltr'><strong>EPISTOLA</strong></span> <span class='ocrx_word' id='word_1_421' title='bbox 1763 4670 1918 4726; x_wconf 88' lang='lat' dir='ltr'><strong>XVII.</strong></span> 
     </span>
    </p>
   </div>
   <div class='ocr_carea' id='block_1_64' title="bbox 887 4762 2438 4826">
    <p class='ocr_par' dir='ltr' id='par_1_64' title="bbox 887 4762 2438 4826">
     <span class='ocr_line' id='line_1_64' title="bbox 887 4762 2438 4826; baseline 0.009 -24"><span class='ocrx_word' id='word_1_422' title='bbox 887 4762 953 4802; x_wconf 76' lang='lat' dir='ltr'><strong>AD</strong></span> <span class='ocrx_word' id='word_1_423' title='bbox 983 4765 1196 4807; x_wconf 71' lang='lat' dir='ltr'><strong>EDIDEI</strong></span> <span class='ocrx_word' id='word_1_424' title='bbox 1225 4771 1539 4812; x_wconf 72' lang='grc' dir='ltr'>υεειοιειιιωι</span> <span class='ocrx_word' id='word_1_425' title='bbox 1566 4775 1681 4814; x_wconf 78' lang='lat' dir='ltr'><strong>ABB.</strong></span> <span class='ocrx_word' id='word_1_426' title='bbox 1709 4777 1778 4815; x_wconf 79' lang='grc' dir='ltr'><strong>ετ</strong></span> <span class='ocrx_word' id='word_1_427' title='bbox 1808 4777 1963 4816; x_wconf 73' lang='lat' dir='ltr'><strong>CAIID.</strong></span> <span class='ocrx_word' id='word_1_428' title='bbox 2005 4777 2228 4826; x_wconf 76' lang='lat' dir='ltr'><strong>EJUSQUB</strong></span> <span class='ocrx_word' id='word_1_429' title='bbox 2272 4778 2438 4819; x_wconf 72' lang='grc' dir='ltr'><strong>ΙΟΝΔ·</strong></span> 
     </span>
    </p>
   </div>
   <div class='ocr_carea' id='block_1_65' title="bbox 1396 4843 1902 4886">
    <p class='ocr_par' dir='ltr' id='par_1_65' title="bbox 1396 4843 1902 4886">
     <span class='ocr_line' id='line_1_65' title="bbox 1396 4843 1902 4886; baseline 0.012 -6"><span class='ocrx_word' id='word_1_430' title='bbox 1396 4843 1572 4884; x_wconf 70' lang='lat' dir='ltr'><strong>STEBII</strong></span> <span class='ocrx_word' id='word_1_431' title='bbox 1612 4846 1902 4886; x_wconf 74' lang='lat' dir='ltr'><strong>IONACBOS.</strong></span> 
     </span>
    </p>
   </div>
   <div class='ocr_carea' id='block_1_66' title="bbox 1102 4917 2227 4996">
    <p class='ocr_par' dir='ltr' id='par_1_66' title="bbox 1102 4917 2227 4996">
     <span class='ocr_line' id='line_1_66' title="bbox 1102 4917 2227 4996; baseline 0.01 -27"><span class='ocrx_word' id='word_1_432' title='bbox 1102 4917 1353 4986; x_wconf 67' lang='grc' dir='ltr'><strong>(Μαθθίαν</strong></span> <span class='ocrx_word' id='word_1_433' title='bbox 1382 4930 1506 4975; x_wconf 82' lang='lat' dir='ltr'><strong>tom.</strong></span> <span class='ocrx_word' id='word_1_434' title='bbox 1546 4920 1640 4975; x_wconf 88' lang='lat' dir='ltr'><strong>III</strong></span> <span class='ocrx_word' id='word_1_435' title='bbox 1667 4963 1681 4988; x_wconf 89' lang='lat'><strong>,</strong></span> <span class='ocrx_word' id='word_1_436' title='bbox 1710 4933 1881 4992; x_wconf 81' lang='lat' dir='ltr'><strong>estque</strong></span> <span class='ocrx_word' id='word_1_437' title='bbox 1909 4941 2084 4994; x_wconf 69' lang='lat' dir='ltr'><strong>opusc.</strong></span> <span class='ocrx_word' id='word_1_438' title='bbox 2113 4925 2227 4996; x_wconf 76' lang='grc'><strong>36.)</strong></span> 
     </span>
    </p>
   </div>
   <div class='ocr_carea' id='block_1_67' title="bbox 2472 4517 2519 4576">
    <p class='ocr_par' dir='ltr' id='par_1_67' title="bbox 2472 4517 2519 4576">
     <span class='ocr_line' id='line_1_67' title="bbox 2472 4517 2519 4576; baseline 0 0"><span class='ocrx_word' id='word_1_439' title='bbox 2472 4517 2519 4576; x_wconf 89' lang='lat' dir='ltr'><strong>D</strong></span> 
     </span>
    </p>
   </div>
   <div class='ocr_carea' id='block_1_68' title="bbox 2541 1864 4116 1950">
    <p class='ocr_par' dir='ltr' id='par_1_68' title="bbox 2541 1864 4116 1950">
     <span class='ocr_line' id='line_1_68' title="bbox 2541 1864 4116 1950; baseline -0.015 -7"><span class='ocrx_word' id='word_1_440' title='bbox 2541 1890 2708 1944; x_wconf 68' lang='lat' dir='ltr'><strong>Itonia</strong></span> <span class='ocrx_word' id='word_1_441' title='bbox 2745 1887 2836 1950; x_wconf 89' lang='lat' dir='ltr'><strong>sit,</strong></span> <span class='ocrx_word' id='word_1_442' title='bbox 2876 1900 2976 1939; x_wconf 86' lang='lat' dir='ltr'><strong>nec</strong></span> <span class='ocrx_word' id='word_1_443' title='bbox 3004 1898 3108 1936; x_wconf 89' lang='lat' dir='ltr'><strong>non</strong></span> <span class='ocrx_word' id='word_1_444' title='bbox 3133 1891 3188 1936; x_wconf 88' lang='lat' dir='ltr'><strong>et</strong></span> <span class='ocrx_word' id='word_1_445' title='bbox 3209 1880 3520 1948; x_wconf 81' lang='lat' dir='ltr'><strong>frequenter</strong></span> <span class='ocrx_word' id='word_1_446' title='bbox 3539 1875 3751 1929; x_wconf 88' lang='lat' dir='ltr'><strong>audiam</strong></span> <span class='ocrx_word' id='word_1_447' title='bbox 3780 1870 3874 1940; x_wconf 93' lang='lat' dir='ltr'><strong>qui</strong></span> <span class='ocrx_word' id='word_1_448' title='bbox 3917 1868 4022 1931; x_wconf 86' lang='lat' dir='ltr'><strong>sis,</strong></span> <span class='ocrx_word' id='word_1_449' title='bbox 4048 1864 4116 1920; x_wconf 88' lang='lat' dir='ltr'><strong>ad</strong></span> 
     </span>
    </p>
   </div>
   <div class='ocr_carea' id='block_1_69' title="bbox 2539 1958 4114 2038">
    <p class='ocr_par' dir='ltr' id='par_1_69' title="bbox 2539 1958 4114 2038">
     <span class='ocr_line' id='line_1_69' title="bbox 2539 1958 4114 2038; baseline -0.016 -4"><span class='ocrx_word' id='word_1_450' title='bbox 2539 1983 2640 2034; x_wconf 89' lang='lat' dir='ltr'><strong>hoc</strong></span> <span class='ocrx_word' id='word_1_451' title='bbox 2663 1993 2823 2032; x_wconf 87' lang='lat' dir='ltr'><strong>unum</strong></span> <span class='ocrx_word' id='word_1_452' title='bbox 2875 1983 3054 2029; x_wconf 82' lang='lat' dir='ltr'><strong>mente</strong></span> <span class='ocrx_word' id='word_1_453' title='bbox 3084 1985 3305 2026; x_wconf 69' lang='lat' dir='ltr'><strong>recurro</strong></span> <span class='ocrx_word' id='word_1_454' title='bbox 3327 2009 3342 2033; x_wconf 91' lang='lat'><strong>,</strong></span> <span class='ocrx_word' id='word_1_455' title='bbox 3385 1967 3510 2038; x_wconf 89' lang='lat' dir='ltr'><strong>quia</strong></span> <span class='ocrx_word' id='word_1_456' title='bbox 3546 1965 3636 2034; x_wconf 94' lang='lat' dir='ltr'><strong>qui</strong></span> <span class='ocrx_word' id='word_1_457' title='bbox 3687 1962 3832 2016; x_wconf 86' lang='lat' dir='ltr'><strong>valet</strong></span> <span class='ocrx_word' id='word_1_458' title='bbox 3865 1958 4114 2014; x_wconf 79' lang='lat' dir='ltr'><strong>candens</strong></span> 
     </span>
    </p>
   </div>
   <div class='ocr_carea' id='block_1_70' title="bbox 2538 2045 4115 2132">
    <p class='ocr_par' dir='ltr' id='par_1_70' title="bbox 2538 2045 4115 2132">
     <span class='ocr_line' id='line_1_70' title="bbox 2538 2045 4115 2132; baseline -0.016 -10"><span class='ocrx_word' id='word_1_459' title='bbox 2538 2070 2706 2122; x_wconf 88' lang='lat' dir='ltr'><strong>lilium</strong></span> <span class='ocrx_word' id='word_1_460' title='bbox 2760 2067 2900 2120; x_wconf 84' lang='lat' dir='ltr'><strong>inter</strong></span> <span class='ocrx_word' id='word_1_461' title='bbox 2937 2065 3208 2132; x_wconf 79' lang='lat' dir='ltr'><strong>spinarum</strong></span> <span class='ocrx_word' id='word_1_462' title='bbox 3259 2060 3420 2114; x_wconf 90' lang='lat' dir='ltr'><strong>densa</strong></span> <span class='ocrx_word' id='word_1_463' title='bbox 3453 2055 3754 2124; x_wconf 83' lang='lat' dir='ltr'><strong>producere</strong></span> <span class='ocrx_word' id='word_1_464' title='bbox 3804 2048 3984 2120; x_wconf 83' lang='lat' dir='ltr'><strong>(Cant.</strong></span> <span class='ocrx_word' id='word_1_465' title='bbox 4029 2045 4115 2115; x_wconf 84' lang='grc' dir='ltr'>ιι),</span> 
     </span>
    </p>
   </div>
   <div class='ocr_carea' id='block_1_71' title="bbox 2541 2135 4115 2228">
    <p class='ocr_par' dir='ltr' id='par_1_71' title="bbox 2541 2135 4115 2228">
     <span class='ocr_line' id='line_1_71' title="bbox 2541 2135 4115 2228; baseline -0.015 -16"><span class='ocrx_word' id='word_1_466' title='bbox 2541 2161 2653 2228; x_wconf 90' lang='lat' dir='ltr'><strong>ipse</strong></span> <span class='ocrx_word' id='word_1_467' title='bbox 2682 2158 2842 2210; x_wconf 89' lang='lat' dir='ltr'><strong>etiam</strong></span> <span class='ocrx_word' id='word_1_468' title='bbox 2867 2166 2918 2209; x_wconf 91' lang='lat' dir='ltr'><strong>te</strong></span> <span class='ocrx_word' id='word_1_469' title='bbox 2936 2155 3092 2208; x_wconf 87' lang='lat' dir='ltr'><strong>talem</strong></span> <span class='ocrx_word' id='word_1_470' title='bbox 3110 2152 3276 2205; x_wconf 84' lang='lat' dir='ltr'><strong>voluit</strong></span> <span class='ocrx_word' id='word_1_471' title='bbox 3292 2142 3766 2210; x_wconf 56' lang='lat' dir='ltr'><strong>ltomauisprtibus</strong></span> <span class='ocrx_word' id='word_1_472' title='bbox 3782 2140 3845 2209; x_wconf 81' lang='lat' dir='ltr'><strong>(f.</strong></span> <span class='ocrx_word' id='word_1_473' title='bbox 3872 2135 4115 2228; x_wconf 77' lang='lat' dir='ltr'><strong>arcibus)</strong></span> 
     </span>
    </p>
   </div>
   <div class='ocr_carea' id='block_1_72' title="bbox 2537 2225 4111 2312">
    <p class='ocr_par' dir='ltr' id='par_1_72' title="bbox 2537 2225 4111 2312">
     <span class='ocr_line' id='line_1_72' title="bbox 2537 2225 4111 2312; baseline -0.018 -8"><span class='ocrx_word' id='word_1_474' title='bbox 2537 2225 2808 2304; x_wconf 77' lang='lat' dir='ltr'><strong>exhibere.</strong></span> <span class='ocrx_word' id='word_1_475' title='bbox 2826 2245 3162 2312; x_wconf 71' lang='lat' dir='ltr'><strong>Quam-apter</strong></span> <span class='ocrx_word' id='word_1_476' title='bbox 3188 2239 3399 2293; x_wconf 82' lang='lat' dir='ltr'><strong>noveris</strong></span> <span class='ocrx_word' id='word_1_477' title='bbox 3427 2233 3613 2305; x_wconf 90' lang='lat' dir='ltr'><strong>procul</strong></span> <span class='ocrx_word' id='word_1_478' title='bbox 3636 2231 3800 2286; x_wconf 85' lang='lat' dir='ltr'><strong>dubio</strong></span> <span class='ocrx_word' id='word_1_479' title='bbox 3821 2227 3948 2298; x_wconf 84' lang='lat' dir='ltr'><strong>quia</strong></span> <span class='ocrx_word' id='word_1_480' title='bbox 3979 2225 4111 2279; x_wconf 85' lang='lat' dir='ltr'><strong>cha—</strong></span> 
     </span>
    </p>
   </div>
   <div class='ocr_carea' id='block_1_73' title="bbox 2541 2316 4119 2402">
    <p class='ocr_par' dir='ltr' id='par_1_73' title="bbox 2541 2316 4119 2402">
     <span class='ocr_line' id='line_1_73' title="bbox 2541 2316 4119 2402; baseline -0.017 -10"><span class='ocrx_word' id='word_1_481' title='bbox 2541 2340 2754 2392; x_wconf 80' lang='lat' dir='ltr'><strong>ritateui</strong></span> <span class='ocrx_word' id='word_1_482' title='bbox 2811 2343 2954 2386; x_wconf 88' lang='lat' dir='ltr'><strong>tuam</strong></span> <span class='ocrx_word' id='word_1_483' title='bbox 3004 2331 3201 2385; x_wconf 84' lang='lat' dir='ltr'><strong>habere</strong></span> <span class='ocrx_word' id='word_1_484' title='bbox 3239 2325 3504 2388; x_wconf 87' lang='lat' dir='ltr'><strong>desidero,</strong></span> <span class='ocrx_word' id='word_1_485' title='bbox 3552 2330 3607 2402; x_wconf 81' lang='lat' dir='ltr'><strong>et</strong></span> <span class='ocrx_word' id='word_1_486' title='bbox 3658 2316 3880 2390; x_wconf 80' lang='lat' dir='ltr'><strong>speciali</strong></span> <span class='ocrx_word' id='word_1_487' title='bbox 3939 2324 4119 2368; x_wconf 83' lang='lat' dir='ltr'><strong>tecum</strong></span> 
     </span>
    </p>
   </div>
   <div class='ocr_carea' id='block_1_74' title="bbox 2541 2403 4117 2481">
    <p class='ocr_par' dir='ltr' id='par_1_74' title="bbox 2541 2403 4117 2481">
     <span class='ocr_line' id='line_1_74' title="bbox 2541 2403 4117 2481; baseline -0.018 -1"><span class='ocrx_word' id='word_1_488' title='bbox 2541 2423 2923 2481; x_wconf 75' lang='lat' dir='ltr'><strong>familiaritate.</strong></span> <span class='ocrx_word' id='word_1_489' title='bbox 2973 2429 3027 2472; x_wconf 88' lang='lat' dir='ltr'><strong>et</strong></span> <span class='ocrx_word' id='word_1_490' title='bbox 3071 2415 3307 2470; x_wconf 85' lang='lat' dir='ltr'><strong>unanimi</strong></span> <span class='ocrx_word' id='word_1_491' title='bbox 3338 2409 3640 2467; x_wconf 66' lang='lat' dir='ltr'><strong>concordia:</strong></span> <span class='ocrx_word' id='word_1_492' title='bbox 3681 2403 3898 2460; x_wconf 78' lang='lat' dir='ltr'><strong>vinculo</strong></span> <span class='ocrx_word' id='word_1_493' title='bbox 3932 2410 4117 2457; x_wconf 76' lang='lat' dir='ltr'><strong>tecum</strong></span> 
     </span>
    </p>
   </div>
   <div class='ocr_carea' id='block_1_75' title="bbox 2541 2487 4117 2569">
    <p class='ocr_par' dir='ltr' id='par_1_75' title="bbox 2541 2487 4117 2569">
     <span class='ocr_line' id='line_1_75' title="bbox 2541 2487 4117 2569; baseline -0.018 0"><span class='ocrx_word' id='word_1_494' title='bbox 2541 2512 2787 2569; x_wconf 90' lang='lat' dir='ltr'><strong>connecti</strong></span> <span class='ocrx_word' id='word_1_495' title='bbox 2837 2524 2940 2563; x_wconf 88' lang='lat' dir='ltr'><strong>non</strong></span> <span class='ocrx_word' id='word_1_496' title='bbox 2972 2503 3313 2560; x_wconf 82' lang='lat' dir='ltr'><strong>mediocriter</strong></span> <span class='ocrx_word' id='word_1_497' title='bbox 3343 2497 3684 2567; x_wconf 89' lang='lat' dir='ltr'><strong>concupisco.</strong></span> <span class='ocrx_word' id='word_1_498' title='bbox 3735 2490 3925 2560; x_wconf 82' lang='lat' dir='ltr'><strong>Neque</strong></span> <span class='ocrx_word' id='word_1_499' title='bbox 3969 2487 4117 2541; x_wconf 87' lang='lat' dir='ltr'><strong>enim</strong></span> 
     </span>
    </p>
   </div>
   <div class='ocr_carea' id='block_1_76' title="bbox 2541 2575 4117 2660">
    <p class='ocr_par' dir='ltr' id='par_1_76' title="bbox 2541 2575 4117 2660">
     <span class='ocr_line' id='line_1_76' title="bbox 2541 2575 4117 2660; baseline -0.02 0"><span class='ocrx_word' id='word_1_500' title='bbox 2541 2605 2666 2660; x_wconf 86' lang='lat' dir='ltr'><strong>huic</strong></span> <span class='ocrx_word' id='word_1_501' title='bbox 2697 2616 2815 2656; x_wconf 88' lang='lat' dir='ltr'><strong>meo</strong></span> <span class='ocrx_word' id='word_1_502' title='bbox 2845 2596 3111 2652; x_wconf 84' lang='lat' dir='ltr'><strong>desiderio</strong></span> <span class='ocrx_word' id='word_1_503' title='bbox 3152 2594 3390 2646; x_wconf 89' lang='lat' dir='ltr'><strong>locorum</strong></span> <span class='ocrx_word' id='word_1_504' title='bbox 3419 2587 3562 2641; x_wconf 87' lang='lat' dir='ltr'><strong>valet</strong></span> <span class='ocrx_word' id='word_1_505' title='bbox 3582 2582 3772 2639; x_wconf 81' lang='lat' dir='ltr'><strong>obesse</strong></span> <span class='ocrx_word' id='word_1_506' title='bbox 3804 2575 4117 2648; x_wconf 80' lang='lat' dir='ltr'><strong>longinqui-</strong></span> 
     </span>
    </p>
   </div>
   <div class='ocr_carea' id='block_1_77' title="bbox 2544 2667 4112 2755">
    <p class='ocr_par' dir='ltr' id='par_1_77' title="bbox 2544 2667 4112 2755">
     <span class='ocr_line' id='line_1_77' title="bbox 2544 2667 4112 2755; baseline -0.018 -8"><span class='ocrx_word' id='word_1_507' title='bbox 2544 2703 2646 2748; x_wconf 90' lang='lat' dir='ltr'><strong>tas.</strong></span> <span class='ocrx_word' id='word_1_508' title='bbox 2676 2690 2808 2744; x_wconf 84' lang='lat' dir='ltr'><strong>Nam</strong></span> <span class='ocrx_word' id='word_1_509' title='bbox 2837 2698 2891 2742; x_wconf 90' lang='lat' dir='ltr'><strong>et</strong></span> <span class='ocrx_word' id='word_1_510' title='bbox 2941 2688 3112 2755; x_wconf 89' lang='lat' dir='ltr'><strong>ipsum</strong></span> <span class='ocrx_word' id='word_1_511' title='bbox 3143 2683 3247 2738; x_wconf 89' lang='lat' dir='ltr'><strong>mei</strong></span> <span class='ocrx_word' id='word_1_512' title='bbox 3292 2677 3483 2748; x_wconf 86' lang='lat' dir='ltr'><strong>capitis</strong></span> <span class='ocrx_word' id='word_1_513' title='bbox 3529 2672 3742 2729; x_wconf 90' lang='lat' dir='ltr'><strong>oculum</strong></span> <span class='ocrx_word' id='word_1_514' title='bbox 3776 2685 3887 2724; x_wconf 93' lang='lat' dir='ltr'><strong>non</strong></span> <span class='ocrx_word' id='word_1_515' title='bbox 3932 2667 4112 2730; x_wconf 84' lang='lat' dir='ltr'><strong>video,</strong></span> 
     </span>
    </p>
   </div>
   <div class='ocr_carea' id='block_1_78' title="bbox 2541 2759 4111 2854">
    <p class='ocr_par' dir='ltr' id='par_1_78' title="bbox 2541 2759 4111 2854">
     <span class='ocr_line' id='line_1_78' title="bbox 2541 2759 4111 2854; baseline -0.017 -16"><span class='ocrx_word' id='word_1_516' title='bbox 2541 2800 2635 2854; x_wconf 90' lang='lat' dir='ltr'><strong>per</strong></span> <span class='ocrx_word' id='word_1_517' title='bbox 2658 2797 2816 2852; x_wconf 92' lang='lat' dir='ltr'><strong>quem</strong></span> <span class='ocrx_word' id='word_1_518' title='bbox 2843 2780 3018 2842; x_wconf 85' lang='lat' dir='ltr'><strong>video,</strong></span> <span class='ocrx_word' id='word_1_519' title='bbox 3068 2775 3298 2829; x_wconf 89' lang='lat' dir='ltr'><strong>utilitate</strong></span> <span class='ocrx_word' id='word_1_520' title='bbox 3325 2782 3503 2825; x_wconf 89' lang='lat' dir='ltr'><strong>tamen</strong></span> <span class='ocrx_word' id='word_1_521' title='bbox 3547 2763 3832 2821; x_wconf 88' lang='lat' dir='ltr'><strong>ministerii</strong></span> <span class='ocrx_word' id='word_1_522' title='bbox 3871 2762 3991 2854; x_wconf 70' lang='lat' dir='ltr'><strong>ejus</strong></span> 
     </span>
    </p>
   </div>
   <div class='ocr_carea' id='block_1_79' title="bbox 2541 2848 4115 2933">
    <p class='ocr_par' dir='ltr' id='par_1_79' title="bbox 2541 2848 4115 2933">
     <span class='ocr_line' id='line_1_79' title="bbox 2541 2848 4115 2933; baseline -0.017 -7"><span class='ocrx_word' id='word_1_523' title='bbox 2541 2848 2831 2926; x_wconf 74' lang='lat' dir='ltr'><strong>hilominus</strong></span> <span class='ocrx_word' id='word_1_524' title='bbox 2857 2868 3025 2931; x_wconf 80' lang='lat' dir='ltr'><strong>fruor,</strong></span> <span class='ocrx_word' id='word_1_525' title='bbox 3072 2875 3125 2920; x_wconf 90' lang='lat' dir='ltr'><strong>et</strong></span> <span class='ocrx_word' id='word_1_526' title='bbox 3145 2863 3271 2933; x_wconf 88' lang='lat' dir='ltr'><strong>quia</strong></span> <span class='ocrx_word' id='word_1_527' title='bbox 3296 2859 3483 2915; x_wconf 91' lang='lat' dir='ltr'><strong>oculus</strong></span> <span class='ocrx_word' id='word_1_528' title='bbox 3522 2855 3651 2910; x_wconf 88' lang='lat' dir='ltr'><strong>mihi</strong></span> <span class='ocrx_word' id='word_1_529' title='bbox 3683 2853 3738 2906; x_wconf 88' lang='lat' dir='ltr'><strong>iu</strong></span> <span class='ocrx_word' id='word_1_530' title='bbox 3771 2848 4115 2922; x_wconf 80' lang='lat' dir='ltr'><strong>proferendis</strong></span> 
     </span>
    </p>
   </div>
   <div class='ocr_carea' id='block_1_80' title="bbox 2543 2936 4116 3028">
    <p class='ocr_par' dir='ltr' id='par_1_80' title="bbox 2543 2936 4116 3028">
     <span class='ocr_line' id='line_1_80' title="bbox 2543 2936 4116 3028; baseline -0.017 -12"><span class='ocrx_word' id='word_1_531' title='bbox 2543 2958 2770 3028; x_wconf 81' lang='lat' dir='ltr'><strong>exempli</strong></span> <span class='ocrx_word' id='word_1_532' title='bbox 2799 2957 2974 3012; x_wconf 88' lang='lat' dir='ltr'><strong>verbis</strong></span> <span class='ocrx_word' id='word_1_533' title='bbox 3015 2951 3283 3016; x_wconf 87' lang='lat' dir='ltr'><strong>occurrit,</strong></span> <span class='ocrx_word' id='word_1_534' title='bbox 3347 2957 3402 3002; x_wconf 93' lang='lat' dir='ltr'><strong>tu</strong></span> <span class='ocrx_word' id='word_1_535' title='bbox 3432 2945 3564 3000; x_wconf 88' lang='lat' dir='ltr'><strong>mihi</strong></span> <span class='ocrx_word' id='word_1_536' title='bbox 3607 2943 3708 2998; x_wconf 83' lang='lat' dir='ltr'><strong>hac</strong></span> <span class='ocrx_word' id='word_1_537' title='bbox 3753 2942 3804 2994; x_wconf 93' lang='lat' dir='ltr'><strong>in</strong></span> <span class='ocrx_word' id='word_1_538' title='bbox 3837 2947 3996 3028; x_wconf 74' lang='lat' dir='ltr'><strong>parte</strong></span> <span class='ocrx_word' id='word_1_539' title='bbox 4040 2936 4116 2991; x_wconf 84' lang='lat' dir='ltr'><strong>sis</strong></span> 
     </span>
    </p>
   </div>
   <div class='ocr_carea' id='block_1_81' title="bbox 2541 3025 4117 3113">
    <p class='ocr_par' dir='ltr' id='par_1_81' title="bbox 2541 3025 4117 3113">
     <span class='ocr_line' id='line_1_81' title="bbox 2541 3025 4117 3113; baseline -0.018 -7"><span class='ocrx_word' id='word_1_540' title='bbox 2541 3025 2746 3113; x_wconf 79' lang='lat' dir='ltr'><strong>oculus,</strong></span> <span class='ocrx_word' id='word_1_541' title='bbox 2781 3056 2837 3101; x_wconf 93' lang='lat' dir='ltr'><strong>tu</strong></span> <span class='ocrx_word' id='word_1_542' title='bbox 2873 3046 2946 3100; x_wconf 85' lang='lat' dir='ltr'><strong>sis</strong></span> <span class='ocrx_word' id='word_1_543' title='bbox 2976 3044 3244 3110; x_wconf 83' lang='lat' dir='ltr'><strong>magister,</strong></span> <span class='ocrx_word' id='word_1_544' title='bbox 3270 3046 3536 3108; x_wconf 88' lang='lat' dir='ltr'><strong>quatenus</strong></span> <span class='ocrx_word' id='word_1_545' title='bbox 3563 3046 3659 3103; x_wconf 87' lang='lat' dir='ltr'><strong>per</strong></span> <span class='ocrx_word' id='word_1_546' title='bbox 3689 3041 3741 3084; x_wconf 93' lang='lat' dir='ltr'><strong>te</strong></span> <span class='ocrx_word' id='word_1_547' title='bbox 3777 3027 3911 3082; x_wconf 88' lang='lat' dir='ltr'><strong>mihi</strong></span> <span class='ocrx_word' id='word_1_548' title='bbox 3957 3025 4117 3080; x_wconf 82' lang='lat' dir='ltr'><strong>liceat</strong></span> 
     </span>
    </p>
   </div>
   <div class='ocr_carea' id='block_1_82' title="bbox 2540 3116 4118 3204">
    <p class='ocr_par' dir='ltr' id='par_1_82' title="bbox 2540 3116 4118 3204">
     <span class='ocr_line' id='line_1_82' title="bbox 2540 3116 4118 3204; baseline -0.018 -8"><span class='ocrx_word' id='word_1_549' title='bbox 2540 3152 2797 3201; x_wconf 86' lang='lat' dir='ltr'><strong>cernere,</strong></span> <span class='ocrx_word' id='word_1_550' title='bbox 2849 3137 2894 3190; x_wconf 91' lang='lat' dir='ltr'><strong>si</strong></span> <span class='ocrx_word' id='word_1_551' title='bbox 2924 3135 3213 3204; x_wconf 90' lang='lat' dir='ltr'><strong>quidquam</strong></span> <span class='ocrx_word' id='word_1_552' title='bbox 3244 3129 3382 3199; x_wconf 89' lang='lat' dir='ltr'><strong>apud</strong></span> <span class='ocrx_word' id='word_1_553' title='bbox 3410 3139 3570 3180; x_wconf 88' lang='lat' dir='ltr'><strong>aures</strong></span> <span class='ocrx_word' id='word_1_554' title='bbox 3595 3119 3895 3178; x_wconf 83' lang='lat' dir='ltr'><strong>beatissimi</strong></span> <span class='ocrx_word' id='word_1_555' title='bbox 3957 3116 4118 3186; x_wconf 81' lang='lat' dir='ltr'><strong>hujus</strong></span> 
     </span>
    </p>
   </div>
   <div class='ocr_carea' id='block_1_83' title="bbox 2541 3209 4118 3301">
    <p class='ocr_par' dir='ltr' id='par_1_83' title="bbox 2541 3209 4118 3301">
     <span class='ocr_line' id='line_1_83' title="bbox 2541 3209 4118 3301; baseline -0.015 -17"><span class='ocrx_word' id='word_1_556' title='bbox 2541 3227 2817 3301; x_wconf 88' lang='lat' dir='ltr'><strong>apostolici</strong></span> <span class='ocrx_word' id='word_1_557' title='bbox 2858 3226 3064 3280; x_wconf 86' lang='lat' dir='ltr'><strong>valeam</strong></span> <span class='ocrx_word' id='word_1_558' title='bbox 3096 3223 3361 3276; x_wconf 87' lang='lat' dir='ltr'><strong>laborare.</strong></span> <span class='ocrx_word' id='word_1_559' title='bbox 3402 3216 3512 3271; x_wconf 78' lang='lat' dir='ltr'><strong>Nisi</strong></span> <span class='ocrx_word' id='word_1_560' title='bbox 3543 3214 3687 3269; x_wconf 89' lang='lat' dir='ltr'><strong>enim</strong></span> <span class='ocrx_word' id='word_1_561' title='bbox 3733 3211 3798 3265; x_wconf 91' lang='lat' dir='ltr'><strong>ad</strong></span> <span class='ocrx_word' id='word_1_562' title='bbox 3834 3209 4118 3264; x_wconf 87' lang='lat' dir='ltr'><strong>rectitudi-</strong></span> 
     </span>
    </p>
   </div>
   <div class='ocr_carea' id='block_1_84' title="bbox 2540 3299 4117 3380">
    <p class='ocr_par' dir='ltr' id='par_1_84' title="bbox 2540 3299 4117 3380">
     <span class='ocr_line' id='line_1_84' title="bbox 2540 3299 4117 3380; baseline -0.016 -3"><span class='ocrx_word' id='word_1_563' title='bbox 2540 3299 2624 3380; x_wconf 80' lang='lat' dir='ltr'><strong>nis</strong></span> <span class='ocrx_word' id='word_1_564' title='bbox 2650 3329 2848 3376; x_wconf 88' lang='lat' dir='ltr'><strong>statum</strong></span> <span class='ocrx_word' id='word_1_565' title='bbox 2879 3318 3035 3373; x_wconf 87' lang='lat' dir='ltr'><strong>sedes</strong></span> <span class='ocrx_word' id='word_1_566' title='bbox 3081 3327 3304 3369; x_wconf 86' lang='lat' dir='ltr'><strong>romana</strong></span> <span class='ocrx_word' id='word_1_567' title='bbox 3357 3310 3558 3373; x_wconf 90' lang='lat' dir='ltr'><strong>redeat,</strong></span> <span class='ocrx_word' id='word_1_568' title='bbox 3610 3315 3821 3361; x_wconf 88' lang='lat' dir='ltr'><strong>certum</strong></span> <span class='ocrx_word' id='word_1_569' title='bbox 3852 3311 3959 3364; x_wconf 87' lang='lat' dir='ltr'><strong>est,</strong></span> <span class='ocrx_word' id='word_1_570' title='bbox 3990 3299 4117 3370; x_wconf 88' lang='lat' dir='ltr'><strong>quia</strong></span> 
     </span>
    </p>
   </div>
   <div class='ocr_carea' id='block_1_85' title="bbox 2541 3391 4120 3474">
    <p class='ocr_par' dir='ltr' id='par_1_85' title="bbox 2541 3391 4120 3474">
     <span class='ocr_line' id='line_1_85' title="bbox 2541 3391 4120 3474; baseline -0.017 -4"><span class='ocrx_word' id='word_1_571' title='bbox 2541 3423 2687 3470; x_wconf 87' lang='lat' dir='ltr'><strong>totus</strong></span> <span class='ocrx_word' id='word_1_572' title='bbox 2717 3411 2948 3466; x_wconf 84' lang='lat' dir='ltr'><strong>mundus</strong></span> <span class='ocrx_word' id='word_1_573' title='bbox 2967 3409 3018 3461; x_wconf 90' lang='lat' dir='ltr'><strong>in</strong></span> <span class='ocrx_word' id='word_1_574' title='bbox 3049 3421 3146 3461; x_wconf 89' lang='lat' dir='ltr'><strong>suo</strong></span> <span class='ocrx_word' id='word_1_575' title='bbox 3171 3405 3351 3474; x_wconf 90' lang='lat' dir='ltr'><strong>lapsus</strong></span> <span class='ocrx_word' id='word_1_576' title='bbox 3376 3413 3563 3456; x_wconf 90' lang='lat' dir='ltr'><strong>errore</strong></span> <span class='ocrx_word' id='word_1_577' title='bbox 3592 3394 3867 3468; x_wconf 86' lang='lat' dir='ltr'><strong>perdurat.</strong></span> <span class='ocrx_word' id='word_1_578' title='bbox 3921 3391 3993 3446; x_wconf 82' lang='lat' dir='ltr'><strong>Et</strong></span> <span class='ocrx_word' id='word_1_579' title='bbox 4025 3404 4120 3445; x_wconf 71' lang='lat' dir='ltr'><strong>ne-</strong></span> 
     </span>
    </p>
   </div>
   <div class='ocr_carea' id='block_1_86' title="bbox 2541 3485 4115 3572">
    <p class='ocr_par' dir='ltr' id='par_1_86' title="bbox 2541 3485 4115 3572">
     <span class='ocr_line' id='line_1_86' title="bbox 2541 3485 4115 3572; baseline -0.016 -11"><span class='ocrx_word' id='word_1_580' title='bbox 2541 3521 2692 3562; x_wconf 90' lang='lat' dir='ltr'><strong>cesse</strong></span> <span class='ocrx_word' id='word_1_581' title='bbox 2718 3512 2802 3558; x_wconf 88' lang='lat' dir='ltr'><strong>est</strong></span> <span class='ocrx_word' id='word_1_582' title='bbox 2823 3503 2932 3572; x_wconf 85' lang='lat' dir='ltr'><strong>jam</strong></span> <span class='ocrx_word' id='word_1_583' title='bbox 2987 3507 3046 3553; x_wconf 91' lang='lat' dir='ltr'><strong>ut</strong></span> <span class='ocrx_word' id='word_1_584' title='bbox 3074 3499 3260 3552; x_wconf 91' lang='lat' dir='ltr'><strong>eadem</strong></span> <span class='ocrx_word' id='word_1_585' title='bbox 3307 3495 3376 3549; x_wconf 86' lang='lat' dir='ltr'><strong>sit</strong></span> <span class='ocrx_word' id='word_1_586' title='bbox 3413 3489 3731 3547; x_wconf 73' lang='lat' dir='ltr'><strong>renovandae</strong></span> <span class='ocrx_word' id='word_1_587' title='bbox 3764 3485 4115 3556; x_wconf 88' lang='lat' dir='ltr'><strong>principium,</strong></span> 
     </span>
    </p>
   </div>
   <div class='ocr_carea' id='block_1_87' title="bbox 2542 3577 4118 3669">
    <p class='ocr_par' dir='ltr' id='par_1_87' title="bbox 2542 3577 4118 3669">
     <span class='ocr_line' id='line_1_87' title="bbox 2542 3577 4118 3669; baseline -0.014 -17"><span class='ocrx_word' id='word_1_588' title='bbox 2542 3614 2660 3669; x_wconf 84' lang='lat' dir='ltr'><strong>quae</strong></span> <span class='ocrx_word' id='word_1_589' title='bbox 2694 3593 2966 3650; x_wconf 91' lang='lat' dir='ltr'><strong>nascentis</strong></span> <span class='ocrx_word' id='word_1_590' title='bbox 2993 3593 3237 3645; x_wconf 66' lang='lat' dir='ltr'><strong>humanae</strong></span> <span class='ocrx_word' id='word_1_591' title='bbox 3263 3584 3453 3647; x_wconf 82' lang='lat' dir='ltr'><strong>salutis</strong></span> <span class='ocrx_word' id='word_1_592' title='bbox 3483 3582 3769 3638; x_wconf 79' lang='lat' dir='ltr'><strong>exstiterat</strong></span> <span class='ocrx_word' id='word_1_593' title='bbox 3795 3577 4118 3669; x_wconf 59' lang='lat' dir='ltr'><strong>fundamen-</strong></span> 
     </span>
    </p>
   </div>
   <div class='ocr_carea' id='block_1_88' title="bbox 2543 3664 4119 3757">
    <p class='ocr_par' dir='ltr' id='par_1_88' title="bbox 2543 3664 4119 3757">
     <span class='ocr_line' id='line_1_88' title="bbox 2543 3664 4119 3757; baseline -0.016 -12"><span class='ocrx_word' id='word_1_594' title='bbox 2543 3664 2670 3745; x_wconf 75' lang='lat' dir='ltr'><strong>tum.</strong></span> <span class='ocrx_word' id='word_1_595' title='bbox 2735 3685 2838 3741; x_wconf 89' lang='lat' dir='ltr'><strong>Sed</strong></span> <span class='ocrx_word' id='word_1_596' title='bbox 2887 3685 3010 3753; x_wconf 90' lang='lat' dir='ltr'><strong>quia</strong></span> <span class='ocrx_word' id='word_1_597' title='bbox 3063 3689 3223 3735; x_wconf 70' lang='lat' dir='ltr'><strong>tanta:</strong></span> <span class='ocrx_word' id='word_1_598' title='bbox 3261 3675 3557 3749; x_wconf 67' lang='lat' dir='ltr'><strong>prudentia:</strong></span> <span class='ocrx_word' id='word_1_599' title='bbox 3601 3673 3716 3757; x_wconf 83' lang='lat' dir='ltr'><strong>viro</strong></span> <span class='ocrx_word' id='word_1_600' title='bbox 3751 3684 3929 3740; x_wconf 85' lang='lat' dir='ltr'><strong>pauca</strong></span> <span class='ocrx_word' id='word_1_601' title='bbox 3974 3664 4119 3722; x_wconf 55' lang='lat' dir='ltr'><strong>sum.</strong></span> 
     </span>
    </p>
   </div>
   <div class='ocr_carea' id='block_1_89' title="bbox 2540 3757 4118 3844">
    <p class='ocr_par' dir='ltr' id='par_1_89' title="bbox 2540 3757 4118 3844">
     <span class='ocr_line' id='line_1_89' title="bbox 2540 3757 4118 3844; baseline -0.016 -8"><span class='ocrx_word' id='word_1_602' title='bbox 2540 3783 2705 3844; x_wconf 90' lang='lat' dir='ltr'><strong>ciunt,</strong></span> <span class='ocrx_word' id='word_1_603' title='bbox 2743 3777 3098 3832; x_wconf 83' lang='lat' dir='ltr'><strong>urbanitatem</strong></span> <span class='ocrx_word' id='word_1_604' title='bbox 3140 3769 3411 3826; x_wconf 82' lang='lat' dir='ltr'><strong>rusticitas</strong></span> <span class='ocrx_word' id='word_1_605' title='bbox 3463 3781 3568 3821; x_wconf 90' lang='lat' dir='ltr'><strong>non</strong></span> <span class='ocrx_word' id='word_1_606' title='bbox 3615 3762 3883 3826; x_wconf 71' lang='lat' dir='ltr'><strong>offendat,</strong></span> <span class='ocrx_word' id='word_1_607' title='bbox 3917 3757 4118 3830; x_wconf 83' lang='lat' dir='ltr'><strong>legenti</strong></span> 
     </span>
    </p>
   </div>
   <div class='ocr_carea' id='block_1_90' title="bbox 2540 3853 4118 3936">
    <p class='ocr_par' dir='ltr' id='par_1_90' title="bbox 2540 3853 4118 3936">
     <span class='ocr_line' id='line_1_90' title="bbox 2540 3853 4118 3936; baseline -0.015 -10"><span class='ocrx_word' id='word_1_608' title='bbox 2540 3870 2840 3926; x_wconf 88' lang='lat' dir='ltr'><strong>rescribere</strong></span> <span class='ocrx_word' id='word_1_609' title='bbox 2867 3881 2996 3936; x_wconf 87' lang='lat' dir='ltr'><strong>rogo</strong></span> <span class='ocrx_word' id='word_1_610' title='bbox 3024 3879 3127 3918; x_wconf 91' lang='lat' dir='ltr'><strong>non</strong></span> <span class='ocrx_word' id='word_1_611' title='bbox 3156 3863 3354 3932; x_wconf 85' lang='lat' dir='ltr'><strong>pigeat.</strong></span> <span class='ocrx_word' id='word_1_612' title='bbox 3405 3857 3514 3912; x_wconf 89' lang='lat' dir='ltr'><strong>Per</strong></span> <span class='ocrx_word' id='word_1_613' title='bbox 3552 3853 3931 3911; x_wconf 86' lang='lat' dir='ltr'><strong>brevissimam</strong></span> <span class='ocrx_word' id='word_1_614' title='bbox 3989 3863 4118 3904; x_wconf 84' lang='lat' dir='ltr'><strong>vero</strong></span> 
     </span>
    </p>
   </div>
   <div class='ocr_carea' id='block_1_91' title="bbox 2541 3938 4117 4029">
    <p class='ocr_par' dir='ltr' id='par_1_91' title="bbox 2541 3938 4117 4029">
     <span class='ocr_line' id='line_1_91' title="bbox 2541 3938 4117 4029; baseline -0.015 -15"><span class='ocrx_word' id='word_1_615' title='bbox 2541 3943 2699 4029; x_wconf 78' lang='lat' dir='ltr'><strong>hujus</strong></span> <span class='ocrx_word' id='word_1_616' title='bbox 2727 3955 2847 4026; x_wconf 83' lang='lat' dir='ltr'><strong>styli</strong></span> <span class='ocrx_word' id='word_1_617' title='bbox 2877 3949 3302 4009; x_wconf 86' lang='lat' dir='ltr'><strong>membranulam</strong></span> <span class='ocrx_word' id='word_1_618' title='bbox 3353 3945 3617 4003; x_wconf 79' lang='lat' dir='ltr'><strong>prolixam</strong></span> <span class='ocrx_word' id='word_1_619' title='bbox 3646 3943 3749 3998; x_wconf 89' lang='lat' dir='ltr'><strong>mei</strong></span> <span class='ocrx_word' id='word_1_620' title='bbox 3771 3939 4013 4011; x_wconf 88' lang='lat' dir='ltr'><strong>pectoris</strong></span> <span class='ocrx_word' id='word_1_621' title='bbox 4038 3938 4117 3992; x_wconf 87' lang='lat' dir='ltr'><strong>in-</strong></span> 
     </span>
    </p>
   </div>
   <div class='ocr_carea' id='block_1_92' title="bbox 2541 4044 3154 4117">
    <p class='ocr_par' dir='ltr' id='par_1_92' title="bbox 2541 4044 3154 4117">
     <span class='ocr_line' id='line_1_92' title="bbox 2541 4044 3154 4117; baseline -0.015 -13"><span class='ocrx_word' id='word_1_622' title='bbox 2541 4047 2719 4117; x_wconf 88' lang='lat' dir='ltr'><strong>tellige</strong></span> <span class='ocrx_word' id='word_1_623' title='bbox 2751 4044 3154 4101; x_wconf 83' lang='lat' dir='ltr'><strong>bibliothecam.</strong></span> 
     </span>
    </p>
   </div>
   <div class='ocr_carea' id='block_1_93' title="bbox 3068 4163 3582 4226">
    <p class='ocr_par' dir='ltr' id='par_1_93' title="bbox 3068 4163 3582 4226">
     <span class='ocr_line' id='line_1_93' title="bbox 3068 4163 3582 4226; baseline -0.016 0"><span class='ocrx_word' id='word_1_624' title='bbox 3068 4167 3404 4226; x_wconf 81' lang='lat' dir='ltr'><strong>EPISTOLA</strong></span> <span class='ocrx_word' id='word_1_625' title='bbox 3465 4163 3582 4221; x_wconf 83' lang='lat' dir='ltr'><strong>XX.</strong></span> 
     </span>
    </p>
   </div>
   <div class='ocr_carea' id='block_1_94' title="bbox 2670 4287 3992 4345">
    <p class='ocr_par' dir='ltr' id='par_1_94' title="bbox 2670 4287 3992 4345">
     <span class='ocr_line' id='line_1_94' title="bbox 2670 4287 3992 4345; baseline -0.014 0"><span class='ocrx_word' id='word_1_626' title='bbox 2670 4306 2734 4345; x_wconf 74' lang='lat' dir='ltr'><strong>AD</strong></span> <span class='ocrx_word' id='word_1_627' title='bbox 2763 4301 3058 4345; x_wconf 72' lang='lat' dir='ltr'><strong>ALBERICUI</strong></span> <span class='ocrx_word' id='word_1_628' title='bbox 3087 4300 3133 4340; x_wconf 81' lang='lat'><strong>8.</strong></span> <span class='ocrx_word' id='word_1_629' title='bbox 3161 4301 3215 4338; x_wconf 78' lang='grc' dir='ltr'>ιι.</span> <span class='ocrx_word' id='word_1_630' title='bbox 3248 4299 3299 4337; x_wconf 79' lang='grc' dir='ltr'><strong>Ε.</strong></span> <span class='ocrx_word' id='word_1_631' title='bbox 3333 4293 3596 4336; x_wconf 73' lang='grc' dir='ltr'>υιΔοοιωιι</span> <span class='ocrx_word' id='word_1_632' title='bbox 3626 4287 3992 4332; x_wconf 61' lang='grc' dir='ltr'>οιιιιιικλιει.</span> 
     </span>
    </p>
   </div>
   <div class='ocr_carea' id='block_1_95' title="bbox 2773 4364 3891 4451">
    <p class='ocr_par' dir='ltr' id='par_1_95' title="bbox 2773 4364 3891 4451">
     <span class='ocr_line' id='line_1_95' title="bbox 2773 4364 3891 4451; baseline -0.015 -19"><span class='ocrx_word' id='word_1_633' title='bbox 2773 4377 3029 4451; x_wconf 78' lang='lat' dir='ltr'><strong>(Habetur</strong></span> <span class='ocrx_word' id='word_1_634' title='bbox 3062 4385 3188 4430; x_wconf 85' lang='lat' dir='ltr'><strong>tom.</strong></span> <span class='ocrx_word' id='word_1_635' title='bbox 3218 4370 3336 4438; x_wconf 88' lang='lat' dir='ltr'><strong>III,</strong></span> <span class='ocrx_word' id='word_1_636' title='bbox 3365 4379 3539 4440; x_wconf 78' lang='lat' dir='ltr'><strong>estque</strong></span> <span class='ocrx_word' id='word_1_637' title='bbox 3564 4383 3741 4438; x_wconf 85' lang='lat' dir='ltr'><strong>opusc.</strong></span> <span class='ocrx_word' id='word_1_638' title='bbox 3774 4364 3891 4433; x_wconf 78' lang='lat'><strong>37.)</strong></span> 
     </span>
    </p>
   </div>
   <div class='ocr_carea' id='block_1_96' title="bbox 3059 4501 3576 4562">
    <p class='ocr_par' dir='ltr' id='par_1_96' title="bbox 3059 4501 3576 4562">
     <span class='ocr_line' id='line_1_96' title="bbox 3059 4501 3576 4562; baseline -0.015 0"><span class='ocrx_word' id='word_1_639' title='bbox 3059 4503 3390 4562; x_wconf 77' lang='lat' dir='ltr'><strong>EPISTOLA</strong></span> <span class='ocrx_word' id='word_1_640' title='bbox 3435 4501 3576 4556; x_wconf 85' lang='lat' dir='ltr'><strong>XXI.</strong></span> 
     </span>
    </p>
   </div>
   <div class='ocr_carea' id='block_1_97' title="bbox 3155 4611 3497 4653">
    <p class='ocr_par' dir='ltr' id='par_1_97' title="bbox 3155 4611 3497 4653">
     <span class='ocr_line' id='line_1_97' title="bbox 3155 4611 3497 4653; baseline -0.018 0"><span class='ocrx_word' id='word_1_641' title='bbox 3155 4614 3224 4653; x_wconf 72' lang='grc' dir='ltr'>ιι)</span> <span class='ocrx_word' id='word_1_642' title='bbox 3260 4611 3497 4652; x_wconf 72' lang='grc' dir='ltr'><strong>ΕῦΙυΕΙ.</strong></span> 
     </span>
    </p>
   </div>
   <div class='ocr_carea' id='block_1_98' title="bbox 2769 4683 3891 4759">
    <p class='ocr_par' dir='ltr' id='par_1_98' title="bbox 2769 4683 3891 4759">
     <span class='ocr_line' id='line_1_98' title="bbox 2769 4683 3891 4759; baseline -0.013 -8"><span class='ocrx_word' id='word_1_643' title='bbox 2769 4695 3029 4750; x_wconf 85' lang='lat' dir='ltr'><strong>(IIabetur</strong></span> <span class='ocrx_word' id='word_1_644' title='bbox 3057 4703 3182 4747; x_wconf 85' lang='lat' dir='ltr'><strong>tom.</strong></span> <span class='ocrx_word' id='word_1_645' title='bbox 3215 4687 3336 4755; x_wconf 87' lang='lat' dir='ltr'><strong>III,</strong></span> <span class='ocrx_word' id='word_1_646' title='bbox 3365 4697 3540 4759; x_wconf 82' lang='lat' dir='ltr'><strong>estque</strong></span> <span class='ocrx_word' id='word_1_647' title='bbox 3565 4701 3742 4754; x_wconf 82' lang='lat' dir='ltr'><strong>opusc.</strong></span> <span class='ocrx_word' id='word_1_648' title='bbox 3771 4683 3891 4752; x_wconf 74' lang='lat'><strong>37.)</strong></span> 
     </span>
    </p>
   </div>
  </div>
