4260 6374
337 354 428 414 989
1446 340 1649 397 LIBER
1685 338 2009 407 TERTIUS,
2041 336 2260 396 EPIST.
2295 339 2384 395 IV.

350 457 3670 506 ———____

1391 631 1754 722 LIBER
1822 629 2383 721 TERTIUS.

1087 851 1279 911 ADL.
1310 847 1812 908 PATRIARCHAM
1850 847 1943 906 ET
1979 848 2075 904 AD
2111 843 2732 904 ARCHIEPISCOPOS.

1862 1023 2189 1046 *-

652 1182 904 1256 87-38
923 1177 1257 1236 EPISTOLA
1290 1175 1499 1233 PRIMA

759 1288 825 1330 AD
853 1290 975 1329 1η...
1019 1284 1418 1328 ΡΔΤΜΔΙΩΕΑΙ.

478 1364 740 1441 (Habetnr
756 1375 882 1421 toni.
908 1361 1031 1430 111,
1059 1371 1236 1435 cuque
1254 1361 1565 1433 opusculum
1587 1359 1705 1433 58.)

860 1495 1195 1553 EPISTULA
1244 1495 1310 1552 II.

410 1607 476 1646 AD
512 1602 860 1646 ῦηιιιλιωωι
901 1602 1353 1645 Αιιοιιιεριεοορωι
1393 1603 1774 1646 ΕΔἾΒΝΝΔΤΕΙ.

316 1677 1108 1751 desciturum—Revocatus
1134 1677 1188 1734 in
1237 1679 1470 1751 patriam
1510 1679 1580 1751 ab
1610 1678 1882 1751 archiepi-

377 1766 533 1823 sc0po
561 1750 907 1823 Ravennate,
958 1757 1180 1805 excusat
1209 1749 1270 1804 se
1290 1750 1439 1823 quod
1485 1749 1662 1805 adhuc
1689 1749 1882 1823 moria-

373 1819 610 1887 chorum,
649 1819 744 1890 qui
777 1835 886 1876 suae
915 1834 1060 1876 cura:
1106 1819 1385 1876 commissi
1414 1829 1594 1885 erant,
1635 1821 1876 1876 necessi-

376 1894 566 1948 tatibus
621 1890 872 1947 detentus
931 1905 1036 1945 non
1101 1891 1364 1961 paruerit.
1423 1890 1634 1945 Laudat
1683 1891 1878 1961 deinde

372 1963 609 2033 eumdem
637 1969 698 2033 et
751 1960 1414 2033 adhortatur.’Postremo
1444 1969 1568 2016 orat
1587 1969 1665 2033 ut
1694 1960 1875 2033 profe-

370 2031 555 2088 ctionis
582 2029 755 2098 labor,
808 2031 854 2087 si
882 2029 1001 2086 ﬁeri
1052 2039 1260 2101 potest,
1292 2031 1509 2088 interim
1555 2031 1657 2087 sibi
1686 2029 1879 2088 remit-

371 2112 524 2159 tatur.

369 2193 566 2252 Domno
603 2192 671 2251 (ἶ.
720 2193 969 2251 secunda:
1014 2207 1114 2266 per
1161 2191 1372 2250 Italiam
1424 2193 1570 2250 sedis
1622 2193 1876 2262 antistiti,

307 2289 503 2345 Penus
532 2288 756 2344 ultimus
773 2287 1118 2344 eremitarum
1150 2300 1340 2343 servus
1364 2286 1726 2343 devotissimae
1761 2301 1875 2342 ser-

307 2379 475 2434 vitutis
511 2377 853 2450 obsequium.
1300 2379 1303 2383 ⁷

365 2469 672 2542 Praecepisti
695 2469 848 2535 mihi,
880 2469 1232 2527 dilectissime
1269 2468 1434 2526 Pater
1454 2478 1510 2526 et
1551 2462 1789 2536 domine,
1817 2479 1874 2526 ct

1913 1159 2220 1229 Amittas:
2278 1173 2362 1228 sin
2417 1180 2624 1239 autem,
2671 1173 2935 1244 quidquid
2973 1175 3232 1242 volueris,
3285 1192 3410 1235 cum
3439 1183 3588 1239 omni

1991 1263 2316 1322 auctoritate
2350 1264 2654 1336 praecipias.

2483 1377 2600 1451 39
2633 1377 2973 1436 EPISTOLA
3009 1380 3094 1437 Ill.

2061 1487 2130 1526 ιι)
2170 1485 2391 1528 nunc“
2427 1483 2785 1528 GEBEIMBDUI
2819 1465 3276 1533 ABGHIEI’ISCOPUI
3317 1493 3518 1538 navss-

2686 1559 2888 1600 NA'I‘EI.

1987 1633 2386 1691 Anconem-run.
2413 1664 2482 1674 —
2512 1631 2764 1690 Ostendit
2793 1649 2854 1690 se
2885 1643 3039 1691 tanto
3075 1636 3382 1695 Gehehardl
3409 1644 3590 1702 archi-

2057 1706 2298 1776 episcopi
2323 1719 2511 1760 amore
2539 1704 2712 1776 teneri
2739 1713 2796 1759 ut
2825 1705 2968 1761 illius
2992 1707 3236 1764 absentis
3259 1711 3590 1769 desiderium

2059 1774 2206 1830 ferre
2236 1774 2322 1830 vix
2350 1777 2546 1844 possit.
2578 1774 2844 1830 Hortatur
2885 1791 3037 1844 mox,
3075 1791 3134 1833 ut
3161 1779 3508 1839 Pisaurensis
3536 1794 3592 1839 et

2057 1845 2323 1924 Fanensis
2349 1845 2746 1924 _I_'3cclesiarum,
2776 1848 2976 1903 amotis
3004 1851 3322 1924 earumdem
3354 1851 3591 1924 ﬂagitio-

2059 1919 2136 1972 sis
2164 1918 2488 1990 rectoribus,
2530 1925 2734 1990 statum
2774 1928 3085 1990 componat.
3118 1919 3405 1978 Postremo
3432 1918 3588 1980 com-

2059 1989 2280 2042 mendat
2303 1989 2352 2044 ei
2381 1987 2636 2044 abbatem
2662 1985 3027 2045 Classeusem.

2058 2081 2270 2136 Domno
2297 2079 2363 2137 G.
2395 2079 2854 2137 reverendissimo
2899 2083 3334 2158 archiepiscopo,
3372 2085 3590 2146 Peritos

1985 2171 2352 2228 devotissimze
2380 2171 2666 2228 servitutis
2697 2173 3045 2244 obsequium.

2055 2265 2420 2322 Dilectissime
2465 2266 2600 2322 mihi
2631 2266 2795 2323 Pater
2836 2276 2894 2325 et
2939 2270 3180 2338 domine,
3218 2288 3329 2345 quo
3357 2273 3506 2332 circa
3536 2285 3592 2333 te

1983 2355 2255 2413 desiderio
2313 2355 2596 2426 ferveam,
2662 2372 2784 2429 qua:
2841 2367 2948 2416 tum
2999 2360 3308 2420 dilectionis
3364 2364 3589 2423 ﬂamma

1982 2461 2165 2502 meum
2207 2455 2402 2516 pectus
2447 2456 2674 2515 exurat,
2732 2449 2892 2507 testis
2937 2459 3023 2508 est
3069 2451 3276 2526 lingua,
3314 2469 3437 2526 qua:
3475 2466 3588 2514 tam

302 2540 646 2633 maxime,th
685 2561 976 2628 mandasti,
1026 2571 1088 2617 ιη
1129 2561 1200 2618 ad
1245 2571 1295 2616 ιο
1322 2561 1564 2618 venirem
1592 2577 1608 2627 ς
1653 2562 1751 2618 sed
1774 2577 1873 2635 ego
1903 2570 1952 2631 Β
1981 2541 2177 2597 crebro
2205 2549 2257 2594 te
2286 2540 2481 2635 abesse
2519 2542 2899 2612 conqueritur,
2930 2544 3091 2602 testis
3123 2555 3210 2602 est
3247 2549 3586 2606 conscientia

303 2651 672 2724 patverculnm
711 2651 888 2708 locum
943 2653 1012 2708 ad
1059 2655 1356 2725 regendum
1405 2654 1728 2725 suscipiens,
1781 2655 1872 2726 qui

301 2747 436 2815 prius
469 2761 567 2818 per
597 2745 978 2816 memetipsum
1029 2746 1366 2802 solummodo
1412 2761 1620 2818 pauper
1666 2748 1874 2814 exstiti,

301 2854 428 2895 nunc
454 2854 552 2910 per
583 2846 665 2892 tot
711 2851 918 2909 pauper
965 2835 1186 2893 effectus
1232 2853 1352 2893 sum
1374 2877 1388 2903 ,
1446 2847 1578 2908 quot
1607 2839 1878 2911 regendos

301 2930 485 3000 accepi.
539 2927 830 3000 Perpendo
879 2927 1048 3000 igitur
1093 2937 1150 2984 et
1177 2928 1338 2998 quale
1382 2927 1454 2983 sit
1497 2928 1763 2999 plurimos
1787 2943 1878 2984 re-

297 3033 427 3091 gere,
449 3030 504 3076 et
535 3019 840 3091 prabenda:
865 3019 1205 3076 necessitatis
1228 3020 1493 3092 stipendia
1513 3035 1621 3076 non
1647 3021 1872 3078 habere.

299 3108 620 3182 Quapropter
658 3109 785 3164 dum
841 3109 1071 3165 fratrum
1125 3111 1438 3166 necessitati
1487 3111 1765 3177 consului,
1807 3111 1873 3166 ad

297 3216 380 3256 vos
407 3200 785 3258 facile.venire
827 3217 934 3256 non
981 3201 1174 3272 potui,
1225 3209 1604 3258 verumtamen
1643 3203 1768 3257 dum
1821 3210 1876 3259 et

297 3292 386 3348 hoc
420 3294 594 3364 ipsum
628 3292 868 3348 studiose
917 3301 1212 3364 pertracto,
1263 3292 1661 3363 quodammodo
1705 3294 1874 3349 sacri-

295 3385 473 3453 legium
511 3385 735 3456 deputo,
769 3387 815 3441 si
840 3386 1115 3442 sanctitati
1145 3394 1250 3441 tua:
1294 3399 1490 3455 parere
1519 3385 1760 3456 qualibet
1782 3401 1876 3442 oc-

294 3475 496 3531 casione
517 3486 806 3547 postpono.
837 3477 969 3545 Quis
998 3477 1141 3531 enim
1169 3476 1246 3532 illi
1279 3483 1392 3531 tuto
1417 3477 1732 3532 inobediens
1754 3476 1870 3543 fiat,

291 3582 436 3637 quem
482 3569 596 3625 Deo
647 3571 853 3626 sanctis
898 3568 1151 3640 operibus
1199 3568 1420 3624 obedire
1460 3585 1568 3625 non
1622 3570 1875 3625 dubitat?

292 3657 395 3714 Tibi
424 3661 592 3722 enim.
632 3663 746 3728 cui,
792 3661 904 3718 Deo
951 3672 1192 3728 auctore,
1235 3661 1513 3733 prmsides,
1565 3661 1735 3718 Sedes
1761 3663 1873 3719 Ra-

289 3753 581 3818 vennatica,
622 3754 723 3808 tibi
761 3753 938 3808 omnis
969 3753 1022 3808 in
1070 3751 1287 3807 Christo
1326 3761 1508 3824 grates
1533 3762 1722 3808 sancta
1752 3755 1876 3809 red-

290 3840 410 3896 didit
445 3841 714 3908 Ecclesia,
746 3843 1002 3898 nimirum
1044 3843 1133 3912 qui
1163 3858 1228 3898 eo
1257 3851 1520 3912 tempore,
1553 3859 1662 3913 quo
1695 3842 1874 3898 Simo-

1979 2647 2102 2704 quae
2131 2633 2538 2688 serenissimam
2575 2635 2804 2706 angelici
2841 2637 2918 2692 tui
2958 2637 3140 2696 vultus
3187 2642 3425 2712 speciem
3473 2653 3584 2701 tan:

1977 2725 2267 2795 perspicue
2301 2726 2721 2798 contemplatur.
2757 2727 2814 2784 In
2845 2728 2938 2785 illo
2977 2732 3177 2803 quippe
3219 2737 3461 2804 pectoris
3502 2753 3587 2794 re-

1978 2815 2282 2886 ceptaculo,
2325 2833 2431 2872 non
2475 2819 2566 2875 ubi
2613 2829 2790 2890 pater,
2828 2831 2923 2876 aut
2970 2833 3171 2892 mater,
3212 2828 3309 2882 sed
3341 2828 3589 2902 ubin'pse

1977 2923 2117 2972 sum,
2154 2918 2207 2964 te
2241 2909 2472 2966 alterum
2505 2913 2847 2969 reconditum
2891 2929 3045 2986 gero.
3095 2917 3442 2993 Quapropter
3487 2923 3591 2981 hu-

1976 2999 2179 3058 militer
2206 3012 2331 3074 peto
2358 3012 2419 3060 ut
2446 3005 2578 3061 mihi
2611 3008 2786 3063 mutui
2815 3011 3022 3068 amoris
3053 3012 3230 3070 vicem
3265 3017 3586 3088 redhibeas,

1975 3104 2032 3150 et
2073 3095 2249 3164 gratia
2296 3111 2418 3166 qua:
2467 3096 2697 3169 simplex
2744 3101 3049 3173 egreditur,
3083 3103 3152 3160 ad
3190 3121 3278 3162 me
3307 3107 3584 3180 duplicata

1976 3195 2244 3241 recurrat.
2290 3186 2405 3243 Hoc
2447 3197 2633 3244 autem
2682 3192 2816 3246 mihi
2857 3196 3193 3264 persuadere
3232 3198 3396 3256 facile
3430 3210 3584 3272 pote-

1975 3287 2126 3345 runt,
2154 3280 2339 3349 quiad
2360 3296 2458 3336 vos
2488 3281 2555 3337 de
2586 3283 2791 3340 nostris
2825 3287 3076 3354 partibus
3123 3290 3432 3359 venientes,
3486 3293 3585 3351 ali-

1974 3371 2119 3441 quod
2158 3372 2435 3441 negotium
2477 3372 2533 3427 in
2575 3376 2865 3444 praesentia
2915 3378 3252 3435 sanctissimi
3293 3383 3585 3454 apostolici

1974 3462 2178 3517 domini
2233 3464 2338 3519 mei
2389 3479 2650 3521 exercere
2697 3469 3055 3524 contendunt.
3097 3469 3286 3528 Talem
3333 3483 3385 3531 te
3428 3490 3583 3549 ergo,

1974 3553 2301 3610 charissime
2347 3554 2533 3620 Pater,
2579 3556 2632 3610 in
2678 3571 2843 3614 causa
2881 3562 3244 3630 reproborum
3298 3566 3584 3637 episcopo-

1973 3662 2100 3702 rum
2126 3646 2395 3702 Fanensis
2421 3657 2477 3702 et
2509 3647 2858 3705 Pisaurensis
2900 3651 3120 3720 exhibe,
3155 3663 3215 3710 ut
3244 3663 3296 3712 te
3338 3657 3393 3712 in
3434 3659 3582 3716 veri-

1976 3748 2084 3795 tate
2127 3741 2458 3810 comperiam
2502 3740 2597 3797 Dei
2635 3743 2903 3812 judicium
2934 3747 3347 3815 pertimescere,
3389 3761 3579 3808 contra

1973 3831 2256 3886 ministros
2283 3831 2480 3889 diaboli
2511 3834 2746 3890 viriliter
2773 3838 3080 3907 decertare,
3112 3843 3266 3899 arida
3298 3845 3582 3904 diabolica:

288 3933 460 3989 ηίεευε
483 3934 657 3991 draco
685 3933 1012 3990 mirabilia",
1044 3934 1438 4006 negotiatorum
1488 3933 1714 3989 brachia
1739 3949 1869 4004 per-
1896 3941 1941 4005 ρ
1972 3921 2330 3991 plantationis
2376 3926 2599 3982 arbusta
2647 3929 2976 3995 convellere,
3023 3933 3325 3992 Ecclesium
3374 3935 3582 3997 Christi

288 4025 443 4094 plexis
470 4026 930 4098 concupiscentia:
965 4027 1128 4098 spiris
1159 4027 1306 4082 virus
1344 4026 1604 4094 infundit,
1631 4037 1687 4083 tu
1717 4027 1866 4084 solus

287 4134 407 4187 pene
439 4135 504 4176 ex
547 4121 807 4177 omnibus
857 4121 1092 4176 invictus
1118 4121 1324 4177 Christi
1376 4121 1532 4176 miles
1579 4121 1865 4178 incolumis

1975 4012 2041 4066 ad
2074 4011 2257 4068 lumen
2289 4014 2427 4069 velle
2455 4015 2521 4070 de
2554 4018 2794 4073 tenebris
2844 4036 3122 4078 revocare.
3163 4024 3342 4082 Unum
3396 4038 3580 4085 autem

1971 4101 2097 4159 nolo
2141 4111 2194 4159 te
2234 4105 2425 4170 lateat,
2449 4107 2576 4176 quia
2619 4107 2663 4162 si
2695 4108 2932 4167 infames
2979 4111 3079 4179 illi,
3108 4123 3166 4169 et
3206 4115 3489 4174 criminosi
3525 4121 3579 4176 in

1968 4200 2318 4270 episcopatus
2361 4216 2488 4258 arce
2525 4204 2892 4274 perstiteriut,
2919 4222 3026 4262 non
3065 4210 3364 4277 modicum,
3396 4213 3581 4284 splen-

1969 4291 2251 4348 didissime
2280 4294 2524 4360 domine,
2550 4311 2704 4366 papae
2735 4299 2918 4368 opinio
2946 4300 3244 4371 laborabit;
3274 4315 3330 4360 et
3365 4317 3444 4373 tu,
3479 4310 3573 4380 qui

1968 4384 2314 4439 consiliarius
2342 4384 2462 4454 ejus
2497 4402 2576 4452 es,
2603 4397 2661 4442 et
2699 4397 2847 4444 tanta
2895 4393 3203 4462 omnigenze
3248 4397 3581 4456 eruditionis

1969 4479 2234 4550 sapientia
2281 4481 2474 4550 polles,
2524 4497 2738 4540 naevum
2783 4485 2975 4557 procul
3005 4488 3171 4546 dubio
3198 4492 3580 4564 reprehensio-

1968 4586 2054 4626 IIIS
2097 4586 2363 4628 ιηουιτεε.

2039 4662 2192 4734 Rogo
2238 4674 2443 4732 autem,
2481 4676 2538 4723 et
2584 4669 2866 4728 humiliter
2909 4673 3161 4742 obsecro,
3200 4685 3262 4732 ut
3310 4679 3575 4738 charissi-

1967 4772 2117 4811 mum
2154 4757 2372 4814 Patrem
2424 4776 2606 4817 meum
2652 4765 2908 4838 abbatem
2956 4767 3303 4827 Classensem
3349 4773 3404 4828 in
3452 4790 3577 4831 mea

1964 4865 2196 4920 persona
2246 4855 2536 4923 suscipias,
2577 4865 2633 4912 et
2675 4859 2939 4930 quidquid
2980 4860 3058 4917 illi
3100 4863 3378 4931 beneficii,
3417 4867 3576 4937 quid-

1965 4941 2094 5012 quid
2119 4945 2403 5002 charitatis
2427 4947 2777 5019 impendet-is,
2807 4952 2941 5008 mihi
2967 4956 3191 5026 proprie
3219 4964 3274 5013 te
3305 4958 3571 5019 exhibere

1965 5049 2280 5097 cognoscas.

287 4224 619 4278 permanens,
674 4212 822 4269 Petri
865 4210 1048 4282 iaculo
1092 4212 1437 4282 nequissima:
1465 4212 1654 4268 bestiae
1680 4221 1866 4284 guttur

286 4302 470 4374 inﬁgis,
521 4314 578 4362 et
620 4305 920 4362 Ecclesiam
973 4315 1117 4360 luant
1145 4305 1401 4360 mundam
1437 4305 1506 4360 ah
1550 4305 1699 4360 omni
1748 4305 1866 4375 ejus

286 4397 524 4462 pestifera
575 4401 908 4472 contagione
951 4399 1214 4464 custodis,
1269 4410 1323 4453 et
1378 4400 1520 4469 quod
1559 4407 1864 4470 pastorum,

285 4487 377 4544 imo
431 4488 712 4547 latronum
762 4491 918 4562 culpa
949 4491 1192 4560 magistri
1224 4491 1380 4548 sedes
1412 4492 1616 4556 amisit,
1665 4491 1863 4547 nobilis

285 4580 469 4636 alumni
499 4585 768 4640 cathedra
822 4585 1078 4641 inviolata
1115 4584 1372 4640 servavit.
1425 4582 1531 4640 Sed
1562 4584 1706 4640 inter
1747 4584 1865 4640 hazc

282 4677 447 4729 omnia
501 4686 710 4732 vestra:
764 4677 1068 4733 sanctitatis
1108 4678 1308 4741 studia,
1370 4676 1498 4730 illud
1530 4677 1660 4732 mihi
1693 4677 1863 4732 multo

285 4776 357 4820 est
390 4769 657 4836 charius,
724 4770 866 4840 quod
919 4769 1080 4824 saluti
1133 4768 1525 4824 monachorum
1575 4768 1864 4839 pastoralis

283 4859 452 4917 oculus
483 4871 672 4918 vester
707 4862 968 4934 invigilat,
1014 4870 1068 4918 et
1089 4862 1297 4917 occulta
1325 4862 1413 4917 diu
1442 4862 1665 4917 vulnera
1695 4864 1748 4918 in
1781 4863 1862 4918 lu-

282 4964 383 5003 cem
413 4953 754 5019 producerc,
810 4961 866 5008 et
907 4953 1201 5024 disciplinae
1234 4952 1498 5025 Cysurgio
1523 4968 1712 5010 secare
1753 4970 1861 5011 non

284 5050 462 5096 cessat.
496 5042 590 5098 Eia
631 5043 792 5098 miles
813 5041 1034 5106 Christi,
1068 5042 1285 5098 fortiter
1308 5053 1359 5097 te
1392 5043 1444 5097 in
1469 5044 1616 5100 vires
1644 5044 1859 5116 collige,

283 5139 328 5182 et
349 5134 724 5189 circumducto
750 5133 1045 5204 prudentiae
1072 5141 1176 5189 tua:
1201 5133 1358 5190 oculo
1375 5174 1390 5199 ,
1417 5144 1608 5189 contra
1637 5145 1861 5192 cunctas

286 5223 460 5284 diaboli
485 5229 780 5285 machinas
801 5227 1026 5283 viriliter
1046 5226 1311 5298 prmliare.
1336 5227 1630 5283 Avaritiam
1647 5227 1856 5302 jugula,

285 5319 569 5385 superbiam
597 5318 776 5383 calca,
816 5318 993 5387 lapsos
1019 5318 1166 5389 erige
1189 5359 1202 5384 ,
1233 5317 1606 5374 vacillantibus
1651 5330 1854 5376 sancta:
1883 5305 1934 5366 Ῐ)

287 5407 660 5467 exhortationis
685 5410 966 5464 dexteram
1001 5407 1180 5479 praebe
1203 5449 1219 5473 ,
1258 5418 1523 5478 quatenus
1569 5418 1625 5465 et
1664 5419 1856 5465 temet-

287 5497 439 5565 ipsum
476 5511 799 5556 sanctarum
827 5501 1084 5554 virtutum
1117 5507 1271 5555 scuto
1301 5499 1604 5566 custodias,
1640 5509 1699 5555 et
1723 5501 1858 5556 alios

287 5592 342 5644 ab
360 5594 493 5648 omni
519 5594 738 5666 antiqui
767 5593 939 5649 hostis
985 5591 1390 5664 impugnatione
1435 5593 1712 5651 defendas.
1748 5595 1855 5650 Ol)-

287 5698 418 5742 secro
442 5697 622 5742 autem
655 5698 711 5742 te
740 5729 754 5749 ,
813 5685 1178 5748 dilectissime,
1233 5686 1276 5740 si
1329 5700 1451 5740 eum
1500 5697 1588 5740 tua
1635 5687 1850 5742 licentia

288 5786 437 5839 [mest
483 5779 635 5844 lieri,
683 5793 792 5832 non
829 5792 912 5832 me
960 5777 1058 5833 hoc
1097 5777 1353 5846 temporis
1404 5777 1692 5846 inquietari
1727 5795 1849 5848 per-

2525 5178 2860 5237 EPISTOLA
2907 5182 2976 5237 IV

2131 5283 2198 5320 Αῐ)
2228 5281 2495 5325 IIENRICUM
2528 5286 2979 5330 AllCHIEPISCOPUM
3017 5291 3404 5335 RAVENNATEII.

1967 5356 2366 5442 ARCl‘lLE-NTQH.
2389 5391 2458 5400 —
2480 5360 2776 5442 Consultus
2800 5363 2867 5442 ah
2894 5363 3130 5442 llenrico
3155 5369 3572 5442 archiepiscopo

2039 5427 2675 5512 deOCadaloo‘antipapa,
2709 5443 2766 5487 et
2802 5434 3110 5512 Alexandro
3151 5427 3410 5506 secundo,
3438 5427 3569 5512 qu'id

2185 5500 2478 5580 videretur,
2519 5498 2778 5580 utier-nam
2825 5504 3099 5576 legitimus
3139 5517 3283 5564 esset
3319 5498 3566 5580 pontifex

2030 5568 2394 5652 judicandush
2417 5573 2805 5652 Alexandrum,
2839 5568 2999 5643 prout
3037 5593 3248 5652 aequum
3275 5568 3428 5652 erat,
3465 5598 3565 5652 pro

2037 5655 2164 5716 vero
2213 5642 2466 5708 pontiﬁce
2517 5642 3164 5716 habendumrespondet
3203 5666 3217 5704 :
3262 5642 3560 5706 Cadalohm

2033 5709 2144 5779 90
2172 5727 2299 5765 vero
2335 5723 2589 5781 tanquam
2632 5709 3002 5770 Simoniacutn
3051 5727 3106 5772 et
3149 5721 3556 5779 schismaticutn

2035 5784 2102 5835 ah
2157 5783 2407 5839 omnibus
2459 5785 2821 5840 damnandum
2873 5801 2993 5842 esse
3050 5801 3102 5845 et
3166 5788 3552 5859 rejicienduui;
