4260 6366
702 347 800 405 291

1252 342 1308 398 S.
1349 338 1547 397 PETRI
1586 336 1866 394 DAMIANI
1887 335 2038 393 OPP.
2063 330 2243 387 PARS
2281 329 2411 387 SEU
2452 325 2685 384 TOMUS
2709 326 2751 382 I.
2792 356 2861 369 —
2887 324 3103 383 EPIST.
3136 324 3261 380 LIB.
3292 321 3426 379 VIII.

776 467 915 536 quod
954 463 1112 536 etiam
1139 474 1215 536 ex
1262 456 1506 536 moribus
1526 455 1804 536 utriusque
1829 450 1988 536 facile
2016 445 2254 536 digno‘sci
2284 447 2330 505 Α
2358 443 2698 513 deponendus
2731 450 2831 505 est,
2864 441 2988 511 quia
3014 439 3097 493 sui
3130 438 3341 492 sibimet
3371 434 3710 505 privilegium
3738 434 3921 502 ponti-

771 518 955 603 possit.
996 528 1283 603 Consilium
1334 518 1839 603 autetnLquod'sib_i
1893 521 2027 573 idem
2078 518 2252 603 areni-

770 586 1047 668 episcopus
1084 599 1321 658 dederat,
1353 604 1407 649 ut
1430 586 1645 668 scilicet
1685 590 1910 647 occulte,
1944 603 2048 641 non
2078 586 2253 668 palam

818 654 987 725 adaloi
1049 654 1361 721 electionem
1428 662 1781 731 improbaret,
1839 669 2090 731 tanquam
2153 654 2256 731 sibi

770 724 945 794 minus
988 739 1265 791 honestum
1316 724 1517 802 rejicitf
1550 729 1840 802 N_ou_en_im
1861 726 2053 802 _clam,.
2076 724 2169 777 sed
2202 724 2256 776 in

767 794 1388 877 conspectu_hominum'
1430 815 1525 871 pro
1572 796 1811 853 Ecclesia
1860 795 1955 850 Dei
2008 794 2085 847 ait
2136 806 2256 847 esse

767 874 1205 946 belligerandum.

766 988 969 1042 Domno
999 983 1063 1037 Β.
1097 979 1539 1051 reverendissimo
1583 976 2006 1051 archiepiscopo,
2038 970 2255 1025 Penus

694 1084 946 1150 peccator
1018 1072 1311 1127 monachus
1386 1067 1576 1122 debita
1660 1049 2003 1135 subjectionis
2094 1061 2253 1115 obse—

699 1166 904 1237 quium.

768 1256 998 1311 Litteras
1025 1251 1197 1323 sigillo
1225 1257 1415 1305 vestrae
1441 1247 1740 1301 sanctitatis
1770 1246 2077 1315 impressas,
2102 1257 2254 1297 vene-

701 1346 881 1402 rabilis
898 1322 1089 1407 Pater,
1104 1356 1226 1395 mox
1250 1350 1306 1392 ut
1332 1339 1534 1409 aspexi,
1562 1322 1839 1406 promptus
1861 1333 2085 1403 arripui.
2107 1332 2255 1385 hctus

697 1435 948 1505 explicui,
975 1432 1189 1488 curiose
1217 1429 1433 1501 perlegi.
1468 1428 1520 1480 In
1547 1427 1742 1496 quibus
1773 1426 2025 1479 nimirum
2057 1422 2253 1491 liquido

694 1524 951 1595 comperi,
992 1534 1047 1578 et
1088 1524 1318 1591 primum
1360 1520 1501 1573 circa
1542 1533 1624 1570 me
1665 1526 1854 1570 vestrae
1886 1516 2097 1585 pietatis
2129 1511 2255 1566 alle—

697 1621 862 1676 ctum,
885 1622 938 1665 et
967 1620 1171 1666 certum
1202 1609 1267 1662 de
1294 1622 1355 1661 ea
1383 1608 1541 1675 quam
1570 1605 1719 1658 vobis
1741 1614 1864 1657 ante
1887 1617 2253 1672 suggesseram

698 1718 815 1756 mea
843 1702 1098 1771 petitione
1124 1699 1465 1768 promissum.
1499 1696 1628 1749 Illud
1658 1705 1832 1749 autem
1862 1694 2003 1763 quod
2034 1694 2084 1745 in
2109 1693 2255 1746 calce

2354 535 2468 589 ficis
2510 534 2805 603 usurpavit,
2850 546 2955 602 quo
2990 538 3149 601 pacto
3187 528 3381 597 poterit
3423 528 3467 579 is
3500 527 3591 595 qui
3641 526 3922 579 ordinatus

2354 632 2455 687 est,
2487 632 2649 686 stare,
2675 630 2899 691 propter
2932 635 3087 689 quem
3126 617 3295 672 solum
3327 617 3607 669 ordinator
3632 616 3751 683 ejus
3778 613 3923 682 judi-

2354 721 2505 766 catus
2524 721 2605 765 est
2630 726 2660 763 a
2689 725 2783 764 sua
2816 709 3073 778 dignitate
3102 706 3389 761 corruere?
3418 704 3534 758 Iluc
3557 704 3768 757 accedit
3797 702 3923 772 quia

2353 800 2451 870 pia:
2512 798 2781 853 memoriae
2836 796 3140 864 Stephanus
3195 809 3328 864 papa
3382 792 3724 861 congregatis
3780 792 3922 847 intra

2353 892 2629 947 ecclesiam
2679 890 2944 959 episcopis
2989 888 3302 955 civibusque
3344 884 3634 947 Romanis,
3680 884 3830 939 clem
3873 892 3926 939 et

2354 982 2567 1052 populo,
2603 982 2701 1035 hoc
2739 981 2839 1034 sub
2871 978 3104 1033 districti
3151 975 3510 1031 anathemati:
3552 974 3924 1052 excommuni-

2353 1050 2563 1127 catione
2592 1080 2873 1134 statuerat,
2905 1080 2963 1124 ut
2992 1070 3038 1123 si
3077 1084 3198 1123 eum
3230 1068 3295 1121 de
3326 1068 3429 1121 boc
3457 1065 3653 1119 saeculo
3687 1050 3924 1133 migrare

2354 1164 2688 1233 eantingeret
2713 1170 2998 1229 antequam
3031 1157 3424 1213 Hildebrandus
3456 1156 3714 1209 Romanae
3742 1153 3924 1207 Eccle-

2355 1252 2444 1306 sia:
2478 1254 2855 1316 subdiaconus,
2893 1250 2983 1320 qui
3015 1265 3135 1304 cum
3170 1246 3438 1302 communi
3467 1246 3711 1298 omnium
3748 1244 3926 1296 censio

2358 1341 2428 1395 lio
2489 1343 2837 1405 mittebatur,
2886 1342 2952 1394 ab
3012 1336 3381 1408 imperatrice.
3425 1334 3664 1394 rediret,
3731 1348 3923 1402 papam

2354 1432 2533 1485 nullus
2560 1432 2802 1500 eligeret,
2833 1429 2926 1484 sed
2957 1428 3113 1482 sedes
3154 1425 3443 1494 apostolica
3475 1438 3645 1492 usque
3678 1424 3747 1476 ad
3788 1422 3922 1476 illius

2355 1522 2583 1577 reditum
2630 1523 2828 1573 intacta
2873 1526 3106 1571 vacaret.
3153 1517 3226 1570 De
3274 1515 3358 1569 his
3403 1528 3565 1582 porro
3610 1512 3764 1581 plura
3804 1520 3925 1566 sunt

2356 1628 2474 1680 qua:
2509 1612 2774 1664 dicantur.
2809 1609 2913 1662 Sed
2949 1622 3013 1662 ne
3056 1608 3317 1662 sanctitas
3352 1614 3524 1658 vestra
3561 1604 3814 1673 pluribus
3842 1603 3922 1655 in-

2360 1710 2502 1755 tenta
2542 1702 2771 1769 negotiis
2810 1698 3037 1768 prolixa,
3082 1697 3222 1765 quod
3268 1695 3428 1759 absit,
3465 1695 3629 1748 verba
3669 1692 3922 1755 fastidiat,

694 1792 998 1862 subiecistis
1038 1789 1299 1860 epistolae.
1331 1796 1391 1841 ut
1424 1788 1573 1841 vobis
1614 1788 1905 1842 scriberem
1952 1786 2078 1855 quid
2126 1784 2252 1837 mihi
2282 1788 2331 1849 ι
2356 1801 2409 1846 et
2442 1790 2633 1861 regula:
2667 1805 2777 1843 sure
2817 1788 3041 1842 limitem
3080 1784 3366 1855 epistolam
3404 1782 3789 1853 compendium
3826 1799 3926 1837 non

694 1880 759 1937 de
799 1897 864 1935 eo
890 1880 979 1948 qui
1012 1880 1064 1933 in
1092 1876 1381 1947 apostolica
1424 1876 1549 1929 sede
1592 1889 1732 1928 nunc
1775 1875 2043 1943 przrsidet,
2075 1873 2155 1925 vel
2190 1887 2255 1924 eo

695 1973 783 2041 qui
822 1970 1059 2039 ejusdem
1099 1968 1240 2023 sedis
1277 1966 1478 2020 electus
1520 1980 1638 2020 esse
1682 1967 1919 2027 videtur;
1950 1978 2255 2031 quanquam

698 2076 797 2131 per
836 2060 1118 2115 nonnullos
1147 2056 1397 2112 Ecclesia:
1436 2064 1624 2110 vestra:
1654 2054 1789 2108 filios
1812 2054 1920 2121 jam
1951 2054 2261 2122 potuissetis

699 2156 884 2211 audire
928 2168 1047 2222 quae
1085 2150 1156 2204 sit
1194 2156 1375 2203 nostra
1407 2161 1564 2215 super
1601 2147 1788 2199 horum
1828 2145 2051 2196 duorum
2088 2142 2259 2196 hemi-

692 2261 823 2301 num
876 2244 1182 2298 diversitate
1243 2239 1537 2301 sententia,
1568 2245 1743 2291 tamen
1783 2236 1905 2304 quia
1935 2234 2255 2306 prmcipitis,

689 2340 852 2397 etiam
894 2308 1134 2406 apicibcis
1176 2333 1515 2387 adnotamus.
1549 2328 1641 2383 Ille
1674 2329 1946 2390 nimirum,
1995 2327 2045 2378 in
2086 2341 2257 2394 quatt-

692 2440 805 2487 tum
837 2428 965 2483 mibi
993 2427 1228 2491 videtur,
1252 2424 1454 2491 absque
1484 2421 1588 2475 ulla
1614 2421 1957 2474 excusatione
1984 2417 2253 2471 Sitnonia-

689 2533 786 2575 cus
813 2527 915 2582 est,
940 2518 1062 2585 quia
1097 2514 1253 2568 nobis
1286 2512 1535 2565 omnibus
1566 2509 1802 2577 ejusdem
1834 2509 1980 2560 urbis
2005 2509 2255 2558 cardina-

688 2606 829 2661 Iibus
851 2604 1115 2674 episcopis
1155 2601 1589 2661 reclamantibus,
1622 2598 2009 2651 obsistentibus
2052 2605 2105 2647 et
2148 2605 2253 2646 ter-

689 2695 917 2750 ribiliter
985 2690 1599 2753 anathematizantibus,
1672 2697 1933 2741 nocturno
2016 2695 2254 2753 tempore

694 2799 817 2839 cum
866 2792 1192 2835 armatorum
1231 2780 1399 2833 turbis
1442 2779 1674 2845 undique
1722 2777 2167 2829 tumultuantibus
2203 2783 2258 2829 et

689 2872 990 2927 furentibus
1040 2870 1433 2925 intbronizatus
1468 2879 1568 2921 est.
1613 2867 1813 2919 Dehith
1855 2866 1919 2917 ad
1962 2866 2257 2932 πωγωνία-

689 2979 805 3017 rutn
844 2961 1138 3033 patrocinia
1183 2960 1389 3013 funesta
1432 2957 1735 3019 concurrit,
1773 2956 1997 3025 pecunia
2036 2970 2132 3021 per
2173 2970 2257 3007 re-

686 3054 893 3125 giones,
924 3051 1210 3113 andronas,
1242 3048 1325 3102 vel
1365 3048 1679 3117 angiportus
1717 3046 1770 3099 in
1812 3044 2033 3112 populos
2062 3057 2254 3111 eroga-

2356 1883 2596 1942 excedat,
2631 1895 2769 1933 nunc
2800 1881 2899 1932 ista
2932 1877 3216 1931 sufﬁciant.

2430 1969 2495 2023 Ut
2550 1981 2725 2021 autem
2782 1966 3207 2037 percunctationi
3260 1973 3455 2019 vestra:
3504 1963 3557 2017 in
3613 1964 3718 2018 hoc
3767 1964 3927 2017 etiam

2358 2070 2538 2114 nostra
2594 2059 2868 2124 responsio
2921 2055 3252 2117 satisfaciat,
3300 2054 3367 2108 de
3418 2053 3591 2108 electo
3644 2054 3751 2107 boc
3802 2054 3928 2107 mihi

2358 2152 2586 2213 videtur,
2614 2149 2736 2216 quia
2782 2149 2915 2202 bene
2955 2146 3222 2199 litteratus
3258 2156 3358 2209 est,
3386 2155 3440 2199 et
3473 2146 3676 2199 vivacis
3704 2146 3925 2215 ingenii,

2358 2242 2471 2295 sine
2520 2242 2823 2309 suspicione
2874 2249 3085 2301 castus,
3138 2238 3188 2291 in
3239 2238 3524 2308 erogandis
3568 2237 3928 2309 elcemosynia

2355 2334 2491 2401 pius.
2532 2332 2623 2385 llis
2654 2333 2790 2383 ultra
2822 2346 2925 2383 non
2957 2331 3118 2392 addo,
3149 2345 3212 2381 ne
3242 2346 3346 2382 non
3379 2330 3563 2383 videar
3611 2329 3930 2383 universita-

2360 2424 2426 2474 tis
2460 2432 2687 2485 amator,
2734 2422 2825 2473 sed
2872 2419 3042 2489 singul
3084 2419 3258 2471 ritatis
3308 2427 3566 2472 assertor.
3616 2417 3712 2471 Ille
3750 2428 3927 2472 autem

2358 2520 2601 2573 econtra,
2630 2512 2671 2562 si
2711 2525 2893 2570 unum,
2924 2524 3028 2559 non
3058 2508 3231 2561 dicant
3272 2507 3482 2577 psalmi,
3514 2507 3606 2561 sed
3640 2507 3725 2563 vel
3760 2510 3929 2563 homi-

2358 2600 2441 2653 lite
2474 2602 2684 2667 quidem
2716 2597 3036 2652 versiculum
3074 2598 3231 2666 plene
3269 2599 3398 2651 tnihi
3435 2598 3611 2652 valeat
3634 2614 3927 2669 exponere,

2358 2689 2579 2741 multum
2622 2690 2879 2741 adversus
2910 2703 3031 2739 eum
3074 2687 3211 2739 ultra
3258 2702 3363 2741 non
3405 2686 3567 2750 facio,
3606 2704 3804 2742 manus
3845 2691 3927 2753 do,

2358 2779 2567 2847 plantas
2593 2778 2829 2840 osculor,
2860 2787 2914 2829 et
2952 2792 3057 2829 non
3095 2777 3251 2829 modo
3282 2777 3395 2843 jam
3428 2777 3813 2846 apostolicum,
3844 2778 3932 2834 sed

2358 2870 2518 2921 etiam
2552 2868 2870 2935 apostolum,
2907 2867 2948 2921 si
2975 2865 3199 2933 jnbetis,
3229 2866 3458 2933 appello.

2431 2959 2581 3023 Quod
2617 2966 2794 3010 autem
2834 2958 3123 3025 scripsistis
3150 2966 3206 3009 nt
3237 2957 3505 3011 mitterem
3538 2958 3691 3011 vobis
3725 2957 3927 3014 litteras

2360 3050 2723 3103 taciturnitate
2762 3050 3020 3117 signatas,
3048 3048 3196 3117 quasi
3229 3058 3453 3117 paterno
3486 3048 3615 3102 mibi
3649 3050 3932 3105 consulen—

690 3154 811 3209 tur,
860 3142 918 3194 Β.
966 3139 1111 3194 Petri
1161 3138 1480 3192 venerabilis
1528 3151 1649 3189 arca
1701 3135 2027 3203 pervaditur,
2074 3134 2329 3200 sictheC
2364 3151 2441 3193 tes
2498 3140 2713 3199 affectu,
2764 3155 2828 3193 ne
2884 3140 3106 3191 adversa
3163 3137 3406 3190 fortassis
3461 3137 3831 3204 incurrerent,
3887 3139 3932 3195 si

688 3248 782 3304 per
822 3242 987 3287 totam
1036 3233 1227 3285 urbem
1272 3229 1415 3283 velut
1452 3226 1716 3279 ollicinam
1759 3225 1895 3277 male
1937 3223 2249 3276 fabricantis

687 3324 921 3379 Simonis
971 3321 1197 3385 factam,
1250 3322 1336 3373 vix
1386 3318 1526 3371 aliud
1576 3332 1771 3385 quam,
1817 3325 1874 3368 ιιι
1920 3317 1990 3368 ita
2044 3317 2247 3383 loquar,

688 3410 995 3466 malleorum
1016 3416 1177 3478 atque
1199 3407 1503 3461 incudimnn
1529 3403 1593 3475 [f.
1614 3402 1886 3473 incndtnn]
1916 3404 2137 3457 tinnitus
2159 3420 2249 3456 au-

688 3503 849 3558 ditur.
887 3502 968 3564 Et,
996 3516 1029 3553 ο
1058 3499 1230 3554 scelus
1276 3508 1331 3552 et
1372 3497 1538 3552 ferale
1577 3496 1908 3566 prodigium!
1946 3495 2137 3550 Petrus
2164 3511 2254 3549 co-

687 3591 829 3661 gitur
866 3589 1129 3643 nundinas
1169 3587 1402 3641 Simonis
1444 3603 1509 3641 ex
1558 3602 1653 3640 sua
1699 3588 2002 3654 quantitate
2045 3587 2254 3655 persol-

689 3693 834 3740 vere,
865 3678 954 3745 qui
1007 3676 1277 3732 Simonem
1322 3692 1442 3730 cum
1482 3677 1627 3729 omni
1666 3690 1763 3729 suo
1800 3678 2124 3729 commercio
2158 3692 2249 3730 co-

686 3770 961 3839 gnoscitur
1016 3774 1270 3836 perpetua
1316 3765 1696 3819 inaledictione
1748 3765 2048 3818 damnasse.
2100 3764 2251 3832 Quod

688 3870 863 3913 autetn
905 3859 992 3913 ille
1028 3859 1231 3913 crimen
1275 3859 1374 3911 hoc
1404 3857 1607 3925 palliat,
1641 3866 1693 3909 et
1738 3866 1959 3910 tractum
2000 3873 2055 3911 se
2094 3859 2251 3924 vique

689 3961 952 4012 coactum,
984 3950 1176 4018 quibus
1223 3957 1396 4018 potest
1437 3948 1615 4001 verbis
1658 3957 1902 4011 excusat,
1933 3948 2032 4002 hoc
2061 3964 2160 4017 ego
2191 3948 2253 4000 li-

688 4050 774 4096 cet
808 4041 874 4093 ad
906 4040 1161 4108 liquidum
1197 4039 1455 4100 nesciam,
1481 4047 1655 4089 tamen
1692 4049 1745 4090 et
1786 4039 1895 4107 ipse
1925 4054 2027 4090 non
2060 4054 2252 4107 nsque-

685 4144 897 4201 quaque
925 4126 1170 4182 diﬂiteor.
1204 4126 1279 4180 Ita
1319 4127 1512 4195 quippe
1554 4134 1637 4180 est
1680 4126 1836 4179 homo
1876 4127 2121 4189 stolidus,
2155 4128 2249 4179 de-

686 4239 774 4278 ses
804 4237 865 4276 ac
896 4220 1091 4275 nullius
1140 4220 1355 4291 ingenii,
1390 4228 1447 4272 ut
1486 4218 1628 4273 credi
1677 4219 1844 4288 possit
1887 4219 2126 4273 nescisse
2159 4234 2255 4287 per

688 4327 749 4367 se
793 4311 919 4364 talia
967 4310 1285 4364 machinari.
1340 4308 1717 4362 Verumtamen
1766 4310 1818 4360 in
1853 4308 1954 4361 hoc
1989 4324 2110 4361 reus
2148 4316 2248 4370 est,

688 4402 813 4471 quia
845 4400 899 4453 in
929 4399 1069 4453 caeni
1112 4399 1383 4466 voragine,
1415 4399 1466 4449 in
1499 4414 1656 4465 quam
1689 4398 1850 4449 semel
1882 4406 1963 4450 cst
1992 4397 2252 4450 violenter

689 4489 934 4558 injectus,
965 4488 1234 4541 volutatur
1263 4487 1557 4550 ultroneus,
1590 4497 1645 4541 et
1674 4486 1724 4539 in
1757 4486 2075 4539 adulterium
2106 4485 2248 4554 quod
2279 4476 2329 4533 D

690 4580 875 4636 nolens
948 4586 1073 4632 ante
1156 4580 1504 4633 commiserat
1530 4615 1545 4641 ,

690 4684 859 4727 verat.

762 4760 832 4816 Ut
873 4768 1052 4815 autem
1088 4768 1141 4815 et
1178 4760 1244 4814 de
1281 4759 1392 4827 ipsa
1426 4758 1540 4825 ejus
1566 4758 1905 4827 promotione
1930 4757 2253 4827 lacrymosa,

690 4860 752 4908 ut
778 4853 951 4919 aiunt,
972 4852 1133 4905 verba
1180 4864 1284 4903 non
1322 4850 1652 4917 protraham,
1682 4849 1838 4903 nobis
1867 4849 2133 4917 episcopis
2160 4864 2259 4918 per

691 4945 899 4999 diversa
965 4940 1183 4996 latibula
1247 4939 1605 5008 fugientibus,
1662 4939 1939 5007 presbyter
1995 4938 2255 4994 Ostiensis

694 5034 967 5097 Ecclesia,
996 5032 1085 5101 qui
1131 5030 1334 5084 utinam
1389 5028 1694 5097 syllabatim
1741 5037 1920 5081 nosset
1964 5030 2045 5083 vel
2096 5046 2252 5084 unam

695 5125 938 5195 paginam
995 5124 1094 5176 rite
1137 5135 1491 5191 percurrere,
1541 5128 1600 5174 ut
1643 5134 1765 5173 eum
1812 5120 1877 5173 ad
1932 5122 2257 5189 apostolatus

692 5213 904 5269 culmen
948 5212 1284 5281 proveheret,
1321 5219 1502 5277 raptus
1539 5225 1568 5263 a
1606 5208 1929 5262 satellitibus
1965 5210 2176 5262 Satanae
2204 5219 2257 5263 et

696 5305 953 5359 violenter
1000 5312 1259 5355 attractus
1301 5311 1402 5354 est.
1438 5301 1501 5353 Et
1549 5314 1695 5362 ecce,
1738 5308 1797 5352 ut
1839 5315 1934 5354 vos
1983 5301 2255 5355 canonica:

693 5394 985 5452 sanctionis
1011 5394 1223 5448 decreta
1271 5407 1374 5445 non
1416 5393 1599 5452 latent,
1634 5392 1676 5443 si
1707 5401 1899 5444 cuncta
1935 5393 2098 5446 etiam
2136 5408 2256 5461 qua:

695 5485 795 5541 sibi
832 5483 1028 5552 Opponi
1073 5490 1325 5550 possunt,
1376 5483 1736 5550 objectionum
1780 5482 2008 5549 capitula
2045 5483 2258 5550 suppri-

697 5588 930 5640 mantur,
962 5576 1060 5628 hoc
1088 5573 1257 5628 solum
1304 5572 1404 5626 tale
1447 5581 1551 5629 est.
1578 5583 1633 5624 ιιι
1664 5587 1729 5625 ex
1761 5584 1824 5625 eo
1860 5588 1914 5625 se
1958 5574 2256 5626 tudlatenns

696 5665 870 5723 valeat
896 5666 1167 5735 expedire.
1201 5662 1329 5717 Nam
1368 5663 1412 5717 si
1447 5662 1725 5732 presbyter
1752 5663 1933 5731 procul
1960 5663 2121 5715 dubio
2148 5662 2250 5731 91

1624 4575 2012 4630 delectabiliter
2074 4590 2257 4646 perse-

2352 3245 2503 3281 sensa
2552 3231 2727 3283 cordis
2771 3243 2891 3281 cum
2938 3228 3185 3281 libertate
3214 3225 3546 3295 proferrem;
3585 3228 3729 3282 absit
3772 3244 3803 3281 a
3848 3244 3931 3283 me

2354 3331 2409 3373 ut
2452 3322 2502 3373 in
2551 3320 2638 3372 tali
2690 3320 2899 3388 negotio
2938 3317 3070 3371 dura
3116 3332 3337 3387 prorsus
3381 3326 3437 3371 et
3477 3332 3671 3388 aspera
3711 3319 3923 3388 perpeti

2354 3410 2769 3479 sibterfugiam,
2820 3419 2874 3463 et
2924 3410 3232 3479 negligenda
3280 3418 3388 3462 tam
3439 3408 3685 3479 ingenua:
3735 3410 3925 3465 matria

2354 3502 2632 3560 incestum.
2672 3501 2769 3553 sub
2799 3499 2985 3552 umbra
3020 3500 3252 3568 degener
3278 3497 3420 3552 ﬁlius
3448 3498 3784 3553 delitescam.
3820 3499 3929 3555 lmo

2354 3600 2477 3658 peto
2508 3600 2565 3643 ut
2592 3589 2815 3657 epistola
2845 3590 2957 3642 hate
2999 3590 3049 3641 in
3092 3586 3362 3657 publicum
3388 3588 3587 3652 veniat,
3612 3589 3803 3659 sicque
3837 3603 3934 3658 per

2353 3684 2471 3743 vos,
2498 3682 2624 3749 quid
2655 3696 2817 3748 super
2854 3683 2953 3733 hoc
2991 3680 3154 3731 totius
3193 3679 3375 3731 mundi
3416 3678 3658 3747 periculo
3690 3679 3932 3733 sentien-

2352 3771 2475 3822 dum
2519 3773 2605 3831 sit,
2647 3770 2894 3821 omnibus
2944 3770 3264 3823 innotescat.
3307 3768 3379 3821 De
3424 3768 3806 3825 benedictione
3835 3785 3933 3824 au-

2355 3868 2459 3911 tem
2516 3869 2731 3921 vestra,
2786 3875 2941 3925 quam
2996 3860 3143 3927 petii,
3198 3859 3498 3911 venerande
3554 3859 3740 3923 Pater,
3789 3860 3927 3915 nihil

2353 3947 2495 4000 aliud
2530 3949 2671 4009 diro,
2698 3948 2797 3999 nisi
2833 3949 2954 4014 quia
2981 3947 3239 4015 quidquid
3280 3946 3326 4000 ei
3370 3949 3462 4017 qui
3506 3948 3709 4002 missus
3736 3958 3821 4004 est
3845 3950 3936 4004 da-

2355 4049 2469 4104 tur,
2522 4040 2636 4106 ejus
2674 4040 2861 4108 procul
2892 4040 3055 4092 dubio
3104 4040 3351 4093 manibus
3395 4041 3486 4108 qui
3536 4041 3684 4096 misit
3734 4043 3933 4097 immit-

2357 4134 2504 4184 titur.

2933 4220 3259 4277 EPISTULA
3302 4221 3365 4274 ν.

2500 4329 2563 4365 AD
2600 4327 2883 4366 WIRERTUSI
2927 4325 3371 4365 ABCHIEPISCOPUI
3414 4326 3799 4369 ιΑνειιιηΑτ-ῑι.

2358 4408 2749 4459 Ancunearuu.
2790 4434 2855 4441 -——
2896 4402 3192 4456 Wibertum
3240 4403 3708 4475 archiepiscopum
3763 4414 3935 4475 rogat,

2426 4477 2512 4543 qui
2564 4490 2716 4526 suum
2768 4476 3153 4543 monasterium
3203 4474 3517 4543 visitaturus
3570 4474 3935 4541 adventabat,

2430 4555 2485 4599 ut
2536 4545 2716 4598 habita
2778 4544 2983 4595 ratione
3039 4542 3089 4592 ill
3120 4557 3181 4595 us
3232 4542 3423 4609 inopiae
3464 4552 3515 4595 et
3556 4546 3934 4609 necessitatis,

2430 4616 2601 4669 cidem
2648 4614 2948 4681 pecuniam,
2998 4613 3135 4664 sicut
3180 4614 3463 4680 cogitarat,
3504 4626 3607 4663 non
3658 4612 3931 4679 auferret;

2431 4695 2737 4805 cgnteptmn
2776 4683 2918 4735 enim
2949 4681 3144 4734 debere
3185 4696 3302 4734 esse
3332 4681 3398 4733 iis
3434 4680 3614 4745 rebus,
3642 4697 3783 4751 quas
3814 4694 3938 4737 ante

2431 4772 2458 4805 a
2503 4764 2583 4805 stu
2612 4760 2741 4805 isset

2431 4754 2741 4807 abstulisset

2431 4844 2636 4897 Domno
2655 4841 2745 4895 W.
2772 4839 3214 4894 reverendissimo
3239 4840 3665 4910 archiepiscopo,
3690 4840 3937 4909 Ριτισε,

2359 4933 2607 4986 salutem.

2429 5020 2646 5076 Gratias
2659 5017 2789 5085 Regi
2814 5031 2994 5086 regum
3011 5017 3119 5069 Deo
3140 5015 3442 5080 referimus,
3458 5016 3582 5084 quia
3610 5017 3739 5073 dum
3765 5028 3937 5075 totum

2358 5116 2541 5169 orbem
2566 5112 2891 5182 propinquus
2901 5111 3011 5179 jam
3036 5110 3150 5163 dies
3169 5109 3457 5163 Dominica:
3484 5110 3786 5166 nativitatis
3809 5113 3938 5167 irra-

2360 5206 2490 5267 diat,
2528 5205 2710 5257 urbem
2762 5209 2998 5254 nostram
3047 5198 3154 5268 92
3187 5199 3347 5252 etiam
3378 5198 3715 5255 clarissimus
3762 5212 3940 5257 vester

2360 5299 2617 5351 adventus
2659 5295 2901 5347 illustrat.
2929 5290 3110 5357 Itaque
3136 5287 3588 5343 libetexclamare
3619 5287 3847 5343 :Glon’a
3883 5292 3939 5344 in

2357 5388 2571 5442 excelsis
2598 5386 2785 5445 Deo,et
2810 5383 2864 5435 in
2887 5392 3021 5434 terra
3044 5396 3147 5449 prta:
3164 5380 3457 5433 hominibus
3480 5380 3627 5431 bona
3649 5380 3935 5433 voluntatis

2360 5478 2507 5548 (Luc.
2528 5478 2610 5545 ιι).
2642 5475 3020 5529 Verumtamen
3045 5470 3176 5524 satis
3200 5470 3387 5533 miror,
3410 5469 3733 5523 venerabilis
3752 5468 3933 5533 Pater,

2358 5570 2479 5637 quia
2504 5577 2782 5633 postquam
2808 5564 2871 5615 ad
2899 5572 2949 5615 te
2976 5561 3110 5623 veni,
3128 5568 3409 5628 postquam
3432 5561 3498 5613 ab
3517 5558 3621 5611 alio
3652 5569 3937 5612 revocatus

2362 5661 2576 5712 tlincrt'.
2611 5656 2798 5710 vestris
2830 5652 3157 5719 jussionibus
3198 5652 3367 5719 parui,
3402 5650 3603 5704 nullum
3646 5648 3937 5719 legationis
