  <div class='ocr_page' id='page_1' title='image "/cluster/home/n/w/nwhite01/storage/ocr_20150623/144-145/uc1.31175001639262/154.png"; bbox 0 0 4260 6438; ppageno 0'>
   <div class='ocr_carea' id='block_1_1' title="bbox 253 328 2354 408">
    <p class='ocr_par' dir='ltr' id='par_1_1' title="bbox 253 328 2354 408">
     <span class='ocr_line' id='line_1_1' title="bbox 253 328 2354 408; baseline -0.007 0"><span class='ocrx_word' id='word_1_1' title='bbox 253 348 344 408; x_wconf 65' lang='lat'><strong><em>393</em></strong></span> <span class='ocrx_word' id='word_1_2' title='bbox 1406 336 1611 396; x_wconf 77' lang='lat' dir='ltr'><strong>LIBER</strong></span> <span class='ocrx_word' id='word_1_3' title='bbox 1650 331 1971 400; x_wconf 80' lang='lat' dir='ltr'><strong>TERTIUS,</strong></span> <span class='ocrx_word' id='word_1_4' title='bbox 2012 333 2231 394; x_wconf 83' lang='lat' dir='ltr'><strong>EPIST.</strong></span> <span class='ocrx_word' id='word_1_5' title='bbox 2264 328 2354 393; x_wconf 67' lang='lat' dir='ltr'><strong>Vl.</strong></span> 
     </span>
    </p>
   </div>
   <div class='ocr_carea' id='block_1_2' title="bbox 3430 341 3543 403">
    <p class='ocr_par' dir='ltr' id='par_1_2' title="bbox 3430 341 3543 403">
     <span class='ocr_line' id='line_1_2' title="bbox 3430 341 3543 403; baseline 0.027 -3"><span class='ocrx_word' id='word_1_6' title='bbox 3430 341 3543 403; x_wconf 62' lang='lat'><strong>29‘</strong></span> 
     </span>
    </p>
   </div>
   <div class='ocr_carea' id='block_1_3' title="bbox 254 445 3540 527">
    <p class='ocr_par' dir='ltr' id='par_1_3' title="bbox 254 445 3540 527">
     <span class='ocr_line' id='line_1_3' title="bbox 254 445 3540 527; baseline -0.003 -4"><span class='ocrx_word' id='word_1_7' title='bbox 254 465 468 525; x_wconf 82' lang='lat' dir='ltr'><strong>verbum,</strong></span> <span class='ocrx_word' id='word_1_8' title='bbox 494 454 709 514; x_wconf 83' lang='lat' dir='ltr'><strong>nullum</strong></span> <span class='ocrx_word' id='word_1_9' title='bbox 756 451 1033 527; x_wconf 80' lang='lat' dir='ltr'><strong>suscipere</strong></span> <span class='ocrx_word' id='word_1_10' title='bbox 1074 452 1252 510; x_wconf 89' lang='lat' dir='ltr'><strong>met-ul</strong></span> <span class='ocrx_word' id='word_1_11' title='bbox 1298 462 1495 511; x_wconf 64' lang='lat' dir='ltr'><strong>vestra:</strong></span> <span class='ocrx_word' id='word_1_12' title='bbox 1538 452 1822 508; x_wconf 80' lang='lat' dir='ltr'><strong>familiari-</strong></span> <span class='ocrx_word' id='word_1_13' title='bbox 1850 456 1899 517; x_wconf 78' lang='grc' dir='ltr'><strong>Α</strong></span> <span class='ocrx_word' id='word_1_14' title='bbox 1930 445 2149 504; x_wconf 72' lang='grc' dir='ltr'><strong>Ρετιιυε</strong></span> <span class='ocrx_word' id='word_1_15' title='bbox 2178 458 2436 521; x_wconf 73' lang='lat' dir='ltr'><strong>peccator</strong></span> <span class='ocrx_word' id='word_1_16' title='bbox 2465 449 2769 507; x_wconf 75' lang='lat' dir='ltr'><strong>monachus</strong></span> <span class='ocrx_word' id='word_1_17' title='bbox 2798 449 2978 525; x_wconf 69' lang='lat' dir='ltr'><strong>dignae</strong></span> <span class='ocrx_word' id='word_1_18' title='bbox 3016 450 3328 511; x_wconf 75' lang='lat' dir='ltr'><strong>devotionis</strong></span> <span class='ocrx_word' id='word_1_19' title='bbox 3374 451 3540 513; x_wconf 83' lang='lat' dir='ltr'><strong>obse-</strong></span> 
     </span>
    </p>
   </div>
   <div class='ocr_carea' id='block_1_4' title="bbox 255 545 1819 616">
    <p class='ocr_par' dir='ltr' id='par_1_4' title="bbox 255 545 1819 616">
     <span class='ocr_line' id='line_1_4' title="bbox 255 545 1819 616; baseline -0.01 0"><span class='ocrx_word' id='word_1_20' title='bbox 255 559 365 616; x_wconf 80' lang='lat' dir='ltr'><strong>tatis</strong></span> <span class='ocrx_word' id='word_1_21' title='bbox 398 551 672 611; x_wconf 87' lang='lat' dir='ltr'><strong>indicium.</strong></span> <span class='ocrx_word' id='word_1_22' title='bbox 698 548 858 606; x_wconf 83' lang='lat' dir='ltr'><strong>Certe</strong></span> <span class='ocrx_word' id='word_1_23' title='bbox 896 547 1139 605; x_wconf 85' lang='lat' dir='ltr'><strong>nonnulli</strong></span> <span class='ocrx_word' id='word_1_24' title='bbox 1180 554 1350 605; x_wconf 87' lang='lat' dir='ltr'><strong>testes</strong></span> <span class='ocrx_word' id='word_1_25' title='bbox 1389 556 1517 604; x_wconf 94' lang='lat' dir='ltr'><strong>sunt</strong></span> <span class='ocrx_word' id='word_1_26' title='bbox 1553 545 1714 615; x_wconf 87' lang='lat' dir='ltr'><strong>hujus</strong></span> <span class='ocrx_word' id='word_1_27' title='bbox 1743 546 1819 601; x_wconf 91' lang='lat' dir='ltr'><strong>rei</strong></span> 
     </span>
    </p>
   </div>
   <div class='ocr_carea' id='block_1_5' title="bbox 251 640 1822 725">
    <p class='ocr_par' dir='ltr' id='par_1_5' title="bbox 251 640 1822 725">
     <span class='ocr_line' id='line_1_5' title="bbox 251 640 1822 725; baseline -0.007 -19"><span class='ocrx_word' id='word_1_28' title='bbox 251 665 392 725; x_wconf 85' lang='lat' dir='ltr'><strong>quam</strong></span> <span class='ocrx_word' id='word_1_29' title='bbox 441 646 657 715; x_wconf 87' lang='lat' dir='ltr'><strong>loquor,</strong></span> <span class='ocrx_word' id='word_1_30' title='bbox 705 642 831 714; x_wconf 88' lang='lat' dir='ltr'><strong>quia</strong></span> <span class='ocrx_word' id='word_1_31' title='bbox 885 641 931 697; x_wconf 90' lang='lat' dir='ltr'><strong>si</strong></span> <span class='ocrx_word' id='word_1_32' title='bbox 980 641 1137 697; x_wconf 60' lang='lat' dir='ltr'><strong>bona</strong></span> <span class='ocrx_word' id='word_1_33' title='bbox 1202 641 1481 697; x_wconf 67' lang='lat' dir='ltr'><strong>memoriae</strong></span> <span class='ocrx_word' id='word_1_34' title='bbox 1546 640 1822 697; x_wconf 79' lang='lat' dir='ltr'><strong>decessori</strong></span> 
     </span>
    </p>
   </div>
   <div class='ocr_carea' id='block_1_6' title="bbox 248 730 1823 805">
    <p class='ocr_par' dir='ltr' id='par_1_6' title="bbox 248 730 1823 805">
     <span class='ocr_line' id='line_1_6' title="bbox 248 730 1823 805; baseline -0.007 -7"><span class='ocrx_word' id='word_1_35' title='bbox 248 752 406 800; x_wconf 85' lang='lat' dir='ltr'><strong>vestro</strong></span> <span class='ocrx_word' id='word_1_36' title='bbox 436 736 521 791; x_wconf 87' lang='lat' dir='ltr'><strong>hic</strong></span> <span class='ocrx_word' id='word_1_37' title='bbox 563 732 845 790; x_wconf 86' lang='lat' dir='ltr'><strong>habitandi</strong></span> <span class='ocrx_word' id='word_1_38' title='bbox 872 730 944 787; x_wconf 91' lang='lat' dir='ltr'><strong>ob</strong></span> <span class='ocrx_word' id='word_1_39' title='bbox 968 742 1218 805; x_wconf 86' lang='lat' dir='ltr'><strong>tempora</strong></span> <span class='ocrx_word' id='word_1_40' title='bbox 1250 732 1318 789; x_wconf 90' lang='lat' dir='ltr'><strong>de</strong></span> <span class='ocrx_word' id='word_1_41' title='bbox 1347 734 1523 789; x_wconf 90' lang='lat' dir='ltr'><strong>salute</strong></span> <span class='ocrx_word' id='word_1_42' title='bbox 1556 748 1668 789; x_wconf 72' lang='lat' dir='ltr'><strong>sua:</strong></span> <span class='ocrx_word' id='word_1_43' title='bbox 1704 734 1823 788; x_wconf 85' lang='lat' dir='ltr'><strong>ani-</strong></span> 
     </span>
    </p>
   </div>
   <div class='ocr_carea' id='block_1_7' title="bbox 246 825 1819 899">
    <p class='ocr_par' dir='ltr' id='par_1_7' title="bbox 246 825 1819 899">
     <span class='ocr_line' id='line_1_7' title="bbox 246 825 1819 899; baseline -0.004 -12"><span class='ocrx_word' id='word_1_44' title='bbox 246 850 350 898; x_wconf 66' lang='lat' dir='ltr'><strong>m8,</strong></span> <span class='ocrx_word' id='word_1_45' title='bbox 379 840 430 887; x_wconf 89' lang='lat' dir='ltr'><strong>et</strong></span> <span class='ocrx_word' id='word_1_46' title='bbox 463 829 528 885; x_wconf 92' lang='lat' dir='ltr'><strong>de</strong></span> <span class='ocrx_word' id='word_1_47' title='bbox 572 825 939 899; x_wconf 75' lang='lat' dir='ltr'><strong>spiritualium</strong></span> <span class='ocrx_word' id='word_1_48' title='bbox 991 840 1175 882; x_wconf 85' lang='lat' dir='ltr'><strong>rerum</strong></span> <span class='ocrx_word' id='word_1_49' title='bbox 1220 825 1661 883; x_wconf 75' lang='lat' dir='ltr'><strong>ordinationibus</strong></span> <span class='ocrx_word' id='word_1_50' title='bbox 1702 834 1819 882; x_wconf 87' lang='lat' dir='ltr'><strong>rata</strong></span> 
     </span>
    </p>
   </div>
   <div class='ocr_carea' id='block_1_8' title="bbox 244 917 1817 1000">
    <p class='ocr_par' dir='ltr' id='par_1_8' title="bbox 244 917 1817 1000">
     <span class='ocr_line' id='line_1_8' title="bbox 244 917 1817 1000; baseline -0.006 -18"><span class='ocrx_word' id='word_1_51' title='bbox 244 920 574 1000; x_wconf 81' lang='lat' dir='ltr'><strong>promissione</strong></span> <span class='ocrx_word' id='word_1_52' title='bbox 602 918 866 985; x_wconf 76' lang='lat' dir='ltr'><strong>ﬁrmaret,</strong></span> <span class='ocrx_word' id='word_1_53' title='bbox 899 931 997 974; x_wconf 89' lang='lat' dir='ltr'><strong>vos</strong></span> <span class='ocrx_word' id='word_1_54' title='bbox 1027 926 1213 974; x_wconf 88' lang='lat' dir='ltr'><strong>autem</strong></span> <span class='ocrx_word' id='word_1_55' title='bbox 1243 932 1276 973; x_wconf 92' lang='lat' dir='ltr'><strong>e</strong></span> <span class='ocrx_word' id='word_1_56' title='bbox 1308 917 1525 973; x_wconf 88' lang='lat' dir='ltr'><strong>diverso</strong></span> <span class='ocrx_word' id='word_1_57' title='bbox 1555 933 1643 973; x_wconf 90' lang='lat' dir='ltr'><strong>me</strong></span> <span class='ocrx_word' id='word_1_58' title='bbox 1678 932 1817 988; x_wconf 82' lang='lat' dir='ltr'><strong>quo-</strong></span> 
     </span>
    </p>
   </div>
   <div class='ocr_carea' id='block_1_9' title="bbox 244 1002 1817 1084">
    <p class='ocr_par' dir='ltr' id='par_1_9' title="bbox 244 1002 1817 1084">
     <span class='ocr_line' id='line_1_9' title="bbox 244 1002 1817 1084; baseline -0.007 -10"><span class='ocrx_word' id='word_1_59' title='bbox 244 1002 356 1074; x_wconf 84' lang='lat' dir='ltr'><strong>tidie</strong></span> <span class='ocrx_word' id='word_1_60' title='bbox 394 1010 691 1084; x_wconf 86' lang='lat' dir='ltr'><strong>ﬂagellatis,</strong></span> <span class='ocrx_word' id='word_1_61' title='bbox 720 1009 967 1081; x_wconf 86' lang='lat' dir='ltr'><strong>quotidie</strong></span> <span class='ocrx_word' id='word_1_62' title='bbox 996 1023 1153 1064; x_wconf 85' lang='lat' dir='ltr'><strong>acres</strong></span> <span class='ocrx_word' id='word_1_63' title='bbox 1195 1009 1482 1064; x_wconf 89' lang='lat' dir='ltr'><strong>verberum</strong></span> <span class='ocrx_word' id='word_1_64' title='bbox 1517 1009 1707 1079; x_wconf 78' lang='lat' dir='ltr'><strong>plagas</strong></span> <span class='ocrx_word' id='word_1_65' title='bbox 1736 1009 1817 1064; x_wconf 83' lang='lat' dir='ltr'><strong>in-</strong></span> 
     </span>
    </p>
   </div>
   <div class='ocr_carea' id='block_1_10' title="bbox 239 1100 1814 1181">
    <p class='ocr_par' dir='ltr' id='par_1_10' title="bbox 239 1100 1814 1181">
     <span class='ocr_line' id='line_1_10' title="bbox 239 1100 1814 1181; baseline -0.006 -17"><span class='ocrx_word' id='word_1_66' title='bbox 239 1106 431 1181; x_wconf 85' lang='lat' dir='ltr'><strong>ﬂigitis;</strong></span> <span class='ocrx_word' id='word_1_67' title='bbox 461 1111 512 1159; x_wconf 88' lang='lat' dir='ltr'><strong>et</strong></span> <span class='ocrx_word' id='word_1_68' title='bbox 541 1100 636 1173; x_wconf 89' lang='lat' dir='ltr'><strong>qui</strong></span> <span class='ocrx_word' id='word_1_69' title='bbox 668 1101 859 1157; x_wconf 84' lang='lat' dir='ltr'><strong>audire</strong></span> <span class='ocrx_word' id='word_1_70' title='bbox 886 1114 993 1156; x_wconf 92' lang='lat' dir='ltr'><strong>non</strong></span> <span class='ocrx_word' id='word_1_71' title='bbox 1023 1110 1270 1158; x_wconf 90' lang='lat' dir='ltr'><strong>meretur</strong></span> <span class='ocrx_word' id='word_1_72' title='bbox 1299 1100 1563 1173; x_wconf 86' lang='lat' dir='ltr'><strong>linguam,</strong></span> <span class='ocrx_word' id='word_1_73' title='bbox 1591 1114 1814 1172; x_wconf 78' lang='lat' dir='ltr'><strong>gravem</strong></span> 
     </span>
    </p>
   </div>
   <div class='ocr_carea' id='block_1_11' title="bbox 238 1192 1815 1265">
    <p class='ocr_par' dir='ltr' id='par_1_11' title="bbox 238 1192 1815 1265">
     <span class='ocr_line' id='line_1_11' title="bbox 238 1192 1815 1265; baseline -0.005 -9"><span class='ocrx_word' id='word_1_74' title='bbox 238 1202 296 1256; x_wconf 89' lang='lat' dir='ltr'><strong>de</strong></span> <span class='ocrx_word' id='word_1_75' title='bbox 319 1196 480 1255; x_wconf 84' lang='lat' dir='ltr'><strong>sacris</strong></span> <span class='ocrx_word' id='word_1_76' title='bbox 508 1194 762 1250; x_wconf 87' lang='lat' dir='ltr'><strong>manibus</strong></span> <span class='ocrx_word' id='word_1_77' title='bbox 789 1192 1016 1265; x_wconf 85' lang='lat' dir='ltr'><strong>suscipit</strong></span> <span class='ocrx_word' id='word_1_78' title='bbox 1053 1193 1422 1265; x_wconf 89' lang='lat' dir='ltr'><strong>disciplinam.</strong></span> <span class='ocrx_word' id='word_1_79' title='bbox 1456 1192 1661 1264; x_wconf 86' lang='lat' dir='ltr'><strong>Nempe</strong></span> <span class='ocrx_word' id='word_1_80' title='bbox 1686 1193 1815 1248; x_wconf 90' lang='lat' dir='ltr'><strong>dum</strong></span> 
     </span>
    </p>
   </div>
   <div class='ocr_carea' id='block_1_12' title="bbox 234 1285 1815 1355">
    <p class='ocr_par' dir='ltr' id='par_1_12' title="bbox 234 1285 1815 1355">
     <span class='ocr_line' id='line_1_12' title="bbox 234 1285 1815 1355; baseline -0.005 -7"><span class='ocrx_word' id='word_1_81' title='bbox 234 1292 327 1348; x_wconf 84' lang='lat' dir='ltr'><strong>hoc</strong></span> <span class='ocrx_word' id='word_1_82' title='bbox 370 1285 595 1344; x_wconf 88' lang='lat' dir='ltr'><strong>sollicite</strong></span> <span class='ocrx_word' id='word_1_83' title='bbox 636 1286 751 1355; x_wconf 89' lang='lat' dir='ltr'><strong>ipse</strong></span> <span class='ocrx_word' id='word_1_84' title='bbox 796 1285 1104 1352; x_wconf 87' lang='lat' dir='ltr'><strong>considero,</strong></span> <span class='ocrx_word' id='word_1_85' title='bbox 1157 1300 1302 1355; x_wconf 64' lang='lat' dir='ltr'><strong>saepe</strong></span> <span class='ocrx_word' id='word_1_86' title='bbox 1351 1285 1495 1340; x_wconf 91' lang='lat' dir='ltr'><strong>intra</strong></span> <span class='ocrx_word' id='word_1_87' title='bbox 1538 1295 1815 1342; x_wconf 89' lang='lat' dir='ltr'><strong>secretum</strong></span> 
     </span>
    </p>
   </div>
   <div class='ocr_carea' id='block_1_13' title="bbox 236 1376 1814 1451">
    <p class='ocr_par' dir='ltr' id='par_1_13' title="bbox 236 1376 1814 1451">
     <span class='ocr_line' id='line_1_13' title="bbox 236 1376 1814 1451; baseline -0.001 -15"><span class='ocrx_word' id='word_1_88' title='bbox 236 1381 324 1437; x_wconf 82' lang='lat' dir='ltr'><strong>inci</strong></span> <span class='ocrx_word' id='word_1_89' title='bbox 353 1378 582 1451; x_wconf 86' lang='lat' dir='ltr'><strong>pectoris</strong></span> <span class='ocrx_word' id='word_1_90' title='bbox 610 1378 724 1433; x_wconf 71' lang='lat' dir='ltr'><strong>haec</strong></span> <span class='ocrx_word' id='word_1_91' title='bbox 752 1392 967 1433; x_wconf 90' lang='lat' dir='ltr'><strong>mecum</strong></span> <span class='ocrx_word' id='word_1_92' title='bbox 997 1376 1197 1433; x_wconf 90' lang='lat' dir='ltr'><strong>tacitus</strong></span> <span class='ocrx_word' id='word_1_93' title='bbox 1228 1378 1395 1433; x_wconf 90' lang='lat' dir='ltr'><strong>verba</strong></span> <span class='ocrx_word' id='word_1_94' title='bbox 1427 1378 1666 1433; x_wconf 81' lang='lat' dir='ltr'><strong>revolvo.</strong></span> <span class='ocrx_word' id='word_1_95' title='bbox 1701 1378 1814 1434; x_wconf 82' lang='lat' dir='ltr'><strong>Hoc</strong></span> 
     </span>
    </p>
   </div>
   <div class='ocr_carea' id='block_1_14' title="bbox 231 1466 1813 1540">
    <p class='ocr_par' dir='ltr' id='par_1_14' title="bbox 231 1466 1813 1540">
     <span class='ocr_line' id='line_1_14' title="bbox 231 1466 1813 1540; baseline 0.001 -15"><span class='ocrx_word' id='word_1_96' title='bbox 231 1471 368 1535; x_wconf 86' lang='lat' dir='ltr'><strong>mihi,</strong></span> <span class='ocrx_word' id='word_1_97' title='bbox 413 1469 655 1540; x_wconf 88' lang='lat' dir='ltr'><strong>inquam,</strong></span> <span class='ocrx_word' id='word_1_98' title='bbox 691 1466 821 1523; x_wconf 82' lang='lat' dir='ltr'><strong>facit</strong></span> <span class='ocrx_word' id='word_1_99' title='bbox 863 1468 1118 1525; x_wconf 87' lang='lat' dir='ltr'><strong>dominus</strong></span> <span class='ocrx_word' id='word_1_100' title='bbox 1153 1484 1331 1536; x_wconf 88' lang='lat' dir='ltr'><strong>meus,</strong></span> <span class='ocrx_word' id='word_1_101' title='bbox 1373 1469 1517 1540; x_wconf 90' lang='lat' dir='ltr'><strong>quod</strong></span> <span class='ocrx_word' id='word_1_102' title='bbox 1562 1469 1694 1526; x_wconf 75' lang='lat' dir='ltr'><strong>Elia:</strong></span> <span class='ocrx_word' id='word_1_103' title='bbox 1736 1471 1813 1526; x_wconf 84' lang='lat' dir='ltr'><strong>fe-</strong></span> 
     </span>
    </p>
   </div>
   <div class='ocr_carea' id='block_1_15' title="bbox 230 1558 1809 1633">
    <p class='ocr_par' dir='ltr' id='par_1_15' title="bbox 230 1558 1809 1633">
     <span class='ocr_line' id='line_1_15' title="bbox 230 1558 1809 1633; baseline 0.001 -17"><span class='ocrx_word' id='word_1_104' title='bbox 230 1563 354 1616; x_wconf 86' lang='lat' dir='ltr'><strong>cisse</strong></span> <span class='ocrx_word' id='word_1_105' title='bbox 394 1558 589 1629; x_wconf 90' lang='lat' dir='ltr'><strong>legitur</strong></span> <span class='ocrx_word' id='word_1_106' title='bbox 636 1558 983 1630; x_wconf 90' lang='lat' dir='ltr'><strong>omnipotens</strong></span> <span class='ocrx_word' id='word_1_107' title='bbox 1029 1558 1218 1615; x_wconf 88' lang='lat' dir='ltr'><strong>Deus:</strong></span> <span class='ocrx_word' id='word_1_108' title='bbox 1261 1559 1443 1627; x_wconf 83' lang='lat' dir='ltr'><strong>Vade,</strong></span> <span class='ocrx_word' id='word_1_109' title='bbox 1496 1563 1704 1633; x_wconf 86' lang='lat' dir='ltr'><strong>inquit,</strong></span> <span class='ocrx_word' id='word_1_110' title='bbox 1757 1564 1809 1617; x_wconf 84' lang='lat' dir='ltr'><strong>in</strong></span> 
     </span>
    </p>
   </div>
   <div class='ocr_carea' id='block_1_16' title="bbox 228 1647 1807 1721">
    <p class='ocr_par' dir='ltr' id='par_1_16' title="bbox 228 1647 1807 1721">
     <span class='ocr_line' id='line_1_16' title="bbox 228 1647 1807 1721; baseline 0.002 -15"><span class='ocrx_word' id='word_1_111' title='bbox 228 1651 485 1720; x_wconf 77' lang='lat' dir='ltr'><strong>Sareptam</strong></span> <span class='ocrx_word' id='word_1_112' title='bbox 527 1647 911 1715; x_wconf 82' lang='lat' dir='ltr'><strong>Sidoniorum;</strong></span> <span class='ocrx_word' id='word_1_113' title='bbox 956 1648 1030 1703; x_wconf 86' lang='lat' dir='ltr'><strong>ibi</strong></span> <span class='ocrx_word' id='word_1_114' title='bbox 1075 1652 1301 1721; x_wconf 70' lang='lat' dir='ltr'><strong>prwcepi</strong></span> <span class='ocrx_word' id='word_1_115' title='bbox 1359 1652 1572 1707; x_wconf 80' lang='lat' dir='ltr'><strong>mulieri</strong></span> <span class='ocrx_word' id='word_1_116' title='bbox 1606 1654 1807 1721; x_wconf 64' lang='lat' dir='ltr'><strong>vidule,</strong></span> 
     </span>
    </p>
   </div>
   <div class='ocr_carea' id='block_1_17' title="bbox 227 1740 1810 1815">
    <p class='ocr_par' dir='ltr' id='par_1_17' title="bbox 227 1740 1810 1815">
     <span class='ocr_line' id='line_1_17' title="bbox 227 1740 1810 1815; baseline 0.004 -18"><span class='ocrx_word' id='word_1_117' title='bbox 227 1754 273 1797; x_wconf 82' lang='lat' dir='ltr'><strong>tu‘</strong></span> <span class='ocrx_word' id='word_1_118' title='bbox 312 1751 483 1812; x_wconf 77' lang='lat' dir='ltr'><strong>pascat</strong></span> <span class='ocrx_word' id='word_1_119' title='bbox 526 1751 577 1797; x_wconf 83' lang='lat' dir='ltr'><strong>te</strong></span> <span class='ocrx_word' id='word_1_120' title='bbox 624 1740 745 1811; x_wconf 86' lang='lat' dir='ltr'><strong>(II!</strong></span> <span class='ocrx_word' id='word_1_121' title='bbox 795 1740 927 1813; x_wconf 78' lang='lat' dir='ltr'><strong>Reg.</strong></span> <span class='ocrx_word' id='word_1_122' title='bbox 978 1744 1138 1815; x_wconf 75' lang='lat' dir='ltr'><strong>xvii).</strong></span> <span class='ocrx_word' id='word_1_123' title='bbox 1180 1743 1313 1812; x_wconf 64' lang='lat' dir='ltr'><strong>Quae</strong></span> <span class='ocrx_word' id='word_1_124' title='bbox 1352 1746 1605 1801; x_wconf 74' lang='lat' dir='ltr'><strong>videlicet</strong></span> <span class='ocrx_word' id='word_1_125' title='bbox 1647 1748 1810 1803; x_wconf 88' lang='lat' dir='ltr'><strong>vidua</strong></span> 
     </span>
    </p>
   </div>
   <div class='ocr_carea' id='block_1_18' title="bbox 1929 557 2139 613">
    <p class='ocr_par' dir='ltr' id='par_1_18' title="bbox 1929 557 2139 613">
     <span class='ocr_line' id='line_1_18' title="bbox 1929 557 2139 613; baseline 0.01 -18"><span class='ocrx_word' id='word_1_126' title='bbox 1929 557 2139 613; x_wconf 79' lang='lat' dir='ltr'><strong>quium.</strong></span> 
     </span>
    </p>
   </div>
   <div class='ocr_carea' id='block_1_19' title="bbox 1998 633 3531 713">
    <p class='ocr_par' dir='ltr' id='par_1_19' title="bbox 1998 633 3531 713">
     <span class='ocr_line' id='line_1_19' title="bbox 1998 633 3531 713; baseline 0.007 -24"><span class='ocrx_word' id='word_1_127' title='bbox 1998 633 2055 689; x_wconf 92' lang='lat' dir='ltr'><strong>In</strong></span> <span class='ocrx_word' id='word_1_128' title='bbox 2103 634 2471 704; x_wconf 82' lang='lat' dir='ltr'><strong>expeditionis</strong></span> <span class='ocrx_word' id='word_1_129' title='bbox 2523 637 2791 691; x_wconf 81' lang='lat' dir='ltr'><strong>exercitio</strong></span> <span class='ocrx_word' id='word_1_130' title='bbox 2834 637 3143 703; x_wconf 88' lang='lat' dir='ltr'><strong>constituti,</strong></span> <span class='ocrx_word' id='word_1_131' title='bbox 3196 639 3363 713; x_wconf 86' lang='lat' dir='ltr'><strong>digne</strong></span> <span class='ocrx_word' id='word_1_132' title='bbox 3421 656 3531 700; x_wconf 91' lang='lat' dir='ltr'><strong>non</strong></span> 
     </span>
    </p>
   </div>
   <div class='ocr_carea' id='block_1_20' title="bbox 1924 725 3537 801">
    <p class='ocr_par' dir='ltr' id='par_1_20' title="bbox 1924 725 3537 801">
     <span class='ocr_line' id='line_1_20' title="bbox 1924 725 3537 801; baseline 0.007 -22"><span class='ocrx_word' id='word_1_133' title='bbox 1924 738 2224 794; x_wconf 85' lang='lat' dir='ltr'><strong>possumus</strong></span> <span class='ocrx_word' id='word_1_134' title='bbox 2251 725 2460 782; x_wconf 90' lang='lat' dir='ltr'><strong>eisdem</strong></span> <span class='ocrx_word' id='word_1_135' title='bbox 2492 728 2748 784; x_wconf 89' lang='lat' dir='ltr'><strong>manibus</strong></span> <span class='ocrx_word' id='word_1_136' title='bbox 2776 738 2832 784; x_wconf 93' lang='lat' dir='ltr'><strong>et</strong></span> <span class='ocrx_word' id='word_1_137' title='bbox 2859 729 2987 801; x_wconf 86' lang='lat' dir='ltr'><strong>styli</strong></span> <span class='ocrx_word' id='word_1_138' title='bbox 3024 730 3301 788; x_wconf 89' lang='lat' dir='ltr'><strong>currentis</strong></span> <span class='ocrx_word' id='word_1_139' title='bbox 3328 734 3537 790; x_wconf 85' lang='lat' dir='ltr'><strong>articu-</strong></span> 
     </span>
    </p>
   </div>
   <div class='ocr_carea' id='block_1_21' title="bbox 1924 817 3538 894">
    <p class='ocr_par' dir='ltr' id='par_1_21' title="bbox 1924 817 3538 894">
     <span class='ocr_line' id='line_1_21' title="bbox 1924 817 3538 894; baseline 0.008 -23"><span class='ocrx_word' id='word_1_140' title='bbox 1924 817 2034 873; x_wconf 86' lang='lat' dir='ltr'><strong>lum</strong></span> <span class='ocrx_word' id='word_1_141' title='bbox 2078 830 2287 885; x_wconf 80' lang='lat' dir='ltr'><strong>texerc,</strong></span> <span class='ocrx_word' id='word_1_142' title='bbox 2320 830 2375 873; x_wconf 85' lang='lat' dir='ltr'><strong>et</strong></span> <span class='ocrx_word' id='word_1_143' title='bbox 2423 820 2595 877; x_wconf 79' lang='lat' dir='ltr'><strong>frenis</strong></span> <span class='ocrx_word' id='word_1_144' title='bbox 2648 837 2915 894; x_wconf 83' lang='lat' dir='ltr'><strong>equorum</strong></span> <span class='ocrx_word' id='word_1_145' title='bbox 2958 822 3320 891; x_wconf 89' lang='lat' dir='ltr'><strong>ﬂuitantibus,</strong></span> <span class='ocrx_word' id='word_1_146' title='bbox 3360 836 3420 882; x_wconf 90' lang='lat' dir='ltr'><strong>ut</strong></span> <span class='ocrx_word' id='word_1_147' title='bbox 3449 827 3538 884; x_wconf 90' lang='lat' dir='ltr'><strong>di-</strong></span> 
     </span>
    </p>
   </div>
   <div class='ocr_carea' id='block_1_22' title="bbox 1922 913 3537 982">
    <p class='ocr_par' dir='ltr' id='par_1_22' title="bbox 1922 913 3537 982">
     <span class='ocr_line' id='line_1_22' title="bbox 1922 913 3537 982; baseline 0.006 -17"><span class='ocrx_word' id='word_1_148' title='bbox 1922 926 2087 982; x_wconf 92' lang='lat' dir='ltr'><strong>gnum</strong></span> <span class='ocrx_word' id='word_1_149' title='bbox 2120 923 2226 978; x_wconf 91' lang='lat' dir='ltr'><strong>est,</strong></span> <span class='ocrx_word' id='word_1_150' title='bbox 2255 913 2560 977; x_wconf 80' lang='lat' dir='ltr'><strong>deservire,</strong></span> <span class='ocrx_word' id='word_1_151' title='bbox 2608 916 2701 969; x_wconf 87' lang='lat' dir='ltr'><strong>sed</strong></span> <span class='ocrx_word' id='word_1_152' title='bbox 2736 914 2863 970; x_wconf 84' lang='lat' dir='ltr'><strong>licet</strong></span> <span class='ocrx_word' id='word_1_153' title='bbox 2894 917 3090 971; x_wconf 88' lang='lat' dir='ltr'><strong>melius</strong></span> <span class='ocrx_word' id='word_1_154' title='bbox 3116 917 3189 971; x_wconf 87' lang='lat' dir='ltr'><strong>sit</strong></span> <span class='ocrx_word' id='word_1_155' title='bbox 3228 917 3537 977; x_wconf 83' lang='lat' dir='ltr'><strong>luculenter</strong></span> 
     </span>
    </p>
   </div>
   <div class='ocr_carea' id='block_1_23' title="bbox 1922 1000 3538 1073">
    <p class='ocr_par' dir='ltr' id='par_1_23' title="bbox 1922 1000 3538 1073">
     <span class='ocr_line' id='line_1_23' title="bbox 1922 1000 3538 1073; baseline 0.007 -18"><span class='ocrx_word' id='word_1_156' title='bbox 1922 1000 2103 1071; x_wconf 89' lang='lat' dir='ltr'><strong>eloqui</strong></span> <span class='ocrx_word' id='word_1_157' title='bbox 2159 1019 2323 1073; x_wconf 81' lang='lat' dir='ltr'><strong>quam</strong></span> <span class='ocrx_word' id='word_1_158' title='bbox 2380 1006 2599 1068; x_wconf 90' lang='lat' dir='ltr'><strong>mutire,</strong></span> <span class='ocrx_word' id='word_1_159' title='bbox 2655 1016 3035 1061; x_wconf 83' lang='lat' dir='ltr'><strong>verumtamen</strong></span> <span class='ocrx_word' id='word_1_160' title='bbox 3082 1024 3206 1062; x_wconf 91' lang='lat' dir='ltr'><strong>cutn</strong></span> <span class='ocrx_word' id='word_1_161' title='bbox 3238 1010 3538 1068; x_wconf 83' lang='lat' dir='ltr'><strong>necessitas</strong></span> 
     </span>
    </p>
   </div>
   <div class='ocr_carea' id='block_1_24' title="bbox 1921 1092 3535 1171">
    <p class='ocr_par' dir='ltr' id='par_1_24' title="bbox 1921 1092 3535 1171">
     <span class='ocr_line' id='line_1_24' title="bbox 1921 1092 3535 1171; baseline 0.009 -26"><span class='ocrx_word' id='word_1_162' title='bbox 1921 1092 2193 1159; x_wconf 88' lang='lat' dir='ltr'><strong>imminet,</strong></span> <span class='ocrx_word' id='word_1_163' title='bbox 2230 1094 2423 1150; x_wconf 85' lang='lat' dir='ltr'><strong>melius</strong></span> <span class='ocrx_word' id='word_1_164' title='bbox 2453 1105 2533 1150; x_wconf 89' lang='lat' dir='ltr'><strong>est</strong></span> <span class='ocrx_word' id='word_1_165' title='bbox 2564 1104 2843 1167; x_wconf 82' lang='lat' dir='ltr'><strong>utcunque</strong></span> <span class='ocrx_word' id='word_1_166' title='bbox 2886 1100 3088 1155; x_wconf 86' lang='lat' dir='ltr'><strong>mutire</strong></span> <span class='ocrx_word' id='word_1_167' title='bbox 3118 1116 3283 1170; x_wconf 91' lang='lat' dir='ltr'><strong>quam</strong></span> <span class='ocrx_word' id='word_1_168' title='bbox 3313 1102 3535 1171; x_wconf 87' lang='lat' dir='ltr'><strong>penitus</strong></span> 
     </span>
    </p>
   </div>
   <div class='ocr_carea' id='block_1_25' title="bbox 1918 1186 3536 1256">
    <p class='ocr_par' dir='ltr' id='par_1_25' title="bbox 1918 1186 3536 1256">
     <span class='ocr_line' id='line_1_25' title="bbox 1918 1186 3536 1256; baseline 0.007 -17"><span class='ocrx_word' id='word_1_169' title='bbox 1918 1186 2319 1242; x_wconf 77' lang='lat' dir='ltr'><strong>obmutescere.</strong></span> <span class='ocrx_word' id='word_1_170' title='bbox 2352 1191 2486 1243; x_wconf 72' lang='lat' dir='ltr'><strong>(lunt</strong></span> <span class='ocrx_word' id='word_1_171' title='bbox 2533 1189 2687 1245; x_wconf 87' lang='lat' dir='ltr'><strong>nobis</strong></span> <span class='ocrx_word' id='word_1_172' title='bbox 2719 1191 2785 1244; x_wconf 87' lang='lat' dir='ltr'><strong>ad</strong></span> <span class='ocrx_word' id='word_1_173' title='bbox 2831 1192 3178 1256; x_wconf 90' lang='lat' dir='ltr'><strong>memoriam,</strong></span> <span class='ocrx_word' id='word_1_174' title='bbox 3203 1192 3536 1252; x_wconf 82' lang='lat' dir='ltr'><strong>venerabilis</strong></span> 
     </span>
    </p>
   </div>
   <div class='ocr_carea' id='block_1_26' title="bbox 1918 1277 3533 1346">
    <p class='ocr_par' dir='ltr' id='par_1_26' title="bbox 1918 1277 3533 1346">
     <span class='ocr_line' id='line_1_26' title="bbox 1918 1277 3533 1346; baseline 0.009 -18"><span class='ocrx_word' id='word_1_175' title='bbox 1918 1285 2092 1344; x_wconf 88' lang='lat' dir='ltr'><strong>pater,</strong></span> <span class='ocrx_word' id='word_1_176' title='bbox 2124 1277 2278 1333; x_wconf 91' lang='lat' dir='ltr'><strong>labor</strong></span> <span class='ocrx_word' id='word_1_177' title='bbox 2306 1288 2428 1333; x_wconf 86' lang='lat' dir='ltr'><strong>tuus</strong></span> <span class='ocrx_word' id='word_1_178' title='bbox 2459 1288 2512 1335; x_wconf 91' lang='lat' dir='ltr'><strong>et</strong></span> <span class='ocrx_word' id='word_1_179' title='bbox 2570 1280 2810 1335; x_wconf 89' lang='lat' dir='ltr'><strong>studium</strong></span> <span class='ocrx_word' id='word_1_180' title='bbox 2844 1282 3012 1346; x_wconf 88' lang='lat' dir='ltr'><strong>venit,</strong></span> <span class='ocrx_word' id='word_1_181' title='bbox 3051 1283 3249 1340; x_wconf 79' lang='lat' dir='ltr'><strong>nobilis</strong></span> <span class='ocrx_word' id='word_1_182' title='bbox 3274 1284 3363 1339; x_wconf 88' lang='lat' dir='ltr'><strong>illa</strong></span> <span class='ocrx_word' id='word_1_183' title='bbox 3398 1284 3533 1343; x_wconf 89' lang='lat' dir='ltr'><strong>ﬂdes</strong></span> 
     </span>
    </p>
   </div>
   <div class='ocr_carea' id='block_1_27' title="bbox 1918 1371 3530 1439">
    <p class='ocr_par' dir='ltr' id='par_1_27' title="bbox 1918 1371 3530 1439">
     <span class='ocr_line' id='line_1_27' title="bbox 1918 1371 3530 1439; baseline 0.008 -17"><span class='ocrx_word' id='word_1_184' title='bbox 1918 1378 2084 1438; x_wconf 88' lang='lat' dir='ltr'><strong>atque</strong></span> <span class='ocrx_word' id='word_1_185' title='bbox 2139 1372 2427 1439; x_wconf 80' lang='lat' dir='ltr'><strong>prudentia</strong></span> <span class='ocrx_word' id='word_1_186' title='bbox 2475 1371 2681 1428; x_wconf 79' lang='lat' dir='ltr'><strong>Joiada:</strong></span> <span class='ocrx_word' id='word_1_187' title='bbox 2736 1375 3045 1429; x_wconf 85' lang='lat' dir='ltr'><strong>sacerdotis</strong></span> <span class='ocrx_word' id='word_1_188' title='bbox 3099 1377 3269 1431; x_wconf 87' lang='lat' dir='ltr'><strong>menti</strong></span> <span class='ocrx_word' id='word_1_189' title='bbox 3328 1386 3530 1434; x_wconf 70' lang='lat' dir='ltr'><strong>nostra:</strong></span> 
     </span>
    </p>
   </div>
   <div class='ocr_carea' id='block_1_28' title="bbox 1917 1461 3528 1536">
    <p class='ocr_par' dir='ltr' id='par_1_28' title="bbox 1917 1461 3528 1536">
     <span class='ocr_line' id='line_1_28' title="bbox 1917 1461 3528 1536; baseline 0.007 -22"><span class='ocrx_word' id='word_1_190' title='bbox 1917 1461 2316 1530; x_wconf 85' lang='lat' dir='ltr'><strong>subsequenter</strong></span> <span class='ocrx_word' id='word_1_191' title='bbox 2329 1466 2573 1518; x_wconf 88' lang='lat' dir='ltr'><strong>occurrit</strong></span> <span class='ocrx_word' id='word_1_192' title='bbox 2601 1464 2650 1533; x_wconf 90' lang='grc' dir='ltr'><strong>(Ι</strong></span> <span class='ocrx_word' id='word_1_193' title='bbox 2673 1462 2853 1535; x_wconf 73' lang='grc' dir='ltr'><strong>γιιεθ.</strong></span> <span class='ocrx_word' id='word_1_194' title='bbox 2886 1474 2981 1535; x_wconf 69' lang='grc' dir='ltr'><strong>χι).</strong></span> <span class='ocrx_word' id='word_1_195' title='bbox 3003 1465 3158 1522; x_wconf 89' lang='lat' dir='ltr'><strong>Sicut</strong></span> <span class='ocrx_word' id='word_1_196' title='bbox 3182 1470 3326 1522; x_wconf 88' lang='lat' dir='ltr'><strong>enim</strong></span> <span class='ocrx_word' id='word_1_197' title='bbox 3346 1485 3528 1536; x_wconf 88' lang='lat' dir='ltr'><strong>sacra,</strong></span> 
     </span>
    </p>
   </div>
   <div class='ocr_carea' id='block_1_29' title="bbox 1920 1554 3530 1636">
    <p class='ocr_par' dir='ltr' id='par_1_29' title="bbox 1920 1554 3530 1636">
     <span class='ocr_line' id='line_1_29' title="bbox 1920 1554 3530 1636; baseline 0.009 -31"><span class='ocrx_word' id='word_1_198' title='bbox 1920 1554 2224 1623; x_wconf 79' lang='lat' dir='ltr'><strong>u10ptime</strong></span> <span class='ocrx_word' id='word_1_199' title='bbox 2277 1556 2441 1619; x_wconf 89' lang='lat' dir='ltr'><strong>nosti,</strong></span> <span class='ocrx_word' id='word_1_200' title='bbox 2495 1566 2731 1611; x_wconf 87' lang='lat' dir='ltr'><strong>testatur</strong></span> <span class='ocrx_word' id='word_1_201' title='bbox 2780 1558 3011 1612; x_wconf 87' lang='lat' dir='ltr'><strong>historia</strong></span> <span class='ocrx_word' id='word_1_202' title='bbox 3060 1559 3143 1631; x_wconf 90' lang='grc' dir='ltr'><strong>(ΙΙ</strong></span> <span class='ocrx_word' id='word_1_203' title='bbox 3194 1560 3324 1615; x_wconf 84' lang='lat' dir='ltr'><strong>Par.</strong></span> <span class='ocrx_word' id='word_1_204' title='bbox 3368 1565 3530 1636; x_wconf 78' lang='lat' dir='ltr'><strong>uti),</strong></span> 
     </span>
    </p>
   </div>
   <div class='ocr_carea' id='block_1_30' title="bbox 1913 1642 3531 1721">
    <p class='ocr_par' dir='ltr' id='par_1_30' title="bbox 1913 1642 3531 1721">
     <span class='ocr_line' id='line_1_30' title="bbox 1913 1642 3531 1721; baseline 0.008 -26"><span class='ocrx_word' id='word_1_205' title='bbox 1913 1642 2134 1696; x_wconf 78' lang='lat' dir='ltr'><strong>Athalia</strong></span> <span class='ocrx_word' id='word_1_206' title='bbox 2179 1660 2317 1697; x_wconf 83' lang='lat' dir='ltr'><strong>uxor</strong></span> <span class='ocrx_word' id='word_1_207' title='bbox 2364 1644 2575 1709; x_wconf 85' lang='lat' dir='ltr'><strong>Jorant,</strong></span> <span class='ocrx_word' id='word_1_208' title='bbox 2629 1662 2753 1701; x_wconf 91' lang='lat' dir='ltr'><strong>cum</strong></span> <span class='ocrx_word' id='word_1_209' title='bbox 2805 1647 3103 1703; x_wconf 85' lang='lat' dir='ltr'><strong>Ocltoziam</strong></span> <span class='ocrx_word' id='word_1_210' title='bbox 3143 1649 3311 1705; x_wconf 86' lang='lat' dir='ltr'><strong>ﬁlium</strong></span> <span class='ocrx_word' id='word_1_211' title='bbox 3349 1668 3531 1721; x_wconf 90' lang='lat' dir='ltr'><strong>suum,</strong></span> 
     </span>
    </p>
   </div>
   <div class='ocr_carea' id='block_1_31' title="bbox 1916 1733 3531 1813">
    <p class='ocr_par' dir='ltr' id='par_1_31' title="bbox 1916 1733 3531 1813">
     <span class='ocr_line' id='line_1_31' title="bbox 1916 1733 3531 1813; baseline 0.011 -30"><span class='ocrx_word' id='word_1_212' title='bbox 1916 1745 2099 1802; x_wconf 82' lang='lat' dir='ltr'><strong>regem</strong></span> <span class='ocrx_word' id='word_1_213' title='bbox 2139 1733 2392 1788; x_wconf 76' lang='lat' dir='ltr'><strong>videlicet</strong></span> <span class='ocrx_word' id='word_1_214' title='bbox 2432 1733 2595 1791; x_wconf 89' lang='lat' dir='ltr'><strong>Israel</strong></span> <span class='ocrx_word' id='word_1_215' title='bbox 2630 1737 2841 1791; x_wconf 89' lang='lat' dir='ltr'><strong>videret</strong></span> <span class='ocrx_word' id='word_1_216' title='bbox 2881 1738 3238 1808; x_wconf 71' lang='lat' dir='ltr'><strong>exstinctum,</strong></span> <span class='ocrx_word' id='word_1_217' title='bbox 3269 1744 3441 1813; x_wconf 74' lang='grc' dir='ltr'>οωριι</span> <span class='ocrx_word' id='word_1_218' title='bbox 3474 1742 3531 1800; x_wconf 87' lang='lat' dir='ltr'><strong>in</strong></span> 
     </span>
    </p>
   </div>
   <div class='ocr_carea' id='block_1_32' title="bbox 226 1828 3525 1910">
    <p class='ocr_par' dir='ltr' id='par_1_32' title="bbox 226 1828 3525 1910">
     <span class='ocr_line' id='line_1_32' title="bbox 226 1828 3525 1910; baseline 0.008 -44"><span class='ocrx_word' id='word_1_219' title='bbox 226 1842 489 1906; x_wconf 48' lang='lat' dir='ltr'><strong>postquam</strong></span> <span class='ocrx_word' id='word_1_220' title='bbox 537 1834 865 1903; x_wconf 48' lang='lat' dir='ltr'><strong>prophetam</strong></span> <span class='ocrx_word' id='word_1_221' title='bbox 910 1847 978 1889; x_wconf 65' lang='grc' dir='ltr'><strong>εχ</strong></span> <span class='ocrx_word' id='word_1_222' title='bbox 1023 1834 1207 1890; x_wconf 65' lang='lat' dir='ltr'><strong>divina</strong></span> <span class='ocrx_word' id='word_1_223' title='bbox 1252 1836 1498 1907; x_wconf 59' lang='lat' dir='ltr'><strong>iussione</strong></span> <span class='ocrx_word' id='word_1_224' title='bbox 1547 1840 1804 1910; x_wconf 50' lang='lat' dir='ltr'><strong>suscepit,</strong></span> <span class='ocrx_word' id='word_1_225' title='bbox 1840 1835 1886 1895; x_wconf 73' lang='grc' dir='ltr'><strong>Β</strong></span> <span class='ocrx_word' id='word_1_226' title='bbox 1914 1837 2077 1879; x_wconf 90' lang='lat' dir='ltr'><strong>omne</strong></span> <span class='ocrx_word' id='word_1_227' title='bbox 2106 1840 2291 1879; x_wconf 88' lang='lat' dir='ltr'><strong>semen</strong></span> <span class='ocrx_word' id='word_1_228' title='bbox 2328 1828 2538 1894; x_wconf 87' lang='lat' dir='ltr'><strong>regium</strong></span> <span class='ocrx_word' id='word_1_229' title='bbox 2572 1828 2888 1883; x_wconf 84' lang='lat' dir='ltr'><strong>immaniter</strong></span> <span class='ocrx_word' id='word_1_230' title='bbox 2926 1829 3185 1900; x_wconf 80' lang='lat' dir='ltr'><strong>fremere,</strong></span> <span class='ocrx_word' id='word_1_231' title='bbox 3222 1836 3525 1905; x_wconf 86' lang='lat' dir='ltr'><strong>posterita-</strong></span> 
     </span>
    </p>
   </div>
   <div class='ocr_carea' id='block_1_33' title="bbox 224 1925 1808 2000">
    <p class='ocr_par' dir='ltr' id='par_1_33' title="bbox 224 1925 1808 2000">
     <span class='ocr_line' id='line_1_33' title="bbox 224 1925 1808 2000; baseline 0.003 -20"><span class='ocrx_word' id='word_1_232' title='bbox 224 1926 414 1983; x_wconf 82' lang='lat' dir='ltr'><strong>felieem</strong></span> <span class='ocrx_word' id='word_1_233' title='bbox 449 1940 528 1991; x_wconf 89' lang='lat' dir='ltr'><strong>se,</strong></span> <span class='ocrx_word' id='word_1_234' title='bbox 559 1934 618 1980; x_wconf 89' lang='lat' dir='ltr'><strong>et</strong></span> <span class='ocrx_word' id='word_1_235' title='bbox 652 1926 870 1981; x_wconf 90' lang='lat' dir='ltr'><strong>domum</strong></span> <span class='ocrx_word' id='word_1_236' title='bbox 898 1940 1053 1981; x_wconf 90' lang='lat' dir='ltr'><strong>suam</strong></span> <span class='ocrx_word' id='word_1_237' title='bbox 1091 1925 1206 1982; x_wconf 79' lang='lat' dir='ltr'><strong>fore</strong></span> <span class='ocrx_word' id='word_1_238' title='bbox 1236 1930 1370 1982; x_wconf 90' lang='lat' dir='ltr'><strong>tanti</strong></span> <span class='ocrx_word' id='word_1_239' title='bbox 1406 1926 1639 2000; x_wconf 85' lang='lat' dir='ltr'><strong>hospitis</strong></span> <span class='ocrx_word' id='word_1_240' title='bbox 1678 1946 1808 1987; x_wconf 92' lang='lat' dir='ltr'><strong>con-</strong></span> 
     </span>
    </p>
   </div>
   <div class='ocr_carea' id='block_1_34' title="bbox 224 2013 1810 2087">
    <p class='ocr_par' dir='ltr' id='par_1_34' title="bbox 224 2013 1810 2087">
     <span class='ocr_line' id='line_1_34' title="bbox 224 2013 1810 2087; baseline 0.003 -16"><span class='ocrx_word' id='word_1_241' title='bbox 224 2015 448 2071; x_wconf 87' lang='lat' dir='ltr'><strong>tubernio</strong></span> <span class='ocrx_word' id='word_1_242' title='bbox 473 2015 765 2087; x_wconf 85' lang='lat' dir='ltr'><strong>judicavit.</strong></span> <span class='ocrx_word' id='word_1_243' title='bbox 799 2013 898 2070; x_wconf 87' lang='lat' dir='ltr'><strong>Cui</strong></span> <span class='ocrx_word' id='word_1_244' title='bbox 945 2028 1137 2071; x_wconf 84' lang='lat' dir='ltr'><strong>tamen</strong></span> <span class='ocrx_word' id='word_1_245' title='bbox 1171 2018 1297 2071; x_wconf 90' lang='lat' dir='ltr'><strong>dttnt</strong></span> <span class='ocrx_word' id='word_1_246' title='bbox 1344 2019 1532 2074; x_wconf 89' lang='lat' dir='ltr'><strong>sedula</strong></span> <span class='ocrx_word' id='word_1_247' title='bbox 1576 2020 1810 2075; x_wconf 71' lang='lat' dir='ltr'><strong>{annula-</strong></span> 
     </span>
    </p>
   </div>
   <div class='ocr_carea' id='block_1_35' title="bbox 222 2108 1807 2182">
    <p class='ocr_par' dir='ltr' id='par_1_35' title="bbox 222 2108 1807 2182">
     <span class='ocr_line' id='line_1_35' title="bbox 222 2108 1807 2182; baseline 0.003 -19"><span class='ocrx_word' id='word_1_248' title='bbox 222 2119 315 2174; x_wconf 90' lang='lat' dir='ltr'><strong>tur,</strong></span> <span class='ocrx_word' id='word_1_249' title='bbox 356 2110 478 2163; x_wconf 92' lang='lat' dir='ltr'><strong>dum</strong></span> <span class='ocrx_word' id='word_1_250' title='bbox 527 2108 744 2163; x_wconf 86' lang='lat' dir='ltr'><strong>devotis</strong></span> <span class='ocrx_word' id='word_1_251' title='bbox 798 2109 1077 2163; x_wconf 87' lang='lat' dir='ltr'><strong>ministrat</strong></span> <span class='ocrx_word' id='word_1_252' title='bbox 1125 2111 1439 2180; x_wconf 86' lang='lat' dir='ltr'><strong>obsequiis,</strong></span> <span class='ocrx_word' id='word_1_253' title='bbox 1490 2111 1611 2180; x_wconf 88' lang='lat' dir='ltr'><strong>ejus</strong></span> <span class='ocrx_word' id='word_1_254' title='bbox 1664 2112 1807 2182; x_wconf 76' lang='lat' dir='ltr'><strong>ljlius</strong></span> 
     </span>
    </p>
   </div>
   <div class='ocr_carea' id='block_1_36' title="bbox 220 2193 1806 2275">
    <p class='ocr_par' dir='ltr' id='par_1_36' title="bbox 220 2193 1806 2275">
     <span class='ocr_line' id='line_1_36' title="bbox 220 2193 1806 2275; baseline 0.004 -20"><span class='ocrx_word' id='word_1_255' title='bbox 220 2202 480 2271; x_wconf 82' lang='lat' dir='ltr'><strong>repentina</strong></span> <span class='ocrx_word' id='word_1_256' title='bbox 511 2209 688 2256; x_wconf 84' lang='lat' dir='ltr'><strong>morte</strong></span> <span class='ocrx_word' id='word_1_257' title='bbox 716 2193 1032 2272; x_wconf 73' lang='lat' dir='ltr'><strong>cdrripitur,</strong></span> <span class='ocrx_word' id='word_1_258' title='bbox 1060 2210 1115 2257; x_wconf 87' lang='lat' dir='ltr'><strong>et</strong></span> <span class='ocrx_word' id='word_1_259' title='bbox 1145 2217 1241 2271; x_wconf 90' lang='lat' dir='ltr'><strong>per</strong></span> <span class='ocrx_word' id='word_1_260' title='bbox 1276 2218 1437 2273; x_wconf 88' lang='lat' dir='ltr'><strong>quem</strong></span> <span class='ocrx_word' id='word_1_261' title='bbox 1480 2219 1639 2259; x_wconf 91' lang='lat' dir='ltr'><strong>suum</strong></span> <span class='ocrx_word' id='word_1_262' title='bbox 1686 2220 1806 2275; x_wconf 88' lang='lat' dir='ltr'><strong>spe-</strong></span> 
     </span>
    </p>
   </div>
   <div class='ocr_carea' id='block_1_37' title="bbox 218 2292 1800 2366">
    <p class='ocr_par' dir='ltr' id='par_1_37' title="bbox 218 2292 1800 2366">
     <span class='ocr_line' id='line_1_37' title="bbox 218 2292 1800 2366; baseline 0.003 -17"><span class='ocrx_word' id='word_1_263' title='bbox 218 2292 355 2349; x_wconf 84' lang='lat' dir='ltr'><strong>rabat</strong></span> <span class='ocrx_word' id='word_1_264' title='bbox 402 2293 567 2349; x_wconf 90' lang='lat' dir='ltr'><strong>ﬂlium</strong></span> <span class='ocrx_word' id='word_1_265' title='bbox 616 2293 706 2349; x_wconf 91' lang='lat' dir='ltr'><strong>diu</strong></span> <span class='ocrx_word' id='word_1_266' title='bbox 733 2293 787 2349; x_wconf 92' lang='lat' dir='ltr'><strong>in</strong></span> <span class='ocrx_word' id='word_1_267' title='bbox 821 2293 927 2348; x_wconf 90' lang='lat' dir='ltr'><strong>bac</strong></span> <span class='ocrx_word' id='word_1_268' title='bbox 962 2294 1073 2348; x_wconf 88' lang='lat' dir='ltr'><strong>vita</strong></span> <span class='ocrx_word' id='word_1_269' title='bbox 1121 2293 1340 2361; x_wconf 88' lang='lat' dir='ltr'><strong>ﬂorere,</strong></span> <span class='ocrx_word' id='word_1_270' title='bbox 1384 2312 1507 2351; x_wconf 89' lang='lat' dir='ltr'><strong>eum</strong></span> <span class='ocrx_word' id='word_1_271' title='bbox 1532 2297 1645 2366; x_wconf 88' lang='lat' dir='ltr'><strong>jatn</strong></span> <span class='ocrx_word' id='word_1_272' title='bbox 1687 2313 1800 2353; x_wconf 67' lang='lat' dir='ltr'><strong>coe-</strong></span> 
     </span>
    </p>
   </div>
   <div class='ocr_carea' id='block_1_38' title="bbox 216 2370 1802 2457">
    <p class='ocr_par' dir='ltr' id='par_1_38' title="bbox 216 2370 1802 2457">
     <span class='ocr_line' id='line_1_38' title="bbox 216 2370 1802 2457; baseline 0.002 -17"><span class='ocrx_word' id='word_1_273' title='bbox 216 2385 281 2457; x_wconf 91' lang='lat' dir='ltr'><strong>pit</strong></span> <span class='ocrx_word' id='word_1_274' title='bbox 324 2385 462 2441; x_wconf 85' lang='lat' dir='ltr'><strong>velut</strong></span> <span class='ocrx_word' id='word_1_275' title='bbox 502 2394 786 2441; x_wconf 87' lang='lat' dir='ltr'><strong>auctorem</strong></span> <span class='ocrx_word' id='word_1_276' title='bbox 812 2370 1025 2441; x_wconf 63' lang='lat' dir='ltr'><strong>&#39;mortis</strong></span> <span class='ocrx_word' id='word_1_277' title='bbox 1073 2385 1593 2457; x_wconf 63' lang='lat' dir='ltr'><strong>impetere,’dicens</strong></span> <span class='ocrx_word' id='word_1_278' title='bbox 1620 2407 1631 2441; x_wconf 93' lang='lat'><strong>:</strong></span> <span class='ocrx_word' id='word_1_279' title='bbox 1660 2389 1802 2455; x_wconf 82' lang='lat' dir='ltr'><strong>Quid</strong></span> 
     </span>
    </p>
   </div>
   <div class='ocr_carea' id='block_1_39' title="bbox 216 2475 1804 2547">
    <p class='ocr_par' dir='ltr' id='par_1_39' title="bbox 216 2475 1804 2547">
     <span class='ocr_line' id='line_1_39' title="bbox 216 2475 1804 2547; baseline 0.003 -17"><span class='ocrx_word' id='word_1_280' title='bbox 216 2477 346 2541; x_wconf 76' lang='lat' dir='ltr'><strong>mihi,</strong></span> <span class='ocrx_word' id='word_1_281' title='bbox 368 2487 413 2530; x_wconf 81' lang='lat' dir='ltr'><strong>et</strong></span> <span class='ocrx_word' id='word_1_282' title='bbox 439 2475 554 2541; x_wconf 83' lang='lat' dir='ltr'><strong>tibi,</strong></span> <span class='ocrx_word' id='word_1_283' title='bbox 576 2477 659 2530; x_wconf 81' lang='lat' dir='ltr'><strong>vir</strong></span> <span class='ocrx_word' id='word_1_284' title='bbox 684 2475 781 2531; x_wconf 79' lang='lat' dir='ltr'><strong>Dei</strong></span> <span class='ocrx_word' id='word_1_285' title='bbox 796 2477 821 2530; x_wconf 72' lang='grc'><em>1</em></span> <span class='ocrx_word' id='word_1_286' title='bbox 851 2477 1114 2547; x_wconf 79' lang='lat' dir='ltr'><strong>ingressus</strong></span> <span class='ocrx_word' id='word_1_287' title='bbox 1136 2494 1189 2531; x_wconf 84' lang='lat' dir='ltr'><strong>es</strong></span> <span class='ocrx_word' id='word_1_288' title='bbox 1221 2480 1290 2537; x_wconf 88' lang='lat' dir='ltr'><strong>ad</strong></span> <span class='ocrx_word' id='word_1_289' title='bbox 1314 2494 1417 2543; x_wconf 80' lang='lat' dir='ltr'><strong>me,</strong></span> <span class='ocrx_word' id='word_1_290' title='bbox 1452 2490 1505 2532; x_wconf 85' lang='lat' dir='ltr'><strong>ut</strong></span> <span class='ocrx_word' id='word_1_291' title='bbox 1549 2495 1804 2534; x_wconf 82' lang='lat' dir='ltr'><strong>rememo—</strong></span> 
     </span>
    </p>
   </div>
   <div class='ocr_carea' id='block_1_40' title="bbox 215 2568 1804 2639">
    <p class='ocr_par' dir='ltr' id='par_1_40' title="bbox 215 2568 1804 2639">
     <span class='ocr_line' id='line_1_40' title="bbox 215 2568 1804 2639; baseline 0.005 -21"><span class='ocrx_word' id='word_1_292' title='bbox 215 2578 437 2622; x_wconf 79' lang='lat' dir='ltr'><strong>ramuttr</strong></span> <span class='ocrx_word' id='word_1_293' title='bbox 461 2568 767 2639; x_wconf 77' lang='lat' dir='ltr'><strong>iniquitates</strong></span> <span class='ocrx_word' id='word_1_294' title='bbox 783 2583 933 2633; x_wconf 73' lang='lat' dir='ltr'><strong>mete,</strong></span> <span class='ocrx_word' id='word_1_295' title='bbox 964 2578 1012 2621; x_wconf 77' lang='lat' dir='ltr'><strong>et</strong></span> <span class='ocrx_word' id='word_1_296' title='bbox 1042 2568 1364 2638; x_wconf 69' lang='lat' dir='ltr'><strong>interﬁcere:</strong></span> <span class='ocrx_word' id='word_1_297' title='bbox 1392 2568 1564 2638; x_wconf 76' lang='lat' dir='ltr'><strong>filium</strong></span> <span class='ocrx_word' id='word_1_298' title='bbox 1587 2587 1760 2624; x_wconf 82' lang='lat' dir='ltr'><strong>meum</strong></span> <span class='ocrx_word' id='word_1_299' title='bbox 1778 2573 1804 2626; x_wconf 82' lang='lat'><strong>.’</strong></span> 
     </span>
    </p>
   </div>
   <div class='ocr_carea' id='block_1_41' title="bbox 213 2658 1800 2729">
    <p class='ocr_par' dir='ltr' id='par_1_41' title="bbox 213 2658 1800 2729">
     <span class='ocr_line' id='line_1_41' title="bbox 213 2658 1800 2729; baseline 0.004 -18"><span class='ocrx_word' id='word_1_300' title='bbox 213 2658 380 2729; x_wconf 83' lang='lat' dir='ltr'><strong>(lbid.)</strong></span> <span class='ocrx_word' id='word_1_301' title='bbox 442 2658 622 2722; x_wconf 85' lang='lat' dir='ltr'><strong>Ecce,</strong></span> <span class='ocrx_word' id='word_1_302' title='bbox 676 2658 1103 2714; x_wconf 88' lang='lat' dir='ltr'><strong>clementissime</strong></span> <span class='ocrx_word' id='word_1_303' title='bbox 1143 2660 1383 2727; x_wconf 90' lang='lat' dir='ltr'><strong>domine,</strong></span> <span class='ocrx_word' id='word_1_304' title='bbox 1426 2672 1626 2717; x_wconf 68' lang='lat' dir='ltr'><strong>caetera</strong></span> <span class='ocrx_word' id='word_1_305' title='bbox 1682 2680 1800 2719; x_wconf 88' lang='lat' dir='ltr'><strong>mo-</strong></span> 
     </span>
    </p>
   </div>
   <div class='ocr_carea' id='block_1_42' title="bbox 212 2750 1801 2825">
    <p class='ocr_par' dir='ltr' id='par_1_42' title="bbox 212 2750 1801 2825">
     <span class='ocr_line' id='line_1_42' title="bbox 212 2750 1801 2825; baseline 0.003 -21"><span class='ocrx_word' id='word_1_306' title='bbox 212 2752 426 2806; x_wconf 86' lang='lat' dir='ltr'><strong>nasteria</strong></span> <span class='ocrx_word' id='word_1_307' title='bbox 480 2752 581 2807; x_wconf 89' lang='lat' dir='ltr'><strong>sub</strong></span> <span class='ocrx_word' id='word_1_308' title='bbox 628 2750 731 2807; x_wconf 90' lang='lat' dir='ltr'><strong>alis</strong></span> <span class='ocrx_word' id='word_1_309' title='bbox 776 2750 1168 2807; x_wconf 71' lang='lat' dir='ltr'><strong>misericordite</strong></span> <span class='ocrx_word' id='word_1_310' title='bbox 1208 2762 1407 2807; x_wconf 71' lang='lat' dir='ltr'><strong>vestra:</strong></span> <span class='ocrx_word' id='word_1_311' title='bbox 1451 2754 1619 2809; x_wconf 64' lang='lat' dir='ltr'><strong>illaesa</strong></span> <span class='ocrx_word' id='word_1_312' title='bbox 1673 2771 1801 2825; x_wconf 85' lang='lat' dir='ltr'><strong>per-</strong></span> 
     </span>
    </p>
   </div>
   <div class='ocr_carea' id='block_1_43' title="bbox 210 2842 1802 2908">
    <p class='ocr_par' dir='ltr' id='par_1_43' title="bbox 210 2842 1802 2908">
     <span class='ocr_line' id='line_1_43' title="bbox 210 2842 1802 2908; baseline 0.005 -13"><span class='ocrx_word' id='word_1_313' title='bbox 210 2843 406 2908; x_wconf 81' lang='lat' dir='ltr'><strong>sistunt,</strong></span> <span class='ocrx_word' id='word_1_314' title='bbox 440 2852 496 2897; x_wconf 87' lang='lat' dir='ltr'><strong>et</strong></span> <span class='ocrx_word' id='word_1_315' title='bbox 536 2857 665 2898; x_wconf 87' lang='lat' dir='ltr'><strong>cum</strong></span> <span class='ocrx_word' id='word_1_316' title='bbox 707 2842 1003 2897; x_wconf 81' lang='lat' dir='ltr'><strong>securitate</strong></span> <span class='ocrx_word' id='word_1_317' title='bbox 1048 2852 1104 2898; x_wconf 89' lang='lat' dir='ltr'><strong>et</strong></span> <span class='ocrx_word' id='word_1_318' title='bbox 1145 2843 1492 2900; x_wconf 87' lang='lat' dir='ltr'><strong>immunitate</strong></span> <span class='ocrx_word' id='word_1_319' title='bbox 1548 2848 1657 2901; x_wconf 89' lang='lat' dir='ltr'><strong>Deo</strong></span> <span class='ocrx_word' id='word_1_320' title='bbox 1708 2850 1802 2903; x_wconf 90' lang='lat' dir='ltr'><strong>de-</strong></span> 
     </span>
    </p>
   </div>
   <div class='ocr_carea' id='block_1_44' title="bbox 210 2932 1799 3005">
    <p class='ocr_par' dir='ltr' id='par_1_44' title="bbox 210 2932 1799 3005">
     <span class='ocr_line' id='line_1_44' title="bbox 210 2932 1799 3005; baseline 0.003 -17"><span class='ocrx_word' id='word_1_321' title='bbox 210 2935 453 2989; x_wconf 83' lang='lat' dir='ltr'><strong>serviunt.</strong></span> <span class='ocrx_word' id='word_1_322' title='bbox 488 2932 605 2990; x_wconf 87' lang='lat' dir='ltr'><strong>Hoc</strong></span> <span class='ocrx_word' id='word_1_323' title='bbox 635 2943 817 2990; x_wconf 89' lang='lat' dir='ltr'><strong>autem</strong></span> <span class='ocrx_word' id='word_1_324' title='bbox 854 2933 1052 3001; x_wconf 80' lang='lat' dir='ltr'><strong>solum,</strong></span> <span class='ocrx_word' id='word_1_325' title='bbox 1084 2950 1153 2991; x_wconf 82' lang='lat' dir='ltr'><strong>ex</strong></span> <span class='ocrx_word' id='word_1_326' title='bbox 1191 2951 1300 3005; x_wconf 89' lang='lat' dir='ltr'><strong>quo</strong></span> <span class='ocrx_word' id='word_1_327' title='bbox 1340 2953 1425 2992; x_wconf 90' lang='lat' dir='ltr'><strong>me</strong></span> <span class='ocrx_word' id='word_1_328' title='bbox 1456 2939 1508 2992; x_wconf 92' lang='lat' dir='ltr'><strong>in</strong></span> <span class='ocrx_word' id='word_1_329' title='bbox 1551 2937 1683 2994; x_wconf 90' lang='lat' dir='ltr'><strong>illud</strong></span> <span class='ocrx_word' id='word_1_330' title='bbox 1718 2940 1799 2993; x_wconf 86' lang='lat' dir='ltr'><strong>in-</strong></span> 
     </span>
    </p>
   </div>
   <div class='ocr_carea' id='block_1_45' title="bbox 207 3025 1797 3100">
    <p class='ocr_par' dir='ltr' id='par_1_45' title="bbox 207 3025 1797 3100">
     <span class='ocr_line' id='line_1_45' title="bbox 207 3025 1797 3100; baseline 0.005 -22"><span class='ocrx_word' id='word_1_331' title='bbox 207 3025 337 3095; x_wconf 85' lang='lat' dir='ltr'><strong>gredi</strong></span> <span class='ocrx_word' id='word_1_332' title='bbox 379 3026 733 3097; x_wconf 60' lang='lat' dir='ltr'><strong>praecepistis,</strong></span> <span class='ocrx_word' id='word_1_333' title='bbox 775 3034 854 3080; x_wconf 90' lang='lat' dir='ltr'><strong>tot</strong></span> <span class='ocrx_word' id='word_1_334' title='bbox 890 3033 1041 3096; x_wconf 86' lang='lat' dir='ltr'><strong>patet</strong></span> <span class='ocrx_word' id='word_1_335' title='bbox 1088 3027 1463 3083; x_wconf 88' lang='lat' dir='ltr'><strong>invasionibus</strong></span> <span class='ocrx_word' id='word_1_336' title='bbox 1502 3043 1554 3084; x_wconf 90' lang='lat' dir='ltr'><strong>et</strong></span> <span class='ocrx_word' id='word_1_337' title='bbox 1593 3031 1797 3100; x_wconf 86' lang='lat' dir='ltr'><strong>rapinis</strong></span> 
     </span>
    </p>
   </div>
   <div class='ocr_carea' id='block_1_46' title="bbox 207 3114 1794 3183">
    <p class='ocr_par' dir='ltr' id='par_1_46' title="bbox 207 3114 1794 3183">
     <span class='ocr_line' id='line_1_46' title="bbox 207 3114 1794 3183; baseline 0.006 -15"><span class='ocrx_word' id='word_1_338' title='bbox 207 3114 501 3183; x_wconf 76' lang='lat' dir='ltr'><strong>obnoxium,</strong></span> <span class='ocrx_word' id='word_1_339' title='bbox 534 3125 594 3171; x_wconf 94' lang='lat' dir='ltr'><strong>ut</strong></span> <span class='ocrx_word' id='word_1_340' title='bbox 623 3116 726 3172; x_wconf 90' lang='lat' dir='ltr'><strong>nisi</strong></span> <span class='ocrx_word' id='word_1_341' title='bbox 759 3132 915 3173; x_wconf 90' lang='lat' dir='ltr'><strong>mens</strong></span> <span class='ocrx_word' id='word_1_342' title='bbox 945 3128 1127 3174; x_wconf 89' lang='lat' dir='ltr'><strong>vestra</strong></span> <span class='ocrx_word' id='word_1_343' title='bbox 1170 3120 1250 3173; x_wconf 88' lang='lat' dir='ltr'><strong>vel</strong></span> <span class='ocrx_word' id='word_1_344' title='bbox 1280 3137 1424 3175; x_wconf 89' lang='lat' dir='ltr'><strong>nunc</strong></span> <span class='ocrx_word' id='word_1_345' title='bbox 1449 3120 1702 3177; x_wconf 89' lang='lat' dir='ltr'><strong>ﬂectatur</strong></span> <span class='ocrx_word' id='word_1_346' title='bbox 1728 3126 1794 3178; x_wconf 89' lang='lat' dir='ltr'><strong>ad</strong></span> 
     </span>
    </p>
   </div>
   <div class='ocr_carea' id='block_1_47' title="bbox 1917 1916 3533 1986">
    <p class='ocr_par' dir='ltr' id='par_1_47' title="bbox 1917 1916 3533 1986">
     <span class='ocr_line' id='line_1_47' title="bbox 1917 1916 3533 1986; baseline 0.011 -18"><span class='ocrx_word' id='word_1_347' title='bbox 1917 1924 2137 1986; x_wconf 89' lang='lat' dir='ltr'><strong>temque</strong></span> <span class='ocrx_word' id='word_1_348' title='bbox 2168 1916 2335 1971; x_wconf 82' lang='lat' dir='ltr'><strong>David</strong></span> <span class='ocrx_word' id='word_1_349' title='bbox 2358 1920 2597 1974; x_wconf 87' lang='lat' dir='ltr'><strong>crudelis</strong></span> <span class='ocrx_word' id='word_1_350' title='bbox 2618 1919 2843 1975; x_wconf 89' lang='lat' dir='ltr'><strong>Bellona</strong></span> <span class='ocrx_word' id='word_1_351' title='bbox 2875 1923 3105 1977; x_wconf 88' lang='lat' dir='ltr'><strong>tentavit</strong></span> <span class='ocrx_word' id='word_1_352' title='bbox 3123 1922 3371 1983; x_wconf 70' lang='lat' dir='ltr'><strong>funditus</strong></span> <span class='ocrx_word' id='word_1_353' title='bbox 3397 1927 3533 1985; x_wconf 89' lang='lat' dir='ltr'><strong>abo-</strong></span> 
     </span>
    </p>
   </div>
   <div class='ocr_carea' id='block_1_48' title="bbox 1912 2004 3527 2089">
    <p class='ocr_par' dir='ltr' id='par_1_48' title="bbox 1912 2004 3527 2089">
     <span class='ocr_line' id='line_1_48' title="bbox 1912 2004 3527 2089; baseline 0.013 -34"><span class='ocrx_word' id='word_1_354' title='bbox 1912 2004 2047 2060; x_wconf 90' lang='lat' dir='ltr'><strong>lere.</strong></span> <span class='ocrx_word' id='word_1_355' title='bbox 2074 2004 2183 2060; x_wconf 89' lang='lat' dir='ltr'><strong>Sed</strong></span> <span class='ocrx_word' id='word_1_356' title='bbox 2218 2007 2451 2077; x_wconf 88' lang='lat' dir='ltr'><strong>insignis</strong></span> <span class='ocrx_word' id='word_1_357' title='bbox 2492 2008 2579 2064; x_wconf 90' lang='lat' dir='ltr'><strong>ille</strong></span> <span class='ocrx_word' id='word_1_358' title='bbox 2608 2012 2867 2066; x_wconf 85' lang='lat' dir='ltr'><strong>sacerdos</strong></span> <span class='ocrx_word' id='word_1_359' title='bbox 2887 2011 3020 2067; x_wconf 82' lang='lat' dir='ltr'><strong>Joas</strong></span> <span class='ocrx_word' id='word_1_360' title='bbox 3048 2013 3219 2069; x_wconf 80' lang='lat' dir='ltr'><strong>tilium</strong></span> <span class='ocrx_word' id='word_1_361' title='bbox 3246 2016 3527 2089; x_wconf 69' lang='lat' dir='ltr'><strong>Ochoziaz,</strong></span> 
     </span>
    </p>
   </div>
   <div class='ocr_carea' id='block_1_49' title="bbox 1910 2098 3523 2183">
    <p class='ocr_par' dir='ltr' id='par_1_49' title="bbox 1910 2098 3523 2183">
     <span class='ocr_line' id='line_1_49' title="bbox 1910 2098 3523 2183; baseline 0.011 -33"><span class='ocrx_word' id='word_1_362' title='bbox 1910 2098 1996 2166; x_wconf 91' lang='lat' dir='ltr'><strong>pia</strong></span> <span class='ocrx_word' id='word_1_363' title='bbox 2040 2109 2093 2151; x_wconf 90' lang='lat' dir='ltr'><strong>et</strong></span> <span class='ocrx_word' id='word_1_364' title='bbox 2132 2099 2316 2155; x_wconf 89' lang='lat' dir='ltr'><strong>multis</strong></span> <span class='ocrx_word' id='word_1_365' title='bbox 2352 2101 2606 2157; x_wconf 89' lang='lat' dir='ltr'><strong>laudibus</strong></span> <span class='ocrx_word' id='word_1_366' title='bbox 2656 2102 2938 2160; x_wconf 78' lang='lat' dir='ltr'><strong>eﬂerettda</strong></span> <span class='ocrx_word' id='word_1_367' title='bbox 2991 2104 3185 2164; x_wconf 79' lang='lat' dir='ltr'><strong>fraude</strong></span> <span class='ocrx_word' id='word_1_368' title='bbox 3228 2112 3523 2183; x_wconf 89' lang='lat' dir='ltr'><strong>surripuit,</strong></span> 
     </span>
    </p>
   </div>
   <div class='ocr_carea' id='block_1_50' title="bbox 1907 2186 3521 2275">
    <p class='ocr_par' dir='ltr' id='par_1_50' title="bbox 1907 2186 3521 2275">
     <span class='ocr_line' id='line_1_50' title="bbox 1907 2186 3521 2275; baseline 0.008 -30"><span class='ocrx_word' id='word_1_369' title='bbox 1907 2197 1963 2245; x_wconf 91' lang='lat' dir='ltr'><strong>et</strong></span> <span class='ocrx_word' id='word_1_370' title='bbox 1989 2190 2202 2245; x_wconf 84' lang='lat' dir='ltr'><strong>occulte</strong></span> <span class='ocrx_word' id='word_1_371' title='bbox 2230 2208 2403 2263; x_wconf 89' lang='lat' dir='ltr'><strong>usque</strong></span> <span class='ocrx_word' id='word_1_372' title='bbox 2434 2195 2784 2264; x_wconf 86' lang='lat' dir='ltr'><strong>septenniutn</strong></span> <span class='ocrx_word' id='word_1_373' title='bbox 2818 2186 2961 2250; x_wconf 86' lang='lat' dir='ltr'><strong>intra</strong></span> <span class='ocrx_word' id='word_1_374' title='bbox 2988 2199 3173 2268; x_wconf 89' lang='lat' dir='ltr'><strong>templi</strong></span> <span class='ocrx_word' id='word_1_375' title='bbox 3214 2212 3372 2275; x_wconf 87' lang='lat' dir='ltr'><strong>septa</strong></span> <span class='ocrx_word' id='word_1_376' title='bbox 3400 2219 3521 2260; x_wconf 89' lang='lat' dir='ltr'><strong>ser-</strong></span> 
     </span>
    </p>
   </div>
   <div class='ocr_carea' id='block_1_51' title="bbox 1909 2286 3525 2364">
    <p class='ocr_par' dir='ltr' id='par_1_51' title="bbox 1909 2286 3525 2364">
     <span class='ocr_line' id='line_1_51' title="bbox 1909 2286 3525 2364; baseline 0.01 -28"><span class='ocrx_word' id='word_1_377' title='bbox 1909 2286 2076 2351; x_wconf 89' lang='lat' dir='ltr'><strong>vavit,</strong></span> <span class='ocrx_word' id='word_1_378' title='bbox 2094 2287 2178 2340; x_wconf 76' lang='lat' dir='ltr'><strong>‘cui</strong></span> <span class='ocrx_word' id='word_1_379' title='bbox 2198 2289 2542 2357; x_wconf 86' lang='lat' dir='ltr'><strong>postmodum</strong></span> <span class='ocrx_word' id='word_1_380' title='bbox 2568 2290 2766 2362; x_wconf 88' lang='lat' dir='ltr'><strong>regalis</strong></span> <span class='ocrx_word' id='word_1_381' title='bbox 2788 2292 2989 2362; x_wconf 88' lang='lat' dir='ltr'><strong>sceptri</strong></span> <span class='ocrx_word' id='word_1_382' title='bbox 3012 2292 3136 2361; x_wconf 87' lang='lat' dir='ltr'><strong>jura</strong></span> <span class='ocrx_word' id='word_1_383' title='bbox 3154 2295 3525 2364; x_wconf 84' lang='lat' dir='ltr'><strong>contradidit;</strong></span> 
     </span>
    </p>
   </div>
   <div class='ocr_carea' id='block_1_52' title="bbox 1908 2378 3527 2458">
    <p class='ocr_par' dir='ltr' id='par_1_52' title="bbox 1908 2378 3527 2458">
     <span class='ocr_line' id='line_1_52' title="bbox 1908 2378 3527 2458; baseline 0.008 -27"><span class='ocrx_word' id='word_1_384' title='bbox 1908 2390 2145 2447; x_wconf 90' lang='lat' dir='ltr'><strong>eumque</strong></span> <span class='ocrx_word' id='word_1_385' title='bbox 2191 2378 2257 2445; x_wconf 89' lang='lat' dir='ltr'><strong>ad</strong></span> <span class='ocrx_word' id='word_1_386' title='bbox 2310 2379 2711 2449; x_wconf 72' lang='lat' dir='ltr'><strong>przesidcndum</strong></span> <span class='ocrx_word' id='word_1_387' title='bbox 2763 2382 3067 2439; x_wconf 80' lang='lat' dir='ltr'><strong>Israelitico</strong></span> <span class='ocrx_word' id='word_1_388' title='bbox 3118 2385 3318 2455; x_wconf 89' lang='lat' dir='ltr'><strong>populo</strong></span> <span class='ocrx_word' id='word_1_389' title='bbox 3365 2385 3527 2458; x_wconf 78' lang='lat' dir='ltr'><strong>juxta</strong></span> 
     </span>
    </p>
   </div>
   <div class='ocr_carea' id='block_1_53' title="bbox 1906 2475 3528 2543">
    <p class='ocr_par' dir='ltr' id='par_1_53' title="bbox 1906 2475 3528 2543">
     <span class='ocr_line' id='line_1_53' title="bbox 1906 2475 3528 2543; baseline 0.009 -21"><span class='ocrx_word' id='word_1_390' title='bbox 1906 2484 2239 2539; x_wconf 87' lang='lat' dir='ltr'><strong>proavorum</strong></span> <span class='ocrx_word' id='word_1_391' title='bbox 2282 2486 2507 2527; x_wconf 91' lang='lat' dir='ltr'><strong>suorum</strong></span> <span class='ocrx_word' id='word_1_392' title='bbox 2538 2475 2997 2529; x_wconf 86' lang='lat' dir='ltr'><strong>consuetudinem</strong></span> <span class='ocrx_word' id='word_1_393' title='bbox 3036 2476 3353 2543; x_wconf 86' lang='lat' dir='ltr'><strong>roboravit;</strong></span> <span class='ocrx_word' id='word_1_394' title='bbox 3396 2495 3528 2536; x_wconf 78' lang='lat' dir='ltr'><strong>mox</strong></span> 
     </span>
    </p>
   </div>
   <div class='ocr_carea' id='block_1_54' title="bbox 1905 2563 3529 2638">
    <p class='ocr_par' dir='ltr' id='par_1_54' title="bbox 1905 2563 3529 2638">
     <span class='ocr_line' id='line_1_54' title="bbox 1905 2563 3529 2638; baseline 0.009 -26"><span class='ocrx_word' id='word_1_395' title='bbox 1905 2574 2037 2614; x_wconf 90' lang='lat' dir='ltr'><strong>vero</strong></span> <span class='ocrx_word' id='word_1_396' title='bbox 2066 2568 2325 2631; x_wconf 90' lang='lat' dir='ltr'><strong>tanquam</strong></span> <span class='ocrx_word' id='word_1_397' title='bbox 2356 2563 2459 2617; x_wconf 89' lang='lat' dir='ltr'><strong>hoc</strong></span> <span class='ocrx_word' id='word_1_398' title='bbox 2485 2565 2706 2634; x_wconf 88' lang='lat' dir='ltr'><strong>egregio</strong></span> <span class='ocrx_word' id='word_1_399' title='bbox 2748 2580 2856 2620; x_wconf 92' lang='lat' dir='ltr'><strong>non</strong></span> <span class='ocrx_word' id='word_1_400' title='bbox 2900 2566 3178 2625; x_wconf 79' lang='lat' dir='ltr'><strong>sutliceret</strong></span> <span class='ocrx_word' id='word_1_401' title='bbox 3223 2570 3529 2638; x_wconf 88' lang='lat' dir='ltr'><strong>sacerdoti,</strong></span> 
     </span>
    </p>
   </div>
   <div class='ocr_carea' id='block_1_55' title="bbox 1904 2652 3525 2726">
    <p class='ocr_par' dir='ltr' id='par_1_55' title="bbox 1904 2652 3525 2726">
     <span class='ocr_line' id='line_1_55' title="bbox 1904 2652 3525 2726; baseline 0.009 -19"><span class='ocrx_word' id='word_1_402' title='bbox 1904 2652 2236 2708; x_wconf 77' lang='lat' dir='ltr'><strong>confirmato</strong></span> <span class='ocrx_word' id='word_1_403' title='bbox 2270 2656 2414 2726; x_wconf 87' lang='lat' dir='ltr'><strong>regis</strong></span> <span class='ocrx_word' id='word_1_404' title='bbox 2466 2656 2718 2725; x_wconf 83' lang='lat' dir='ltr'><strong>imperio,</strong></span> <span class='ocrx_word' id='word_1_405' title='bbox 2769 2658 2838 2711; x_wconf 91' lang='lat' dir='ltr'><strong>ad</strong></span> <span class='ocrx_word' id='word_1_406' title='bbox 2880 2659 3175 2715; x_wconf 89' lang='lat' dir='ltr'><strong>utilitatem</strong></span> <span class='ocrx_word' id='word_1_407' title='bbox 3225 2665 3525 2722; x_wconf 88' lang='lat' dir='ltr'><strong>sacerdotii</strong></span> 
     </span>
    </p>
   </div>
   <div class='ocr_carea' id='block_1_56' title="bbox 1903 2743 3525 2825">
    <p class='ocr_par' dir='ltr' id='par_1_56' title="bbox 1903 2743 3525 2825">
     <span class='ocr_line' id='line_1_56' title="bbox 1903 2743 3525 2825; baseline 0.009 -27"><span class='ocrx_word' id='word_1_408' title='bbox 1903 2743 2020 2798; x_wconf 88' lang='lat' dir='ltr'><strong>sive</strong></span> <span class='ocrx_word' id='word_1_409' title='bbox 2053 2745 2264 2815; x_wconf 87' lang='lat' dir='ltr'><strong>templi,</strong></span> <span class='ocrx_word' id='word_1_410' title='bbox 2300 2761 2453 2800; x_wconf 90' lang='lat' dir='ltr'><strong>suam</strong></span> <span class='ocrx_word' id='word_1_411' title='bbox 2484 2748 2730 2817; x_wconf 82' lang='lat' dir='ltr'><strong>porrexit</strong></span> <span class='ocrx_word' id='word_1_412' title='bbox 2760 2749 3111 2815; x_wconf 89' lang='lat' dir='ltr'><strong>industriam,</strong></span> <span class='ocrx_word' id='word_1_413' title='bbox 3140 2762 3197 2807; x_wconf 90' lang='lat' dir='ltr'><strong>et</strong></span> <span class='ocrx_word' id='word_1_414' title='bbox 3226 2769 3351 2809; x_wconf 83' lang='lat' dir='ltr'><strong>cum</strong></span> <span class='ocrx_word' id='word_1_415' title='bbox 3385 2771 3525 2825; x_wconf 76' lang='lat' dir='ltr'><strong>prte-</strong></span> 
     </span>
    </p>
   </div>
   <div class='ocr_carea' id='block_1_57' title="bbox 1904 2832 3520 2911">
    <p class='ocr_par' dir='ltr' id='par_1_57' title="bbox 1904 2832 3520 2911">
     <span class='ocr_line' id='line_1_57' title="bbox 1904 2832 3520 2911; baseline 0.011 -23"><span class='ocrx_word' id='word_1_416' title='bbox 1904 2832 2018 2889; x_wconf 81' lang='lat' dir='ltr'><strong>fato</strong></span> <span class='ocrx_word' id='word_1_417' title='bbox 2048 2851 2177 2908; x_wconf 89' lang='lat' dir='ltr'><strong>rege</strong></span> <span class='ocrx_word' id='word_1_418' title='bbox 2204 2838 2270 2891; x_wconf 89' lang='lat' dir='ltr'><strong>ad</strong></span> <span class='ocrx_word' id='word_1_419' title='bbox 2310 2838 2671 2893; x_wconf 86' lang='lat' dir='ltr'><strong>ordinandam</strong></span> <span class='ocrx_word' id='word_1_420' title='bbox 2703 2850 2757 2895; x_wconf 91' lang='lat' dir='ltr'><strong>et</strong></span> <span class='ocrx_word' id='word_1_421' title='bbox 2790 2842 3189 2911; x_wconf 83' lang='lat' dir='ltr'><strong>disponendam</strong></span> <span class='ocrx_word' id='word_1_422' title='bbox 3219 2860 3520 2905; x_wconf 90' lang='lat' dir='ltr'><strong>consacer-</strong></span> 
     </span>
    </p>
   </div>
   <div class='ocr_carea' id='block_1_58' title="bbox 1903 2928 3522 3003">
    <p class='ocr_par' dir='ltr' id='par_1_58' title="bbox 1903 2928 3522 3003">
     <span class='ocr_line' id='line_1_58' title="bbox 1903 2928 3522 3003; baseline 0.01 -24"><span class='ocrx_word' id='word_1_423' title='bbox 1903 2928 2094 2982; x_wconf 88' lang='lat' dir='ltr'><strong>dotum</strong></span> <span class='ocrx_word' id='word_1_424' title='bbox 2126 2944 2351 2983; x_wconf 88' lang='lat' dir='ltr'><strong>suorum</strong></span> <span class='ocrx_word' id='word_1_425' title='bbox 2381 2944 2440 2985; x_wconf 89' lang='lat' dir='ltr'><strong>se</strong></span> <span class='ocrx_word' id='word_1_426' title='bbox 2478 2930 2713 2985; x_wconf 89' lang='lat' dir='ltr'><strong>contulit</strong></span> <span class='ocrx_word' id='word_1_427' title='bbox 2741 2932 3119 3003; x_wconf 71' lang='lat' dir='ltr'><strong>discrplinam.</strong></span> <span class='ocrx_word' id='word_1_428' title='bbox 3172 2935 3306 2992; x_wconf 87' lang='lat' dir='ltr'><strong>Nam</strong></span> <span class='ocrx_word' id='word_1_429' title='bbox 3348 2948 3401 2993; x_wconf 83' lang='lat' dir='ltr'><strong>et</strong></span> <span class='ocrx_word' id='word_1_430' title='bbox 3430 2956 3522 2995; x_wconf 90' lang='lat' dir='ltr'><strong>sa-</strong></span> 
     </span>
    </p>
   </div>
   <div class='ocr_carea' id='block_1_59' title="bbox 1902 3020 3519 3091">
    <p class='ocr_par' dir='ltr' id='par_1_59' title="bbox 1902 3020 3519 3091">
     <span class='ocr_line' id='line_1_59' title="bbox 1902 3020 3519 3091; baseline 0.008 -19"><span class='ocrx_word' id='word_1_431' title='bbox 1902 3032 1996 3072; x_wconf 89' lang='lat' dir='ltr'><strong>cra</strong></span> <span class='ocrx_word' id='word_1_432' title='bbox 2021 3027 2163 3074; x_wconf 87' lang='lat' dir='ltr'><strong>tecta</strong></span> <span class='ocrx_word' id='word_1_433' title='bbox 2203 3020 2411 3091; x_wconf 86' lang='lat' dir='ltr'><strong>templi,</strong></span> <span class='ocrx_word' id='word_1_434' title='bbox 2446 3032 2503 3075; x_wconf 92' lang='lat' dir='ltr'><strong>nt</strong></span> <span class='ocrx_word' id='word_1_435' title='bbox 2532 3022 2998 3087; x_wconf 87' lang='lat' dir='ltr'><strong>instaurarentur,</strong></span> <span class='ocrx_word' id='word_1_436' title='bbox 3032 3026 3269 3082; x_wconf 78' lang='lat' dir='ltr'><strong>instituit</strong></span> <span class='ocrx_word' id='word_1_437' title='bbox 3297 3037 3351 3083; x_wconf 90' lang='lat' dir='ltr'><strong>et</strong></span> <span class='ocrx_word' id='word_1_438' title='bbox 3381 3046 3519 3085; x_wconf 83' lang='lat' dir='ltr'><strong>non-</strong></span> 
     </span>
    </p>
   </div>
   <div class='ocr_carea' id='block_1_60' title="bbox 1903 3114 3520 3190">
    <p class='ocr_par' dir='ltr' id='par_1_60' title="bbox 1903 3114 3520 3190">
     <span class='ocr_line' id='line_1_60' title="bbox 1903 3114 3520 3190; baseline 0.008 -24"><span class='ocrx_word' id='word_1_439' title='bbox 1903 3114 2070 3177; x_wconf 86' lang='lat' dir='ltr'><strong>nulla,</strong></span> <span class='ocrx_word' id='word_1_440' title='bbox 2136 3134 2259 3187; x_wconf 70' lang='lat' dir='ltr'><strong>quae</strong></span> <span class='ocrx_word' id='word_1_441' title='bbox 2321 3120 2701 3175; x_wconf 83' lang='lat' dir='ltr'><strong>sacerdotibus</strong></span> <span class='ocrx_word' id='word_1_442' title='bbox 2730 3125 3141 3190; x_wconf 80' lang='lat' dir='ltr'><strong>competebant,</strong></span> <span class='ocrx_word' id='word_1_443' title='bbox 3204 3124 3385 3178; x_wconf 87' lang='lat' dir='ltr'><strong>edicta</strong></span> <span class='ocrx_word' id='word_1_444' title='bbox 3423 3126 3520 3179; x_wconf 87' lang='lat' dir='ltr'><strong>de-</strong></span> 
     </span>
    </p>
   </div>
   <div class='ocr_carea' id='block_1_61' title="bbox 206 3205 3521 3286">
    <p class='ocr_par' dir='ltr' id='par_1_61' title="bbox 206 3205 3521 3286">
     <span class='ocr_line' id='line_1_61' title="bbox 206 3205 3521 3286; baseline 0.004 -27"><span class='ocrx_word' id='word_1_445' title='bbox 206 3207 652 3275; x_wconf 87' lang='lat' dir='ltr'><strong>misericordiam,</strong></span> <span class='ocrx_word' id='word_1_446' title='bbox 700 3208 814 3279; x_wconf 89' lang='lat' dir='ltr'><strong>jam</strong></span> <span class='ocrx_word' id='word_1_447' title='bbox 857 3208 1109 3264; x_wconf 89' lang='lat' dir='ltr'><strong>videatur</strong></span> <span class='ocrx_word' id='word_1_448' title='bbox 1166 3209 1410 3275; x_wconf 79' lang='lat' dir='ltr'><strong>funditus</strong></span> <span class='ocrx_word' id='word_1_449' title='bbox 1462 3214 1789 3268; x_wconf 77' lang='lat' dir='ltr'><strong>thSnlatttm.</strong></span> <span class='ocrx_word' id='word_1_450' title='bbox 1824 3205 1866 3267; x_wconf 90' lang='lat' dir='ltr'>C</span> <span class='ocrx_word' id='word_1_451' title='bbox 1902 3208 2185 3276; x_wconf 68' lang='grc' dir='ltr'><strong>μνοιιιρείι.</strong></span> <span class='ocrx_word' id='word_1_452' title='bbox 2232 3208 2453 3263; x_wconf 68' lang='lat' dir='ltr'><strong>Sciebat</strong></span> <span class='ocrx_word' id='word_1_453' title='bbox 2497 3210 2645 3264; x_wconf 81' lang='lat' dir='ltr'><strong>enim</strong></span> <span class='ocrx_word' id='word_1_454' title='bbox 2694 3214 2956 3279; x_wconf 77' lang='lat' dir='ltr'><strong>Quoniam</strong></span> <span class='ocrx_word' id='word_1_455' title='bbox 3009 3223 3243 3285; x_wconf 85' lang='lat' dir='ltr'><strong>utraque</strong></span> <span class='ocrx_word' id='word_1_456' title='bbox 3282 3216 3521 3286; x_wconf 86' lang='lat' dir='ltr'><strong>dignitas</strong></span> 
     </span>
    </p>
   </div>
   <div class='ocr_carea' id='block_1_62' title="bbox 205 3298 1793 3374">
    <p class='ocr_par' dir='ltr' id='par_1_62' title="bbox 205 3298 1793 3374">
     <span class='ocr_line' id='line_1_62' title="bbox 205 3298 1793 3374; baseline 0.007 -23"><span class='ocrx_word' id='word_1_457' title='bbox 205 3298 283 3353; x_wconf 87' lang='lat' dir='ltr'><strong>Sic</strong></span> <span class='ocrx_word' id='word_1_458' title='bbox 324 3300 503 3372; x_wconf 86' lang='lat' dir='ltr'><strong>itaque</strong></span> <span class='ocrx_word' id='word_1_459' title='bbox 554 3303 749 3360; x_wconf 88' lang='lat' dir='ltr'><strong>domus</strong></span> <span class='ocrx_word' id='word_1_460' title='bbox 803 3304 894 3359; x_wconf 89' lang='lat' dir='ltr'><strong>Dei</strong></span> <span class='ocrx_word' id='word_1_461' title='bbox 949 3319 1047 3374; x_wconf 87' lang='lat' dir='ltr'><strong>per</strong></span> <span class='ocrx_word' id='word_1_462' title='bbox 1099 3321 1184 3360; x_wconf 89' lang='lat' dir='ltr'><strong>me</strong></span> <span class='ocrx_word' id='word_1_463' title='bbox 1232 3307 1446 3360; x_wconf 90' lang='lat' dir='ltr'><strong>videtur</strong></span> <span class='ocrx_word' id='word_1_464' title='bbox 1498 3307 1547 3359; x_wconf 94' lang='lat' dir='ltr'><strong>in</strong></span> <span class='ocrx_word' id='word_1_465' title='bbox 1604 3310 1793 3362; x_wconf 81' lang='lat' dir='ltr'><strong>intima</strong></span> 
     </span>
    </p>
   </div>
   <div class='ocr_carea' id='block_1_63' title="bbox 203 3392 1791 3470">
    <p class='ocr_par' dir='ltr' id='par_1_63' title="bbox 203 3392 1791 3470">
     <span class='ocr_line' id='line_1_63' title="bbox 203 3392 1791 3470; baseline 0.006 -25"><span class='ocrx_word' id='word_1_466' title='bbox 203 3392 360 3461; x_wconf 82' lang='lat' dir='ltr'><strong>dejici,</strong></span> <span class='ocrx_word' id='word_1_467' title='bbox 390 3410 490 3466; x_wconf 89' lang='lat' dir='ltr'><strong>per</strong></span> <span class='ocrx_word' id='word_1_468' title='bbox 525 3410 691 3468; x_wconf 90' lang='lat' dir='ltr'><strong>quem</strong></span> <span class='ocrx_word' id='word_1_469' title='bbox 723 3399 1072 3468; x_wconf 89' lang='lat' dir='ltr'><strong>sperabatur,</strong></span> <span class='ocrx_word' id='word_1_470' title='bbox 1102 3397 1215 3454; x_wconf 86' lang='lat' dir='ltr'><strong>Deo</strong></span> <span class='ocrx_word' id='word_1_471' title='bbox 1247 3400 1401 3455; x_wconf 84' lang='lat' dir='ltr'><strong>vobis</strong></span> <span class='ocrx_word' id='word_1_472' title='bbox 1436 3412 1791 3470; x_wconf 86' lang='lat' dir='ltr'><strong>cooperante,</strong></span> 
     </span>
    </p>
   </div>
   <div class='ocr_carea' id='block_1_64' title="bbox 202 3484 1792 3563">
    <p class='ocr_par' dir='ltr' id='par_1_64' title="bbox 202 3484 1792 3563">
     <span class='ocr_line' id='line_1_64' title="bbox 202 3484 1792 3563; baseline 0.008 -27"><span class='ocrx_word' id='word_1_473' title='bbox 202 3484 321 3539; x_wconf 65' lang='lat' dir='ltr'><strong>caelo</strong></span> <span class='ocrx_word' id='word_1_474' title='bbox 386 3496 545 3545; x_wconf 88' lang='lat' dir='ltr'><strong>tenus</strong></span> <span class='ocrx_word' id='word_1_475' title='bbox 615 3489 865 3545; x_wconf 78' lang='lat' dir='ltr'><strong>exaltari.</strong></span> <span class='ocrx_word' id='word_1_476' title='bbox 944 3490 1320 3562; x_wconf 85' lang='lat' dir='ltr'><strong>Quapropter,</strong></span> <span class='ocrx_word' id='word_1_477' title='bbox 1395 3493 1792 3563; x_wconf 84' lang='lat' dir='ltr'><strong>gloriosissime</strong></span> 
     </span>
    </p>
   </div>
   <div class='ocr_carea' id='block_1_65' title="bbox 200 3575 1789 3653">
    <p class='ocr_par' dir='ltr' id='par_1_65' title="bbox 200 3575 1789 3653">
     <span class='ocr_line' id='line_1_65' title="bbox 200 3575 1789 3653; baseline 0.007 -25"><span class='ocrx_word' id='word_1_478' title='bbox 200 3575 412 3644; x_wconf 86' lang='lat' dir='ltr'><strong>domine,</strong></span> <span class='ocrx_word' id='word_1_479' title='bbox 450 3580 591 3635; x_wconf 80' lang='lat' dir='ltr'><strong>fusis</strong></span> <span class='ocrx_word' id='word_1_480' title='bbox 638 3579 898 3653; x_wconf 76' lang='lat' dir='ltr'><strong>lacrytuis</strong></span> <span class='ocrx_word' id='word_1_481' title='bbox 943 3583 1011 3637; x_wconf 91' lang='lat' dir='ltr'><strong>ad</strong></span> <span class='ocrx_word' id='word_1_482' title='bbox 1063 3584 1293 3653; x_wconf 78' lang='lat' dir='ltr'><strong>vestigia</strong></span> <span class='ocrx_word' id='word_1_483' title='bbox 1338 3592 1520 3638; x_wconf 86' lang='lat' dir='ltr'><strong>vestra</strong></span> <span class='ocrx_word' id='word_1_484' title='bbox 1569 3601 1789 3652; x_wconf 86' lang='lat' dir='ltr'><strong>corrtto,</strong></span> 
     </span>
    </p>
   </div>
   <div class='ocr_carea' id='block_1_66' title="bbox 200 3670 1792 3745">
    <p class='ocr_par' dir='ltr' id='par_1_66' title="bbox 200 3670 1792 3745">
     <span class='ocr_line' id='line_1_66' title="bbox 200 3670 1792 3745; baseline 0.006 -27"><span class='ocrx_word' id='word_1_485' title='bbox 200 3677 379 3723; x_wconf 75' lang='lat' dir='ltr'><strong>sancta:</strong></span> <span class='ocrx_word' id='word_1_486' title='bbox 410 3670 633 3725; x_wconf 88' lang='lat' dir='ltr'><strong>viscera</strong></span> <span class='ocrx_word' id='word_1_487' title='bbox 666 3672 886 3741; x_wconf 89' lang='lat' dir='ltr'><strong>pietatis</strong></span> <span class='ocrx_word' id='word_1_488' title='bbox 929 3672 1185 3743; x_wconf 86' lang='lat' dir='ltr'><strong>imploro,</strong></span> <span class='ocrx_word' id='word_1_489' title='bbox 1220 3682 1279 3727; x_wconf 94' lang='lat' dir='ltr'><strong>ut</strong></span> <span class='ocrx_word' id='word_1_490' title='bbox 1325 3675 1624 3728; x_wconf 91' lang='lat' dir='ltr'><strong>secundum</strong></span> <span class='ocrx_word' id='word_1_491' title='bbox 1666 3691 1792 3745; x_wconf 83' lang='lat' dir='ltr'><strong>gra-</strong></span> 
     </span>
    </p>
   </div>
   <div class='ocr_carea' id='block_1_67' title="bbox 198 3759 1792 3837">
    <p class='ocr_par' dir='ltr' id='par_1_67' title="bbox 198 3759 1792 3837">
     <span class='ocr_line' id='line_1_67' title="bbox 198 3759 1792 3837; baseline 0.009 -29"><span class='ocrx_word' id='word_1_492' title='bbox 198 3759 360 3817; x_wconf 80' lang='lat' dir='ltr'><strong>vitatis</strong></span> <span class='ocrx_word' id='word_1_493' title='bbox 403 3772 605 3819; x_wconf 70' lang='lat' dir='ltr'><strong>vestrae</strong></span> <span class='ocrx_word' id='word_1_494' title='bbox 650 3764 1028 3835; x_wconf 87' lang='lat' dir='ltr'><strong>prudentiam,</strong></span> <span class='ocrx_word' id='word_1_495' title='bbox 1070 3765 1184 3837; x_wconf 87' lang='lat' dir='ltr'><strong>jam</strong></span> <span class='ocrx_word' id='word_1_496' title='bbox 1244 3768 1608 3823; x_wconf 76' lang='lat' dir='ltr'><strong>memineritis</strong></span> <span class='ocrx_word' id='word_1_497' title='bbox 1667 3772 1792 3823; x_wconf 76' lang='lat' dir='ltr'><strong>roti-</strong></span> 
     </span>
    </p>
   </div>
   <div class='ocr_carea' id='block_1_68' title="bbox 198 3854 1791 3928">
    <p class='ocr_par' dir='ltr' id='par_1_68' title="bbox 198 3854 1791 3928">
     <span class='ocr_line' id='line_1_68' title="bbox 198 3854 1791 3928; baseline 0.009 -27"><span class='ocrx_word' id='word_1_498' title='bbox 198 3864 309 3906; x_wconf 84' lang='lat' dir='ltr'><strong>nere</strong></span> <span class='ocrx_word' id='word_1_499' title='bbox 358 3854 673 3925; x_wconf 87' lang='lat' dir='ltr'><strong>ﬂagellum,</strong></span> <span class='ocrx_word' id='word_1_500' title='bbox 731 3854 847 3924; x_wconf 88' lang='lat' dir='ltr'><strong>jam</strong></span> <span class='ocrx_word' id='word_1_501' title='bbox 904 3859 1119 3927; x_wconf 90' lang='lat' dir='ltr'><strong>ponatis</strong></span> <span class='ocrx_word' id='word_1_502' title='bbox 1180 3868 1257 3913; x_wconf 90' lang='lat' dir='ltr'><strong>tot</strong></span> <span class='ocrx_word' id='word_1_503' title='bbox 1310 3862 1791 3928; x_wconf 83' lang='lat' dir='ltr'><strong>persecutionihus</strong></span> 
     </span>
    </p>
   </div>
   <div class='ocr_carea' id='block_1_69' title="bbox 194 3942 1789 4021">
    <p class='ocr_par' dir='ltr' id='par_1_69' title="bbox 194 3942 1789 4021">
     <span class='ocr_line' id='line_1_69' title="bbox 194 3942 1789 4021; baseline 0.009 -28"><span class='ocrx_word' id='word_1_504' title='bbox 194 3942 413 4005; x_wconf 85' lang='lat' dir='ltr'><strong>modum.</strong></span> <span class='ocrx_word' id='word_1_505' title='bbox 440 3945 665 4002; x_wconf 78' lang='lat' dir='ltr'><strong>dicente</strong></span> <span class='ocrx_word' id='word_1_506' title='bbox 708 3945 940 4004; x_wconf 86' lang='lat' dir='ltr'><strong>Domino</strong></span> <span class='ocrx_word' id='word_1_507' title='bbox 966 3965 1063 4020; x_wconf 84' lang='lat' dir='ltr'><strong>per</strong></span> <span class='ocrx_word' id='word_1_508' title='bbox 1094 3952 1415 4021; x_wconf 82' lang='lat' dir='ltr'><strong>prophetam</strong></span> <span class='ocrx_word' id='word_1_509' title='bbox 1445 3966 1459 4004; x_wconf 87' lang='lat'><strong>:</strong></span> <span class='ocrx_word' id='word_1_510' title='bbox 1492 3952 1629 4005; x_wconf 63' lang='lat' dir='ltr'><strong>Dum</strong></span> <span class='ocrx_word' id='word_1_511' title='bbox 1663 3970 1789 4007; x_wconf 83' lang='lat' dir='ltr'><strong>con-</strong></span> 
     </span>
    </p>
   </div>
   <div class='ocr_carea' id='block_1_70' title="bbox 196 4036 1787 4107">
    <p class='ocr_par' dir='ltr' id='par_1_70' title="bbox 196 4036 1787 4107">
     <span class='ocr_line' id='line_1_70' title="bbox 196 4036 1787 4107; baseline 0.009 -23"><span class='ocrx_word' id='word_1_512' title='bbox 196 4036 409 4090; x_wconf 71' lang='lat' dir='ltr'><strong>turbatus</strong></span> <span class='ocrx_word' id='word_1_513' title='bbox 461 4039 673 4107; x_wconf 71' lang='lat' dir='ltr'><strong>fueris,</strong></span> <span class='ocrx_word' id='word_1_514' title='bbox 724 4040 780 4094; x_wconf 84' lang='lat' dir='ltr'><strong>in</strong></span> <span class='ocrx_word' id='word_1_515' title='bbox 849 4041 929 4095; x_wconf 87' lang='lat' dir='ltr'><strong>ira</strong></span> <span class='ocrx_word' id='word_1_516' title='bbox 997 4041 1372 4095; x_wconf 72' lang='lat' dir='ltr'><strong>misericordia:</strong></span> <span class='ocrx_word' id='word_1_517' title='bbox 1428 4058 1628 4096; x_wconf 84' lang='lat' dir='ltr'><strong>memor</strong></span> <span class='ocrx_word' id='word_1_518' title='bbox 1682 4047 1787 4100; x_wconf 84' lang='lat' dir='ltr'><strong>eris</strong></span> 
     </span>
    </p>
   </div>
   <div class='ocr_carea' id='block_1_71' title="bbox 196 4129 1783 4209">
    <p class='ocr_par' dir='ltr' id='par_1_71' title="bbox 196 4129 1783 4209">
     <span class='ocr_line' id='line_1_71' title="bbox 196 4129 1783 4209; baseline 0.009 -28"><span class='ocrx_word' id='word_1_519' title='bbox 196 4129 327 4197; x_wconf 72' lang='lat' dir='ltr'><strong>(Tob.</strong></span> <span class='ocrx_word' id='word_1_520' title='bbox 356 4149 443 4201; x_wconf 87' lang='lat' dir='ltr'><strong>ttt;</strong></span> <span class='ocrx_word' id='word_1_521' title='bbox 477 4134 692 4191; x_wconf 82' lang='lat' dir='ltr'><strong>Habac.</strong></span> <span class='ocrx_word' id='word_1_522' title='bbox 733 4137 836 4208; x_wconf 88' lang='grc' dir='ltr'>ιιι).</span> <span class='ocrx_word' id='word_1_523' title='bbox 880 4136 988 4193; x_wconf 85' lang='lat' dir='ltr'><strong>Nec</strong></span> <span class='ocrx_word' id='word_1_524' title='bbox 1032 4139 1270 4209; x_wconf 87' lang='lat' dir='ltr'><strong>gravetis</strong></span> <span class='ocrx_word' id='word_1_525' title='bbox 1308 4146 1553 4193; x_wconf 86' lang='lat' dir='ltr'><strong>sanctum</strong></span> <span class='ocrx_word' id='word_1_526' title='bbox 1606 4139 1783 4195; x_wconf 84' lang='lat' dir='ltr'><strong>locum</strong></span> 
     </span>
    </p>
   </div>
   <div class='ocr_carea' id='block_1_72' title="bbox 194 4224 1783 4303">
    <p class='ocr_par' dir='ltr' id='par_1_72' title="bbox 194 4224 1783 4303">
     <span class='ocr_line' id='line_1_72' title="bbox 194 4224 1783 4303; baseline 0.008 -25"><span class='ocrx_word' id='word_1_527' title='bbox 194 4224 348 4281; x_wconf 79' lang='lat' dir='ltr'><strong>adhuc</strong></span> <span class='ocrx_word' id='word_1_528' title='bbox 414 4230 720 4285; x_wconf 84' lang='lat' dir='ltr'><strong>auferendo</strong></span> <span class='ocrx_word' id='word_1_529' title='bbox 769 4233 1083 4302; x_wconf 89' lang='lat' dir='ltr'><strong>pecuniam,</strong></span> <span class='ocrx_word' id='word_1_530' title='bbox 1137 4248 1299 4303; x_wconf 90' lang='lat' dir='ltr'><strong>quem</strong></span> <span class='ocrx_word' id='word_1_531' title='bbox 1358 4245 1563 4288; x_wconf 85' lang='lat' dir='ltr'><strong>tantam</strong></span> <span class='ocrx_word' id='word_1_532' title='bbox 1606 4235 1783 4290; x_wconf 75' lang='lat' dir='ltr'><strong>cccle-</strong></span> 
     </span>
    </p>
   </div>
   <div class='ocr_carea' id='block_1_73' title="bbox 193 4317 1780 4397">
    <p class='ocr_par' dir='ltr' id='par_1_73' title="bbox 193 4317 1780 4397">
     <span class='ocr_line' id='line_1_73' title="bbox 193 4317 1780 4397; baseline 0.008 -28"><span class='ocrx_word' id='word_1_533' title='bbox 193 4317 515 4379; x_wconf 85' lang='lat' dir='ltr'><strong>siasticarum</strong></span> <span class='ocrx_word' id='word_1_534' title='bbox 588 4340 773 4379; x_wconf 89' lang='lat' dir='ltr'><strong>rerum</strong></span> <span class='ocrx_word' id='word_1_535' title='bbox 842 4326 1014 4381; x_wconf 87' lang='lat' dir='ltr'><strong>nostis</strong></span> <span class='ocrx_word' id='word_1_536' title='bbox 1064 4326 1177 4395; x_wconf 90' lang='lat' dir='ltr'><strong>jam</strong></span> <span class='ocrx_word' id='word_1_537' title='bbox 1250 4326 1543 4397; x_wconf 80' lang='lat' dir='ltr'><strong>pertulisse</strong></span> <span class='ocrx_word' id='word_1_538' title='bbox 1603 4327 1780 4397; x_wconf 85' lang='lat' dir='ltr'><strong>jactu-</strong></span> 
     </span>
    </p>
   </div>
   <div class='ocr_carea' id='block_1_74' title="bbox 195 4422 313 4465">
    <p class='ocr_par' dir='ltr' id='par_1_74' title="bbox 195 4422 313 4465">
     <span class='ocr_line' id='line_1_74' title="bbox 195 4422 313 4465; baseline 0.017 -4"><span class='ocrx_word' id='word_1_539' title='bbox 195 4422 313 4465; x_wconf 74' lang='lat' dir='ltr'><strong>ram.</strong></span> 
     </span>
    </p>
   </div>
   <div class='ocr_carea' id='block_1_75' title="bbox 728 4534 1196 4592">
    <p class='ocr_par' dir='ltr' id='par_1_75' title="bbox 728 4534 1196 4592">
     <span class='ocr_line' id='line_1_75' title="bbox 728 4534 1196 4592; baseline -0.002 -3"><span class='ocrx_word' id='word_1_540' title='bbox 728 4534 1059 4592; x_wconf 80' lang='lat' dir='ltr'><strong>EPISTOLA</strong></span> <span class='ocrx_word' id='word_1_541' title='bbox 1110 4535 1196 4590; x_wconf 80' lang='lat' dir='ltr'><strong>Vl.</strong></span> 
     </span>
    </p>
   </div>
   <div class='ocr_carea' id='block_1_76' title="bbox 331 4639 1607 4684">
    <p class='ocr_par' dir='ltr' id='par_1_76' title="bbox 331 4639 1607 4684">
     <span class='ocr_line' id='line_1_76' title="bbox 331 4639 1607 4684; baseline 0.003 -7"><span class='ocrx_word' id='word_1_542' title='bbox 331 4639 398 4678; x_wconf 69' lang='lat' dir='ltr'><strong>AD</strong></span> <span class='ocrx_word' id='word_1_543' title='bbox 433 4642 691 4682; x_wconf 70' lang='lat' dir='ltr'><strong>ANNONBI</strong></span> <span class='ocrx_word' id='word_1_544' title='bbox 732 4642 1184 4684; x_wconf 67' lang='lat' dir='ltr'><strong>AICHIEPISCOPUI</strong></span> <span class='ocrx_word' id='word_1_545' title='bbox 1221 4642 1607 4683; x_wconf 64' lang='grc' dir='ltr'><strong>εοιοκιεδδειι.</strong></span> 
     </span>
    </p>
   </div>
   <div class='ocr_carea' id='block_1_77' title="bbox 187 4712 1779 4789">
    <p class='ocr_par' dir='ltr' id='par_1_77' title="bbox 187 4712 1779 4789">
     <span class='ocr_line' id='line_1_77' title="bbox 187 4712 1779 4789; baseline 0.003 -21"><span class='ocrx_word' id='word_1_546' title='bbox 187 4712 568 4773; x_wconf 71' lang='grc' dir='ltr'>Ακωιειιτωι.</span> <span class='ocrx_word' id='word_1_547' title='bbox 602 4748 676 4759; x_wconf 86' lang='grc'><strong><em>-</em></strong></span> <span class='ocrx_word' id='word_1_548' title='bbox 709 4717 918 4773; x_wconf 87' lang='lat' dir='ltr'><strong>Laudat</strong></span> <span class='ocrx_word' id='word_1_549' title='bbox 965 4719 1437 4789; x_wconf 80' lang='lat' dir='ltr'><strong>archiepiscOpunt</strong></span> <span class='ocrx_word' id='word_1_550' title='bbox 1488 4718 1779 4774; x_wconf 79' lang='lat' dir='ltr'><strong>Colonien-</strong></span> 
     </span>
    </p>
   </div>
   <div class='ocr_carea' id='block_1_78' title="bbox 246 4789 1775 4860">
    <p class='ocr_par' dir='ltr' id='par_1_78' title="bbox 246 4789 1775 4860">
     <span class='ocr_line' id='line_1_78' title="bbox 246 4789 1775 4860; baseline 0.005 -22"><span class='ocrx_word' id='word_1_551' title='bbox 246 4800 372 4851; x_wconf 84' lang='lat' dir='ltr'><strong>sem,</strong></span> <span class='ocrx_word' id='word_1_552' title='bbox 402 4791 548 4857; x_wconf 88' lang='lat' dir='ltr'><strong>quod</strong></span> <span class='ocrx_word' id='word_1_553' title='bbox 605 4790 953 4859; x_wconf 88' lang='lat' dir='ltr'><strong>imperatoris</strong></span> <span class='ocrx_word' id='word_1_554' title='bbox 998 4790 1165 4843; x_wconf 87' lang='lat' dir='ltr'><strong>lilinut</strong></span> <span class='ocrx_word' id='word_1_555' title='bbox 1206 4789 1467 4860; x_wconf 89' lang='lat' dir='ltr'><strong>pupillum</strong></span> <span class='ocrx_word' id='word_1_556' title='bbox 1506 4805 1617 4844; x_wconf 67' lang='lat' dir='ltr'><strong>sure</strong></span> <span class='ocrx_word' id='word_1_557' title='bbox 1650 4792 1775 4845; x_wconf 78' lang='lat' dir='ltr'><strong>ﬁdei</strong></span> 
     </span>
    </p>
   </div>
   <div class='ocr_carea' id='block_1_79' title="bbox 244 4861 1773 4931">
    <p class='ocr_par' dir='ltr' id='par_1_79' title="bbox 244 4861 1773 4931">
     <span class='ocr_line' id='line_1_79' title="bbox 244 4861 1773 4931; baseline 0.005 -22"><span class='ocrx_word' id='word_1_558' title='bbox 244 4863 588 4931; x_wconf 77' lang='lat' dir='ltr'><strong>commissum</strong></span> <span class='ocrx_word' id='word_1_559' title='bbox 623 4862 841 4931; x_wconf 79' lang='lat' dir='ltr'><strong>egregie</strong></span> <span class='ocrx_word' id='word_1_560' title='bbox 880 4870 1087 4916; x_wconf 86' lang='lat' dir='ltr'><strong>tutatus</strong></span> <span class='ocrx_word' id='word_1_561' title='bbox 1125 4870 1288 4922; x_wconf 84' lang='lat' dir='ltr'><strong>esset,</strong></span> <span class='ocrx_word' id='word_1_562' title='bbox 1332 4870 1386 4915; x_wconf 87' lang='lat' dir='ltr'><strong>et</strong></span> <span class='ocrx_word' id='word_1_563' title='bbox 1415 4861 1613 4923; x_wconf 87' lang='lat' dir='ltr'><strong>eidem,</strong></span> <span class='ocrx_word' id='word_1_564' title='bbox 1650 4878 1773 4916; x_wconf 83' lang='lat' dir='ltr'><strong>cunt</strong></span> 
     </span>
    </p>
   </div>
   <div class='ocr_carea' id='block_1_80' title="bbox 244 4926 1772 5003">
    <p class='ocr_par' dir='ltr' id='par_1_80' title="bbox 244 4926 1772 5003">
     <span class='ocr_line' id='line_1_80' title="bbox 244 4926 1772 5003; baseline 0.006 -24"><span class='ocrx_word' id='word_1_565' title='bbox 244 4926 592 5003; x_wconf 67' lang='lat' dir='ltr'><strong>adolevisset,</strong></span> <span class='ocrx_word' id='word_1_566' title='bbox 663 4926 960 5003; x_wconf 60' lang='lat' dir='ltr'><strong>paternum</strong></span> <span class='ocrx_word' id='word_1_567' title='bbox 1049 4932 1335 5003; x_wconf 90' lang='lat' dir='ltr'><strong>imperium</strong></span> <span class='ocrx_word' id='word_1_568' title='bbox 1421 4932 1772 4988; x_wconf 86' lang='lat' dir='ltr'><strong>restituisset.</strong></span> 
     </span>
    </p>
   </div>
   <div class='ocr_carea' id='block_1_81' title="bbox 244 4995 1775 5074">
    <p class='ocr_par' dir='ltr' id='par_1_81' title="bbox 244 4995 1775 5074">
     <span class='ocr_line' id='line_1_81' title="bbox 244 4995 1775 5074; baseline 0.005 -22"><span class='ocrx_word' id='word_1_569' title='bbox 244 4995 431 5056; x_wconf 74' lang='lat' dir='ltr'><strong>Deinde</strong></span> <span class='ocrx_word' id='word_1_570' title='bbox 485 5004 635 5074; x_wconf 84' lang='lat' dir='ltr'><strong>quod</strong></span> <span class='ocrx_word' id='word_1_571' title='bbox 676 4995 981 5058; x_wconf 53' lang='lat' dir='ltr'><strong>&#39;Cadnloum</strong></span> <span class='ocrx_word' id='word_1_572' title='bbox 1033 4995 1533 5074; x_wconf 78' lang='lat' dir='ltr'><strong>pseitdopontiﬁcem</strong></span> <span class='ocrx_word' id='word_1_573' title='bbox 1589 5017 1775 5073; x_wconf 84' lang='lat' dir='ltr'><strong>persc-</strong></span> 
     </span>
    </p>
   </div>
   <div class='ocr_carea' id='block_1_82' title="bbox 242 5074 1773 5145">
    <p class='ocr_par' dir='ltr' id='par_1_82' title="bbox 242 5074 1773 5145">
     <span class='ocr_line' id='line_1_82' title="bbox 242 5074 1773 5145; baseline 0.005 -23"><span class='ocrx_word' id='word_1_574' title='bbox 242 5082 385 5125; x_wconf 85' lang='lat' dir='ltr'><strong>cutus</strong></span> <span class='ocrx_word' id='word_1_575' title='bbox 416 5084 593 5135; x_wconf 87' lang='lat' dir='ltr'><strong>esset.</strong></span> <span class='ocrx_word' id='word_1_576' title='bbox 622 5084 681 5145; x_wconf 84' lang='lat' dir='ltr'><strong>et</strong></span> <span class='ocrx_word' id='word_1_577' title='bbox 706 5083 966 5145; x_wconf 82' lang='lat' dir='ltr'><strong>quantum</strong></span> <span class='ocrx_word' id='word_1_578' title='bbox 1000 5075 1052 5129; x_wconf 88' lang='lat' dir='ltr'><strong>itt</strong></span> <span class='ocrx_word' id='word_1_579' title='bbox 1100 5076 1217 5145; x_wconf 91' lang='lat' dir='ltr'><strong>ipso</strong></span> <span class='ocrx_word' id='word_1_580' title='bbox 1244 5074 1366 5139; x_wconf 77' lang='lat' dir='ltr'><strong>fuit,</strong></span> <span class='ocrx_word' id='word_1_581' title='bbox 1397 5075 1773 5130; x_wconf 68' lang='lat' dir='ltr'><strong>ecclesiastico</strong></span> 
     </span>
    </p>
   </div>
   <div class='ocr_carea' id='block_1_83' title="bbox 245 5144 1771 5217">
    <p class='ocr_par' dir='ltr' id='par_1_83' title="bbox 245 5144 1771 5217">
     <span class='ocr_line' id='line_1_83' title="bbox 245 5144 1771 5217; baseline 0.005 -25"><span class='ocrx_word' id='word_1_582' title='bbox 245 5154 490 5217; x_wconf 86' lang='lat' dir='ltr'><strong>mucrone</strong></span> <span class='ocrx_word' id='word_1_583' title='bbox 532 5144 857 5216; x_wconf 83' lang='lat' dir='ltr'><strong>jttgttlasset.</strong></span> <span class='ocrx_word' id='word_1_584' title='bbox 909 5144 1173 5217; x_wconf 84' lang='lat' dir='ltr'><strong>Hortatur</strong></span> <span class='ocrx_word' id='word_1_585' title='bbox 1210 5154 1269 5198; x_wconf 88' lang='lat' dir='ltr'><strong>ut</strong></span> <span class='ocrx_word' id='word_1_586' title='bbox 1309 5144 1429 5217; x_wconf 10' lang='lat'><strong>937</strong></span> <span class='ocrx_word' id='word_1_587' title='bbox 1468 5156 1771 5201; x_wconf 74' lang='lat' dir='ltr'><strong>extremam</strong></span> 
     </span>
    </p>
   </div>
   <div class='ocr_carea' id='block_1_84' title="bbox 244 5214 1772 5286">
    <p class='ocr_par' dir='ltr' id='par_1_84' title="bbox 244 5214 1772 5286">
     <span class='ocr_line' id='line_1_84' title="bbox 244 5214 1772 5286; baseline 0.005 -22"><span class='ocrx_word' id='word_1_588' title='bbox 244 5214 377 5280; x_wconf 87' lang='lat' dir='ltr'><strong>operi</strong></span> <span class='ocrx_word' id='word_1_589' title='bbox 424 5214 654 5270; x_wconf 76' lang='lat' dir='ltr'><strong>manuni</strong></span> <span class='ocrx_word' id='word_1_590' title='bbox 694 5217 953 5286; x_wconf 87' lang='lat' dir='ltr'><strong>imponat.</strong></span> <span class='ocrx_word' id='word_1_591' title='bbox 996 5216 1174 5271; x_wconf 90' lang='lat' dir='ltr'><strong>adhuc</strong></span> <span class='ocrx_word' id='word_1_592' title='bbox 1205 5214 1350 5271; x_wconf 80' lang='lat' dir='ltr'><strong>enim</strong></span> <span class='ocrx_word' id='word_1_593' title='bbox 1380 5214 1631 5285; x_wconf 61' lang='lat' dir='ltr'><strong>&#39;ejusdem</strong></span> <span class='ocrx_word' id='word_1_594' title='bbox 1670 5220 1772 5272; x_wconf 73' lang='lat' dir='ltr'><strong>Ca-</strong></span> 
     </span>
    </p>
   </div>
   <div class='ocr_carea' id='block_1_85' title="bbox 245 5285 1772 5365">
    <p class='ocr_par' dir='ltr' id='par_1_85' title="bbox 245 5285 1772 5365">
     <span class='ocr_line' id='line_1_85' title="bbox 245 5285 1772 5365; baseline 0.005 -30"><span class='ocrx_word' id='word_1_595' title='bbox 245 5285 370 5365; x_wconf 63' lang='lat' dir='ltr'><strong>daloi</strong></span> <span class='ocrx_word' id='word_1_596' title='bbox 404 5290 616 5342; x_wconf 86' lang='lat' dir='ltr'><strong>rabiem</strong></span> <span class='ocrx_word' id='word_1_597' title='bbox 652 5285 1013 5365; x_wconf 81' lang='lat' dir='ltr'><strong>perniciosius</strong></span> <span class='ocrx_word' id='word_1_598' title='bbox 1051 5289 1102 5341; x_wconf 90' lang='lat' dir='ltr'><strong>in</strong></span> <span class='ocrx_word' id='word_1_599' title='bbox 1143 5288 1513 5365; x_wconf 72' lang='lat' dir='ltr'><strong>Christianam</strong></span> <span class='ocrx_word' id='word_1_600' title='bbox 1555 5303 1772 5365; x_wconf 71' lang='lat' dir='ltr'><strong>rempu-</strong></span> 
     </span>
    </p>
   </div>
   <div class='ocr_carea' id='block_1_86' title="bbox 246 5351 1768 5439">
    <p class='ocr_par' dir='ltr' id='par_1_86' title="bbox 246 5351 1768 5439">
     <span class='ocr_line' id='line_1_86' title="bbox 246 5351 1768 5439; baseline 0.007 -35"><span class='ocrx_word' id='word_1_601' title='bbox 246 5351 423 5439; x_wconf 76' lang='lat' dir='ltr'><strong>blicam</strong></span> <span class='ocrx_word' id='word_1_602' title='bbox 466 5351 749 5439; x_wconf 73' lang='lat' dir='ltr'><strong>grassari;</strong></span> <span class='ocrx_word' id='word_1_603' title='bbox 793 5374 951 5439; x_wconf 85' lang='lat' dir='ltr'><strong>posse</strong></span> <span class='ocrx_word' id='word_1_604' title='bbox 996 5368 1175 5413; x_wconf 87' lang='lat' dir='ltr'><strong>tamen</strong></span> <span class='ocrx_word' id='word_1_605' title='bbox 1222 5359 1497 5439; x_wconf 66' lang='lat' dir='ltr'><strong>coerceri,</strong></span> <span class='ocrx_word' id='word_1_606' title='bbox 1532 5360 1576 5414; x_wconf 87' lang='lat' dir='ltr'><strong>si</strong></span> <span class='ocrx_word' id='word_1_607' title='bbox 1624 5351 1768 5427; x_wconf 68' lang='lat' dir='ltr'><strong>ejus-</strong></span> 
     </span>
    </p>
   </div>
   <div class='ocr_carea' id='block_1_87' title="bbox 244 5422 1767 5500">
    <p class='ocr_par' dir='ltr' id='par_1_87' title="bbox 244 5422 1767 5500">
     <span class='ocr_line' id='line_1_87' title="bbox 244 5422 1767 5500; baseline 0.004 -20"><span class='ocrx_word' id='word_1_608' title='bbox 244 5422 351 5480; x_wconf 84' lang='lat' dir='ltr'><strong>dem</strong></span> <span class='ocrx_word' id='word_1_609' title='bbox 396 5422 810 5500; x_wconf 64' lang='lat' dir='ltr'><strong>archiepiscopi</strong></span> <span class='ocrx_word' id='word_1_610' title='bbox 845 5443 1010 5499; x_wconf 91' lang='lat' dir='ltr'><strong>opera</strong></span> <span class='ocrx_word' id='word_1_611' title='bbox 1050 5430 1319 5499; x_wconf 80' lang='lat' dir='ltr'><strong>generalis</strong></span> <span class='ocrx_word' id='word_1_612' title='bbox 1359 5429 1582 5484; x_wconf 84' lang='lat' dir='ltr'><strong>Patrum</strong></span> <span class='ocrx_word' id='word_1_613' title='bbox 1632 5422 1767 5485; x_wconf 75' lang='lat' dir='ltr'><strong>con-</strong></span> 
     </span>
    </p>
   </div>
   <div class='ocr_carea' id='block_1_88' title="bbox 247 5508 769 5573">
    <p class='ocr_par' dir='ltr' id='par_1_88' title="bbox 247 5508 769 5573">
     <span class='ocr_line' id='line_1_88' title="bbox 247 5508 769 5573; baseline 0.013 -28"><span class='ocrx_word' id='word_1_614' title='bbox 247 5508 423 5554; x_wconf 75' lang='lat' dir='ltr'><strong>ventus</strong></span> <span class='ocrx_word' id='word_1_615' title='bbox 452 5509 769 5573; x_wconf 82' lang='lat' dir='ltr'><strong>cogeretur.</strong></span> 
     </span>
    </p>
   </div>
   <div class='ocr_carea' id='block_1_89' title="bbox 248 5607 1763 5689">
    <p class='ocr_par' dir='ltr' id='par_1_89' title="bbox 248 5607 1763 5689">
     <span class='ocr_line' id='line_1_89' title="bbox 248 5607 1763 5689; baseline 0.003 -20"><span class='ocrx_word' id='word_1_616' title='bbox 248 5607 436 5670; x_wconf 86' lang='lat' dir='ltr'><strong>Domuo</strong></span> <span class='ocrx_word' id='word_1_617' title='bbox 516 5631 721 5672; x_wconf 66' lang='lat' dir='ltr'><strong>ANNO!“</strong></span> <span class='ocrx_word' id='word_1_618' title='bbox 807 5617 1258 5673; x_wconf 87' lang='lat' dir='ltr'><strong>reverendissimo</strong></span> <span class='ocrx_word' id='word_1_619' title='bbox 1326 5618 1763 5689; x_wconf 84' lang='lat' dir='ltr'><strong>archiepiscopo,</strong></span> 
     </span>
    </p>
   </div>
   <div class='ocr_carea' id='block_1_90' title="bbox 1902 3295 3518 3373">
    <p class='ocr_par' dir='ltr' id='par_1_90' title="bbox 1902 3295 3518 3373">
     <span class='ocr_line' id='line_1_90' title="bbox 1902 3295 3518 3373; baseline 0.009 -26"><span class='ocrx_word' id='word_1_620' title='bbox 1902 3295 2128 3351; x_wconf 68' lang='lat' dir='ltr'><strong>alterna:</strong></span> <span class='ocrx_word' id='word_1_621' title='bbox 2178 3296 2411 3351; x_wconf 84' lang='lat' dir='ltr'><strong>invicem</strong></span> <span class='ocrx_word' id='word_1_622' title='bbox 2443 3300 2696 3353; x_wconf 91' lang='lat' dir='ltr'><strong>utilitatis</strong></span> <span class='ocrx_word' id='word_1_623' title='bbox 2732 3313 2815 3355; x_wconf 87' lang='lat' dir='ltr'><strong>est</strong></span> <span class='ocrx_word' id='word_1_624' title='bbox 2844 3302 3049 3373; x_wconf 86' lang='lat' dir='ltr'><strong>indiga,</strong></span> <span class='ocrx_word' id='word_1_625' title='bbox 3082 3304 3211 3359; x_wconf 90' lang='lat' dir='ltr'><strong>dum</strong></span> <span class='ocrx_word' id='word_1_626' title='bbox 3241 3316 3298 3360; x_wconf 92' lang='lat' dir='ltr'><strong>et</strong></span> <span class='ocrx_word' id='word_1_627' title='bbox 3326 3321 3518 3361; x_wconf 90' lang='lat' dir='ltr'><strong>sacer-</strong></span> 
     </span>
    </p>
   </div>
   <div class='ocr_carea' id='block_1_91' title="bbox 1902 3388 3517 3466">
    <p class='ocr_par' dir='ltr' id='par_1_91' title="bbox 1902 3388 3517 3466">
     <span class='ocr_line' id='line_1_91' title="bbox 1902 3388 3517 3466; baseline 0.007 -24"><span class='ocrx_word' id='word_1_628' title='bbox 1902 3388 2113 3443; x_wconf 76' lang='lat' dir='ltr'><strong>dtuium</strong></span> <span class='ocrx_word' id='word_1_629' title='bbox 2165 3390 2317 3458; x_wconf 87' lang='lat' dir='ltr'><strong>regni</strong></span> <span class='ocrx_word' id='word_1_630' title='bbox 2356 3390 2585 3445; x_wconf 91' lang='lat' dir='ltr'><strong>tuitione</strong></span> <span class='ocrx_word' id='word_1_631' title='bbox 2614 3394 2943 3461; x_wconf 85' lang='lat' dir='ltr'><strong>protegitur,</strong></span> <span class='ocrx_word' id='word_1_632' title='bbox 2977 3404 3033 3449; x_wconf 93' lang='lat' dir='ltr'><strong>et</strong></span> <span class='ocrx_word' id='word_1_633' title='bbox 3068 3410 3296 3466; x_wconf 88' lang='lat' dir='ltr'><strong>regnum</strong></span> <span class='ocrx_word' id='word_1_634' title='bbox 3329 3413 3517 3453; x_wconf 87' lang='lat' dir='ltr'><strong>sacer-</strong></span> 
     </span>
    </p>
   </div>
   <div class='ocr_carea' id='block_1_92' title="bbox 1911 3483 3519 3563">
    <p class='ocr_par' dir='ltr' id='par_1_92' title="bbox 1911 3483 3519 3563">
     <span class='ocr_line' id='line_1_92' title="bbox 1911 3483 3519 3563; baseline 0.006 -24"><span class='ocrx_word' id='word_1_635' title='bbox 1911 3483 2108 3539; x_wconf 85' lang='lat' dir='ltr'><strong>dotalis</strong></span> <span class='ocrx_word' id='word_1_636' title='bbox 2142 3483 2305 3538; x_wconf 83' lang='lat' dir='ltr'><strong>oilicii</strong></span> <span class='ocrx_word' id='word_1_637' title='bbox 2338 3486 2631 3541; x_wconf 87' lang='lat' dir='ltr'><strong>sanctitate</strong></span> <span class='ocrx_word' id='word_1_638' title='bbox 2678 3485 2920 3541; x_wconf 78' lang='lat' dir='ltr'><strong>fulcitur.</strong></span> <span class='ocrx_word' id='word_1_639' title='bbox 2950 3487 3058 3543; x_wconf 86' lang='lat' dir='ltr'><strong>Sed</strong></span> <span class='ocrx_word' id='word_1_640' title='bbox 3091 3491 3222 3559; x_wconf 90' lang='lat' dir='ltr'><strong>quid</strong></span> <span class='ocrx_word' id='word_1_641' title='bbox 3255 3492 3389 3547; x_wconf 91' lang='lat' dir='ltr'><strong>mibi</strong></span> <span class='ocrx_word' id='word_1_642' title='bbox 3420 3508 3519 3563; x_wconf 87' lang='lat' dir='ltr'><strong>per</strong></span> 
     </span>
    </p>
   </div>
   <div class='ocr_carea' id='block_1_93' title="bbox 1901 3575 3521 3652">
    <p class='ocr_par' dir='ltr' id='par_1_93' title="bbox 1901 3575 3521 3652">
     <span class='ocr_line' id='line_1_93' title="bbox 1901 3575 3521 3652; baseline 0.007 -23"><span class='ocrx_word' id='word_1_643' title='bbox 1901 3589 2078 3629; x_wconf 73' lang='lat' dir='ltr'><strong>sacra:</strong></span> <span class='ocrx_word' id='word_1_644' title='bbox 2112 3575 2363 3629; x_wconf 82' lang='lat' dir='ltr'><strong>lectionis</strong></span> <span class='ocrx_word' id='word_1_645' title='bbox 2385 3577 2586 3630; x_wconf 84' lang='lat' dir='ltr'><strong>seriem</strong></span> <span class='ocrx_word' id='word_1_646' title='bbox 2610 3593 2857 3643; x_wconf 89' lang='lat' dir='ltr'><strong>currere,</strong></span> <span class='ocrx_word' id='word_1_647' title='bbox 2901 3580 3003 3633; x_wconf 85' lang='lat' dir='ltr'><strong>nisi</strong></span> <span class='ocrx_word' id='word_1_648' title='bbox 3036 3582 3164 3652; x_wconf 88' lang='lat' dir='ltr'><strong>quia</strong></span> <span class='ocrx_word' id='word_1_649' title='bbox 3200 3582 3251 3637; x_wconf 92' lang='lat' dir='ltr'><strong>in</strong></span> <span class='ocrx_word' id='word_1_650' title='bbox 3281 3592 3334 3638; x_wconf 91' lang='lat' dir='ltr'><strong>te</strong></span> <span class='ocrx_word' id='word_1_651' title='bbox 3362 3585 3521 3641; x_wconf 81' lang='lat' dir='ltr'><strong>video</strong></span> 
     </span>
    </p>
   </div>
   <div class='ocr_carea' id='block_1_94' title="bbox 1896 3666 3520 3747">
    <p class='ocr_par' dir='ltr' id='par_1_94' title="bbox 1896 3666 3520 3747">
     <span class='ocr_line' id='line_1_94' title="bbox 1896 3666 3520 3747; baseline 0.009 -27"><span class='ocrx_word' id='word_1_652' title='bbox 1896 3666 2142 3736; x_wconf 88' lang='lat' dir='ltr'><strong>ejusdem</strong></span> <span class='ocrx_word' id='word_1_653' title='bbox 2180 3670 2365 3739; x_wconf 89' lang='lat' dir='ltr'><strong>operis</strong></span> <span class='ocrx_word' id='word_1_654' title='bbox 2414 3671 2828 3727; x_wconf 89' lang='lat' dir='ltr'><strong>similitudinem</strong></span> <span class='ocrx_word' id='word_1_655' title='bbox 2876 3684 3066 3730; x_wconf 86' lang='lat' dir='ltr'><strong>nostro</strong></span> <span class='ocrx_word' id='word_1_656' title='bbox 3109 3684 3357 3747; x_wconf 90' lang='lat' dir='ltr'><strong>tempore</strong></span> <span class='ocrx_word' id='word_1_657' title='bbox 3384 3694 3520 3734; x_wconf 90' lang='lat' dir='ltr'><strong>con-</strong></span> 
     </span>
    </p>
   </div>
   <div class='ocr_carea' id='block_1_95' title="bbox 1899 3759 3516 3829">
    <p class='ocr_par' dir='ltr' id='par_1_95' title="bbox 1899 3759 3516 3829">
     <span class='ocr_line' id='line_1_95' title="bbox 1899 3759 3516 3829; baseline 0.011 -21"><span class='ocrx_word' id='word_1_658' title='bbox 1899 3760 2114 3813; x_wconf 69' lang='lat' dir='ltr'><strong>veuire-‘l</strong></span> <span class='ocrx_word' id='word_1_659' title='bbox 2160 3759 2431 3825; x_wconf 85' lang='lat' dir='ltr'><strong>Servasti,</strong></span> <span class='ocrx_word' id='word_1_660' title='bbox 2480 3763 2815 3819; x_wconf 86' lang='lat' dir='ltr'><strong>venerabilis</strong></span> <span class='ocrx_word' id='word_1_661' title='bbox 2861 3764 3055 3829; x_wconf 88' lang='lat' dir='ltr'><strong>Pater,</strong></span> <span class='ocrx_word' id='word_1_662' title='bbox 3097 3766 3349 3822; x_wconf 88' lang='lat' dir='ltr'><strong>relictum</strong></span> <span class='ocrx_word' id='word_1_663' title='bbox 3409 3771 3516 3826; x_wconf 91' lang='lat' dir='ltr'><strong>tuis</strong></span> 
     </span>
    </p>
   </div>
   <div class='ocr_carea' id='block_1_96' title="bbox 1895 3854 3511 3935">
    <p class='ocr_par' dir='ltr' id='par_1_96' title="bbox 1895 3854 3511 3935">
     <span class='ocr_line' id='line_1_96' title="bbox 1895 3854 3511 3935; baseline 0.009 -30"><span class='ocrx_word' id='word_1_664' title='bbox 1895 3854 2147 3908; x_wconf 88' lang='lat' dir='ltr'><strong>manibus</strong></span> <span class='ocrx_word' id='word_1_665' title='bbox 2199 3871 2451 3925; x_wconf 84' lang='lat' dir='ltr'><strong>puerum,</strong></span> <span class='ocrx_word' id='word_1_666' title='bbox 2507 3856 2743 3911; x_wconf 81' lang='lat' dir='ltr'><strong>ﬁrmasti</strong></span> <span class='ocrx_word' id='word_1_667' title='bbox 2792 3872 3043 3929; x_wconf 88' lang='lat' dir='ltr'><strong>regnum,</strong></span> <span class='ocrx_word' id='word_1_668' title='bbox 3086 3862 3377 3916; x_wconf 87' lang='lat' dir='ltr'><strong>restituisti</strong></span> <span class='ocrx_word' id='word_1_669' title='bbox 3409 3880 3511 3935; x_wconf 87' lang='lat' dir='ltr'><strong>pu-</strong></span> 
     </span>
    </p>
   </div>
   <div class='ocr_carea' id='block_1_97' title="bbox 1894 3947 3511 4029">
    <p class='ocr_par' dir='ltr' id='par_1_97' title="bbox 1894 3947 3511 4029">
     <span class='ocr_line' id='line_1_97' title="bbox 1894 3947 3511 4029; baseline 0.008 -31"><span class='ocrx_word' id='word_1_670' title='bbox 1894 3947 2021 4015; x_wconf 87' lang='lat' dir='ltr'><strong>pillo</strong></span> <span class='ocrx_word' id='word_1_671' title='bbox 2046 3948 2256 4017; x_wconf 77' lang='lat' dir='ltr'><strong>paterni</strong></span> <span class='ocrx_word' id='word_1_672' title='bbox 2282 3948 2422 4018; x_wconf 90' lang='lat' dir='ltr'><strong>juris</strong></span> <span class='ocrx_word' id='word_1_673' title='bbox 2448 3949 2762 4020; x_wconf 90' lang='lat' dir='ltr'><strong>imperium,</strong></span> <span class='ocrx_word' id='word_1_674' title='bbox 2796 3953 2863 4006; x_wconf 88' lang='lat' dir='ltr'><strong>ad</strong></span> <span class='ocrx_word' id='word_1_675' title='bbox 2892 3956 3262 4009; x_wconf 84' lang='lat' dir='ltr'><strong>sacerdotium</strong></span> <span class='ocrx_word' id='word_1_676' title='bbox 3289 3972 3511 4029; x_wconf 82' lang='lat' dir='ltr'><strong>quoque</strong></span> 
     </span>
    </p>
   </div>
   <div class='ocr_carea' id='block_1_98' title="bbox 1895 4040 3511 4113">
    <p class='ocr_par' dir='ltr' id='par_1_98' title="bbox 1895 4040 3511 4113">
     <span class='ocr_line' id='line_1_98' title="bbox 1895 4040 3511 4113; baseline 0.011 -25"><span class='ocrx_word' id='word_1_677' title='bbox 1895 4053 2115 4090; x_wconf 88' lang='lat' dir='ltr'><strong>tnanutn</strong></span> <span class='ocrx_word' id='word_1_678' title='bbox 2148 4048 2253 4092; x_wconf 66' lang='lat' dir='ltr'><strong>tute</strong></span> <span class='ocrx_word' id='word_1_679' title='bbox 2277 4040 2580 4108; x_wconf 69' lang='lat' dir='ltr'><strong>prudentiae</strong></span> <span class='ocrx_word' id='word_1_680' title='bbox 2609 4040 2724 4113; x_wconf 84' lang='lat'><strong>(85)</strong></span> <span class='ocrx_word' id='word_1_681' title='bbox 2755 4044 3007 4112; x_wconf 88' lang='lat' dir='ltr'><strong>protintts</strong></span> <span class='ocrx_word' id='word_1_682' title='bbox 3035 4047 3355 4113; x_wconf 83' lang='lat' dir='ltr'><strong>extendisti,</strong></span> <span class='ocrx_word' id='word_1_683' title='bbox 3382 4048 3511 4105; x_wconf 85' lang='lat' dir='ltr'><strong>dunt</strong></span> 
     </span>
    </p>
   </div>
   <div class='ocr_carea' id='block_1_99' title="bbox 1891 4128 3496 4209">
    <p class='ocr_par' dir='ltr' id='par_1_99' title="bbox 1891 4128 3496 4209">
     <span class='ocr_line' id='line_1_99' title="bbox 1891 4128 3496 4209; baseline 0.009 -29"><span class='ocrx_word' id='word_1_684' title='bbox 1891 4137 1945 4181; x_wconf 90' lang='lat' dir='ltr'><strong>et</strong></span> <span class='ocrx_word' id='word_1_685' title='bbox 1988 4128 2301 4185; x_wconf 83' lang='lat' dir='ltr'><strong>Parmensis</strong></span> <span class='ocrx_word' id='word_1_686' title='bbox 2353 4132 2541 4187; x_wconf 66' lang='lat' dir='ltr'><strong>bestiae</strong></span> <span class='ocrx_word' id='word_1_687' title='bbox 2571 4147 2836 4203; x_wconf 87' lang='lat' dir='ltr'><strong>squamea</strong></span> <span class='ocrx_word' id='word_1_688' title='bbox 2866 4134 3004 4189; x_wconf 75' lang='lat' dir='ltr'><strong>colla</strong></span> <span class='ocrx_word' id='word_1_689' title='bbox 3035 4138 3335 4209; x_wconf 83' lang='lat' dir='ltr'><strong>evangelici</strong></span> <span class='ocrx_word' id='word_1_690' title='bbox 3374 4157 3496 4194; x_wconf 88' lang='lat' dir='ltr'><strong>mtt-</strong></span> 
     </span>
    </p>
   </div>
   <div class='ocr_carea' id='block_1_100' title="bbox 1891 4224 3509 4297">
    <p class='ocr_par' dir='ltr' id='par_1_100' title="bbox 1891 4224 3509 4297">
     <span class='ocr_line' id='line_1_100' title="bbox 1891 4224 3509 4297; baseline 0.008 -22"><span class='ocrx_word' id='word_1_691' title='bbox 1891 4224 2077 4276; x_wconf 88' lang='lat' dir='ltr'><strong>cronis</strong></span> <span class='ocrx_word' id='word_1_692' title='bbox 2116 4224 2302 4294; x_wconf 75' lang='lat' dir='ltr'><strong>vigore</strong></span> <span class='ocrx_word' id='word_1_693' title='bbox 2335 4225 2651 4295; x_wconf 66' lang='lat' dir='ltr'><strong>praecidere,</strong></span> <span class='ocrx_word' id='word_1_694' title='bbox 2695 4236 2751 4280; x_wconf 89' lang='lat' dir='ltr'><strong>et</strong></span> <span class='ocrx_word' id='word_1_695' title='bbox 2777 4228 3090 4297; x_wconf 75' lang='lat' dir='ltr'><strong>apostolica:</strong></span> <span class='ocrx_word' id='word_1_696' title='bbox 3117 4231 3263 4284; x_wconf 87' lang='lat' dir='ltr'><strong>sedis</strong></span> <span class='ocrx_word' id='word_1_697' title='bbox 3292 4234 3509 4288; x_wconf 85' lang='lat' dir='ltr'><strong>antisti-</strong></span> 
     </span>
    </p>
   </div>
   <div class='ocr_carea' id='block_1_101' title="bbox 1891 4312 3505 4395">
    <p class='ocr_par' dir='ltr' id='par_1_101' title="bbox 1891 4312 3505 4395">
     <span class='ocr_line' id='line_1_101' title="bbox 1891 4312 3505 4395; baseline 0.007 -30"><span class='ocrx_word' id='word_1_698' title='bbox 1891 4321 1997 4365; x_wconf 85' lang='lat' dir='ltr'><strong>tem</strong></span> <span class='ocrx_word' id='word_1_699' title='bbox 2026 4315 2076 4365; x_wconf 91' lang='lat' dir='ltr'><strong>in</strong></span> <span class='ocrx_word' id='word_1_700' title='bbox 2109 4328 2222 4367; x_wconf 63' lang='lat' dir='ltr'><strong>sua:</strong></span> <span class='ocrx_word' id='word_1_701' title='bbox 2246 4312 2529 4385; x_wconf 88' lang='lat' dir='ltr'><strong>dignitatis</strong></span> <span class='ocrx_word' id='word_1_702' title='bbox 2550 4314 2844 4371; x_wconf 85' lang='lat' dir='ltr'><strong>elaborasti</strong></span> <span class='ocrx_word' id='word_1_703' title='bbox 2879 4316 3049 4371; x_wconf 89' lang='lat' dir='ltr'><strong>ﬂlium</strong></span> <span class='ocrx_word' id='word_1_704' title='bbox 3076 4317 3139 4390; x_wconf 66' lang='grc' dir='ltr'><strong>υ.</strong></span> <span class='ocrx_word' id='word_1_705' title='bbox 3167 4318 3389 4395; x_wconf 84' lang='lat' dir='ltr'><strong>solium]</strong></span> <span class='ocrx_word' id='word_1_706' title='bbox 3419 4340 3505 4377; x_wconf 91' lang='lat' dir='ltr'><strong>rc-</strong></span> 
     </span>
    </p>
   </div>
   <div class='ocr_carea' id='block_1_102' title="bbox 1886 4401 3506 4479">
    <p class='ocr_par' dir='ltr' id='par_1_102' title="bbox 1886 4401 3506 4479">
     <span class='ocr_line' id='line_1_102' title="bbox 1886 4401 3506 4479; baseline 0.01 -26"><span class='ocrx_word' id='word_1_707' title='bbox 1886 4401 2170 4467; x_wconf 81' lang='lat' dir='ltr'><strong>formare;</strong></span> <span class='ocrx_word' id='word_1_708' title='bbox 2226 4408 2320 4457; x_wconf 87' lang='lat' dir='ltr'><strong>sed</strong></span> <span class='ocrx_word' id='word_1_709' title='bbox 2360 4413 2544 4475; x_wconf 74' lang='lat' dir='ltr'><strong>erepto</strong></span> <span class='ocrx_word' id='word_1_710' title='bbox 2602 4406 2757 4477; x_wconf 91' lang='lat' dir='ltr'><strong>operi</strong></span> <span class='ocrx_word' id='word_1_711' title='bbox 2812 4408 2919 4462; x_wconf 87' lang='lat' dir='ltr'><strong>nisi</strong></span> <span class='ocrx_word' id='word_1_712' title='bbox 2974 4418 3252 4479; x_wconf 88' lang='lat' dir='ltr'><strong>postrema</strong></span> <span class='ocrx_word' id='word_1_713' title='bbox 3307 4430 3506 4470; x_wconf 85' lang='lat' dir='ltr'><strong>manus</strong></span> 
     </span>
    </p>
   </div>
   <div class='ocr_carea' id='block_1_103' title="bbox 1887 4497 3502 4578">
    <p class='ocr_par' dir='ltr' id='par_1_103' title="bbox 1887 4497 3502 4578">
     <span class='ocr_line' id='line_1_103' title="bbox 1887 4497 3502 4578; baseline 0.009 -29"><span class='ocrx_word' id='word_1_714' title='bbox 1887 4497 2133 4559; x_wconf 86' lang='lat' dir='ltr'><strong>accedat.</strong></span> <span class='ocrx_word' id='word_1_715' title='bbox 2169 4499 2272 4551; x_wconf 81' lang='lat' dir='ltr'><strong>nisi</strong></span> <span class='ocrx_word' id='word_1_716' title='bbox 2317 4500 2685 4555; x_wconf 89' lang='lat' dir='ltr'><strong>adhibeantur</strong></span> <span class='ocrx_word' id='word_1_717' title='bbox 2719 4503 2901 4557; x_wconf 89' lang='lat' dir='ltr'><strong>adhuc</strong></span> <span class='ocrx_word' id='word_1_718' title='bbox 2947 4502 3062 4570; x_wconf 88' lang='lat' dir='ltr'><strong>illa,</strong></span> <span class='ocrx_word' id='word_1_719' title='bbox 3100 4523 3221 4576; x_wconf 76' lang='lat' dir='ltr'><strong>qua:</strong></span> <span class='ocrx_word' id='word_1_720' title='bbox 3259 4521 3502 4578; x_wconf 67' lang='lat' dir='ltr'><strong>restant;</strong></span> 
     </span>
    </p>
   </div>
   <div class='ocr_carea' id='block_1_104' title="bbox 1806 4578 3502 4661">
    <p class='ocr_par' dir='ltr' id='par_1_104' title="bbox 1806 4578 3502 4661">
     <span class='ocr_line' id='line_1_104' title="bbox 1806 4578 3502 4661; baseline 0.012 -24"><span class='ocrx_word' id='word_1_721' title='bbox 1806 4578 1856 4637; x_wconf 86' lang='lat' dir='ltr'><strong>D</strong></span> <span class='ocrx_word' id='word_1_722' title='bbox 1885 4600 2131 4643; x_wconf 71' lang='lat' dir='ltr'><strong>sanctum</strong></span> <span class='ocrx_word' id='word_1_723' title='bbox 2158 4592 2325 4644; x_wconf 82' lang='lat' dir='ltr'><strong>vestri</strong></span> <span class='ocrx_word' id='word_1_724' title='bbox 2358 4593 2543 4661; x_wconf 88' lang='lat' dir='ltr'><strong>operis</strong></span> <span class='ocrx_word' id='word_1_725' title='bbox 2567 4593 2859 4650; x_wconf 64' lang='lat' dir='ltr'><strong>aediﬁcium</strong></span> <span class='ocrx_word' id='word_1_726' title='bbox 2888 4596 3154 4661; x_wconf 86' lang='lat' dir='ltr'><strong>minatur,</strong></span> <span class='ocrx_word' id='word_1_727' title='bbox 3185 4611 3502 4657; x_wconf 84' lang='lat' dir='ltr'><strong>utcorruat.</strong></span> 
     </span>
    </p>
   </div>
   <div class='ocr_carea' id='block_1_105' title="bbox 1883 4685 3505 4759">
    <p class='ocr_par' dir='ltr' id='par_1_105' title="bbox 1883 4685 3505 4759">
     <span class='ocr_line' id='line_1_105' title="bbox 1883 4685 3505 4759; baseline 0.005 -18"><span class='ocrx_word' id='word_1_728' title='bbox 1883 4685 2154 4741; x_wconf 86' lang='lat' dir='ltr'><strong>Cadalous</strong></span> <span class='ocrx_word' id='word_1_729' title='bbox 2205 4690 2350 4742; x_wconf 86' lang='lat' dir='ltr'><strong>enim</strong></span> <span class='ocrx_word' id='word_1_730' title='bbox 2423 4686 2515 4742; x_wconf 90' lang='lat' dir='ltr'><strong>ille</strong></span> <span class='ocrx_word' id='word_1_731' title='bbox 2562 4696 2773 4742; x_wconf 73' lang='lat' dir='ltr'><strong>sancta:</strong></span> <span class='ocrx_word' id='word_1_732' title='bbox 2812 4688 3170 4757; x_wconf 88' lang='lat' dir='ltr'><strong>perturbatur</strong></span> <span class='ocrx_word' id='word_1_733' title='bbox 3216 4692 3505 4759; x_wconf 66' lang='lat' dir='ltr'><strong>ECCICSliP,</strong></span> 
     </span>
    </p>
   </div>
   <div class='ocr_carea' id='block_1_106' title="bbox 1882 4781 3506 4853">
    <p class='ocr_par' dir='ltr' id='par_1_106' title="bbox 1882 4781 3506 4853">
     <span class='ocr_line' id='line_1_106' title="bbox 1882 4781 3506 4853; baseline 0.006 -21"><span class='ocrx_word' id='word_1_734' title='bbox 1882 4796 2105 4835; x_wconf 80' lang='lat' dir='ltr'><strong>eversor</strong></span> <span class='ocrx_word' id='word_1_735' title='bbox 2158 4781 2470 4853; x_wconf 80' lang='lat' dir='ltr'><strong>apostolica:</strong></span> <span class='ocrx_word' id='word_1_736' title='bbox 2516 4781 2843 4851; x_wconf 65' lang='lat' dir='ltr'><strong>disciplinae,</strong></span> <span class='ocrx_word' id='word_1_737' title='bbox 2880 4782 3136 4839; x_wconf 89' lang='lat' dir='ltr'><strong>inimicus</strong></span> <span class='ocrx_word' id='word_1_738' title='bbox 3179 4786 3373 4841; x_wconf 82' lang='lat' dir='ltr'><strong>salutis</strong></span> <span class='ocrx_word' id='word_1_739' title='bbox 3407 4789 3506 4842; x_wconf 90' lang='lat' dir='ltr'><strong>hu-</strong></span> 
     </span>
    </p>
   </div>
   <div class='ocr_carea' id='block_1_107' title="bbox 1884 4856 3498 4946">
    <p class='ocr_par' dir='ltr' id='par_1_107' title="bbox 1884 4856 3498 4946">
     <span class='ocr_line' id='line_1_107' title="bbox 1884 4856 3498 4946; baseline 0.004 -21"><span class='ocrx_word' id='word_1_740' title='bbox 1884 4887 2079 4935; x_wconf 66' lang='lat' dir='ltr'><strong>manm,</strong></span> <span class='ocrx_word' id='word_1_741' title='bbox 2125 4871 2237 4937; x_wconf 87' lang='lat' dir='ltr'><strong>ille,</strong></span> <span class='ocrx_word' id='word_1_742' title='bbox 2290 4870 2531 4943; x_wconf 88' lang='lat' dir='ltr'><strong>inquam,</strong></span> <span class='ocrx_word' id='word_1_743' title='bbox 2584 4856 2742 4927; x_wconf 74' lang='lat' dir='ltr'><strong>radix</strong></span> <span class='ocrx_word' id='word_1_744' title='bbox 2776 4878 3015 4943; x_wconf 86' lang='lat' dir='ltr'><strong>peccati,</strong></span> <span class='ocrx_word' id='word_1_745' title='bbox 3055 4890 3240 4945; x_wconf 66' lang='lat' dir='ltr'><strong>praeco</strong></span> <span class='ocrx_word' id='word_1_746' title='bbox 3274 4879 3498 4946; x_wconf 89' lang='lat' dir='ltr'><strong>diaboli,</strong></span> 
     </span>
    </p>
   </div>
   <div class='ocr_carea' id='block_1_108' title="bbox 1883 4963 3502 5039">
    <p class='ocr_par' dir='ltr' id='par_1_108' title="bbox 1883 4963 3502 5039">
     <span class='ocr_line' id='line_1_108' title="bbox 1883 4963 3502 5039; baseline 0.007 -23"><span class='ocrx_word' id='word_1_747' title='bbox 1883 4963 2167 5034; x_wconf 87' lang='lat' dir='ltr'><strong>apostolus</strong></span> <span class='ocrx_word' id='word_1_748' title='bbox 2204 4963 2562 5030; x_wconf 81' lang='lat' dir='ltr'><strong>Antichristi,</strong></span> <span class='ocrx_word' id='word_1_749' title='bbox 2597 4965 2800 5036; x_wconf 85' lang='lat' dir='ltr'><strong>sagitta</strong></span> <span class='ocrx_word' id='word_1_750' title='bbox 2834 4967 3099 5021; x_wconf 88' lang='lat' dir='ltr'><strong>nimirum</strong></span> <span class='ocrx_word' id='word_1_751' title='bbox 3134 4972 3399 5039; x_wconf 83' lang='lat' dir='ltr'><strong>producta</strong></span> <span class='ocrx_word' id='word_1_752' title='bbox 3436 4975 3502 5028; x_wconf 86' lang='lat' dir='ltr'><strong>de</strong></span> 
     </span>
    </p>
   </div>
   <div class='ocr_carea' id='block_1_109' title="bbox 1885 5054 3501 5126">
    <p class='ocr_par' dir='ltr' id='par_1_109' title="bbox 1885 5054 3501 5126">
     <span class='ocr_line' id='line_1_109' title="bbox 1885 5054 3501 5126; baseline 0.007 -17"><span class='ocrx_word' id='word_1_753' title='bbox 1885 5055 2145 5125; x_wconf 89' lang='lat' dir='ltr'><strong>pharetra</strong></span> <span class='ocrx_word' id='word_1_754' title='bbox 2197 5054 2451 5120; x_wconf 72' lang='lat' dir='ltr'><strong>Satante,</strong></span> <span class='ocrx_word' id='word_1_755' title='bbox 2500 5055 2649 5126; x_wconf 90' lang='lat' dir='ltr'><strong>virga</strong></span> <span class='ocrx_word' id='word_1_756' title='bbox 2703 5055 2911 5122; x_wconf 85' lang='lat' dir='ltr'><strong>Assur,</strong></span> <span class='ocrx_word' id='word_1_757' title='bbox 2944 5057 3089 5113; x_wconf 81' lang='lat' dir='ltr'><strong>illius</strong></span> <span class='ocrx_word' id='word_1_758' title='bbox 3122 5059 3315 5125; x_wconf 81' lang='lat' dir='ltr'><strong>Belial,</strong></span> <span class='ocrx_word' id='word_1_759' title='bbox 3359 5064 3501 5121; x_wconf 82' lang='lat' dir='ltr'><strong>Illius</strong></span> 
     </span>
    </p>
   </div>
   <div class='ocr_carea' id='block_1_110' title="bbox 1884 5149 3502 5224">
    <p class='ocr_par' dir='ltr' id='par_1_110' title="bbox 1884 5149 3502 5224">
     <span class='ocr_line' id='line_1_110' title="bbox 1884 5149 3502 5224; baseline 0.007 -22"><span class='ocrx_word' id='word_1_760' title='bbox 1884 5149 2229 5219; x_wconf 84' lang='lat' dir='ltr'><strong>perditionis,</strong></span> <span class='ocrx_word' id='word_1_761' title='bbox 2262 5149 2354 5219; x_wconf 83' lang='lat' dir='ltr'><strong>qui</strong></span> <span class='ocrx_word' id='word_1_762' title='bbox 2389 5150 2710 5204; x_wconf 86' lang='lat' dir='ltr'><strong>adversatur</strong></span> <span class='ocrx_word' id='word_1_763' title='bbox 2734 5160 2787 5205; x_wconf 85' lang='lat' dir='ltr'><strong>et</strong></span> <span class='ocrx_word' id='word_1_764' title='bbox 2833 5152 3119 5207; x_wconf 74' lang='lat' dir='ltr'><strong>extollitur</strong></span> <span class='ocrx_word' id='word_1_765' title='bbox 3148 5172 3312 5224; x_wconf 89' lang='lat' dir='ltr'><strong>supra</strong></span> <span class='ocrx_word' id='word_1_766' title='bbox 3339 5172 3502 5213; x_wconf 88' lang='lat' dir='ltr'><strong>omne</strong></span> 
     </span>
    </p>
   </div>
   <div class='ocr_carea' id='block_1_111' title="bbox 1882 5242 3498 5321">
    <p class='ocr_par' dir='ltr' id='par_1_111' title="bbox 1882 5242 3498 5321">
     <span class='ocr_line' id='line_1_111' title="bbox 1882 5242 3498 5321; baseline 0.004 -24"><span class='ocrx_word' id='word_1_767' title='bbox 1882 5244 2025 5314; x_wconf 85' lang='lat' dir='ltr'><strong>quod</strong></span> <span class='ocrx_word' id='word_1_768' title='bbox 2076 5242 2281 5299; x_wconf 92' lang='lat' dir='ltr'><strong>dicitur</strong></span> <span class='ocrx_word' id='word_1_769' title='bbox 2309 5242 2468 5305; x_wconf 87' lang='lat' dir='ltr'><strong>Deus,</strong></span> <span class='ocrx_word' id='word_1_770' title='bbox 2505 5252 2595 5297; x_wconf 90' lang='lat' dir='ltr'><strong>aut</strong></span> <span class='ocrx_word' id='word_1_771' title='bbox 2627 5243 2773 5312; x_wconf 89' lang='lat' dir='ltr'><strong>quod</strong></span> <span class='ocrx_word' id='word_1_772' title='bbox 2816 5243 3038 5300; x_wconf 91' lang='lat' dir='ltr'><strong>collitur</strong></span> <span class='ocrx_word' id='word_1_773' title='bbox 3080 5246 3165 5316; x_wconf 90' lang='grc' dir='ltr'><strong>(ΙΙ</strong></span> <span class='ocrx_word' id='word_1_774' title='bbox 3202 5247 3384 5303; x_wconf 82' lang='lat' dir='ltr'><strong>Thess.</strong></span> <span class='ocrx_word' id='word_1_775' title='bbox 3414 5250 3498 5321; x_wconf 82' lang='grc' dir='ltr'>ιι),</span> 
     </span>
    </p>
   </div>
   <div class='ocr_carea' id='block_1_112' title="bbox 1882 5337 3500 5405">
    <p class='ocr_par' dir='ltr' id='par_1_112' title="bbox 1882 5337 3500 5405">
     <span class='ocr_line' id='line_1_112' title="bbox 1882 5337 3500 5405; baseline 0.002 -12"><span class='ocrx_word' id='word_1_776' title='bbox 1882 5340 2029 5394; x_wconf 89' lang='lat' dir='ltr'><strong>velut</strong></span> <span class='ocrx_word' id='word_1_777' title='bbox 2070 5339 2246 5395; x_wconf 87' lang='lat' dir='ltr'><strong>Draco</strong></span> <span class='ocrx_word' id='word_1_778' title='bbox 2277 5338 2595 5393; x_wconf 89' lang='lat' dir='ltr'><strong>teterrimus</strong></span> <span class='ocrx_word' id='word_1_779' title='bbox 2624 5340 2801 5393; x_wconf 89' lang='lat' dir='ltr'><strong>adhuc</strong></span> <span class='ocrx_word' id='word_1_780' title='bbox 2830 5337 3033 5405; x_wconf 86' lang='lat' dir='ltr'><strong>sulllat,</strong></span> <span class='ocrx_word' id='word_1_781' title='bbox 3068 5341 3250 5396; x_wconf 86' lang='lat' dir='ltr'><strong>adhuc</strong></span> <span class='ocrx_word' id='word_1_782' title='bbox 3302 5342 3500 5397; x_wconf 66' lang='lat' dir='ltr'><strong>{tutore</strong></span> 
     </span>
    </p>
   </div>
   <div class='ocr_carea' id='block_1_113' title="bbox 1881 5429 3499 5506">
    <p class='ocr_par' dir='ltr' id='par_1_113' title="bbox 1881 5429 3499 5506">
     <span class='ocr_line' id='line_1_113' title="bbox 1881 5429 3499 5506; baseline 0.003 -19"><span class='ocrx_word' id='word_1_783' title='bbox 1881 5441 2165 5489; x_wconf 75' lang='lat' dir='ltr'><strong>venenatae</strong></span> <span class='ocrx_word' id='word_1_784' title='bbox 2196 5429 2442 5505; x_wconf 79' lang='lat' dir='ltr'><strong>pecuniae</strong></span> <span class='ocrx_word' id='word_1_785' title='bbox 2489 5447 2652 5487; x_wconf 88' lang='lat' dir='ltr'><strong>nares</strong></span> <span class='ocrx_word' id='word_1_786' title='bbox 2685 5433 2964 5487; x_wconf 87' lang='lat' dir='ltr'><strong>hominum</strong></span> <span class='ocrx_word' id='word_1_787' title='bbox 2997 5435 3193 5500; x_wconf 78' lang='lat' dir='ltr'><strong>fcedat,</strong></span> <span class='ocrx_word' id='word_1_788' title='bbox 3225 5436 3499 5506; x_wconf 82' lang='lat' dir='ltr'><strong>iidemque</strong></span> 
     </span>
    </p>
   </div>
   <div class='ocr_carea' id='block_1_114' title="bbox 1882 5524 3495 5597">
    <p class='ocr_par' dir='ltr' id='par_1_114' title="bbox 1882 5524 3495 5597">
     <span class='ocr_line' id='line_1_114' title="bbox 1882 5524 3495 5597; baseline 0.001 -16"><span class='ocrx_word' id='word_1_789' title='bbox 1882 5528 2181 5581; x_wconf 88' lang='lat' dir='ltr'><strong>multorum</strong></span> <span class='ocrx_word' id='word_1_790' title='bbox 2214 5535 2375 5580; x_wconf 85' lang='lat' dir='ltr'><strong>vento</strong></span> <span class='ocrx_word' id='word_1_791' title='bbox 2397 5525 2510 5597; x_wconf 59' lang='lat'><strong>95.</strong></span> <span class='ocrx_word' id='word_1_792' title='bbox 2533 5524 2774 5595; x_wconf 64' lang='lat' dir='ltr'><strong>perﬁdiae</strong></span> <span class='ocrx_word' id='word_1_793' title='bbox 2807 5526 3155 5583; x_wconf 80' lang='lat' dir='ltr'><strong>vacillantem</strong></span> <span class='ocrx_word' id='word_1_794' title='bbox 3186 5545 3357 5584; x_wconf 84' lang='lat' dir='ltr'><strong>novus</strong></span> <span class='ocrx_word' id='word_1_795' title='bbox 3384 5530 3495 5583; x_wconf 78' lang='lat' dir='ltr'><strong>ha:-</strong></span> 
     </span>
    </p>
   </div>
   <div class='ocr_carea' id='block_1_115' title="bbox 1829 5598 3486 5690">
    <p class='ocr_par' dir='ltr' id='par_1_115' title="bbox 1829 5598 3486 5690">
     <span class='ocr_line' id='line_1_115' title="bbox 1829 5598 3486 5690; baseline 0.002 -16"><span class='ocrx_word' id='word_1_796' title='bbox 1829 5598 1839 5606; x_wconf 56' lang='grc'><em>’</em></span> <span class='ocrx_word' id='word_1_797' title='bbox 1879 5620 2157 5677; x_wconf 81' lang='lat' dir='ltr'><strong>resiarcha</strong></span> <span class='ocrx_word' id='word_1_798' title='bbox 2192 5618 2494 5690; x_wconf 88' lang='lat' dir='ltr'><strong>perturbat.</strong></span> <span class='ocrx_word' id='word_1_799' title='bbox 2542 5618 2695 5673; x_wconf 81' lang='lat' dir='ltr'><strong>Sicut</strong></span> <span class='ocrx_word' id='word_1_800' title='bbox 2738 5619 2883 5673; x_wconf 89' lang='lat' dir='ltr'><strong>cnim</strong></span> <span class='ocrx_word' id='word_1_801' title='bbox 2934 5618 3123 5675; x_wconf 86' lang='lat' dir='ltr'><strong>Jovem</strong></span> <span class='ocrx_word' id='word_1_802' title='bbox 3184 5622 3235 5675; x_wconf 92' lang='lat' dir='ltr'><strong>in</strong></span> <span class='ocrx_word' id='word_1_803' title='bbox 3298 5620 3486 5679; x_wconf 81' lang='lat' dir='ltr'><strong>Dianae</strong></span> 
     </span>
    </p>
   </div>
   <div class='ocr_carea' id='block_1_116' title="bbox 248 5776 2025 5859">
    <p class='ocr_par' dir='ltr' id='par_1_116' title="bbox 248 5776 2025 5859">
     <span class='ocr_line' id='line_1_116' title="bbox 248 5776 2025 5859; baseline 0.002 -24"><span class='ocrx_word' id='word_1_804' title='bbox 248 5776 350 5851; x_wconf 75' lang='lat'><strong>(85)</strong></span> <span class='ocrx_word' id='word_1_805' title='bbox 385 5781 695 5840; x_wconf 85' lang='lat' dir='ltr'><strong>Cadaloum</strong></span> <span class='ocrx_word' id='word_1_806' title='bbox 729 5783 1011 5858; x_wconf 85' lang='lat' dir='ltr'><strong>tntelliglt,</strong></span> <span class='ocrx_word' id='word_1_807' title='bbox 1042 5785 1134 5855; x_wconf 92' lang='lat' dir='ltr'><strong>qui</strong></span> <span class='ocrx_word' id='word_1_808' title='bbox 1160 5783 1445 5841; x_wconf 86' lang='lat' dir='ltr'><strong>Parmensi</strong></span> <span class='ocrx_word' id='word_1_809' title='bbox 1478 5785 1739 5843; x_wconf 72' lang='lat' dir='ltr'><strong>Ecctesirc</strong></span> <span class='ocrx_word' id='word_1_810' title='bbox 1767 5795 2025 5859; x_wconf 66' lang='lat' dir='ltr'><strong>praeerat.</strong></span> 
     </span>
    </p>
   </div>
  </div>
