4260 6440
877 345 981 402 295

1440 339 1496 393 S.
1539 337 1738 393 PETRI
1767 332 2044 390 DAMIA‘NI
2082 333 2235 391 OPP.
2278 332 2458 391 PAIlS
2490 334 2620 392 SEU
2661 329 2896 390 TOMUS
2918 331 2959 386 I.
2985 329 3289 386 —EI‘|ST.
3330 331 3456 388 LIB.
3483 330 3618 387 VIII.

4002 326 4104 386 296

879 457 1140 532 gremium
1180 467 1274 524 per
1312 467 1533 507 aureum
1573 451 1799 505 imbrem
1841 449 2178 505 descendisse
2220 447 2433 502 fabula-
2461 457 2510 517 Α
2539 453 2638 508 hoc
2683 450 2902 504 frustra.
2961 447 3017 502 Si
3047 448 3190 503 enim
3224 462 3401 518 regem
3427 447 3534 518 95
3583 445 3753 502 David
3797 457 3897 502 cor
3927 459 4106 514 suum,

882 565 998 605 rum
1028 552 1320 602 commenta
1360 543 1671 613 confingunt
1696 543 1950 612 (APOLLO,
1983 540 2230 594 Biblioth.
2266 539 2304 591 ι.
2336 541 2431 608 ιι);

882 641 960 696 sic
1019 639 1116 691 iste
1175 650 1273 704 per
1318 649 1506 688 aurum
1556 633 1623 687 de
1679 649 1787 688 sua:
1844 632 2096 687 Ecclesiae
2159 632 2426 702 sacrilega

882 724 1174 794 dejectione
1199 723 1499 792 quaesitum,
1535 721 1892 776 adulterinum
1932 720 2074 776 sedis
2122 719 2434 789 apostolica:

881 815 1220 872 concubitum
1272 815 1483 883 quaerit,
1526 821 1580 866 et
1630 821 1878 880 tanquam
1937 809 2180 880 petulcus
2225 808 2436 865 adulter

815 926 826 933 -
879 918 1030 958 suam
1071 901 1283 973 explere
1312 901 1584 955 libidinem
1608 899 1662 955 in
1694 898 1949 953 Romanae
1983 897 2237 954 Ecclesiae
2265 898 2436 955 viola-

880 991 1025 1046 tione
1050 989 1352 1046 medullitus
1377 987 1671 1042 inardescit

949 1081 1321 1150 Quamobrem,
1346 1077 1666 1134 venerabilis
1693 1077 1877 1143 Pater,
1903 1086 1963 1133 ut
1999 1086 2218 1134 sanctus
2266 1078 2436 1133 studii

878 1174 953 1232 tui
980 1173 1129 1229 labor
1153 1173 1220 1226 ad
1244 1169 1488 1226 eﬂ‘ectum
1514 1169 1733 1224 omnino
1762 1168 2067 1240 perveniat,
2096 1177 2151 1223 et
2176 1183 2273 1238 per
2293 1182 2433 1223 cau-

877 1265 999 1320 dam
1034 1261 1246 1330 titionis
1272 1258 1448 1328 hujus,
1487 1258 1596 1313 imo
1628 1271 1722 1326 per
1747 1272 1910 1312 unum
1937 1257 2208 1328 putridum
2235 1256 2433 1312 diaboli

877 1350 1199 1414 membrum,
1231 1347 1370 1418 apud
1409 1346 1713 1417 opinionem
1744 1346 2020 1400 hominum
2061 1344 2301 1401 Romana
2330 1345 2436 1401 Ec-

875 1439 1036 1497 clesia
1073 1452 1178 1494 non
1221 1437 1459 1500 vilescat,
1491 1444 1546 1491 et
1597 1436 1700 1490 hac
1741 1437 2050 1502 occasione,
2091 1438 2232 1507 quod
2272 1437 2430 1501 absit,

873 1530 1217 1586 Christianus
1263 1526 1489 1598 populus
1528 1528 1580 1580 in
1623 1539 1808 1583 errore
1846 1536 2183 1597 permaneat,
2214 1542 2433 1585 necesse

873 1631 958 1676 est
985 1629 1046 1674 ut
1089 1625 1265 1673 vestra
1307 1616 1592 1688 prudentia
1625 1618 1749 1673 totis
1777 1617 1986 1673 nisibus
2006 1618 2268 1685 elaboret,
2296 1634 2434 1689 qua-

876 1718 1032 1766 tenus
1064 1708 1316 1779 generale
1337 1709 1625 1764 concilium
1666 1709 1983 1779 quantocius
2008 1709 2122 1776 Iiat,
2152 1718 2206 1764 et
2249 1711 2430 1779 perni-

2539 540 2814 609 Scriptura
2871 546 3038 600 teste,
3091 538 3392 606 percussit,
3443 537 3566 605 quia
3617 537 3890 591 duntaxat
3956 550 4109 590 oram

2538 629 2832 698 chlamydis
2862 627 2989 682 Saul
3010 626 3232 680 silenter
3260 625 3487 679 abscidit
3507 624 3559 693 (I
3590 624 3723 696 Reg.
3755 626 3916 695 ιιιν)
3939 642 3956 690 ;
3981 625 4114 696 quid

2535 735 2655 791 ego,
2685 719 2776 788 qui
2817 734 2923 772 non
2951 717 3113 772 vestis
3142 715 3493 786 particulam,
3525 715 3618 769 sed
3663 715 3910 782 integras
3942 714 4113 778 ultro,

2535 811 2697 866 etiam
2726 807 2988 878 pretiosas
3016 822 3046 859 a
3077 805 3292 861 domino
3320 818 3440 858 meo
3464 815 3640 860 vestes
3668 803 3899 868 extorsi,
3928 812 3986 857 et
4015 807 4116 861 sub

2535 917 2639 958 non
2655 898 3039 970 impendenda,
3053 895 3149 952 sed
3173 893 3527 966 percipiendae
3549 894 3842 949 charitatis
3856 895 4114 961 obtentu,

2535 991 2660 1047 dum
2699 1004 2784 1045 me
2807 987 2976 1051 indui,
3027 986 3253 1042 alterum
3310 983 3584 1055 spoliavit
3621 982 3727 1050 Qui
3772 981 4030 1052 profecto
4070 983 4117 1040 sl

2533 1096 2662 1138 vere
2685 1080 2934 1137 sacerdos
2955 1093 3153 1143 essem,
3175 1077 3384 1148 iustitia
3411 1075 3585 1147 magis
3613 1075 3763 1130 indui
3795 1089 3964 1144 quam
3995 1083 4117 1131 tex-

2535 1172 2714 1227 tilibus
2742 1169 3074 1226 ornamentis
3099 1166 3380 1222 ambirem.
3428 1165 3576 1220 Inter
3621 1164 3740 1220 hac
3771 1173 3960 1220 tamen
3985 1163 4116 1219 dum

2535 1262 2892 1318 tribunalibus
2917 1274 3049 1315 meae
3085 1259 3280 1314 mentis
3308 1256 3701 1314 examinandus
3732 1257 3964 1322 assiste,
3998 1271 4116 1312 me-

2532 1369 2636 1425 que
2664 1355 2777 1424 ipse
2806 1352 3048 1408 districta
3080 1365 3305 1421 prorsus
3344 1348 3821 1404 animadversione
3851 1349 4114 1414 diseutio,

2537 1445 2641 1499 hoc
2681 1442 2815 1498 mihi
2838 1440 3171 1497 defensionis
3193 1447 3292 1502 est,
3321 1448 3376 1494 et
3405 1453 3504 1508 pro
3529 1452 3616 1492 me
3643 1447 3777 1502 stat,
3812 1439 3945 1508 quia
3975 1453 4117 1494 non-

2531 1531 2674 1588 nulla
2715 1531 2846 1586 mihi
2872 1540 3000 1586 tunc
3040 1529 3297 1599 temporis
3321 1542 3549 1584 munera
3590 1536 3720 1583 sunt
3747 1527 3958 1592 oblata,
3997 1543 4119 1597 qua:

2531 1631 2711 1678 tamen
2741 1621 2883 1692 apud
2919 1635 3018 1676 nos
3061 1619 3418 1688 susceptionis
3446 1618 3595 1673 aditu
3623 1631 3731 1672 non
3773 1626 4022 1688 reperto,
4052 1618 4119 1672 ad

2531 1727 2645 1778 eos,
2671 1712 2762 1782 qui
2791 1711 3069 1774 miserant,
3097 1707 3198 1764 sub
3220 1707 3366 1763 omni
3393 1715 3522 1761 sunt
3543 1706 3828 1762 celeritate
3860 1706 4115 1763 remissa.

871 1799 1004 1856 ciosi
1037 1798 1191 1867 hujus
1215 1799 1419 1854 erroris
1442 1798 1643 1869 spinas,
1667 1799 1720 1854 in
1741 1813 1846 1868 quo
1869 1799 2033 1854 miser
2055 1801 2286 1856 mundus
2311 1816 2435 1855 ver-
2461 1792 2509 1852 Β
2536 1803 2690 1859 Unde
2717 1816 2934 1872 possum
2963 1798 3102 1854 forte
3129 1797 3406 1868 colligere,
3436 1797 3563 1867 quia
3591 1796 3836 1853 charitas
3856 1813 3985 1867 qua:
4014 1797 4119 1853 Do-

873 1896 1044 1951 satur,
1069 1887 1280 1942 evellat.
1321 1885 1590 1942 Praeterea
1620 1887 1848 1942 libenter
1869 1891 1936 1942 ad
1962 1897 2154 1943 vestrae
2181 1890 2436 1944 sanctita-

874 1977 948 2032 tis
992 1975 1301 2045 alloquium,
1345 1975 1390 2030 si
1441 1977 1658 2030 occasio
1693 1976 1932 2042 daretur,
1984 1978 2324 2046 attingerem,
2374 1987 2436 2032 ut

874 2064 1374 2119 communicandum
1397 2065 1704 2129 consilium,
1724 2065 1865 2134 quod
1893 2066 2135 2120 absentia
2165 2067 2430 2134 prohibet,

873 2153 994 2206 viva
1032 2154 1270 2208 conserti
1305 2153 1567 2209 sermonis
1589 2153 1752 2209 verba
1781 2154 2108 2210 conferrent.
2151 2156 2257 2212 Sed
2295 2171 2431 2226 quo-

875 2241 1019 2297 niam
1045 2242 1096 2296 id
1119 2241 1345 2298 fortasse
1367 2258 1471 2298 non
1506 2258 1732 2310 mereor,
1759 2255 1904 2314 peto,
1927 2260 2128 2313 quaeso,
2155 2255 2210 2299 et
2252 2246 2430 2300 humi-

875 2329 996 2387 liter
1024 2345 1270 2401 suggero,
1296 2341 1353 2384 ut
1374 2341 1556 2386 sancta
1575 2340 1750 2387 vestra
1781 2334 2063 2403 prudentia
2089 2333 2432 2389 Cadaloicam

873 2419 1101 2484 rabiem,
1130 2435 1248 2489 qua:
1294 2419 1491 2474 latrare
1540 2436 1644 2476 non
1677 2421 1890 2488 desinit,
1942 2424 2164 2478 omnino
2205 2433 2434 2478 conetur

877 2510 1259 2579 exstinguere,
1312 2520 1576 2580 quatenus
1620 2511 1923 2567 Christiana
1977 2512 2164 2584 religio
2213 2514 2434 2583 pacillca

875 2613 972 2669 per
998 2614 1092 2654 vos
1108 2600 1281 2654 valeat
1307 2600 1690 2669 tranquillitate
1708 2602 1962 2672 gaudere,
1981 2612 2040 2656 ut
2059 2604 2183 2657 dum
2209 2619 2433 2674 regnum

876 2701 938 2740 ac
966 2688 1319 2742 sacerdotium
1353 2697 1531 2756 optata
1558 2702 1654 2758 per
1685 2703 1777 2744 vos
1823 2704 1952 2759 pace
1997 2691 2316 2760 perfruitur,
2362 2694 2431 2759 is,

876 2778 964 2845 qui
1012 2779 1290 2846 utriusque
1332 2779 1605 2847 dignitatis
1647 2787 1832 2835 auctor
1875 2772 1982 2845 est;
2026 2782 2176 2851 pacis
2222 2792 2433 2838 :eterna:

878 2867 1034 2936 digna
1063 2867 1212 2922 vobis
1237 2868 1454 2936 praemia
1483 2867 1758 2940 largiatur.
1782 2869 1887 2924 Sed
1911 2870 2038 2924 dum
2064 2884 2238 2939 equus
2267 2871 2432 2926 offer-

877 2965 984 3020 tur,
1024 2956 1146 3010 dum
1175 2957 1306 3011 socii
1344 2972 1532 3012 omnes
1579 2958 1680 3012 iter
1711 2957 1993 3028 arripiunt,
2039 2972 2165 3014 ecce
2203 2959 2418 3016 brevem

874 3059 1089 3117 sperno,
1115 3046 1276 3101 strevi
1302 3047 1526 3117 vestigia
1555 3054 1760 3101 sterno.

1415 3195 1751 3260 EPISTULA
1778 3202 1887 3258 VII.

1016 3308 1082 3347 AD
1110 3307 1337 3348 VIDONBI
1359 3307 1799 3348 ARCHIEPISCOPUI
1830 3271 2284 3349 Ιειιιδιιιιειηεειι.

873 3406 1261 3462 Amenanus.
1311 3435 1379 3445 —
1407 3403 1596 3459 Tacite
1643 3404 1847 3474 gratias
1872 3405 1982 3474 agit
2017 3403 2207 3459 Vidoni
2256 3406 2433 3460 archi-

943 3475 1194 3546 episcopo
1237 3475 1378 3546 quod
1404 3489 1486 3546 se,
1531 3476 1846 3546 dumlapud
1900 3475 2045 3528 illum
2088 3487 2429 3546 versaretur,

944 3504 1194 3546 σγιθυυγυ
1237 3504 1378 3543 quuu
1404 3504 1486 3537 δῦ,
1531 3504 1656 3528 υυΙΙΙ
1707 3504 1846 3542 ayuu
1900 3504 2045 3528 Ιιιυιιι
2107 3504 2429 3538 νῠιδσηῦιιη,

944 3546 1112 3598 sacris
1157 3545 1392 3598 vestibus
1436 3504 1724 3598 liberali‘r
1762 3544 2032 3598 donasset.
2077 3543 2323 3598 Ostendit
2372 3561 2432 3600 se

943 3627 1230 3668 memorem
1250 3611 1406 3680 hujus
1425 3612 1690 3678 beneficii,
1713 3614 1958 3667 assiduas
1971 3626 2068 3681 pro
2089 3627 2152 3666 eo
2177 3615 2241 3667 ad
2266 3615 2430 3669 Deum

946 3696 1135 3751 preces
1156 3681 1378 3736 fundere
1405 3697 1424 3751 ζ
1453 3683 1686 3751 itemque
1712 3696 1922 3747 curare,
1954 3691 2011 3736 ut
2034 3682 2170 3737 idem
2201 3684 2282 3737 sui
2309 3698 2424 3738 ino-

941 3749 1098 3806 naehi
1132 3761 1187 3806 et
1213 3753 1368 3806 amici
1401 3749 1659 3806 facerent.

940 3864 1145 3920 Domno
1178 3863 1221 3918 ν
1249 3862 1693 3918 reverendissimo
1745 3862 2168 3934 archiepiscopo,
2214 3862 2428 3919 Penus

870 3967 1121 4030 peccator
1173 3956 1468 4012 monachus
1533 3955 1893 4013 devotissimae
1951 3957 2226 4012 servitutis
2272 3958 2422 4014 obse-

871 4049 1076 4122 quium.

943 4141 1162 4196 Noverit
1199 4139 1457 4196 sanctitas
1493 4148 1700 4205 vestra,
1739 4139 2061 4196 venerabilis
2090 4139 2274 4205 Pater,
2303 4142 2428 4211 quia

872 4247 958 4289 me
986 4231 1146 4286 nimis
1169 4231 1441 4300 paenituit,
1465 4239 1648 4300 atque,
1691 4240 1750 4284 ut
1782 4231 1855 4285 ita
1882 4231 2094 4300 loquar,
2137 4247 2230 4290 cor
2252 4247 2430 4287 meum

872 4338 957 4378 me
986 4320 1139 4374 valde
1178 4321 1442 4388 percussit
1488 4319 1540 4374 in
1589 4335 1654 4375 eo
1702 4321 1843 4389 quod
1882 4319 2192 4375 liberalitati
2236 4330 2429 4376 vestra:

873 4421 982 4467 tam
1020 4410 1180 4479 largae
1205 4418 1415 4480 tamque
1454 4411 1718 4466 munifica:
1748 4427 1851 4465 non
1881 4411 2115 4482 peperci.
2145 4411 2224 4465 Ad
2253 4413 2425 4466 instar
2453 4452 2503 4513 υ

872 4501 1013 4557 enim
1047 4498 1236 4552 futurae
1267 4499 1693 4563 resurrectionis,
1728 4500 1868 4554 binis
1905 4514 1990 4554 me
2013 4499 2163 4554 stolis
2207 4501 2426 4556 induere

873 4590 1208 4647 decrevistis.
1242 4589 1354 4659 Ego
1381 4599 1556 4645 autem
1579 4600 1756 4645 vestra
1787 4605 2077 4661 oppressus
2105 4592 2428 4648 auctoritate

873 4681 946 4737 nil
993 4682 1184 4746 restiti,
1233 4680 1305 4734 nil
1338 4695 1551 4734 manum
1591 4683 1811 4746 retraxi,
1858 4681 1953 4736 sed
2008 4696 2286 4735 servorum
2332 4682 2425 4737 Dei

875 4770 1084 4841 genuini
1118 4769 1308 4840 rigoris
1353 4768 1570 4831 oblitus,
1601 4769 1755 4825 facile
1786 4779 1976 4826 cuncta
2009 4772 2245 4841 suscepi.
2271 4771 2426 4838 Quod

872 4865 1032 4936 plane
1056 4879 1176 4919 cum
1220 4863 1422 4927 recolo,
1454 4863 1776 4918 conscientia
1803 4880 1887 4918 me
1921 4864 2199 4919 mordente
2247 4865 2428 4919 redar-

877 4968 1029 5025 guor,
1070 4953 1265 5008 rubore
1311 4951 1622 5023 perfundor,
1670 4952 1850 5022 sicque
1895 4953 1994 5008 sub
2051 4955 2280 5023 propriis
2313 4963 2428 5008 tan-

878 5059 1037 5120 quam
1063 5046 1158 5102 sub
1188 5045 1374 5101 alienis
1396 5043 1903 5114 reprehensionibus
1942 5047 2219 5101 erubesco.
2248 5044 2430 5116 Neque

2538 1895 2739 1949 minum
2756 1906 2952 1956 meum,
2968 1898 3027 1944 ut
3048 1888 3477 1943 benedictionem
3499 1886 3792 1951 conferret,
3809 1889 4117 1954 admonuit,

2536 1985 2722 2039 eadem
2753 1984 2806 2037 in
2837 1995 2992 2037 servo
3018 1995 3134 2044 suo,
3165 1988 3224 2032 ut
3244 1977 3494 2034 collatam
3527 1981 3861 2048 susciperet,
3889 1979 4119 2049 acquie-

2535 2076 2631 2130 vit.
2670 2074 2774 2129 Sed
2801 2073 2929 2127 dum
2960 2070 3205 2127 beneficii
3239 2068 3403 2124 vestri
3436 2068 3725 2124 recolimus
3772 2069 4023 2135 modum,
4054 2071 4121 2125 ad

2534 2163 2666 2219 illud
2699 2161 2972 2216 Zachariae
3017 2173 3168 2214 mens
3196 2157 3635 2214 reditoraculum
3669 2176 3682 2212 :
3715 2158 3875 2225 Erat,
3921 2160 4121 2232 inquit,

2533 2255 2686 2310 Iesus
2715 2256 2929 2308 indutus
2968 2253 3190 2308 restibus
3218 2252 3467 2315 sordidis,
3491 2260 3540 2306 et
3567 2251 3742 2306 stabat
3777 2261 3904 2308 ante
3929 2253 4124 2322 {aciem

2537 2344 2705 2415 angeli
2735 2343 2983 2414 (Zachar.
3021 2343 3106 2411 ιιι)
3141 2359 3154 2394 :
3195 2340 3299 2407 Qui
3341 2341 3641 2410 respdndit,
3671 2350 3728 2395 et
3769 2342 3849 2395 ait
3890 2343 3966 2396 ad
4027 2358 4123 2400 eos

2537 2436 2629 2504 qui
2679 2433 2894 2489 stabant
2917 2446 3101 2486 coram
3141 2444 3200 2485 se
3239 2429 3484 2485 dicentes
3513 2447 3526 2482 :
3557 2429 3774 2499 Auferte
3804 2432 4124 2486 vestimenta

2539 2526 2750 2580 sordida
2763 2524 2827 2577 ab
2839 2541 2898 2578 eo
2913 2523 3054 2593 (Ibid
3061 2523 3121 2590 .);
3135 2519 3348 2586 deinde,
3363 2529 3423 2576 ut
3435 2521 3712 2592 Scriptura
3738 2523 4122 2593 prosequitur,

2535 2613 2752 2668 indutus
2764 2620 2847 2667 est
2867 2609 3174 2665 mutatoriis
3222 2608 3375 2664 Felix
3397 2609 3488 2664 ille
3504 2608 3643 2675 dies,
3671 2609 3725 2662 in
3749 2623 3864 2680 quo
3882 2612 4122 2668 vestium

2534 2701 2637 2758 ista
2681 2701 3006 2772 permutatio
3056 2698 3418 2755 celebrabitur
3440 2737 3456 2763 ,
3485 2707 3542 2752 et
3569 2712 3767 2768 corpus
3788 2697 3948 2766 Iesu,
3981 2700 4124 2771 quod

2534 2799 2618 2846 est
2662 2789 2926 2854 Ecclesia,
2965 2789 3110 2844 omni
3165 2788 3341 2842 luctus
3376 2798 3539 2857 atque
3585 2787 3821 2844 tristitiae
3862 2790 4124 2859 squalore

2545 2880 2807 2950 deposito,
2835 2879 3004 2933 beatae
3041 2877 3460 2939 immortalitatis
3491 2876 3777 2948 splendore
3805 2880 4113 2944 vestietur;

2533 2973 2676 3026 sicut
2721 2971 2774 3024 in
2810 2970 2900 3024 illo
2936 2969 3289 3025 dedicationis
3330 2969 3540 3039 psalmo
3561 2968 3674 3038 jam
3710 2973 4117 3042 gratulabunda

2532 3063 2794 3132 praecinit,
2827 3062 3012 3117 dicens
3038 3079 3051 3114 :
3082 3061 3387 3115 Conrertisti
3413 3061 3681 3130 planctum
3704 3079 3881 3118 meum
3908 3065 3967 3118 in
3989 3083 4125 3136 gau-

2534 3151 2676 3204 dium
2706 3151 2852 3215 mihi,
2884 3161 2930 3203 et
2966 3151 3266 3205 conscidisti
3293 3149 3404 3220 96
3431 3167 3642 3204 saccum
3669 3166 3867 3218 meum,
3897 3163 3948 3207 et
3977 3171 4121 3223 prat-

2530 3245 2739 3296 cinxisti
2779 3258 2858 3295 me
2887 3235 3092 3306 la'titia,
3125 3252 3178 3295 ut
3218 3252 3416 3297 cantem
3440 3243 3556 3306 tibi,
3579 3242 3751 3313 gloria
3794 3261 3912 3298 utea
3938 3245 4120 3318 (Psal.

2531 3335 2642 3403 xv).
2676 3334 2778 3388 Sed
2822 3335 2907 3389 cui
2957 3350 3056 3406 ego
3108 3334 3174 3389 de
3206 3333 3397 3388 talibus
3427 3333 3655 3405 loquor?
3693 3333 3944 3390 Suﬂiciat
3983 3337 4120 3392 mihi

2535 3428 2904 3481 tantummodo
2929 3428 3110 3482 dicere
3137 3427 3260 3496 quia
3289 3437 3366 3490 tu,
3396 3426 3722 3482 venerabilis
3745 3437 3927 3497 pater,
3957 3445 4123 3500 ange-

2533 3515 2614 3572 lus
2652 3517 2862 3572 Domini
2890 3518 3019 3572 mibi
3047 3517 3220 3572 factus
3241 3532 3320 3584 es,
3345 3518 3436 3588 qui
3485 3533 3583 3587 pro
3607 3533 3790 3573 amore
3813 3518 3941 3574 Iesu
3984 3521 4120 3576 mihi

2535 3607 2751 3661 sordida
2797 3609 3110 3672 detrahens,
3161 3607 3408 3662 eumdem
3462 3607 3638 3678 ipsum
3691 3609 3746 3663 in
3796 3623 3886 3665 me
3929 3609 4123 3667 infulis

2531 3696 2958 3752 sacerdotalibus
2989 3697 3282 3752 adornasti.
3309 3696 3516 3764 Quibus
3539 3707 3719 3752 tamen
3751 3712 3854 3769 ego
3879 3703 4123 3756 muneri-

2529 3784 2630 3840 bus
2661 3800 2763 3839 non
2793 3800 3016 3852 prorsus
3055 3787 3296 3858 ingratus
3330 3787 3470 3841 hanc
3494 3787 3933 3844 vicissitudinem
3966 3806 4122 3846 com-

2534 3877 2782 3948 pcnsavi,
2825 3885 2883 3929 ut
2929 3876 2980 3929 in
3033 3875 3277 3944 pluribus
3321 3891 3426 3930 non
3475 3876 3637 3930 modo
3667 3878 3900 3940 nostris,
3932 3881 4031 3934 sed
4069 3889 4122 3936 et

2529 3967 2825 4032 extraneis,
2851 3975 3012 4036 atque
3038 3966 3344 4036 longinquis
3364 3975 3418 4020 et
3440 3967 3663 4033 eremis,
3681 3975 3737 4024 et
3763 3971 4120 4026 monaSIeriis

2531 4067 2772 4112 vestrum
2803 4071 2998 4111 nomen
3045 4057 3392 4120 ascriberem,
3426 4055 3764 4127 fratrumque
3788 4074 3888 4114 vos
3907 4062 4118 4117 oratio-

2529 4149 2691 4204 nibus
2728 4149 2912 4203 humili
2940 4148 3240 4202 devotionis
3268 4149 3448 4203 studio
3477 4150 3946 4204 commendarem.

3075 4269 3402 4328 EPISTOLA
3438 4270 3567 4328 VIII.

2807 4378 2874 4417 AD
2900 4378 2951 4414 V.
2988 4376 3438 4418 ABCHIEPISCOPUI
3460 4378 3823 4418 BITUNTINUI.

2745 4453 3004 4524 (Habetur
3029 4463 3152 4508 (om.
3187 4453 3307 4514 Ill,
3339 4464 3511 4513 estque
3540 4469 3721 4524 apusc.
3744 4453 3862 4525 39.)

3077 4563 3408 4620 EPISTOLA
3460 4563 3552 4618 IX.

2983 4672 3050 4710 AD
3095 4673 3144 4710 Α.
3177 4671 3654 4712 ARCHIENSCOPUI.

2746 4749 3006 4824 (llabetur
3034 4758 3156 4801 tom.
3191 4746 3312 4808 Ill,
3343 4759 3515 4815 estque
3544 4762 3723 4817 opusc.
3755 4747 3875 4804 25A

3099 4857 3432 4914 EPISTOLA
3459 4859 3527 4912 Χ.

2982 4964 3049 5002 ιι)
3081 4965 3131 5001 Α.
3177 4963 3647 5004 Ακειιιειιιεεορυιι.

2718 5042 2978 5112 (Ifabetur
2996 5050 3121 5094 (aut.
3153 5039 3269 5105 HI,
3296 5051 3468 5110 estque
3497 5040 3550 5094 in
3573 5056 3754 5097 ουτως.
3781 5041 3900 5112 54.)
