4260 6436
1374 346 1577 407 LIBER
1619 347 1977 420 QUARTUS,
2015 351 2235 412 EPIST.
2275 353 2341 415 ll.

3456 366 3569 429 293

305 502 3560 552 MM

1405 689 1769 785 LIBER
1842 693 2402 803 QUARTUS

1639 906 1734 965 AD
1773 905 2178 974 EPISCOPOS.

1723 1088 2133 1111 ψ

586 1255 840 1331 οπ-θο
865 1255 1204 1319 msmu
1231 1259 1470 1320 PRllA.

652 1383 723 1424 AD
760 1383 1048 1429 Αωιιτωι
1087 1388 1404 1432 ινικορυκ.

224 1455 632 1541 Asculanus.
649 1489 733 1553 :-
763 1459 1489 1553 iiunc,naquue,rn,scrihit,
1520 1465 1830 1553 slhertum,

299 1529 612 1610 episcopum
636 1528 819 1610 _fui_sse
862 1541 922 1610 et
952 1528 1220 1610 [iamiam
1246 1536 1416 1608 ipsius
1455 1528 1584 1610 ante
1621 1528 1835 1610 episco1

298 1599 1057 1685 patum'discipulum,'facile
1088 1604 1221 1662 mihi
1250 1599 1578 1685 persuadeo.
1631 1599 1827 1685 Hagna

301 1671 446 1748 enim
482 1671 808 1748 auctoritate
854 1671 1006 1748 illum
1054 1689 1171 1748 Anon
1195 1671 1358 1734 modo
1400 1679 1680 1748 admonet,
1722 1671 1830 1740 sed

296 1741 464 1798 etiam
501 1743 771 1816 praecipit,
804 1751 870 1826 ut
905 1745 959 1828 in
1000 1746 1477 1832 administratione
1515 1741 1826 1834 animarum

297 1810 404 1869 sibi
453 1813 766 1881 commissa,
816 1814 954 1871 nthtl
1004 1832 1194 1883 avare,
1240 1819 1379 1876 nihil
1428 1824 1626 1883 cupide
1660 1837 1823 1883 auat:

297 1810 404 1869 sibi
453 1810 766 1881 commissa,
816 1813 954 1871 nihil
1004 1832 1194 1884 avare,
1240 1819 1379 1876 nihil
1428 1823 1626 1892 cupide
1660 1837 1823 1908 agat;

434 1883 511 1979 ita
535 1884 1188 1979 1°._‘!'.'.'2“3'1‘_°£Ji?5959
1230 1891 1484 1979 audeat:
1517 1902 1578 1950 ιιι
1607 1910 1676 1979 βξ
1707 1905 1828 1967 eius

295 1953 486 2039 vitaet
535 1953 790 2039 moribus
803 1971 921 2039 ,ηομ
951 1953 1203 2039 infamia,
1231 1963 1326 2039 sed
1349 1953 1523 2036 gloria
1551 1967 1620 2023 ad
1645 1953 1825 2039 ipsum

291 2026 612 2098 magistrum
639 2027 1052 2085 sanctissimum
1080 2026 1364 2090 redundet;

288 2133 500 2194 Damno
551 2137 809 2200 Assem
857 2141 1230 2217 episcOpo.....
1288 2146 1513 2209 Parcus
1559 2165 1823 2226 peccator

208 2229 640 2289 monachus.....

288 2318 496 2380 Precor
520 2324 921 2397 experientiam
963 2335 1138 2398 tuam,
1165 2334 1497 2394 venerabilis
1527 2336 1700 2396 frater
1723 2337 1820 2397 Al-

205 2410 392 2480 bene,
438 2422 495 2472 et
534 2416 755 2488 paterni
800 2417 1009 2491 vigoris
1058 2424 1389 2484 auctoritate
1432 2430 1710 2503 praecipio,
1757 2441 1821 2491 ut

205 2520 328 2564 non
364 2507 501 2565 adeo
539 2510 701 2568 rebus
741 2513 1133 2586 temporalibus
1169 2518 1242 2574 sit
1283 2519 1491 2579 intenta
1521 2527 1816 2596 quominus

204 2598 448 2658 sufﬁciat
489 2601 544 2659 in
580 2604 918 2675 animarum,
946 2612 1257 2681 quaenobis
1303 2618 1610 2677 commissae
1661 2632 1809 2692 sunt,
1841 2657 1891 2720 Β
1919 2663 1975 2720 in

204 2691 441 2720 ἀρὲΙΑ-ι.
475 2696 713 2720 -.--.-.I:-
787 2698 955 2720 ‘r-a__o_
1015 2702 1029 2720 ς
1052 2719 1057 2720 ,
1084 2719 1090 2720 ,
1360 2710 1374 2720 .

203 2691 442 2763 vigilare
471 2696 740 2754 custodia.
787 2698 979 2771 Nobis,
1013 2702 1258 2776 inquam,
1285 2710 1482 2768 animae
1507 2724 1638 2772 sunt
1667 2691 1815 2776 com-

203 2782 414 2851 misse,
443 2800 564 2858 quae
587 2786 730 2846 sicut
756 2805 788 2846 a
811 2790 925 2850 Deo
949 2794 1104 2864 mihi,
1137 2797 1218 2854 sic
1246 2814 1277 2856 a
1302 2815 1390 2857 me
1414 2807 1814 2867 commendata:

201 2883 340 2930 sunt
363 2874 492 2944 tibi;
524 2877 637 2936 Deo
662 2887 846 2939 tamen
889 2883 1015 2943 soli,
1041 2887 1310 2946 rationem
1351 2907 1542 2954 sumus
1581 2905 1812 2970 uterque

201 2966 400 3037 procul
431 2970 594 3028 dubio
622 2972 909 3034 reddituri.
941 2977 1175 3038 Studeat
1201 2998 1334 3058 ergo
1364 2985 1688 3050 fraternitas
1716 2966 1808 3052 tua

201 3066 260 3113 et
286 3059 596 3133 religiosam
620 3063 821 3123 ducere
847 3067 1016 3126 vitam
1033 3112 1049 3139 ,
1078 3081 1135 3129 et
1161 3073 1450 3135 honestam
1481 3080 1688 3140 habere
1724 3084 1810 3141 fa-

199 3164 374 3205 mam.
409 3151 590 3210 Vitam
614 3170 716 3227 pro
755 3164 832 3226 te,
871 3157 1074 3218 famam
1099 3179 1202 3236 pro
1233 3175 1285 3224 te
1311 3176 1368 3224 et
1402 3185 1524 3240 me;
1556 3172 1668 3230 illo
1695 3192 1807 3234 non

201 3246 318 3296 tam
365 3255 466 3312 pro
514 3244 673 3302 nobis
711 3262 880 3319 quam
922 3267 1026 3324 pro
1053 3253 1142 3311 bis
1185 3256 1355 3315 etiam
1385 3261 1480 3332 qui
1522 3267 1804 3324 commissi

199 3341 334 3389 sunt
367 3335 544 3392 nobis.
595 3335 732 3396 Nam
758 3340 806 3399 si
837 3357 1040 3402 nomen
1074 3354 1249 3417 tuum,
1285 3352 1431 3422 quod
1459 3353 1623 3423 absit,
1653 3357 1800 3417 foeda

197 3423 416 3482 laboret
455 3426 697 3498 infamia,
726 3441 783 3487 et
813 3432 872 3489 in
899 3450 1081 3493 meum
1111 3441 1364 3511 protinus
1391 3445 1663 3506 redundat
1703 3467 1802 3524 op-

193 3518 508 3596 probrium,
536 3530 593 3578 et
612 3523 719 3593 bis,
746 3541 886 3598 quos
913 3529 981 3586 ad
1009 3531 1242 3593 virtutes
1272 3537 1571 3599 informare
1592 3518 1798 3604 studui-

194 3625 345 3677 rnus,
372 3611 518 3668 velut
550 3629 747 3674 cancer
775 3621 1080 3691 perniciose
1108 3627 1340 3699 pullulat
1370 3632 1425 3689 in
1460 3637 1795 3709 exemplum.

195 3700 358 3760 Unde
381 3703 576 3766 Petrus
603 3719 890 3785 postquam
933 3721 1200 3788 praemisit
1231 3723 1464 3784 dicens:
1500 3748 1519 3784 ι
1553 3700 1798 3791 ϐοήνθτ-

191 3798 465 3856 sationem
498 3811 736 3860 vestram
780 3805 927 3864 inter
952 3820 1144 3882 gentes
1181 3815 1448 3878 habentes
1481 3823 1704 3895 bonam,
1736 3837 1800 3886 ut

191 3888 250 3944 in
280 3904 373 3957 eo,
401 3892 548 3962 quod
572 3893 878 3954 detrectant
907 3899 978 3958 de
1003 3904 1156 3962 vobis
1189 3915 1449 3982 tanquam
1475 3915 1543 3972 de
1571 3888 1797 3977 malefao

185 3981 440 4038 ctoribus
457 4023 474 4048 ,
501 3997 568 4039 ex
590 3983 748 4044 bonis
768 3989 1024 4061 operibus
1051 4009 1150 4052 vos
1171 3981 1603 4076 considerantes,
1625 4010 1792 4080 glori-

187 4073 363 4128 licent
393 4072 562 4132 Deum
593 4077 648 4133 in
673 4077 764 4137 die
796 4081 1130 4146 'visitationis
1151 4089 1206 4162 (ι
1240 4089 1386 4148 Pw.
1419 4097 1536 4172 m);
1575 4072 1597 4154 ί
1626 4072 1791 4174 paulo

182 4173 314 4233 post
347 4164 596 4222 addidit:
635 4187 654 4222 ι
682 4168 819 4226 Cum
850 4173 1139 4247 modestia,
1180 4190 1236 4238 et
1265 4164 1495 4245 timore'
1521 4164 1790 4256 babimtes

174 4733 286 4774 non
353 4720 415 4777 in
466 4725 819 4814 opprobrium
881 4730 1088 4792 incidat
1152 4745 1209 4794 et
1259 4720 1514 4814 laqueum
1581 4720 1783 4811 diaboli

174 4807 224 4880 (ι
259 4808 401 4866 Tim.
431 4813 536 4885 ιιι).
570 4833 591 4869 ι

240 4900 383 4959 illud
439 4914 722 4976 praeterea,
773 4909 934 4970 fratei
987 4916 1341 4993 eharissime,
1373 4928 1606 4992 sollicite
1639 4951 1782 5009 pm-

169 5008 326 5062 cave,
359 4996 657 5070 diligenter
684 5005 925 5074 attende,
967 5023 1039 5066 ne
1072 5026 1199 5070 cum
1225 5017 1489 5090 decimas,
1514 5027 1602 5084 vel
1630 4996 1780 5102 qua-

170 5085 303 5144 una
340 5087 533 5146 oblata
581 5091 819 5152 fidelium
854 5111 953 5169 per
975 5100 1254 5164 Ecclesiae
1301 5085 1519 5180 dividis,
1551 5121 1618 5176 de
1646 5085 1776 5179 Et}.

168 5181 527 5238 sacerdotum
557 5199 802 5244 meorum
846 5205 1146 5262 pmumas
1181 5198 1386 5274 aliquid
1431 5209 1645 5268 ratione
1673 5215 1779 5272 mi-

169 5284 339 5326 nuere
371 5272 523 5329 unde
568 5274 818 5336 videlicet
852 5279 910 5338 id
934 5287 1078 5356 quod
1127 5272 1581 5372 inihi‘competit,
1613 5308 1772 5378 quasi

167 5357 408 5420 ﬁdeliter
461 5366 774 5436 consulens,
825 5375 1005 5444 possis
1051 5393 1272 5454 augere.

1862 1269 1917 1330 Α
1942 1266 2029 1324 ius
2055 1268 2151 1335 ait,
2183 1269 2360 1330 habeo
2386 1275 2595 1346 omnia,
2622 1287 2678 1336 et
2705 1280 2926 1341 abundo
2960 1284 3190 1360 (Philip.
3233 1307 3346 1366 ιν);
3382 1315 3401 1350 ι
3461 1315 3567 1359 nec
3671 1355 3684 1361 -

1948 1357 2068 1416 volo
2109 1360 2312 1421 fratres
2339 1381 2496 1426 meos
2533 1369 2588 1426 in
2620 1369 2706 1428 bis
2735 1375 2919 1444 rebus,
2959 1393 3081 1449 quae
3109 1357 3268 1441 nobis
3291 1357 3376 1444 'in
3407 1406 3563 1449 com-

1929 1822 2199 1892 primere,
2231 1826 2407 1897 absit,
2440 1839 2501 1886 ut
2538 1847 2730 1890 eorum
2770 1839 3090 1909 pauperiem
3127 1843 3182 1899 in
3225 1861 3342 1902 mea
3377 1852 3559 1921 patiar

1929 1914 2082 1972 lucra
2111 1924 2370 1988 transire,
2401 1933 2676 1994 quatenus
2698 1941 2827 1985 cum
2861 1932 3056 1989 eodem
3079 1934 3348 2006 Apostoio
3377 1914 3553 2002 libera

1927 2007 2111 2068 fronte
2152 2027 2341 2070 coram
2369 2015 2452 2073 eis
2477 2017 2692 2075 valeam
2739 2021 3027 2082 humiliter
3047 2027 3316 2101 gloriari:
3354 2051 3374 2087 ‹
3413 2035 3551 2109 Ego,

1927 2100 2124 2174 inquit,
2168 2105 2357 2176 didici,
2400 2109 2453 2166 in
2485 2112 2684 2182 quibus
2720 2129 2867 2184 sum,
2920 2100 3198 2179 suillCiens
3237 2141 3380 2194 esse,
3433 2131 3553 2188 scio

1920 2201 1982 2248 et
2007 2194 2315 2265 humiliari,
2346 2200 2464 2257 scio
2490 2211 2547 2258 et
2574 2203 2883 2272 abundare,
2915 2209 3144 2283 ubique,
3185 2224 3243 2272 et
3277 2217 3332 2273 in
3369 2222 3551 2278 omni-

1922 2288 2028 2346 bus
2067 2291 2356 2353 institutus
2395 2313 2540 2366 sum,
2582 2308 2638 2355 et
2678 2303 2895 2372 satiari,
2939 2315 2997 2363 et
3033 2313 3267 2379 esurire,
3294 2320 3351 2369 et
3375 2315 3552 2373 abun-

1923 2383 2082 2453 dare,
2112 2394 2168 2442 et
2197 2392 2484 2459 penuriam
2546 2395 2683 2466 pati.
2746 2395 2944 2458 Omnia
2985 2416 3213 2474 possum
3253 2406 3310 2464 in
3349 2424 3418 2467 eo
3451 2411 3552 2482 qui

1922 2494 2013 2537 me
2039 2482 2314 2541 confortat
2341 2485 2557 2561 (Μαι).
2599 2508 2619 2543 ι

1994 2569 2131 2630 Volo
2159 2585 2455 2647 praeterea,
2491 2590 2551 2638 ut
2579 2581 2637 2639 in
2665 2585 2875 2644 eisdem
2903 2589 3236 2653 dimcesanis
3271 2597 3545 2671 ecclesiis,

2004 2667 2207 2737 quibus
2251 2671 2423 2730 oblati
2463 2686 2597 2734 sunt
2646 2695 2748 2752 per
2783 2685 3090 2745 ceiebriora
3139 2692 3407 2752 solemnia
3450 2667 3546 2770 pa;

1918 2773 2039 2824 nes,
2069 2771 2126 2818 et
2166 2765 2213 2820 si
2256 2782 2364 2838 qua
2415 2775 2723 2846 sunt.alia,
2766 2795 2891 2853 quae
2937 2784 3006 2841 ad
3054 2787 3236 2846 cibum
3283 2765 3543 2850 videntur

1916 2854 2234 2924 pertinere,
2285 2860 2374 2918 vel
2421 2874 2653 2935 potum,
2705 2876 3041 2946 pauperibus
3090 2891 3410 2954 erogentur,
3467 2878 3543 2942 ne

1915 2945 2219 3049 dum‘aliis
2275 2959 2611 3030 pauperibus
2673 2945 2956 3026 oﬂ‘erenda
3021 2945 3415 3049 congerimus,
3469 2981 3539 3038 de

1915 3039 2206 3099 tractionis
2235 3051 2525 3108 materiam
2559 3057 2762 3128 populo
2792 3039 3192 3136 relinquentes,
3221 3072 3337 3146 99
3363 3074 3532 3130 infar-

1911 3127 2028 3186 cire
2067 3135 2306 3194 sacculis
2340 3154 2442 3210 per
2477 3127 2769 3206 avaritiam
2790 3127 3126 3223 iudicemur.
3169 3127 3428 3227 Etvcinte
3459 3173 3538 3228 di-

1908 3233 2076 3290 gnum
2106 3233 2192 3328 est
2213 3237 2276 3284 ut
2298 3246 2573 3306 pauperes
2587 3237 2794 3300 Christi
2821 3248 3168 3324 refrigerium
3191 3262 3438 3322 sentiant
3467 3270 3536 3328 de
3584 3295 3586 3298 ν

1907 3313 2050 3422 stipe
2075 3315 2424 3388 potissimum
2454 3328 2598 3388 illius
2623 3336 2873 3396 ecclesiae
2899 3313 3068 3415 quam

1978 3405 2125 3466 Cave
2161 3413 2353 3484 etiam,
2400 3433 2470 3476 ne
2515 3437 2672 3482 more
2723 3405 3124 3506 quorumdam,
3183 3405 3294 3502 non
3347 3449 3532 3510 dicam

1904 3509 2216 3603 pastorum,
2249 3509 2347 3603 sed
2396 3510 2706 3588 fabrorum,
2741 3526 3000 3596 cuiquam
3037 3537 3389 3597 sacerdotum
3427 3509 3530 3603 sub

1902 3593 2150 3660 pecuniae
2178 3597 2400 3656 titulum
2433 3603 2729 3675 cujuslibet
2762 3593 2951 3675 rea—tus
2987 3636 3259 3698 opponas,
3291 3593 3529 3707 eumque

1903 3681 1970 3707 ,ι
2003 3685 2260 3707 ,μενέω
2338 3694 2373 3707 -.
2743 3705 2753 3707 -

1900 3681 1972 3737 ab
2001 3685 2487 3797 administratione
2513 3705 2879 3776 suspendens,
2912 3681 3261 3783 postmodum

1901 3775 2022 3832 reni
2061 3776 2199 3837 lucri
2241 3789 2591 3849 commodum
2629 3794 2687 3852 in
2713 3798 2798 3855 sui
2832 3805 3037 3875 gradus
3057 3807 3186 3880 jura
3237 3775 3522 3880 restituas.

1899 3863 2052 3925 Giezi
2083 3885 2280 3946 nempe
2306 3890 2556 3940 meretur
2592 3885 2801 3960 lepram
2832 3863 2886 3964 ἷι
2903 3895 2943 3950 γ
2973 3863 3211 3976 3.25.6,

1900 3968 2080 4016 mutat
2138 3977 2247 4074 pro
2317 3975 2566 4074 pecunia:
2634 3983 2935 4054 cupiditate
2999 3968 3354 4058 sententiam.

2705 4040 2721 4054 ,
2833 4040 2932 4045 γρ--
2999 4040 3354 4058 --....,....-....
3462 4040 3517 4063 υ.

1821 4040 2250 4115 Ccommodum
2308 4063 2450 4123 tollit
2505 4079 2560 4125 et
2609 4075 2978 4139 ministerium
3036 4088 3246 4159 reddit,
3298 4111 3366 4153 ex
3411 4040 3520 4157 ξω

1893 4140 2042 4199 Petri
2090 4147 2370 4210 vibratum
2421 4157 2475 4213 in
2507 4158 2793 4224 Simonem
2849 4174 3120 4244 spiculum
3173 4198 3283 4239 non
3335 4191 3520 4250 evadit

1891 4232 2036 4306 (Act.
2069 4238 2213 4313 vn).
2252 4241 2584 4310 Simoniaca:
2614 4255 2780 4330 leprae
2808 4232 3392 4351 compellitur...-

2477 4407 2818 4472 EPISTOLA
2867 4417 2933 4475 ll.

2587 4543 2600 4558 .
2643 4521 2964 4568 EPISCOPUI.

1953 5095 2166 5158 Domno
2191 5102 2251 5158 Β.
2279 5106 2560 5182 episcopo,
2591 5113 2811 5177 Penus
2861 5123 3082 5186 fidelem
3110 5095 3415 5196 orationem
3443 5144 3500 5200 in

1878 5187 2118 5248 Christo.

1953 5278 2348 5357 Dilecﬁssime,
2387 5293 2516 5352 dum
2564 5299 2762 5359 collata
2807 5308 2942 5365 mihi
2995 5319 3102 5370 tua:
3148 5315 3502 5394 liberalitatis

1324 5387 1484 5448 Absit
1533 5374 1680 5454 mihi
1712 5411 1771 5459 ω
1799 5413 1852 5476 D
1875 5374 2140 5492 beneficia
2162 5386 2471 5492 recolo,
2503 5408 2746 5456 amorem
2772 5410 2924 5462 tuum
2963 5417 3160 5484 tonum,
3184 5387 3396 5492 fateor,
3427 5428 3499 5484 ad

169 5458 310 5528 quod
336 5456 511 5514 alieni
535 5459 676 5530 juris
703 5474 786 5523 est
815 5468 868 5526 in
899 5487 1018 5531 mea
1049 5474 1199 5535 lucra
1230 5487 1484 5554 proficiat
1516 5501 1574 5549 et
1618 5456 1769 5568 quoli—
1799 5456 1852 5476 ν
1878 5469 2219 5582 ΐςςεράθηᾶθ
2252 5482 2584 5582 quotidiana:
2611 5493 2876 5554 orationis
2905 5499 3045 5557 dona
3078 5456 3496 5582 τοέυιοῗοῒιὸιὲ

169 5559 229 5582 ιο
256 5548 614 5582 AnAn-ah...
664 5559 852 5582 ...-_2.-
911 5578 955 5582 -_
982 5581 991 5582 ,
1322 5577 1335 5582 -
1877 5571 1945 5582 ....
1974 5576 1996 5582 -
2025 5573 2125 5582 η-.
2280 5579 2289 5582 _

233 5795 348 5872 (ω)
380 5797 540 5858 Finis
571 5801 736 5874 hujus
763 5808 1005 5880 epistola:
1032 5816 1370 5886 desideratur
1400 5829 1453 5888 in
1483 5849 1614 5895 mss.

618 5918 894 5986 Panos.
932 5926 1207 5998 CXLIV.
1477 5939 1479 5942 ⁴

1877 5557 2130 5621 videlicet
2175 5571 2371 5640 oratio,
2419 5577 2545 5643 etsi,
2593 5591 2653 5637 ut
2694 5586 2949 5659 cuiquam
2997 5600 3194 5666 prosit,
3241 5557 3492 5674 peccatis

1875 5654 2013 5758 meis
2063 5660 2408 5725 obstantibus
2449 5673 2758 5748 impeditur,
2796 5654 2889 5744 tua
2929 5654 3110 5750 tamen
3157 5654 3377 5758 deiiotio
3424 5715 3486 5761 ut

1874 5745 1970 5803 tibi
1999 5751 2258 5820 prodesse
2283 5757 2460 5819 valeat
2490 5745 2853 5838 promeretur.
2882 5780 3027 5841 Cave
3058 5800 3209 5861 ergo,
3240 5792 3485 5856 dilectis-

3077 6008 3151 6074 10
