4260 6368
610 362 711 421 Ξθυ

1144 353 1203 411 S.
1245 347 1450 407 PETRI
1476 340 1758 401 DAMIANI
1780 338 1930 397 OPP.
1957 335 2133 392 PA‘iiS
2171 332 2297 389 SEU
2338 330 2573 390 TOMUS
2600 330 2640 386 Ι.
2678 360 2747 371 -
2786 324 3001 384 EPIST.
3029 324 3155 380 LIB.
3190 320 3321 378 VIII.

611 480 769 541 sime,
798 490 864 531 ne
888 474 1109 535 bonum,
1137 466 1277 537 quod
1312 464 1775 530 eleemosynartim
1821 453 1914 507 tibi
1962 449 2185 519 largitas
2210 470 2257 526 Α
2286 445 2621 515 conspiceres
2662 457 2821 514 quam
2868 439 3167 510 propinqua
3213 444 3297 492 est
3345 450 3520 500 mors,
3568 447 3692 505 qua
3727 448 3876 490 nunc

613 568 859 628 conferre
902 569 1128 635 poterat,
1175 558 1424 611 vitiorum
1471 542 1738 606 incentiva
1764 548 2101 604 consumant,
2128 548 2182 594 et

616 659 898 718 editicium
924 654 1064 723 quod
1093 646 1473 705 misericordia:
1503 656 1663 696 manu
1702 632 2055 697 construitur,
2086 630 2185 683 im—

618 758 772 823 pacto
813 722 1048 801 libidinis
1103 742 1273 796 ariete
1319 739 1647 792 destruatur.
1696 729 1786 785 Sic
1833 725 1995 797 igitur
2044 722 2185 776 bona

618 812 749 896 ilant
780 846 839 892 ut
874 836 953 890 eis
986 848 1041 888 se
1083 831 1219 885 mala
1255 843 1360 882 non
1401 825 1680 879 misceant.
1732 817 1812 872 Ad
1853 818 1955 871 hoc
1988 812 2186 865 dantur

616 933 758 988 bona
806 924 1120 995 temporalia
1148 962 1164 987 ,
1224 927 1486 989 quatenus
1530 927 1627 983 per
1671 912 1787 964 haec
1837 904 2187 974 acquirantur

617 1032 836 1085 πίει-ηπ,
866 994 954 1082 ne,
1000 1015 1140 1086 quod
1185 1011 1343 1073 absit,
1386 1009 1437 1062 iu
1487 1013 1686 1059 statera
1719 998 1950 1055 districti
1985 994 2188 1048 Judieis

618 1114 743 1169 dum
771 1107 993 1182 [malum
1020 1085 1075 1160 et
1101 1100 1345 1172 avaritia]
1389 1094 1777 1182 pimponderat,
1809 1089 2014 1161 pondus
2060 1085 2186 1182 boni

618 1174 798 1273 operis
830 1200 1123 1253 inauescat.
1152 1190 1287 1258 Quid
1311 1189 1453 1243 enim
1483 1184 1703 1255 prodest
1729 1180 1837 1233 Deo
1868 1174 2188 1245 temporalia

618 1264 758 1357 bona
792 1286 1060 1347 conferre,
1093 1281 1326 1335 animam
1373 1285 1551 1331 autem
1598 1268 2063 1343 pretiosissimam,
2104 1264 2187 1317 vi-

620 1383 807 1439 delicet
830 1376 1112 1448 pecuniam
1135 1368 1437 1441 denegare?
1464 1367 1665 1422 Cuncta
1696 1362 1950 1418 nimirum
1978 1357 2191 1412 condita

618 1447 954 1542 omnipotens
1002 1466 1143 1521 Dens
1189 1463 1375 1518 usibus
1427 1458 1701 1514 hominum
1757 1451 1996 1515 tradidit,
2050 1447 2189 1501 solas

620 1550 799 1621 autem
847 1563 1056 1616 animas
1078 1572 1185 1612 suo
1219 1556 1334 1609 usui
1386 1548 1700 1607 reservavit.
1749 1545 1839 1600 Sic
1878 1555 2024 1612 ergo,
2056 1537 2189 1593 dile-

621 1655 863 1712 ctissime
889 1662 1061 1723 pater,
1093 1657 1273 1717 satage
1305 1654 1391 1696 tua
1421 1642 1731 1711 impendere
1757 1646 1815 1690 ut
1850 1631 2191 1701 temetipsum

622 1762 833 1819 quoque
866 1719 1080 1798 studeas
1102 1740 1377 1794 exhibere.
1408 1733 1526 1788 Tibi
1557 1732 1699 1785 enim
1728 1724 2044 1798 episcopalis
2074 1719 2188 1776 olli-

622 1842 689 1896 cii
725 1838 978 1906 dignitate
1012 1833 1261 1889 collatum
1312 1838 1424 1891 est,
1476 1834 1529 1878 tit
1574 1839 1671 1878 nos
1708 1821 1950 1890 juniores
1992 1825 2191 1871 sanctae

622 1926 1017 1999 praedicationis
1058 1922 1309 1976 uberibus
1358 1932 1544 1988 pascas
1573 1926 1625 1967 et
1654 1911 1892 1967 lacteolzn
1942 1908 2201 1963 teneritu.

623 2020 733 2076 dini
762 2019 967 2073 viscera
1014 2024 1268 2069 maternae
1320 2009 1535 2078 pietatis
1581 2006 1877 2075 impendas.
1928 2002 2199 2068 Rogamus

625 2113 803 2179 itaque
843 2108 1188 2163 sanctitatem
1241 2112 1407 2166 luam,
1438 2108 1495 2153 ut
1535 2100 1631 2152 hos
1666 2098 1798 2150 duos
1828 2093 2075 2152 clericos,
2106 2088 2197 2158 qui

625 2218 681 2258 se
713 2218 741 2255 a
781 2216 878 2254 suo
909 2200 1159 2268 episcopo
1204 2194 1474 2248 licentiam
1526 2188 1799 2257 accepisse
1843 2183 2101 2243 fatentur,
2133 2180 2201 2233 ad

623 2295 866 2351 ordinem
911 2292 1227 2346 diaconatus
1269 2292 1613 2355 promoveat,
1661 2289 1713 2335 et
1758 2278 1993 2333 debitam
2042 2272 2201 2341 hujus

624 2388 780 2445 cilicii
824 2384 1283 2443 consecrationem
1320 2379 1505 2450 gratis,
1538 2386 1595 2431 ut
1621 2376 1838 2431 divitum
1866 2379 1966 2435 est,
2000 2368 2201 2423 habere

625 2481 901 2537 decernat.

1090 2571 1246 2639 100
1282 2581 1352 2620 nt
1371 2578 1429 2619 ιδ
1446 2567 1613 2620 ΛιυᾹ
1655 2560 1738 2615 111.

817 2684 885 2721 AD
922 2678 1258 2721 ουκιβειιτυι
1296 2675 1582 2717 ειηςεοιδωι
1626 2670 2010 2713 TAURINENSEI.

776 2756 1042 2830 (flabelur
1090 2764 1213 2808 tom.
1255 2750 1370 2812 III,
1414 2762 1586 2819 estque
1634 2750 1688 2801 in
1723 2763 1898 2801 oousc.
1940 2744 2059 2813 l8.)

1183 2841 1513 2900 EPISTOLA
1555 2839 1638 2895 IV.

996 2954 1061 2992 AD
1099 2952 1149 2993 ϐο
1188 2949 1475 2990 εριδαορωι
1514 2944 1846 2986 Αυχιιιλιηυιι.

631 3035 1019 3091 Aacuusuruu.
1064 3059 1135 3072 —
1180 3028 1263 3083 Ah
1314 3027 1565 3095 episeopo
1596 3023 1949 3095 Auximano,
2012 3016 2095 3071 cui
2148 3024 2207 3070 ut

700 3090 881 3159 mundi
912 3101 1069 3170 huius
1102 3090 1426 3170 vanitatibus
1456 3090 1698 3149 nuntium
1724 3090 2050 3170 remitteret,
2082 3102 2204 3155 per-

697 3184 959 3237 suaserat,
988 3162 1231 3226 recenter
1264 3167 1556 3236 digressus,
1590 3173 1641 3217 et
1672 3162 1737 3216 ad
1768 3174 1892 3215 suos
1924 3172 2194 3237 reversus,

697 3228 892 3300 multos
923 3228 995 3298 ibi
1032 3257 1097 3297 ex
1128 3241 1193 3294 iis
1217 3228 1351 3307 quos
1384 3237 1499 3307 ipse
1528 3241 1798 3307 noverat,
1833 3240 2067 3283 mortuos
2113 3228 2197 3281 in-

704 3317 864 3369 venit.
898 3314 1031 3367 Hinc
1061 3311 1221 3381 igitur
1235 3302 1760 3381 sumptaoceasioue
1788 3302 2034 3381 hortatur
2060 3312 2205 3352 cum-

698 3386 818 3440 dem
865 3372 1169 3452 episcome
1189 3420 1204 3444 ,
1234 3387 1291 3431 ut
1321 3372 2002 3452 ulterius__conversinnem
2030 3383 2202 3452 "suam

698 3438 802 3510 non
862 3438 1113 3515 differat,
1177 3438 1275 3503 nec
1339 3462 1395 3500 se
1448 3445 1631 3515 tandiu
1688 3442 1825 3515 male
1884 3438 2206 3515 blandientis

699 3507 895 3580 oceani
944 3507 1190 3591 procellis
1218 3528 1273 3573 et
1318 3516 1565 3591 ﬂuetibus
1606 3512 1800 3583 jactari
1826 3511 2085 3591 patiatur,
2112 3507 2208 3591 sed

702 3576 1108 3649 adimoviia'sterii
1138 3600 1347 3659 portum
1395 3576 1626 3659 festinus
1657 3576 1926 3659 accurrat.
1981 3579 2131 3659 Quod
2160 3576 2205 3632 si

702 3663 910 3727 fecerit,
941 3678 1096 3717 ouiue
1128 3651 1197 3713 illi
1232 3674 1385 3713 suum
1410 3656 1668 3718 studium,
1691 3651 2014 3727 obsequium
2048 3651 2205 3703 bene-

700 3723 1096 3801 volentiamque
1143 3730 1453 3799 pollicetur;
1508 3727 1589 3801 sin
1617 3724 1809 3801 minus
1848 3723 2045 3801 habere
2084 3732 2208 3801 eum

703 3805 801 3860 sibi
839 3821 924 3859 res
971 3790 1095 3857 suas
1136 3790 1308 3871 jubet,
1356 3790 1454 3852 nec
1502 3796 1792 3871 quidquam
1841 3791 1943 3847 sibi
1986 3790 2211 3859 posthac

702 3892 821 3931 cum
854 3874 942 3927 illo
972 3867 1167 3943 negotii
1206 3869 1320 3925 fore
1351 3867 1649 3922 denuntiat.

702 3968 906 4021 Domuo
958 3964 1021 4020 G.
1072 3960 1518 4019 reverendissimo
1582 3958 1871 4010 AUXIIIANO
1920 3952 2207 4022 episcopo,

634 4059 846 4113 PETRUS
873 4053 1129 4125 quidquid
1160 4066 1368 4115 servus,
1396 4059 1447 4104 et
1475 4047 1635 4102 filius.

709 4146 1079 4207 Dilectissime,
1108 4152 1389 4211 postquam
1419 4155 1447 4192 a
1479 4136 1630 4191 vobis
1659 4134 1906 4200 discessi,
1927 4131 2209 4203 quamplu-

640 4258 723 4295 res
754 4239 999 4293 homines
1042 4234 1323 4290 defunctos
1365 4246 1484 4287 esse
1520 4231 1571 4284 in
1605 4228 1805 4283 nostris
1846 4226 2091 4296 partibus
2124 4240 2212 4279 rc-

634 4332 767 4403 peri.
802 4329 953 4385 Unde
983 4328 1047 4381 ad
1074 4342 1171 4381 vos
1200 4338 1411 4394 quoque
1441 4321 1635 4376 mentis
1663 4319 1876 4373 oculum
1908 4314 2211 4377 reﬂectens,

638 4423 786 4475 ialde
826 4418 1143 4489 perterritus
1182 4431 1321 4479 sum,
1366 4429 1431 4467 ne
1463 4410 1633 4474 vobis,
1664 4407 1807 4479 quod
1840 4408 2006 4471 absit,
2036 4405 2214 4459 simile

637 4512 761 4582 quid
810 4510 1158 4579 contingeret,
1189 4514 1253 4560 et
1283 4521 1367 4558 ine
1407 4512 1483 4558 tot
1512 4517 1607 4572 per
1648 4499 1892 4581 inducias
1928 4510 2089 4565 super
2134 4496 2214 4548 in-

2288 540 2376 595 tibi
2414 547 2533 609 post
2564 546 2769 609 tergum
2802 537 2853 589 in
2887 534 3097 589 insidiis
3129 534 3324 598 latitat,
3352 533 3558 602 absque
3595 546 3747 585 mora
3781 546 3875 587 ru-

2285 633 2555 701 linqueres
2596 628 2853 699 quidquid
2908 627 2999 681 tibi
3048 625 3281 680 mundus
3329 626 3571 680 arridet:
3607 622 3875 694 quidquid

2287 726 2379 780 tibi
2418 722 2690 792 deceptrix
2721 721 2835 775 haec
2869 719 2977 771 vita
3009 714 3294 770 demulcet.
3349 716 3456 769 Sed
3494 716 3878 786 imprudenter

2287 830 2402 886 ago.
2438 814 2480 869 si
2513 813 2805 867 doctiorem
2839 824 2922 863 me
2948 808 3141 863 docere
3185 821 3473 877 prmsumo.
3506 806 3685 862 Unum
3725 806 3874 873 dico,

2287 916 2439 978 pater
2486 904 2582 969 mi,
2630 916 2728 957 nec
2776 899 3066 963 irascaris,
3116 914 3158 954 si
3196 898 3437 953 converti
3483 898 3743 965 volueris,
3790 913 3879 956 me

2287 1012 2523 1061 servum,
2548 1009 2632 1050 me
2654 993 2842 1057 lilium,
2870 1005 2955 1046 me
2974 990 3293 1045 vilissimum
3320 988 3604 1055 famulum,
3629 990 3876 1060 quandiu

2288 1092 2508 1155 vixeris,
2535 1088 2634 1143 sub
2659 1086 2883 1157 pedibus
2910 1084 3015 1140 tuis
3048 1099 3259 1154 semper
3283 1084 3511 1150 habeto;
3555 1086 3639 1139 sin
3670 1094 3879 1148 autem.

2289 1192 2626 1249 nequaquam
2656 1186 2831 1231 tecum
2862 1175 3086 1229 ulterius
3111 1173 3380 1246 colligam,
3411 1190 3500 1240 ne,
3532 1178 3678 1244 quod
3706 1174 3875 1241 absit,

2290 1286 2320 1325 a
2345 1269 2455 1324 Deo
2495 1281 2615 1322 meo
2645 1267 2969 1327 dissentiens
3012 1279 3295 1337 spargam;
3348 1280 3447 1320 nec
3496 1281 3734 1334 unquam
3763 1266 3886 1323 volo

2290 1359 2449 1414 alicui
2492 1359 2545 1412 in
2582 1372 2767 1413 amore
2804 1370 2923 1412 esse
2951 1356 3272 1426 ronjunctus
3301 1356 3393 1426 qui
3423 1370 3453 1411 a
3485 1355 3668 1411 divina
3716 1356 3885 1412 fuerit

2292 1452 2551 1507 societate
2575 1450 2799 1507 divisus.

2780 1562 2933 1632 ιοι
2978 1558 3311 1617 EPISTOLA
3352 1560 3397 1617 ν

2790 1669 2859 1707 ΔΙ)
2897 1668 2950 1709 G.
2972 1691 2984 1705 .
3016 1692 3031 1707 .
3072 1667 3382 1708 IPISCOWI.

2295 1749 2689 1806 Ancona-run.
2721 1776 2790 1787 —
2818 1744 3134 1801 Terribilem
3182 1744 3331 1798 illum
3379 1753 3434 1799 et
3484 1742 3889 1801 formidandum

2370 1820 2689 1875 mortalibus
2726 1818 2887 1881 diem,
2909 1830 3016 1886 quo
3046 1816 3355 1887 universum
3381 1830 3553 1887 genus
3582 1815 3888 1871 humanum

2371 1900 2496 1945 ante
2525 1888 2760 1960 supremi
2796 1885 3008 1960 iudicis
3057 1885 3316 1960 tribunal,
3369 1885 3429 1940 ut
3478 1887 3890 1941 exactissimam

2376 1956 2695 2016 vitaainhae
2737 1958 3078 2011 miseriarum
3126 1956 3264 2010 valle
3306 1964 3594 2012 transacta
3621 1958 3893 2011 rationem

2372 2033 2581 2087 reddat.
2616 2030 2766 2099 quasi
2790 2044 2953 2083 arena
2984 2028 3149 2099 maris
3178 2028 3617 2099 congregabitur,
3642 2027 3891 2083 luculen-

2374 2112 2459 2157 ter
2486 2096 2765 2164 describit,
2794 2108 2848 2153 et
2877 2099 3023 2153 velut
3071 2098 3122 2151 in
3169 2096 3376 2169 pictura
3420 2096 3487 2153 G.
3534 2098 3777 2169 episcopi
3827 2098 3895 2153 ob

2372 2172 2555 2226 oculos
2582 2161 3035 2243 ponitillortatur
3064 2177 3119 2221 ut
3148 2161 3386 2243 ejusdem
3410 2161 3647 2238 speciem
3676 2161 3739 2223 et
3758 2170 3892 2222 ima-

2371 2244 2551 2312 ginem
2574 2240 2769 2295 mentis
2794 2240 2966 2312 oculis
3012 2240 3550 2312 tanquam__pra:sens
3596 2240 3894 2312 intueatur.

2375 2308 2547 2367 etsuo
2581 2313 2761 2365 animo
2821 2311 3144 2363 insidentem
3200 2308 3363 2379 nullo,
3404 2324 3643 2379 unquam
3696 2309 3896 2364 fucata:

2374 2383 2533 2459 hujus
2562 2382 2744 2459 mundi
2776 2380 3051 2436 felicitatis
3080 2390 3302 2435 asuectu
3339 2378 3625 2446 dimoveri,
3666 2389 3763 2434 aut
3816 2380 3896 2434 di-

2375 2455 2495 2507 velli
2534 2455 2794 2524 patiatur.

2363 2568 2571 2622 Domno
2591 2564 2657 2619 G.
2675 2564 3131 2620 reverendissimo
3153 2565 3429 2625 eoiscooo.
3458 2564 3677 2622 Ρετκοε
3702 2567 3899 2623 debita

2311 2659 2587 2715 servitutis
2621 2658 2960 2725 obsequium.

2380 2749 2732 2804 Dilectissime
2765 2756 2917 2807 pater
2938 2755 2993 2803 et
3015 2745 3255 2811 domine,
3285 2763 3429 2803 nunc
3456 2748 3581 2803 dum
3616 2749 3716 2803 tibi
3744 2764 3900 2805 mun-

2306 2843 2405 2897 dus
2435 2841 2659 2904 arridet,
2693 2839 2821 2894 dum
2852 2837 3033 2893 carnis
3055 2837 3261 2892 sanitas
3284 2837 3480 2903 fervet,
3512 2840 3640 2893 dum
3670 2855 3898 2910 prosper

2306 2934 2441 2989 ritas
2471 2940 2683 2986 terrena
2710 2929 3001 2991 demulcet,
3031 2942 3151 2998 qua:
3180 2937 3301 2998 post
3326 2930 3432 2984 ista
3459 2942 3767 2999 sequuntur
3794 2945 3894 2987 ex-

2308 3028 2506 3096 cogita.
2530 3032 2584 3079 et
2621 3024 2733 3093 jam
2762 3022 2916 3092 quasi
2965 3021 3278 3084 transactis,
3334 3036 3456 3092 quae
3506 3030 3709 3091 praesto
3756 3029 3902 3090 sunt,

2310 3118 2440 3177 illud
2468 3116 2755 3190 prudentia
2778 3124 2957 3171 vestra
2986 3114 3216 3169 solerter
3236 3116 3530 3182 examinet,
3574 3131 3701 3186 qum
3761 3132 3901 3187 prte-

2226 3208 2271 3271 C
2302 3211 2545 3267 sentibus
2571 3208 2756 3264 futura
2795 3208 3110 3281 succedant.
3154 3206 3500 3277 Quaecunque
3544 3224 3676 3280 ergo
3723 3219 3903 3266 trans-

2309 3303 2468 3358 itoria
2494 3308 2640 3369 sunt,
2664 3299 2844 3356 altiori
2884 3298 3114 3355 consilio
3138 3298 3252 3369 jam
3311 3299 3574 3355 transisse
3603 3300 3904 3368 decernite,

2308 3404 2361 3450 et
2384 3394 2532 3449 velut
2578 3390 2937 3447 ludifactoriai
2982 3390 3251 3447 illusionis
3298 3389 3572 3445 somnium
3626 3389 3904 3461 deputata.

2308 3484 2436 3541 lluc
2462 3498 2617 3539 mens
2646 3490 2823 3538 vestra
2856 3490 3123 3547 recurrat,
3156 3480 3284 3535 illuc
3314 3478 3573 3535 sollicitos
3632 3482 3901 3538 acuminis

2310 3578 2394 3633 sui
2422 3576 2606 3632 oculos
2625 3575 2844 3645 dirigat,
2866 3574 3008 3643 quod
3033 3581 3318 3643 Postquam
3344 3572 3637 3642 contigerit
3664 3574 3898 3630 transire

2312 3686 2418 3726 non
2457 3669 2625 3724 novit.
2679 3664 3001 3722 Terribilem
3040 3680 3255 3735 quoque
3302 3662 3474 3718 ultimi
3514 3662 3710 3731 judieii
3766 3665 3905 3721 diem

2307 3766 2417 3837 jam
2452 3762 2504 3815 in
2534 3768 2854 3831 conspectus
2884 3757 3050 3812 vestri
3073 3755 3359 3827 praesentia
3390 3756 3595 3826 ponite,
3625 3766 3681 3811 et
3718 3772 3879 3828 repeti

2313 3858 2483 3911 tinum
2508 3863 2669 3909 tanta:
2698 3850 2994 3920 majestatis
3014 3852 3308 3904 adventum
3351 3846 3692 3903 tremefactis
3740 3850 3909 3905 visce-

2312 3949 2462 4003 ribus
2494 3952 2806 4009 retractate,
2836 3958 2936 3997 nec
2961 3941 3115 3995 illum
3150 3940 3292 3995 diem
3323 3939 3529 4010 putetis
3549 3954 3671 3995 esse
3696 3940 3906 4011 longin-

2312 4056 2499 4113 quum,
2525 4053 2681 4109 quem
2702 4036 2961 4108 propheta
2984 4042 3134 4089 tanto
3156 4042 3284 4089 ante
3301 4047 3404 4088 nos
3429 4032 3630 4088 saeculo
3646 4034 3906 4101 vicinum,

2313 4140 2368 4189 et
2400 4130 2678 4199 velutjam
2730 4137 2877 4183 esset
2927 4127 2981 4181 in
3033 4124 3220 4179 limine
3269 4124 3625 4194 praedicabat,
3675 4124 3904 4183 dicens:

2320 4244 2338 4275 ι
2373 4225 2532 4279 Juxta
2570 4232 2654 4277 est
2682 4221 2795 4276 dies
2836 4218 3048 4274 Domini
3090 4232 3350 4309 magnus;
3394 4214 3553 4285 justs
3574 4226 3683 4284 est,
3720 4227 3780 4273 et
3823 4234 3913 4275 ve-

2317 4315 2399 4370 lox
2430 4314 2624 4376 nimis;
2655 4328 2757 4365 vox
2788 4310 2891 4365 diei
2930 4310 3142 4364 Domini
3175 4324 3358 4363 amara
3390 4348 3405 4373 ,
3441 4309 3798 4365 tribulabitur
3840 4310 3912 4367 ibi

2317 4406 2489 4461 fortis.
2525 4405 2648 4459 Dies
2678 4406 2795 4467 iraz,
2819 4404 2934 4457 dies
2964 4402 3074 4466 illa,
3105 4400 3220 4455 dies
3252 4399 3615 4456 tribulationis
3636 4410 3711 4457 .et
3738 4418 3910 4475 angu-

2321 4498 2464 4560 stim,
2494 4495 2610 4549 dies
2645 4492 2971 4548 calamitatis
2996 4500 3051 4546 et
3076 4490 3339 4556 miserim;
3392 4491 3510 4546 dies
3563 4492 3912 4548 tenebrarum

634 4605 822 4661 ducias
845 4602 1218 4673 protelantem.
1246 4596 1425 4651 divina
1454 4574 1721 4648 sententia
1747 4606 1813 4644 ex
1841 4590 2015 4644 aliena
2044 4595 2216 4642 morte
2246 4574 2293 4633 Ῑ)
2320 4597 2376 4643 et
2399 4586 2676 4657 caliginis;
2732 4585 2847 4639 dies
2874 4581 3081 4637 nebulas
3103 4592 3160 4636 et
3183 4580 3436 4646 turbinis,
3491 4581 3608 4636 dies
3663 4583 3809 4638 tuba:
3858 4591 3913 4638 et

633 4698 933 4753 damnaret.
969 4692 1308 4761 Quapropter
1336 4686 1561 4742 obsecro
1589 4694 1663 4747 te,
1694 4681 2012 4736 eharissime
2040 4691 2212 4749 pater,

635 4803 733 4857 per
766 4785 1192 4854 omnipotentem
1219 4777 1425 4841 Iesum,
1456 4791 1551 4846 per
1578 4784 1798 4829 sanctos
1836 4772 2051 4843 angelos
2077 4771 2213 4841 ejus,

637 4893 731 4949 per
762 4877 1010 4931 thronum
1053 4868 1348 4943 majestatis
1377 4867 1492 4936 ejus
1522 4868 1759 4938 igneum,
1792 4866 1844 4919 in
1871 4878 1979 4934 quo
2000 4863 2211 4931 judica—

642 4982 792 5024 turus
822 4977 905 5021 est
930 4966 1079 5019 vivos
1100 4973 1155 5020 et
1180 4970 1437 5025 mortuos,
1471 4974 1536 5014 ne
1567 4956 1908 5027 temetipsum
1953 4954 2211 5023 deeipias,

639 5076 703 5115 ne
734 5058 958 5114 ulterius
1002 5053 1239 5119 diﬂ‘eras,
1265 5067 1330 5106 ne
1362 5049 1549 5105 salutis
1582 5058 1686 5101 tuae
1720 5046 2011 5101 remedium
2041 5046 2106 5099 de
2132 5044 2216 5100 die

641 5154 693 5206 in
735 5152 875 5205 diem
907 5145 1355 5219 procrastinando
1406 5142 1639 5196 animam
1675 5149 1817 5193 tuam
1852 5140 2098 5202 sedneas,
2123 5137 2218 5193 sed

643 5244 782 5297 intra
813 5242 941 5306 cito,
973 5241 1099 5293 dum
1136 5238 1279 5301 licet,
1312 5236 1363 5290 in
1394 5242 1606 5304 portum
1646 5230 2034 5294 conversionis,
2068 5245 2135 5284 ne
2166 5239 2217 5285 te

643 5332 945 5387 tardantem
997 5328 1260 5397 repentini
1309 5325 1619 5397 opprimant
1648 5338 1829 5387 casus,
1863 5336 1930 5375 ne
1956 5331 2004 5375 te
2052 5322 2220 5391 inopi-

640 5435 781 5480 natae
812 5422 1301 5477 mortisabsorbeat
1326 5417 1543 5483 ﬂuctus,
1573 5427 1627 5473 et
1650 5415 1931 5471 aestuantis
1960 5414 2219 5484 gehennae

642 5516 898 5588 deglutiat
943 5514 1280 5570 barathrum.
1328 5511 1475 5577 Heu,
1530 5509 1661 5563 heu!
1718 5514 1871 5578 pater
1905 5505 2014 5568 mi,
2061 5519 2225 5573 quare

644 5611 745 5662 no‘n
792 5621 1005 5677 possum
1054 5605 1346 5673 impetrare
1394 5600 1531 5669 apud
1576 5599 1743 5653 Deum
1793 5606 1852 5651 ut
1904 5596 1995 5650 tibi
2047 5593 2227 5649 oculos

643 5701 819 5755 cordis
872 5698 1095 5767 aperiat,
1151 5705 1206 5750 et
1255 5696 1448 5750 lectum
1502 5689 1826 5746 calamitatis
1878 5697 1999 5752 ttae,
2041 5687 2091 5739 in
2124 5699 2229 5754 quo

644 5805 865 5849 securus
891 5786 1061 5858 jacos,
1090 5788 1272 5841 videre
1314 5783 1633 5856 permittat?
1676 5784 1836 5839 Certe
1866 5781 1909 5835 si
1944 5777 2229 5832 manifeste

2322 4678 2589 4749 clangoris
2620 4676 2877 4748 (Sophon.
2909 4674 2971 4746 ι).
3003 4694 3021 4727 ι
3054 4673 3251 4739 Pensa,
3306 4673 3678 4740 dilectissime,
3728 4686 3913 4730 extre-

2323 4787 2468 4826 mum
2493 4771 2635 4825 diem
2660 4770 2847 4841 judicii
2872 4784 3034 4837 super
3062 4769 3225 4823 corda
3245 4768 3620 4836 reproborum,
3665 4778 3777 4838 qua
3827 4783 3915 4825 as-

2321 4863 2549 4932 peritate
2580 4862 2843 4932 propheta
2874 4860 3006 4913 vidit
3027 4872 3387 4921 amat-escere,
3418 4873 3577 4928 quem
3608 4866 3689 4913 tot
3716 4857 3905 4928 appel-

2320 4954 2610 5009 lationibus
2637 4968 2746 5007 non
2781 4952 2946 5006 valuit
2976 4950 3268 5022 explicare.
3302 4949 3611 5014 Enimvero,
3642 4960 3701 5004 ut
3733 4960 3915 5007 tacea-

2323 5058 2442 5097 mus
2470 5059 2613 5097 nune
2657 5043 2725 5097 de
2774 5041 2879 5096 illis
2927 5056 3200 5111 nunquam
3254 5039 3504 5096 finiendis
3552 5041 3916 5099 damnationis

2333 5143 2548 5188 aeterna:
2577 5132 2876 5203 suppliciis,
2926 5130 3301 5185 tantummodo
3330 5130 3375 5184 si
3405 5128 3552 5184 solus
3598 5129 3688 5184 ille
3735 5131 3912 5187 ultimi

2322 5231 2498 5277 terror
2519 5232 2572 5275 et
2594 5222 2809 5286 horror,
2840 5232 2898 5275 ut
2930 5221 3147 5290 dignum
3185 5226 3288 5283 est,
3335 5219 3574 5273 studiose
3602 5218 3914 5288 discutitur,

2327 5324 2435 5373 tota
2466 5317 2647 5369 mundi
2674 5316 2829 5385 hujus
2860 5315 3161 5384 deceptrix,
3209 5321 3261 5368 et
3284 5311 3419 5367 falsa
3460 5309 3721 5377 felicitas,
3777 5329 3843 5369 ac
3872 5316 3918 5368 si

2324 5409 2497 5463 lutum
2530 5407 2675 5462 Velut
2702 5405 3037 5462 infructuosa
3061 5406 3178 5476 alga
3197 5406 3396 5459 littoris
3416 5402 3711 5473 judicatur.
3740 5403 3916 5471 Quem

2327 5501 2469 5557 enim
2495 5515 2595 5554 vox
2629 5499 2715 5554 illa
2744 5515 2851 5554 non
2879 5507 3099 5561 terreat,
3137 5498 3259 5567 quis
3290 5511 3395 5550 non
3428 5494 3740 5549 medullitus
3793 5510 3918 5551 con-

2332 5590 2627 5655 tremiseat,
2659 5605 2781 5645 cuin
2812 5589 2994 5643 audiat
3023 5588 3197 5657 ipsum
3228 5585 3514 5640 Dominum
3547 5584 3820 5639 dicentem
3865 5584 3917 5638 in

2335 5684 2624 5755 Evangelio
2657 5703 2669 5737 :
2705 5702 2721 5733 ι
2765 5683 2898 5749 Quia
2927 5682 3066 5735 sicut
3108 5680 3287 5747 fulgur
3324 5678 3438 5732 exit
3478 5678 3546 5733 ab
3595 5676 3809 5731 oriente
3865 5684 3919 5731 et

2336 5784 2557 5847 apparet
2588 5777 2640 5831 in
2671 5775 2974 5837 occidente,
3004 5773 3075 5827 ita
3104 5772 3207 5826 erit
3237 5770 3499 5825 adventus
3528 5768 3623 5824 filii
3683 5767 3920 5823 hominis
