4260 6440
228 365 311 422 ωι
1387 344 1594 402 LIBER
1632 343 1991 413 QUARTUS,
2033 344 2254 400 EPIST.
2300 347 2369 403 γ.

3421 348 3534 407 302

226 475 419 554 (Matth.
453 468 631 540 xxiv).
663 486 682 517 ι
719 462 870 532 Quis,
897 461 1141 532 inquam,
1166 476 1273 516 non
1302 471 1649 529 expavescat,
1675 474 1798 513 cum
1831 470 1877 525 Α
1908 458 2121 554 venerit
2148 457 2303 554 furor
2342 458 2482 528 ejus.
2515 457 2621 515 Sed
2649 469 2702 514 et
2729 458 3027 516 Malachias
3069 465 3336 533 propheta
3389 480 3524 522 con-

227 550 391 629 eadem
429 563 648 618 Veritas
686 558 864 611 dicat:
919 573 936 604 ι
968 554 1107 621 Quia
1156 553 1236 607 sol
1289 550 1673 606 obseurabitur
1699 591 1712 616 ,
1747 559 1802 606 et

225 666 333 721 luna
361 673 465 714 non
482 655 634 709 dabit
651 653 826 705 lumen
853 663 1032 712 suum,
1051 656 1106 703 et
1129 646 1518 702 stellx'cadent
1542 645 1608 700 de
1633 645 1794 709 caelo,

225 756 538 816 virtutesque
579 742 838 798 calorum
883 740 1246 794 movebuntur
1274 737 1486 807 (Ibid.).
1531 755 1549 788 ι
1586 738 1658 791 De
1688 752 1797 807 quo

221 850 365 907 etiam
399 841 596 895 Petrus
646 837 719 890 ait
754 853 768 889 ;
804 853 822 886 ι
870 833 1134 887 Adveniet
1157 842 1338 887 autem
1366 832 1482 885 dies
1513 831 1656 885 sicut
1687 830 1794 898 fur,

221 941 269 995 in
288 949 384 1006 quo
408 928 532 986 celi
561 941 755 998 magno
779 927 980 993 impetu
1014 923 1304 986 transient,
1348 921 1616 976 elementa
1666 936 1797 976 vero

219 1031 380 1088 calore
411 1023 690 1078 solventur
713 1018 798 1089 (ll
823 1017 967 1071 Petr.
999 1016 1117 1087 ut);
1151 1036 1170 1066 ι
1200 1016 1357 1086 102
1391 1024 1445 1069 et
1484 1015 1684 1069 iterum
1715 1015 1798 1070 di-

217 1125 283 1178 cit
312 1135 324 1172 :
352 1135 369 1169 (
390 1114 526 1170 Coeli
553 1123 757 1175 autent,
814 1109 905 1179 qui
937 1124 1084 1163 nunc
1126 1117 1272 1172 sunt,
1326 1117 1381 1161 et
1413 1115 1558 1161 terra
1601 1108 1795 1162 eodem

215 1211 366 1267 verbo
393 1207 615 1276 repositi
643 1212 788 1267 sunt,
830 1203 954 1271 igne
984 1201 1246 1256 reservati
1275 1203 1326 1254 in
1355 1201 1498 1254 diem
1517 1200 1706 1270 judicii
1738 1209 1796 1257 et

211 1301 518 1378 perditionis
567 1299 856 1368 impiorum
903 1295 1184 1349 hominum
1236 1292 1448 1365 (Ibid.).
1480 1312 1498 1343 ι
1543 1293 1679 1347 "illc
1741 1301 1796 1348 ει

210 1395 362 1452 ludas
385 1388 659 1461 apostolus
683 1388 758 1441 ait
787 1404 798 1439 :
834 1403 852 1435 ι
881 1385 1043 1450 Ecce,
1078 1385 1272 1455 inquit,
1319 1383 1498 1438 veniet
1530 1383 1793 1438 Dominus

210 1489 258 1542 in
282 1483 477 1541 sanctis
530 1479 764 1536 millibus
821 1476 1002 1532 facere
1038 1475 1304 1544 judicium
1355 1485 1545 1530 contra
1577 1491 1790 1541 omnes,

211 1579 518 1648 redarguere
547 1587 738 1628 omnes
769 1569 964 1639 impios
999 1570 1065 1624 de
1089 1569 1344 1623 onmibus
1398 1569 1657 1639 cperibus
1689 1569 1793 1622 im-

205 1668 411 1740 pietatis
435 1679 647 1727 eorum,
674 1663 870 1731 quibus
893 1660 1059 1731 impie
1081 1668 1330 1732 egerunt,
1359 1670 1416 1715 et
1444 1661 1511 1716 de
1536 1661 1792 1715 omnibus

206 1760 364 1824 duris,
389 1773 508 1828 quze
528 1755 694 1809 locuti
721 1762 847 1809 sunt
877 1762 1069 1808 contra
1092 1768 1216 1807 eum
1272 1763 1594 1823 peccatores
1637 1754 1787 1824 impii

1907 567 2040 606 sona
2078 552 2163 606 his
2205 552 2449 621 loquitur
2475 594 2488 616 ,
2548 555 2737 610 dicens
2771 572 2783 607 :
2814 573 2831 606 ι
2867 556 3007 610 Ecce
3066 557 3216 613 venit
3266 558 3529 617 Dominus

1906 643 2271 712 omnipotens,
2304 653 2361 698 et
2391 645 2514 713 quis
2545 645 2837 699 sustinebit
2861 645 3006 700 diem
3059 648 3326 704 adventus
3369 650 3531 720 ejus?

1903 734 2012 788 Aut
2041 735 2165 804 quis
2217 735 2458 804 portabit
2505 745 2858 805 conspectum
2914 737 3054 806 ejus,
3112 741 3371 808 quoniam
3411 741 3529 812 ipse

1902 831 2240 900 ingredietur
2268 832 2446 901 ignem
2479 831 2863 895 conflatorum,
2890 841 2946 886 et
2985 833 3127 888 sicut
3170 835 3383 906 paleam
3437 853 3529 892 ve-

1902 927 2130 981 lantium
2165 927 2228 1000 [f.
2259 926 2688 999 ventilantium],
2721 935 2775 981 et
2803 927 3014 982 sedebit
3041 919 3299 992 cenilans,
3327 940 3384 985 et
3406 946 3508 1000 pnr

1899 1036 2038 1091 gans
2066 1019 2206 1074 sicut
2232 1035 2449 1084 aurum,
2484 1019 2692 1074 ctsicut
2722 1021 3047 1091 argentum?
3076 1019 3338 1090 (Malacli.
3369 1024 3477 1094 ιιι.)
3506 1042 3524 1076 ι

1899 1111 1969 1166 Ει
2019 1111 2220 1164 iterum
2246 1110 2380 1165 dicit
2409 1128 2424 1164 :
2454 1129 2470 1159 ι
2507 1109 2650 1164 Ecce
2681 1110 2798 1164 dies
2830 1110 3044 1164 Domini
3087 1112 3268 1166 veniet
3325 1115 3526 1170 ardens

1901 1211 1958 1256 ut
1985 1201 2234 1256 clibanus
2271 1210 2332 1255 ut
2372 1212 2495 1255 urat
2527 1199 2592 1274 [Γ.
2617 1209 2672 1255 et
2701 1200 2844 1274 uret]
2878 1217 2991 1261 eos.
3037 1212 3094 1258 et
3124 1215 3288 1259 erunt
3332 1222 3529 1262 omnes

1899 1291 2096 1354 alieni,
2148 1303 2203 1345 et
2262 1307 2454 1347 omnes
2494 1293 2587 1362 qui
2653 1291 2865 1347 faciunt
2912 1294 3255 1364 iniquitatem
3316 1308 3375 1353 ut
3423 1301 3526 1354 sli-

1897 1384 2081 1455 ptllam
2146 1385 2402 1439 incendet
2462 1400 2558 1440 eos
2622 1385 2740 1441 dies
2800 1386 2938 1452 illa,
2993 1403 3097 1457 qua
3156 1391 3381 1456 veniet,
3447 1393 3528 1447 di-

1897 1475 1975 1530 cit
2031 1475 2294 1529 Dominus
2328 1477 2674 1547 omnipotens
2705 1518 2720 1541 ,
2774 1493 2880 1531 non
2941 1477 3282 1549 relinquetur
3317 1483 3475 1538 radix
3508 1524 3523 1550 ,

1899 1582 2075 1636 neque
2099 1566 2305 1637 palmes
2338 1566 2598 1636 (Ma/ach.
2630 1569 2732 1640 tv).
2761 1587 2780 1619 ι
2801 1569 2958 1624 Alius
2986 1585 3115 1626 vero
3137 1571 3221 1626 vir
3238 1573 3398 1644 103
3430 1577 3526 1630 de-

1899 1659 2228 1714 sideriorum
2267 1660 2341 1712 ita
2372 1659 2543 1714 dicit:
2602 1678 2620 1709 ‹
2649 1659 2715 1712 Et
2735 1674 2865 1715 ecce
2909 1661 3188 1728 videbam,
3235 1673 3292 1719 et
3340 1667 3522 1722 throni

1898 1751 2060 1820 positi
2090 1761 2242 1816 sunt,
2275 1759 2330 1804 et
2379 1750 2655 1820 Antiquus
2707 1753 2922 1806 dierum
2974 1753 3220 1819 sedebat,
3262 1765 3319 1810 et
3365 1757 3528 1812 indu-

204 1853 345 1925 (lud.
376 1853 436 1921 ι).
471 1868 490 1902 ι
525 1847 572 1904 0
603 1849 646 1903 si
671 1847 724 1901 iu
753 1846 938 1918 palato
961 1845 1144 1901 cordis
1174 1846 1348 1899 nostri
1373 1861 1571 1916 sapere
1617 1847 1793 1916 possit
1821 1835 1871 1899 Β
1901 1854 2145 1899 mentum
2168 1843 2288 1913 ejus
2327 1845 2467 1900 sicut
2497 1848 2589 1899 nix
2620 1845 2936 1911 candidum,
2983 1858 3038 1903 et
3094 1829 3275 1919 capilli
3325 1855 3525 1924 capitis

202 1956 402 2020 quantas
433 1943 818 1999 amaritudinis
846 1950 948 2008 est,
978 1942 1124 2013 quod
1146 1957 1244 2012 per
1272 1941 1540 1998 Joannem
1572 1943 1790 1998 dicitur:

203 2057 220 2091 ι
254 2039 382 2094 Ecce
421 2036 572 2092 venit
594 2051 716 2092 cum
751 2034 1009 2100 nubibus,
1066 2042 1123 2088 et
1168 2033 1377 2089 videbit
1433 2048 1556 2087 eum
1615 2035 1796 2089 omnis

1902 1939 2020 2008 ejus
2047 1940 2190 1994 sicut
2227 1939 2354 1993 lana
2389 1941 2588 1994 nmnda
2645 1940 2813 2012 (Dan.
2868 1956 2988 2009 vn).
3021 1963 3038 1995 ›
3099 1943 3353 2001 Thronus
3401 1946 3524 2016 ejus

1901 2032 2041 2102 ignis
2073 2047 2334 2097 exurens,
2388 2031 2585 2088 fluvius
2628 2035 2767 2103 ignis
2806 2034 3065 2090 currebat
3113 2047 3242 2094 ante
3295 2040 3470 2110 ipsum
3505 2082 3520 2105 ,

197 2131 394 2195 oculus,
430 2138 486 2183 et
520 2128 614 2200 qui
647 2142 772 2182 eum
811 2134 1178 2198 pupugerunt,
1217 2133 1274 2179 et
1325 2125 1585 2194 plangent
1610 2140 1671 2180 se
1705 2141 1796 2180 su-
1893 2123 2160 2194 judicium
2193 2124 2498 2188 constituit,
2539 2133 2592 2178 et
2642 2125 2765 2180 libri
2815 2127 2990 2196 aperti
3024 2138 3171 2184 sunt.
3227 2128 3296 2184 Et
3358 2133 3523 2202 paulo

193 2239 283 2296 per
303 2239 490 2280 omnes
527 2223 701 2278 tribus
727 2231 884 2276 terrae
920 2219 1104 2291 (Apoc.
1137 2221 1199 2289 ι).
1232 2239 1251 2272 ι
1297 2218 1451 2274 Tune
1491 2219 1794 2274 dissolven-

196 2326 275 2371 tur
303 2331 457 2371 renes
479 2329 673 2369 eorum
717 2312 1008 2367 formidine
1032 2312 1124 2381 qui
1159 2311 1322 2366 modo
1376 2327 1482 2365 non
1544 2312 1742 2366 timent
1772 2327 1788 2377 ;

194 2420 311 2464 tunc
363 2408 717 2479 replebnntnr
776 2407 984 2460 viscera
1038 2420 1226 2459 eorum
1278 2406 1648 2459 amaritudine
1696 2405 1788 2476 qui

192 2502 341 2555 modo
363 2502 414 2553 in
443 2499 679 2561 carnalis
707 2497 974 2552 illecebris
998 2496 1368 2566 voluptatibus
1413 2498 1654 2551 molliter
1701 2497 1790 2566 ja-

189 2600 321 2647 ceat.
364 2590 517 2645 Tunc
559 2589 705 2645 enim
751 2587 1082 2656 sanguineas
1118 2586 1392 2657 lacrymas
1444 2586 1788 2644 eﬂ‘uudeutes

190 2683 437 2753 incipient
465 2683 650 2738 dicere
678 2680 953 2734 montibus
993 2696 1007 2732 :
1059 2696 1078 2730 ι
1102 2677 1291 2733 Cadite
1319 2695 1482 2749 super
1509 2695 1636 2743 nos;
1671 2699 1688 2730 ι
1733 2689 1788 2734 et

184 2775 404 2833 collibus
432 2794 445 2830 :
476 2795 496 2828 ‹
533 2774 753 2845 Operite
775 2787 873 2827 nos
895 2770 1077 2844 (Apoc.
1110 2785 1162 2824 vr
1189 2787 1203 2838 ;
1235 2769 1366 2824 Luc.
1393 2774 1575 2841 χχιιι).
1618 2791 1636 2822 ι

251 2869 399 2926 Tunc
426 2872 573 2925 enim
611 2883 720 2923 non
760 2875 846 2922 est
880 2881 1157 2936 quoquam
1183 2864 1502 2935 confugere,
1554 2882 1660 2921 non
1699 2876 1786 2922 est

183 2961 455 3016 latibulum
494 2961 584 3016 ubi
631 2975 691 3016 se
724 2961 1012 3030 quisquam
1041 2960 1219 3014 valeat
1256 2959 1554 3015 occultare.
1610 2959 1786 3014 Nimi-

184 3071 292 3109 rum
327 3071 450 3110 cum
491 3063 549 3110 et
575 3053 769 3108 inferni
803 3063 976 3124 porta:
999 3054 1334 3123 panduntur,
1367 3069 1516 3107 mors
1557 3054 1780 3109 inimica

181 3147 513 3214 destruitnr,
575 3147 750 3218 pulvis
787 3148 877 3217 qui
933 3154 1257 3216 putruerat,
1306 3146 1357 3200 id
1403 3156 1488 3201 est
1541 3147 1778 3201 humana

1897 2225 2021 2286 post
2047 2235 2059 2270 :
2101 2236 2118 2266 ι
2145 2215 2211 2270 Ει
2239 2216 2370 2282 vidi,
2397 2206 2591 2287 inquit,
2631 2218 2684 2272 in
2713 2220 2836 2274 visu
2856 2220 3057 2285 noctis,
3081 2230 3135 2276 et
3158 2237 3286 2278 ecce
3314 2225 3367 2279 in
3423 2243 3528 2281 nu-

1897 2310 2057 2366 bibus
2081 2309 2203 2365 cadi
2240 2310 2382 2365 filius
2414 2308 2652 2366 hominis
2682 2313 2958 2379 veniebat,
2989 2324 3044 2369 et
3069 2329 3244 2386 usque
3295 2319 3363 2374 ad
3409 2318 3518 2375 Ve-

1897 2411 2100 2458 tustum
2132 2405 2342 2459 dierum
2375 2407 2644 2474 pervenit,
2674 2415 2731 2461 et
2757 2406 2810 2460 in
2835 2418 3132 2478 conspectu
3156 2407 3276 2480 ejus
3301 2412 3521 2471 oblatus

1894 2507 1996 2559 est,
2027 2507 2081 2550 et
2109 2497 2209 2567 ipsi
2244 2498 2402 2552 datus
2443 2507 2526 2554 est
2588 2499 2949 2569 principatus,
2994 2510 3048 2556 et
3097 2502 3292 2570 honor,
3325 2517 3383 2563 et
3427 2524 3517 2564 re-

1893 2605 2092 2660 gnum;
2121 2601 2174 2645 et
2196 2605 2390 2646 omnes
2416 2591 2620 2662 populi,
2659 2593 2836 2648 tribus
2881 2601 2938 2649 et
2989 2593 3186 2667 lingua;
3238 2599 3343 2671 ipsi
3401 2618 3519 2658 ser-

1903 2683 2072 2748 vient;
2107 2693 2162 2737 et
2197 2692 2445 2753 potestas
2495 2682 2613 2754 ejus
2651 2692 2898 2755 potestas
2953 2697 3184 2756 :eterna,
3238 2706 3362 2762 quae
3407 2710 3517 2752 non

1893 2775 2176 2837 transibit,
2206 2784 2260 2829 et
2290 2790 2519 2844 regnum
2553 2775 2670 2844 ejus
2717 2792 2824 2832 non
2859 2790 3268 2852 corrumpetur.
3321 2785 3516 2843 Inhor-

1891 2866 2001 2919 ruit
2029 2867 2256 2935 spiritus
2285 2882 2460 2922 meus.
2513 2867 2625 2939 Ego
2681 2869 2894 2939 Daniel,
2952 2874 3231 2930 hebetudo
3279 2893 3400 2933 mea
3460 2889 3517 2936 et

1889 2957 2131 3012 visiones
2157 2959 2354 3029 capitis
2391 2961 2496 3015 mei
2530 2962 2936 3018 conturbabant
2956 2979 3046 3020 me
3077 2965 3291 3040 (Ibid.).
3326 2988 3344 3020 ι

1960 3048 2096 3104 Cum
2123 3065 2255 3121 ergo
2285 3053 2403 3106 haec
2428 3055 2512 3125 agi
2539 3056 2829 3123 cmperint,
2861 3059 3170 3126 pandentur
3199 3061 3319 3118 sine
3347 3063 3516 3122 dubio

1886 3140 2008 3195 coeli
2053 3152 2249 3213 portae,
2302 3145 2413 3200 imo
2453 3147 2633 3216 potius
2688 3149 2864 3218 ipsum
2917 3151 3117 3206 ccelum
3177 3155 3515 3214 aufereture

180 3254 320 3302 caro,
351 3210 590 3294 audiens
620 3253 805 3294 vocem
836 3237 975 3292 tuba:
1005 3237 1333 3292 vivificatnr.
1390 3237 1510 3292 Jam
1543 3253 1682 3308 quos
1723 3238 1779 3292 in
1808 3210 1854 3273 (ἶ
1889 3237 2070 3290 medio
2095 3247 2353 3308 tauquam
2378 3241 2421 3294 si
2455 3240 2793 3298 tabernaculi
2838 3244 3109 3301 velamina
3160 3247 3510 3320 colligantur,
3569 3295 3572 3298 .

177 3332 374 3400 gremio
397 3347 503 3387 suo
535 3339 682 3385 terra
709 3338 1049 3400 susceperat,
1093 3343 1230 3398 quos
1285 3344 1423 3399 aqua
1468 3331 1780 3397 sorbuerat,

175 3437 303 3494 quos
321 3425 462 3480 edax
489 3423 710 3479 ﬂamma
737 3431 1171 3492 consumpserat,
1203 3438 1395 3478 omnes
1423 3424 1582 3494 quasi
1632 3440 1782 3479 com-

175 3515 388 3570 tnissum
419 3515 524 3569 sibi
556 3515 858 3583 depositum
887 3514 1138 3576 reddunt,
1168 3523 1222 3568 et
1248 3514 1372 3568 vitae
1409 3515 1617 3584 absque
1672 3514 1778 3569 ulla

174 3610 246 3664 sui
279 3609 644 3664 diminutione
668 3608 982 3664 restituunt.
1015 3606 1168 3662 Tunc
1194 3608 1339 3662 enim
1364 3617 1504 3663 terra
1532 3609 1779 3663 concuti-

175 3709 272 3766 tur,
299 3716 395 3756 aer
419 3701 708 3772 repentina
736 3709 1056 3770 tempestate
1087 3701 1360 3764 turbatur,
1386 3702 1626 3756 tonitrua
1655 3718 1778 3772 per-

172 3802 433 3863 strepunt,
461 3792 874 3848 cornseationes
896 3802 952 3846 et
993 3790 1208 3863 fulgura
1258 3793 1494 3848 humana
1553 3805 1775 3864 pectora

1888 3327 2099 3382 scilicet
2135 3338 2194 3381 nt
2247 3338 2555 3400 reparetur,
2601 3341 2656 3388 et
2707 3335 3132 3393 transformetur
3185 3341 3238 3395 in
3290 3343 3508 3401 melius.

1889 3419 2041 3476 Tunc
2067 3436 2200 3492 ergo
2229 3424 2410 3478 omnia
2443 3435 2624 3481 metus
2667 3428 2891 3484 habebit
2923 3432 3221 3503 timorque,
3285 3451 3351 3493 ac
3399 3446 3513 3496 tre-

1889 3528 2011 3566 mor
2044 3513 2293 3585 implebit
2326 3518 2606 3583 universa,
2667 3521 2927 3576 nimirum
2986 3539 3110 3579 cum
3153 3527 3244 3582 ille
3300 3529 3513 3600 judicet

1884 3610 1974 3677 qui
2000 3617 2141 3663 teste
2172 3626 2277 3665 non
2313 3622 2491 3680 egeat,
2515 3614 2606 3683 qui
2636 3625 2960 3685 argumenta
3014 3634 3121 3674 non
3152 3634 3382 3692 quaerat,
3414 3627 3510 3696 qui

1882 3709 2158 3754 oratorem
2183 3717 2365 3757 causa).
2386 3721 2496 3760 non
2519 3707 2778 3775 postulet.
2811 3707 2943 3776 Sed,
2972 3711 3058 3767 his
3084 3715 3344 3770 omnibus
3377 3734 3506 3786 pro-

1883 3791 1967 3844 cul
2001 3794 2217 3858 amotis,
2267 3795 2383 3865 ipse
2414 3804 2469 3852 et
2495 3807 2648 3866 gesta
2702 3809 2756 3854 et
2807 3802 2971 3857 verba
3037 3813 3093 3859 et
3141 3808 3508 3878 cogitationes

1880 3883 2160 3952 dijudicat,
2187 3894 2352 3956 atque
2383 3887 2434 3940 in
2468 3889 2706 3944 medium
2739 3891 2994 3958 collocat,
3042 3903 3098 3950 et
3126 3908 3324 3954 cuncta
3357 3901 3508 3957 velut

1880 3975 1932 4028 in
1964 3977 2164 4032 tabulis
2186 3981 2509 4048 quibusdam
2550 3983 2788 4053 depicta,
2812 3987 2986 4042 oculis
3008 4004 3198 4045 eorum
3222 3994 3316 4063 qui
3344 4009 3498 4050 com-

1878 4069 2147 4124 miserunt
2175 4086 2238 4126 ea
2273 4083 2438 4143 atque
2484 4077 2740 4133 omnibus
2794 4081 2888 4150 qui
2923 4083 3184 4140 assistere
3238 4088 3504 4146 videntur

1875 4165 2146 4217 ostendet.
2188 4163 2471 4231 Quomodo
2501 4182 2630 4238 ergo
2657 4177 2789 4227 tunc
2813 4177 3274 4245 commovebitur,
3329 4189 3386 4236 et
3440 4182 3497 4240 in

1874 4265 2022 4308 metu
2051 4258 2155 4312 erit
2187 4258 2441 4312 universa
2465 4262 2756 4316 creatura?
2801 4265 2917 4336 Age
2941 4282 3074 4335 ergo
3099 4283 3224 4324 cum
3250 4272 3317 4326 ad
3366 4273 3500 4331 illud

1871 4347 2143 4418 singulare
2171 4347 2438 4416 judicium
2463 4353 2774 4410 venerimus
2795 4357 2864 4410 ab
2893 4373 2959 4412 eo
2989 4357 3497 4430 Judicejudieandi.

1870 4443 1958 4510 qui
1986 4459 2087 4498 nec
2127 4443 2639 4502 faltioccultatioue
2671 4449 2964 4506 criminum
3016 4463 3217 4524 potest,
3269 4473 3371 4512 nec
3428 4459 3498 4517 ad

1872 4535 2249 4604 impunitatem
2280 4541 2705 4606 promerendam
2731 4543 2963 4611 alicujus
3022 4547 3303 4604 oblatione
3361 4566 3488 4608 cor-

1877 4629 2075 4698 rumpi.
2133 4628 2269 4684 Cum
2327 4633 2599 4700 coeperint
2637 4637 2818 4690 omnia
2871 4648 3082 4694 secreta
3132 4643 3388 4712 revelari,
3443 4655 3501 4704 et

1879 4734 1983 4774 non
2016 4719 2188 4774 solum
2213 4731 2366 4777 actus
2390 4739 2454 4777 ac
2487 4726 2673 4788 verba,
2709 4729 2803 4782 sed
2829 4731 2994 4785 etiam
3035 4733 3166 4804 ipsa
3198 4739 3495 4808 cogitatio-

1876 4829 1972 4869 nes
2001 4815 2236 4880 ostendi,
2267 4817 2395 4886 quid
2420 4816 2691 4873 faciemus
2742 4825 2843 4877 sub
2874 4827 3008 4880 tanti
3062 4826 3272 4885 Judicis
3319 4833 3494 4903 maje-

1875 4907 2055 4962 state?
2085 4905 2222 4974 Quid
2255 4912 2629 4966 excusationis
2657 4917 2951 4970 ostendere
2992 4921 3334 4986 poterimus?
3375 4927 3492 4994 Qua

1876 5011 1974 5052 nos
1997 4997 2329 5053 defensionis
2355 5009 2471 5054 arte
2497 5003 2892 5071 purgabimus?
2915 5010 3046 5074 Quae
3069 5010 3227 5067 nobis
3255 5016 3491 5072 subven-

1873 5099 1989 5140 tura
2021 5096 2106 5141 est
2141 5089 2484 5156 paenitentia,
2513 5106 2670 5160 quam
2699 5094 2750 5145 in
2783 5093 2888 5148 hac
2948 5111 3116 5154 carne
3158 5108 3480 5177 contempsi-

1872 5179 2027 5233 mus?
2063 5177 2193 5246 Quae
2225 5196 2322 5234 nos
2347 5180 2637 5236 defensura
2663 5194 2789 5237 sunt
2828 5199 2995 5255 Opera
3041 5189 3202 5258 bona,
3253 5209 3375 5265 qua:
3433 5199 3486 5254 it.

1870 5271 1972 5325 hac
1995 5272 2232 5324 vitanon
2273 5271 2540 5327 fecimus?
2579 5275 2658 5328 Ad
2694 5292 2834 5344 quos
2865 5282 3171 5348 apostolos,
3217 5299 3312 5342 aut
3348 5305 3490 5360 quos

1868 5363 2002 5418 alios
2023 5373 2242 5418 SztltClOS
2267 5364 2600 5436 eonfugitnri
2649 5383 2858 5433 sumus,
2912 5387 3146 5441 quorum
3204 5383 3483 5455 exempla.

1868 5458 2027 5511 simul
2052 5473 2114 5512 ac
2144 5457 2306 5512 verba
2331 5458 2813 5530 despeximus‘Mn
2846 5463 2990 5522 fune
3032 5469 3216 5542 aliqua
3274 5489 3335 5531 se
3367 5475 3482 5534 fra-

1869 5549 2048 5619 gilitas
2095 5551 2344 5620 corporis
2391 5554 2694 5615 excusabit,
2739 5556 2838 5611 sed
2887 5564 3228 5618 excus:itioni
3281 5583 3476 5625 eorum

1867 5640 2241 5693 reclamabinit
2264 5640 2511 5694 omnium
2543 5643 2795 5712 exempla
2823 5657 3162 5714 sanctorum,
3218 5655 3311 5722 qui
3362 5657 3474 5710 fra-

1867 5732 2131 5802 gilitatem
2160 5731 2343 5786 carnis
2381 5733 2433 5787 in
2470 5748 2635 5791 carne
2655 5735 2957 5806 vincentes,
3015 5744 3154 5811 quod
3217 5746 3472 5803 fecerunt

1867 5826 2054 5894 utique
2079 5823 2258 5879 facere
2289 5840 2388 5880 nos
2407 5840 2564 5895 posse
2591 5827 2914 5885 docuerunt.
2947 5833 3172 5887 Matium
3204 5841 3331 5901 quia
3372 5855 3472 5895 nec

173 3891 372 3937 terrore
399 3882 766 3937 confundunt.
820 3901 840 3933 ι
873 3881 1014 3937 Deus
1045 3885 1191 3937 enim
1236 3883 1525 3939 manifeste
1568 3889 1772 3954 veniet,

171 3975 302 4032 Deus
330 3987 546 4042 noster,
578 3984 635 4031 et
656 3989 758 4030 non
776 3975 973 4031 silebit.
999 3978 1203 4048 Ignisin
1222 3987 1513 4048 conspectu
1544 3979 1661 4047 ejus
1685 3995 1776 4034 ar-

170 4069 326 4133 debit,
349 4079 403 4124 et
435 4071 492 4124 in
519 4069 752 4123 circuitu
775 4067 891 4136 ejus
913 4079 1208 4140 tempestas
1240 4069 1436 4124 valida.
1469 4070 1769 4127 Advocavit

167 4163 352 4216 emtum
376 4163 672 4216 desursum
703 4170 758 4216 et
789 4170 1026 4226 terram,
1075 4171 1134 4216 ut
1184 4163 1459 4216 discernat
1513 4163 1767 4234 populum

170 4270 335 4308 meum
353 4253 534 4324 (Psal.
555 4256 713 4325 xui).
749 4274 766 4306 ι
787 4255 841 4309 In
866 4255 952 4309 die
974 4255 1182 4311 scilicet
1213 4257 1301 4311 illa
1335 4260 1618 4312 tremenda
1641 4275 1763 4314 cum

166 4347 374 4416 Angelis
397 4359 454 4403 et
476 4348 858 4419 Archangelis,
880 4364 1003 4404 cum
1031 4350 1267 4404 Thronis
1287 4361 1338 4405 et
1375 4352 1766 4408 Dominationi-

168 4437 428 4500 bus,cum
478 4439 886 4510 Principatibus
933 4450 988 4494 et
1036 4439 1408 4497 Potestatibns
1459 4445 1761 4514 apparebit,

165 4530 308 4585 cunis
333 4531 782 4594 coruscantihus,
814 4533 974 4587 terris
999 4533 1336 4597 ardentibus,
1362 4537 1572 4590 cunctis
1594 4538 1759 4593 etiam

165 4616 440 4674 elementis
471 4622 526 4676 in
559 4621 642 4675 sui
678 4621 920 4692 obsequii
970 4631 1180 4678 terrore
1234 4625 1539 4678 commotis.
1590 4625 1761 4692 Quem

165 4712 295 4766 diem
324 4716 464 4770 bene
497 4715 592 4770 ille
631 4716 862 4771 eximius
899 4717 1284 4786 prophetartnn
1345 4718 1514 4774 Isaias
1559 4721 1763 4774 denun-

168 4801 279 4864 tiat,
306 4805 498 4860 dicens
525 4820 540 4858 :
583 4825 600 4856 ι
622 4806 760 4860 Ecce
785 4807 899 4862 dies
928 4806 1140 4862 Domini
1177 4809 1357 4862 veniet
1410 4810 1759 4876 insanabilis;

164 4893 270 4948 dies
296 4896 503 4951 furoris
533 4909 589 4950 et
618 4898 732 4960 iraa,
758 4909 815 4951 ut
837 4907 1001 4968 ponat
1025 4900 1213 4954 orbem
1252 4909 1412 4954 terra:
1455 4902 1761 4970 desertum,

164 4993 210 5036 et
237 4998 554 5055 peccatores
589 4990 777 5058 perdat
801 5005 865 5044 ex
894 5006 960 5044 eo
990 4990 1127 5060 (Iso.
1159 4992 1298 5062 xm).
1339 5014 1357 5044 ι
1412 4994 1762 5052 Stellze‘enim

163 5077 275 5132 caeli
298 5079 481 5135 lumen
509 5096 674 5135 suum
697 5097 802 5134 non
835 5081 1069 5146 dabunt,
1101 5093 1154 5137 et
1185 5084 1567 5141 obscurabitnr
1595 5089 1674 5142 sol
1712 5090 1764 5145 in

164 5179 276 5222 ortu
300 5187 415 5230 suo.
447 5172 583 5226 luna
619 5188 749 5227 vero
778 5189 881 5226 non
911 5174 1058 5228 dabit
1081 5175 1262 5230 lumen
1287 5193 1466 5241 suum,
1508 5189 1562 5233 et
1613 5197 1766 5234 man-

165 5261 288 5318 dabo
317 5249 587 5320 universé
613 5265 730 5318 orbi
776 5266 935 5332 mala,
986 5278 1038 5322 et
1082 5269 1260 5337 impiis
1299 5280 1669 5339 peccatorum,
1709 5281 1766 5328 et

167 5359 372 5424 perdam
398 5358 798 5413 contumeliam
827 5361 1157 5429 iniquorum,
1185 5373 1238 5414 et
1269 5365 1642 5431 arrogantiam
1671 5381 1762 5419 su-

166 5453 442 5518 perborum
479 5453 806 5513 hnmiliabo,
833 5462 885 5507 et
906 5464 1064 5508 erunt
1091 5456 1180 5522 qui
1210 5455 1381 5510 relicti
1415 5456 1614 5510 fuerint
1637 5473 1758 5526 pre-

167 5542 274 5596 tiosi
301 5545 476 5614 magis
505 5559 679 5614 quam
711 5559 898 5597 aurum
925 5564 992 5598 an
1029 5547 1150 5615 igne
1177 5557 1486 5617 purgatum,
1513 5559 1566 5602 ct
1597 5551 1758 5603 homo

167 5638 438 5701 pretiosior
464 5653 640 5708 quam
676 5637 808 5706 lapis
839 5639 1146 5706 sapphirus.
1180 5640 1386 5692 (Icelum
1423 5641 1566 5692 enim
1624 5657 1758 5710 qua-

170 5725 336 5792 tietur,
366 5739 421 5783 et
450 5740 607 5784 terra
665 5730 967 5782 movi’iiitnr
991 5747 1018 5783 a
1054 5728 1419 5785 fundamentis
1465 5731 1578 5786 suis
1632 5749 1757 5802 pro-

169 5829 274 5873 mer
300 5821 543 5876 furorem
577 5820 678 5874 ira:
707 5819 912 5874 Domini
943 5821 1204 5884 Sabaoth,
1240 5821 1291 5874 in
1319 5822 1404 5877 die
1435 5839 1540 5892 qua
1569 5838 1758 5891 super-
