4260 6436
765 367 872 424 303

1297 357 1353 413 S.
1396 349 1601 410 PETRI
1637 342 1924 404 DAMIANI
1961 339 2113 397 OPP.
2145 335 2328 392 PARS

2472 331 2497 388 U
2528 328 2764 388 TOMUS
2800 327 2842 382 ἰ.
2882 354 2950 366 --ο
2989 317 3209 379 εἶΡΙὸΤ.
3242 314 3372 374 LIB.
3401 310 3537 368 Vlll.

3937 303 4046 364 ’5οι

763 476 870 552 ipsi
892 484 1114 549 peccato
1141 487 1235 529 sua
1255 472 1475 530 virtute,
1502 463 1597 518 sed
1638 461 1732 515 Dei
1787 452 2098 511 miserantis
2141 447 2341 503 auxilio
2369 449 2422 510 Α
2446 436 2878 552 νωιῖοοι-ἰᾱιειιῗ,
2933 442 3021 552 «πηίΙ
3043 429 3734 552 δυωξῗηὶϋῗωγῗῖζ¹ξῗῖιξι
3757 418 4044 552 lentis“

764 548 1102 629 restiterunt,
1128 563 1219 634 qui
1252 575 1311 617 se
1337 569 1391 615 et
1436 571 1541 612 non
1571 548 1937 624 quaerentibus
1969 553 2029 600 ut
2069 549 2347 614 quaeratur

765 673 932 736 atque
960 668 1022 715 ut
1049 659 1104 713 in
1130 670 1253 712 eum
1275 653 1530 709 credatur
1571 644 1825 707 ostendit,
1874 638 2178 736 credentes.
2200 635 2348 736 inuse

765 722 893 810 ue.a
921 756 1146 822 peccato
1167 746 1453 800 vincantur
1475 740 1673 795 invicta
1700 729 2034 805 protectione
2085 722 2346 822 defendit.

766 812 1076 912 Quid-ergo
1107 834 1422 907 responsuri
1447 839 1594 895 sunt,
1617 830 1662 885 si
1688 827 1770 883 eis
1801 822 2062 879 Dominus
2081 817 2227 873 dicat
2253 833 2265 868 :
2291 812 2349 868 Si

765 933 1045 1007 potuistis,
1081 944 1248 1001 quare
1285 943 1390 983 non
1446 920 1724 978 restitistis
1777 913 2058 975 desideriis
2102 916 2354 981 peccato-

767 1026 922 1081 rum?
956 1024 1011 1078 Si
1045 1036 1150 1077 non
1171 1017 1443 1090 potuistis,
1466 1027 1634 1084 quare
1655 1023 1832 1066 meum
1855 1013 2044 1062 contra
2066 1007 2353 1090 peccatum

773 1132 880 1172 non
907 1088 1187 1186 quaesistis
1208 1107 1503 1165 auxilium?
1522 1105 1630 1162 Aut
1657 1099 1949 1161 vulnerati,
1977 1106 2148 1166 quare
2177 1088 2356 1186 poeni:

767 1177 942 1264 tendo
993 1220 1101 1260 non
1165 1199 1488 1258 adhibuistis
1529 1193 1738 1251 vulneri
1783 1200 1964 1247 vestro
2014 1177 2355 1249 remedium?

767 1295 1025 1366 Nunquid
1056 1309 1162 1350 non
1186 1293 1252 1347 ad
1281 1293 1397 1347 haec
1425 1283 1834 1345 ohmutescent?
1862 1279 2002 1350 Quid
2051 1283 2229 1366 autem
2249 1285 2356 1366 ex-

666 1415 680 1437 .
770 1364 1037 1445 eusationi
1061 1385 1450 1457 respondeant;
1482 1395 1590 1436 non
1610 1374 1934 1434 habentibus
1956 1370 2086 1426 dicit
2113 1381 2128 1421 :
2156 1385 2175 1419 ι
2199 1364 2357 1435 Liga-

772 1481 845 1536 ti's
875 1477 1129 1534 manibus
1157 1484 1212 1530 et
1236 1473 1479 1536 pedibus,
1508 1469 1708 1524 mittite
1725 1480 1820 1521 eos
1871 1463 1925 1518 in
1969 1457 2224 1516 tenebras
2265 1467 2358 1508 ex-

770 1571 1020 1632 teriores,
1069 1568 1144 1621 ibi
1174 1562 1468 1622 erit-ﬂetus
1518 1569 1573 1617 et
1618 1557 1817 1614 stridor
1870 1549 2108 1609 dentium
2137 1543 2354 1616 (Matth.

770 1663 930 1731 χχιι).
968 1659 1067 1716 Ubi
1093 1657 1295 1713 vermis
1325 1669 1513 1712 eorum
1534 1667 1640 1707 non
1667 1647 1949 1710 morietur,
2003 1649 2058 1697 et
2091 1639 2233 1711 ignis
2263 1649 2358 1690 eo-

773 1772 895 1810 rum
924 1766 1032 1809 non
1055 1751 1429 1823 exstinguetur
1455 1746 1592 1818 (Ita.
1619 1748 1786 1812 exvt).
1819 1757 1836 1791 ι
1865 1733 2208 1793 Pensandum
2226 1741 2358 1823 ergo

2449 533 2589 606 quod
2617 529 2906 596 timebatis,
2954 523 3254 582 advenerit.
3301 520 3437 578 Cum
3492 516 3714 574 irruerit
3757 511 4050 606 repentina

2450 603 2766 686 calamitas,
2812 628 2867 676 et
2918 617 3170 674 interitus
3215 611 3372 685 quasi
3410 616 3708 680 tempestas
3759 603 4048 678 ingruerit.

2453 718 2675 788 Quando
2735 712 2946 768 venerit
3008 723 3171 780 super
3232 721 3331 763 vos
3384 703 3683 768 tribulatio,
3757 707 3816 757 et
3877 712 4054 770 angu-

2453 813 2575 873 stia,
2633 818 2761 864 tunc
2804 805 3268 866 invocabuntme,
3318 808 3374 856 et
3404 814 3510 856 non
3541 796 3851 852 exaudiam.
3890 793 4052 849 Mane

2455 909 2778 971 consurgent
2803 907 2859 954 et
2883 913 2992 953 non
3022 893 3296 951 invenient
3326 905 3415 947 me
3464 889 3648 962 (Prov.
3674 887 3737 961 ι).
3775 907 3796 942 ι
3856 886 3917 942 In
3943 900 4054 959 quo

2453 1005 2583 1063 ergo
2602 988 2933 1046 conlidemus
2952 986 2976 1040 τ
2999 983 3099 1041 Ubi
3125 998 3258 1055 spen
3295 980 3656 1051 adipiscenda:
3674 979 3868 1036 salutis
3886 978 4056 1037 habes

2455 1080 2676 1136 bimus?
2701 1075 2951 1148 Nunquid
2983 1075 3035 1130 in
3066 1073 3416 1145 pecuniarum
3455 1069 3760 1135 thesauris,
3815 1083 3956 1138 quos
3995 1067 4053 1123 in

2458 1186 2584 1227 arca
2610 1166 2989 1226 reeondimus?
3023 1163 3276 1234 Nunquid
3322 1163 3377 1218 in
3409 1160 3720 1218 divitiarum
3751 1158 4052 1224 afﬂuentia,

2457 1277 2595 1333 quas
2639 1261 2969 1317 intrinsecus
3007 1257 3164 1312 vacui
3200 1253 3356 1343 .male
3387 1253 3627 1310 exterius
3674 1249 4058 1322 possidemus?

2459 1354 2566 1412 Sed
2591 1355 2718 1410 audi
2741 1351 3044 1425 apostolum
3080 1341 3369 1414 Iacobum,
3410 1345 3604 1418 quanti
3628 1344 3849 1402 divitias
3877 1341 4058 1398 homi-

2459 1461 2591 1502 num
2639 1443 2825 1508 faciat,
2878 1442 3023 1514 quod
3056 1440 3311 1497 meritum
3362 1438 3417 1493 in
3462 1445 3696 1493 terrente
3741 1432 4061 1490 substantia

2459 1535 2802 1608 possessione
2827 1533 3124 1590 constituat
3153 1545 3170 1587 :
3202 1549 3222 1584 ‹
3249 1529 3434 1602 Agite,
3486 1528 3684 1600 inquit,
3715 1541 3888 1592 nunc,
3919 1525 4059 1582 divi-

2461 1635 2564 1694 tes,
2607 1612 2664 1684 ct
2690 1625 2898 1697 plorate
2925 1623 3194 1680 ululantes
3219 1626 3275 1678 in
3316 1620 3550 1676 miseriis
3571 1660 3585 1685 ,
3615 1633 3738 1690 quae
3767 1616 4062 1673 advenient

2463 1721 2635 1777 vobis.
2669 1717 2878 1774 Divitiae
2902 1725 3099 1773 vestra:
3125 1711 3444 1789 putrefactas
3484 1719 3630 1777 sunt,
3655 1717 3712 1767 et
3736 1709 4062 1767 vestimenta

1213 1803 1390 1896 studio
1414 1803 1574 1910 ιδι
1601 1803 1983 1890 γενοίνεηᾶυιη
2007 1827 2129 1896 quis
2156 1824 2212 1877 in
2263 1819 2358 1876 illo
2384 1830 2434 1891 Β
2458 1820 2640 1868 vestra
2667 1827 2694 1866 ει
2746 1809 2907 1910 tineis
2957 1814 3194 1910 comesta
3233 1813 3378 1861 sunt.
3424 1803 3634 1906 Aurum
3675 1810 3732 1858 et
3771 1811 4062 1906 argentum

774 1940 863 1994 die
890 1947 1067 1993 terror
1088 1935 1210 1998 erit,
1242 1948 1365 1989 cum
1391 1932 1446 1986 in
1471 1943 1627 2001 paena
1650 1926 1758 1998 jam
1780 1924 1828 1981 rt
1845 1921 2080 1977 medium
2098 1931 2204 1972 non
2217 1913 2354 1979 erit;

2456 1913 2698 1960 vestrum
2723 1899 3063 1972 aeruginavit,
3109 1908 3166 1953 et
3187 1911 3356 1968 erugo
3386 1908 3575 1952 eorum
3602 1895 3658 1950 in
3685 1893 4062 1950 testimonium

776 1985 896 2100 iis
914 1985 1413 2083 ingessisset:
1443 1985 1595 2076 rem
1617 1985 1715 2076 suo
1743 2017 1992 2086 exigente
2013 2009 2288 2078 continget
2305 2004 2359 2058 in
2457 1995 2612 2100 iubis
2639 1993 2768 2098 erit,
2811 2001 2868 2096 et
2904 1988 3253 2100 mandumhit
3271 2000 3467 2094 carnes
3492 1995 3700 2092 vestth
3721 1985 4063 2100 .sisutjisnis-

776 2125 1043 2175 conventu
1088 2113 1328 2170 omnium
1370 2110 1647 2167 hominum
1701 2104 2118 2176 angelorumque
2171 2094 2362 2150 erube-

777 2225 961 2274 scere;
994 2209 1114 2280 quis
1140 2222 1306 2278 pavor
1332 2219 1455 2261 eum
1493 2218 1652 2276 quem
1710 2209 1765 2256 et
1819 2194 2164 2266 tranquillum
2206 2203 2362 2244 mens

775 2300 1012 2356 humana
1043 2313 1148 2354 non
1179 2297 1322 2352 valet
1351 2310 1545 2366 capere
1567 2293 1728 2349 etiam
1758 2292 1958 2346 iratum
2005 2281 2236 2340 videre?
2287 2281 2364 2334 De

777 2408 886 2466 quo
916 2393 1002 2448 die
1027 2393 1165 2448 bene
1191 2405 1287 2462 per
1314 2389 1509 2446 lsaiam
1539 2387 1736 2444 dicitur
1764 2397 1780 2436 :
1819 2400 1837 2433 ι
1873 2376 2216 2466 Exaltabitur
2270 2387 2365 2426 au-

777 2463 889 2540 tem
913 2485 1170 2539 Dominus
1191 2479 1336 2537 solus
1361 2480 1413 2533 in
1438 2478 1526 2532 die
1554 2476 1668 2542 illa,
1693 2472 1819 2544 quia
1841 2469 1956 2525 dies
1975 2463 2185 2521 Domini
2211 2476 2367 2517 exer-

779 2573 984 2628 cituum
1019 2585 1181 2642 super
1199 2583 1414 2626 omnem
1436 2564 1724 2637 superbum
1747 2572 1802 2617 et
1829 2558 2125 2621 excelsum,
2176 2562 2232 2608 et
2279 2567 2368 2608 su-

779 2677 879 2738 per
927 2678 1140 2719 omnem
1189 2669 1548 2730 arrogantem,
1582 2665 1638 2711 et
1669 2651 2058 2714 humiliabitur,
2109 2656 2164 2703 et
2206 2661 2368 2717 super

781 2764 972 2810 omnes
991 2754 1185 2810 cedros
1216 2751 1402 2806 Libani
1443 2747 1699 2805 sublimes
1728 2754 1784 2801 et
1824 2750 2056 2806 erectas,
2101 2748 2155 2795 et
2207 2751 2370 2806 super

783 2862 976 2903 omnes
1003 2859 1236 2916 quercus
1267 2843 1465 2906 Basan,
1487 2850 1543 2896 et
1582 2853 1743 2910 super
1773 2846 1981 2891 montes
2011 2831 2278 2898 excelsos,
2316 2839 2372 2885 et

781 2951 948 3008 super
975 2935 1142 2991 colles
1164 2933 1425 2996 elevatus,
1448 2941 1504 2987 et
1532 2944 1693 3000 super
1719 2941 1933 2983 omnem
1960 2924 2153 2979 turrim
2193 2920 2373 2976 excel-

782 3043 925 3093 sam,
952 3035 1006 3083 ct
1049 3040 1210 3096 super
1247 3039 1460 3081 omnem
1496 3036 1706 3077 .nurum
1762 3020 2028 3075 munitum
2056 3057 2070 3081 ,
2116 3023 2174 3071 et
2211 3027 2374 3085 super

783 3133 975 3177 omnes
1000 3133 1164 3174 naves
1192 3115 1436 3179 Tharsis,
1469 3122 1525 3168 et
1550 3127 1710 3184 super
1735 3125 1893 3165 omne
1919 3108 2063 3180 quod
2082 3107 2201 3161 visu
2251 3103 2368 3175 pul-

2461 2085 2900 2145 Thesauriaastis
2928 2085 3072 2140 enim
3104 2079 3260 2140 vobis
3287 2082 3425 2138 iram
3454 2080 3508 2135 in
3532 2079 3846 2136 novissimis
3871 2079 4066 2137 diebus

2463 2178 2602 2250 (Jac.
2631 2176 2708 2249 v).
2744 2195 2763 2229 ι
2812 2175 2879 2231 Ει
2904 2174 3065 2246 paulo
3102 2183 3267 2245 post:
3302 2190 3323 2225 ι
3353 2169 3566 2241 Epulati
3595 2170 3731 2228 estis
3769 2185 3936 2240 super
3965 2180 4065 2227 ter-

2464 2285 2600 2336 ram,
2637 2277 2694 2325 et
2732 2268 2787 2324 in
2829 2266 3060 2323 luxuriis
3111 2264 3393 2322 enutristis
3420 2263 3588 2320 corda
3634 2271 3817 2319 vestra
3890 2263 3946 2317 in
3979 2263 4067 2322 die

2463 2356 2753 2420 occisionis
2783 2359 3088 2416 adduxistis
3117 2357 3307 2430 (lbid.)
3339 2376 3358 2410 ›

2537 2451 2723 2507 Eheu!
2773 2450 2903 2520 quid
2929 2458 3056 2504 tunc
3102 2445 3282 2504 dicent
3309 2434 3516 2514 miseri,
3570 2461 3694 2504 cum
3741 2462 3802 2504 se
3829 2447 4071 2506 viderint

2473 2543 2628 2616 105
2680 2553 2736 2599 et
2790 2543 2931 2598 bona
2996 2539 3312 2611 temporalia
3381 2539 3879 2610 irrecuperabiliter
3935 2541 4069 2597 ami-

2469 2645 2624 2707 sisse,
2655 2651 2711 2699 et
2741 2642 2882 2698 mala
2914 2640 3018 2696 sibi
3043 2648 3300 2712 perpetua
3325 2635 3718 2693 inevitabiliter
3741 2634 4070 2692 iminere?

2471 2733 2600 2801 Quae
2652 2745 2780 2788 tunc
2833 2732 2941 2789 illis
2988 2746 3143 2787 mens
3191 2730 3336 2796 erit,
3385 2743 3510 2784 cum
3565 2727 3804 2784 viderint
3855 2735 4072 2798 tempus

2473 2822 2808 2894 acceptabile
2829 2832 2885 2879 et
2911 2822 3052 2877 diem
3094 2819 3284 2877 salutis
3326 2817 3413 2890 (ll
3445 2815 3570 2874 Cor.
3598 2816 3676 2887 vi)
3723 2816 3947 2888 penitus
3991 2813 4073 2873 ef-

2473 2916 2697 2972 ﬂuxisse
2721 2924 2778 2970 et
2821 2913 2952 2969 illud
3001 2922 3212 2982 tempus
3241 2910 3457 2976 adesse,
3497 2909 3551 2965 in
3588 2924 3700 2980 quo
3753 2907 3892 2964 nihil
3942 2907 4072 2964 boni

2475 3007 2677 3071 facere,
2724 3007 2929 3062 nullum
2976 3004 3296 3086 perditionis
3341 3017 3455 3058 sua:
3495 3002 3798 3059 remedium
3851 3001 4074 3058 valeant

2475 3098 2762 3156 invenire?
2809 3096 2983 3166 Quam
3014 3110 3202 3152 amara
3254 3109 3445 3151 eorum
3495 3093 3852 3158 conscientia,
3907 3108 4072 3163 quam

785 3209 976 3267 chrum
1007 3219 1116 3274 est,
1137 3218 1193 3264 et
1217 3205 1588 3263 incurvabitur
1611 3182 1912 3258 sublimitas
1959 3197 2262 3262 hominum,
2313 3203 2370 3252 et
2396 3193 2443 3258 C
2472 3186 2668 3244 ﬂebilis
2690 3201 2878 3244 eorum
2901 3185 3106 3257 poterit
3127 3197 3248 3242 esse
3273 3182 3520 3254 querela!
3555 3182 3709 3240 Tunc
3738 3183 3906 3250 enim,
3932 3184 4075 3241 sicut

780 3298 1156 3355 humiliabitur
1183 3298 1407 3353 altitudo
1431 3298 1690 3359 virorum,
1708 3291 1772 3349 et
1794 3291 2093 3348 elcvahitur
2111 3289 2371 3345 Dominus

785 3392 935 3448 solus
961 3393 1014 3446 in
1043 3392 1128 3447 die
1158 3389 1261 3452 illa,
1290 3401 1346 3445 et
1385 3388 1525 3443 idola
1555 3386 1767 3456 penitus
1816 3389 2170 3440 conterentur
2197 3387 2252 3436 et
2289 3379 2371 3434 in-

785 3481 1030 3538 truibunt
1057 3481 1108 3535 in
1139 3479 1422 3551 speluncas
1447 3487 1720 3548 petrarum
1741 3482 1796 3529 et
1826 3474 1878 3527 in
1907 3472 2193 3543 voragines
2218 3479 2374 3525 terra:

787 3586 819 3626 a
852 3569 990 3626 facie
1019 3568 1324 3626 formidinis
1362 3566 1612 3632 Domini,
1652 3575 1707 3622 et
1762 3580 1792 3619 a
1845 3563 2014 3634 gloria
2076 3559 2378 3631 majestatis

790 3660 932 3730 ejus,
963 3675 1088 3715 cum
1137 3661 1440 3714 surrexerit
1488 3663 1771 3726 percutere
1825 3663 2024 3708 terram
2063 3649 2195 3719 (Isa.
2226 3648 2308 3720 ιι).
2351 3668 2370 3702 ι

788 3751 945 3807 Nunc
972 3758 1192 3821 peccata
1218 3748 1640 3818 delinquentium
1672 3744 1929 3802 Dominus
1956 3741 2122 3805 videt,
2146 3747 2196 3795 et
2217 3747 2374 3806 tacet;

799 3861 818 3894 ‹
850 3851 976 3898 tunc
997 3849 1176 3896 autem
1208 3839 1456 3908 loquetur
1482 3840 1548 3894 ad
1578 3853 1672 3894 eos
1711 3837 1766 3890 in
1789 3835 1866 3889 ira
1893 3847 2008 3896 sua,
2034 3841 2088 3887 et
2112 3831 2165 3886 in
2195 3828 2379 3885 furore

792 3948 892 3988 suo
922 3930 1265 3987 conturbabit
1292 3945 1385 3986 eos
1415 3928 1586 4000 (Psal.
1613 3927 1696 4000 ιι).
1737 3947 1755 3980 ι
1797 3925 1951 3982 Sicut
1987 3924 2101 3994 ipse
2130 3937 2228 3992 per
2255 3935 2382 3992 pro-

789 4022 1011 4091 phetam
1037 4020 1216 4075 dicit:
1268 4018 1755 4089 «Tacui,inquit,
1807 4031 2020 4085 semper
2068 4014 2229 4078 silui,
2284 4027 2380 4082 pa-

794 4113 938 4168 tiens
961 4109 1054 4174 fui,
1087 4111 1226 4166 sicut
1245 4111 1552 4180 parturiens
1578 4108 1768 4177 loquar
1793 4104 1926 4177 (Isa.
1955 4104 2108 4175 xui).
2147 4122 2164 4156 ι
2222 4102 2382 4168 Quis-

799 4203 928 4272 quis
953 4200 1095 4256 enim
1127 4197 1685 4275 terrenislcommodis
1729 4213 1871 4251 nunc
1899 4195 2092 4260 inhiat,
2140 4193 2384 4265 quisquis

793 4292 1009 4348 lascivae
1034 4291 1216 4346 carnis
1245 4290 1606 4360 voluptatibus
1662 4288 1927 4359 pascitur,
1984 4298 2110 4341 tunc
2168 4293 2386 4340 :eternm

794 4380 1181 4436 combustionis
1204 4381 1325 4450 igne
1350 4386 1698 4435 consumetur
1716 4418 1731 4444 ,
1755 4387 1810 4434 et
1849 4376 2014 4432 divini
2045 4375 2244 4432 furoris
2265 4375 2382 4448 gla-

797 4471 886 4527 dio
909 4471 1270 4527 devorabitur.
1308 4471 1375 4525 Ut
1409 4472 1552 4525 enim
1603 4472 1862 4540 propheta
1906 4470 2074 4524 dicit:
2132 4487 2150 4520 ι
2174 4468 2229 4523 In
2261 4468 2385 4539 igne

2472 3281 2726 3341 Salomon
2771 3278 2992 3345 fatetur,
3037 3277 3231 3334 ﬂentes
3283 3285 3338 3332 et
3376 3291 3489 3348 prae
3539 3275 3790 3347 angustia
3848 3275 4076 3348 spiritus

2473 3381 2748 3446 gementes
2771 3372 2955 3428 dicent
2991 3385 3006 3424 :
3053 3387 3072 3422 ι
3109 3368 3449 3436 Erravimus,
3473 3367 3759 3439 inquiunt,
3787 3381 3820 3422 a
3845 3368 3938 3424 via
3981 3382 4076 3424 ve-

2475 3465 2672 3530 ritatis,
2704 3473 2759 3520 et
2796 3462 3022 3532 iustitiae
3073 3460 3254 3517 lumen
3309 3476 3416 3517 non
3467 3459 3606 3514 luxit
3648 3458 3833 3525 nobis,
3889 3468 3950 3515 et
3993 3458 4076 3516 sol

2475 3555 2844 3627 intelligentiae
2872 3567 2981 3609 non
3023 3564 3108 3608 est
3149 3561 3305 3608 ortus
3334 3549 3522 3618 nobis;
3558 3549 3746 3606 lassati
3777 3565 3971 3607 sumus
4017 3551 4076 3608 in

2475 3648 2562 3703 via
2585 3646 2886 3718 iniquitatis
2924 3654 2981 3702 et
3022 3644 3361 3716 perditionis,
3405 3653 3463 3699 et
3510 3642 3914 3701 ambulavimus
3955 3642 4078 3700 vias

2478 3738 2750 3805 dimciles;
2801 3737 2946 3792 viam
2989 3745 3170 3792 autem
3219 3735 3435 3792 Domini
3475 3734 3872 3808 ignoravimus.
3933 3734 4079 3803 Quid

2477 3835 2686 3910 profuit
2715 3835 2873 3891 nobis
2899 3833 3150 3905 superbia
3170 3872 3186 3900 ,
3222 3841 3317 3888 aut
3343 3831 3473 3902 quid
3519 3831 3834 3887 divitiarum
3860 3830 4081 3904 jactan-

2481 3929 2554 3984 tia
2583 3926 2814 3984 contulit
2853 3925 3048 3982 nobis?
3079 3923 3437 3981 Transierunt
3466 3922 3648 3979 omnia
3691 3922 3784 3979 illa
3814 3931 4080 3994 tanquam

2479 4020 2694 4085 umbra,
2725 4026 2782 4075 et
2812 4029 3068 4088 tanquam
3091 4016 3311 4072 nuntius
3340 4029 3702 4086 praecurrens,
3729 4023 3787 4071 et
3813 4022 4083 4088 tanquam

2481 4112 2665 4177 navis,
2691 4126 2812 4182 qua:
2859 4109 3178 4181 pertransiit
3228 4107 3581 4166 fluctuantem
3621 4121 3819 4178 aquam
3845 4147 3863 4173 ,
3897 4109 4082 4179 cujus,

2487 4215 2612 4256 cum
2643 4201 2990 4270 praeterierit,
3017 4214 3124 4255 non
3166 4184 3256 4255 est
3278 4197 3848 4269 vestigiumjuvenire
3896 4213 4084 4271 neque

2485 4290 2734 4348 semitam
2773 4291 2972 4347 carina:
3017 4289 3162 4346 illius
3211 4289 3268 4344 in
3321 4287 3594 4345 ﬂuctibus.
3651 4287 3762 4344 Aut
3817 4298 4087 4361 tanquam

2485 4381 2622 4446 avis,
2647 4396 2768 4452 quas
2789 4380 3086 4438 transvolat
3116 4381 3170 4436 in
3191 4394 3340 4447 aere,
3369 4379 3578 4436 nullum
3604 4379 3885 4437 invenitur
3916 4397 4086 4455 argu-

2486 4482 2730 4530 mentum
2762 4473 2978 4529 itineris
3011 4472 3177 4539 illius,
3213 4473 3308 4529 sed
3354 4481 3564 4529 tantum
3592 4473 3805 4530 sonitus
3835 4482 3922 4531 est
3967 4475 4086 4531 ala-

798 4563 902 4618 ιειί
955 4563 1169 4618 Domini
1218 4563 1565 4618 devorabitur
1601 4563 1776 4618 omnis
1833 4571 1994 4624 terra,
2041 4571 2096 4616 et
2123 4560 2176 4615 in
2202 4559 2378 4632 gladio
2403 4553 2460 4616 D
2484 4579 2602 4620 rum
2632 4563 2928 4621 verberans
2965 4564 3137 4621 levem
3175 4571 3419 4632 ventum,
3447 4565 3778 4622 etscindens
3803 4567 3923 4637 'per
3969 4568 4086 4625 vim

799 4653 915 4722 ejus
953 4655 1130 4709 onmis
1176 4669 1303 4709 caro
1335 4653 1590 4726 (Sophon.
1619 4653 1679 4723 ι).
1718 4673 1735 4705 ι
1773 4653 1883 4707 lllic
1931 4651 2044 4720 jam
2093 4667 2120 4705 a
2155 4651 2382 4706 Domino

802 4758 907 4799 non
936 4752 1115 4815 potest
1147 4744 1343 4798 mereri
1399 4759 1518 4814 qua:
1557 4744 1694 4813 petit
1729 4744 1820 4812 qui
1865 4742 1951 4798 hic
1987 4742 2158 4798 noluit
2199 4740 2384 4797 audire

799 4848 917 4903 qua:
946 4833 1131 4904 jussit.
1159 4833 1201 4886 Α
1232 4833 1425 4904 quibus
1454 4835 1598 4888 enim
1650 4835 1830 4890 divina
1876 4848 1979 4888 vox
2026 4835 2080 4889 in
2120 4833 2222 4888 hac
2271 4833 2382 4889 vita

800 4923 1114 4992 despicitur,
1150 4932 1275 4977 tunc
1305 4922 1436 4977 falsa
1460 4939 1644 4978 eorum
1674 4925 1948 4981 humilitas
1968 4942 2088 4982 cum
2132 4925 2385 4995 precibus

800 5023 925 5070 ante
945 5016 1164 5086 januam
1191 5014 1414 5069 veniens
1442 5030 1546 5068 non
1574 5015 1806 5079 auditur,
1858 5016 1953 5070 sed
1993 5017 2189 5072 dicitur
2217 5015 2320 5072 illis
2362 5033 2375 5070 :

807 5127 826 5159 ι
860 5107 1054 5164 Nescio
1081 5122 1213 5164 vos:
1243 5106 1344 5171 Ite,
1366 5107 1658 5173 maledicti,
1687 5108 1738 5161 in
1764 5107 1940 5177 ignem
1972 5117 2255 5172 aeternum,
2289 5107 2379 5176 qui

801 5207 1024 5267 paratus
1058 5207 1141 5253 est
1179 5197 1391 5253 diabolo
1430 5208 1483 5252 et
1520 5197 1723 5269 angelis
1763 5196 1878 5266 ejus
1917 5197 2131 5268 (Matth.
2177 5202 2324 5269 xxv).
2356 5218 2376 5253 ι

803 5291 871 5346 Et
894 5307 1019 5346 vere
1047 5292 1301 5349 Dominus
1330 5307 1425 5361 per
1455 5291 1796 5348 Salomonem
1827 5294 1992 5348 dicit:
2029 5314 2049 5345 ι
2076 5293 2293 5361 Vocavi,
2328 5305 2383 5352 et

805 5382 1098 5447 renuistis;
1140 5384 1351 5438 extendi
1395 5398 1614 5438 manum
1664 5398 1859 5448 meam,
1909 5396 1963 5438 et
2013 5401 2117 5441 non
2147 5385 2246 5442 fuit
2291 5403 2382 5457 qui

806 5473 1098 5540 aSpEccrct;
1127 5473 1446 5543 despexistis
1487 5489 1646 5528 omne
1675 5473 1955 5530 consilium
2003 5491 2198 5542 meum,
2229 5487 2283 5532 et
2306 5479 2385 5533 in-

807 5563 1139 5633 crepationes
1167 5580 1312 5623 meas
1339 5565 1666 5637 neglexistis.
1708 5567 1818 5626 Ero
1849 5580 2060 5645 quoque
2089 5569 2142 5625 in
2166 5569 2383 5629 interitu

2483 4652 2696 4711 itineris
2725 4668 2924 4719 acrem.
2969 4657 3257 4712 commotis
3311 4656 3414 4712 alis
3459 4656 3836 4730 transvolavit.
3871 4667 3930 4714 et
3957 4669 4091 4730 post

2483 4745 2588 4801 hoc
2614 4745 2818 4800 nullum
2857 4747 3070 4819 signum
3097 4740 3374 4803 invenitur
3398 4747 3613 4803 itineris
3643 4747 3782 4819 ejus.
3821 4749 3934 4805 Aut
3965 4757 4091 4808 lano

2486 4851 2650 4906 quam
2694 4838 2893 4908 sagitta
2941 4837 3141 4904 emissa
3170 4839 3224 4892 in
3255 4838 3437 4894 locum
3483 4840 3839 4908 destinatum,
3873 4843 4091 4904 divisus

2487 4944 2580 4985 aer
2605 4930 2864 4986 continuo
2888 4931 2939 4985 in
2968 4945 3028 4986 se
3051 4930 3294 4986 reclusus
3322 4939 3405 4987 est
3425 4940 3481 4988 et
3505 4932 3790 5002 ignoratur
3812 4935 4090 4995 transitus

2489 5020 2650 5085 illius,
2684 5021 2762 5077 sic
2791 5031 2846 5076 et
2893 5036 2994 5077 nos
3036 5022 3152 5078 nati
3198 5023 3458 5078 continuo
3500 5023 3796 5080 desivimus
3838 5041 3993 5094 esse,
4029 5037 4091 5087 et

2490 5111 2706 5166 virtutis
2732 5110 2950 5180 quidem
2979 5113 3190 5193 signum
3217 5113 3421 5168 nullum
3451 5113 3723 5172 valuimus
3750 5099 4088 5189 ostendere;

2492 5201 2545 5256 in
2608 5199 2941 5274 malignitate
3007 5213 3190 5260 autem
3255 5217 3441 5260 nostra
3511 5209 3820 5280 consumpti
3891 5224 4094 5272 sumus

2493 5292 2645 5362 (Sap.
2680 5293 2754 5363 v).
2795 5313 2814 5346 ι
2848 5293 2998 5349 Talia
3041 5295 3295 5350 dixerunt
3323 5296 3376 5351 iu
3420 5296 3636 5357 inferno
3662 5299 3698 5354 ii
3741 5300 3833 5370 qui
3883 5316 4092 5372 pecca-

2495 5394 2722 5452 verunt,
2760 5389 3017 5457 quoniam
3059 5404 3184 5457 spes
3223 5389 3373 5459 impii
3427 5393 3685 5462 tanquam
3737 5391 3937 5464 lanugo
3976 5406 4091 5463 est,

2491 5493 2660 5547 quam
2688 5491 2851 5535 vento
2901 5481 3139 5546 tollitur;
3184 5491 3240 5537 ct
3289 5491 3546 5553 tanquam
3593 5499 3785 5554 spuma
3834 5490 4090 5560 gracilis,

2489 5586 2608 5640 quae
2639 5588 2666 5624 a
2705 5573 2942 5643 procella
2966 5574 3329 5647 dispergitur;
3357 5583 3412 5632 et
3444 5583 3701 5654 tanquam
3747 5587 3955 5649 Iunius,
3989 5585 4092 5658 qui
