4260 6408
283 396 376 455 305

1408 385 1616 450 LIBER
1645 385 2005 463 QUARTUS,
2047 388 2273 448 EPIST.
2316 388 2430 448 VII.

3494 391 3603 453 306

283 527 310 568 ι
339 512 495 564 vento
547 503 780 562 diffusus
803 508 919 571 est;
948 510 1006 561 et
1047 508 1310 577 tanquam
1352 505 1618 563 memoria
1645 503 1880 576 hospitis
1905 506 1956 570 Α
1984 504 2189 562 nientis
2215 505 2434 564 oculum
2459 517 2570 566 non
2614 503 2888 566 timerem.
2921 508 3244 568 Terminnm
3297 511 3433 569 mihi
3479 523 3606 585 post

285 602 431 659 unius
457 597 569 656 diei
605 597 986 670 pratereuntis
1012 595 1152 671 (87).

843 728 1188 789 EPISTOLA
1222 731 1310 790 Vl.

691 841 762 884 AD
797 840 1037 882 somn
1073 840 1469 886 ενιεοοιιυι....

287 941 794 1013 Διρσιιιιιτυιιη-
838 938 1002 997 Mittit
1051 941 1319 1013 quosdam
1369 955 1520 1013 suos
1553 940 1768 999 libellos
1813 939 1884 1000 ad

348 1011 611 1069 Joannem
636 1011 976 1083 episcopum.
1003 1011 1266 1083 qu’emgad
1289 1025 1472 1068 rerum
1511 1012 1882 1070 humanarum

348 1078 716 1167 contemptum
756 1078 1113 1168 adhortatur;
1144 1078 1394 1153 eiusdem
1438 1098 1657 1210 quoque
1691 1083 1884 1170 amici-

349 1165 478 1210 tiam
505 1162 843 1210 scannetere
880 1155 1120 1210 ostendit
1165 1165 1223 1210 et
1262 1169 1448 1210 nonnu
1473 1155 1522 1210 la
1560 1156 1629 1210 ad
1674 1167 1884 1210 utrius-

349 1156 478 1210 tiam
505 1162 843 1225 seappetere
880 1155 1120 1212 ostendit
1165 1165 1223 1211 et
1262 1155 1522 1211 nonnulla
1560 1155 1629 1212 ad
1674 1157 1885 1213 utrius-

347 1240 450 1298 que
479 1224 712 1282 salutem
740 1225 887 1281 utilia
921 1227 1354 1283 communicare.

346 1338 538 1397 losum
592 1341 1050 1399 reverendissimo
1112 1343 1413 1416 episcopo,
1471 1343 1693 1403 Psrnus
1745 1345 1881 1403 ulti-

285 1448 403 1490 mus
426 1433 822 1491 monachorum
845 1448 1038 1491 servus
1065 1433 1262 1492 debitas
1303 1435 1678 1508 venerationis
1718 1435 1882 1495 obse-

279 1541 731 1687 “mersum,
749 1632 841 1690 qui
862 1618 1141 1677 excelsum
1165 1628 1406 1678 montem
1427 1621 1615 1679 subire
1637 1619 1884 1690 festinat,

277 1724 506 1768 necesse
533 1719 618 1768 est
646 1719 706 1767 ut
732 1711 802 1769 ad
825 1709 944 1782 eius
971 1712 1233 1770 verticem
1277 1714 1549 1787 graduum
1592 1715 1886 1788 interposi-

279 1803 423 1862 tione
473 1804 828 1862 conscendat.
885 1805 1234 1880 Quapropter
1272 1822 1376 1882 ego
1420 1808 1491 1865 ad
1540 1807 1886 1866 celsitudinis

275 1907 470 1956 vestrae
511 1899 762 1957 notitiam
806 1901 1100 1973 pervenire
1143 1902 1422 1969 desidero,
1471 1909 1664 1977 utpote
1710 1901 1888 1960 eccle-
1913 1881 1965 1945 Β

274 1991 502 2049 siastico
527 1991 669 2061 viro,
698 2002 756 2051 et
775 2009 941 2068 super
960 2003 1204 2054 montem
1228 1995 1364 2054 Sion
1391 1997 1658 2054 divinitus
1695 1998 1884 2057 eleva-

273 2093 348 2151 to,
378 2084 816 2143 ecclesiasticum
839 2087 1222 2145 munusculum
1245 2089 1520 2146 scalarum
1565 2105 1722 2147 more
1751 2105 1888 2164 pra)-

272 2179 459 2248 mitto,
483 2181 614 2253 quia
635 2195 784 2247 vero,
809 2198 918 2240 non
949 2197 1104 2239 vana:
1125 2181 1313 2256 gloriae
1341 2185 1742 2254 ostentatione,
1773 2199 1886 2242 non

272 2273 582 2342 corporalis
621 2274 892 2332 commodi
921 2275 1188 2345 utilitate,
1215 2277 1302 2335 vel
1345 2292 1480 2335 mea
1500 2279 1571 2336 ad
1601 2295 1699 2337 vos
1752 2295 1889 2352 οριιο

272 2364 422 2434 acula
496 2365 718 2438 dirigo,
784 2367 870 2425 vel
912 2376 1153 2425 vestram
1203 2371 1438 2442 gratiam
1498 2373 1751 2444 requiro;
1811 2370 1888 2427 illi

262 2457 470 2516 melius
525 2459 809 2518 satisfacio
865 2475 1028 2534 quem
1078 2462 1147 2518 de
1198 2462 1373 2520 oculis
1421 2464 1671 2520 cordium
1729 2465 1893 2539 106

266 2551 524 2623 judicare
552 2553 674 2608 sine
708 2552 818 2609 ulla
869 2553 1214 2613 dubitatione
1242 2571 1538 2630 cognosco.
1589 2557 1888 2628 Praeterea,

269 2639 636 2700 dilectissime
661 2644 795 2701 mihi
839 2653 998 2718 pater
1032 2655 1092 2702 et
1131 2647 1374 2716 domine,
1414 2649 1572 2708 vides
1601 2650 1720 2723 ipse
1762 2652 1892 2722 quia

270 2743 473 2791 cuncta
500 2735 828 2807 temporalia
858 2736 1105 2808 fugiunt;
1140 2754 1264 2807 quae
1290 2740 1345 2796 in
1373 2741 1479 2797 hoc
1518 2741 1729 2798 mundo
1765 2757 1896 2814 pos-

267 2826 524 2884 sidemus
563 2829 657 2886 diu
696 2830 980 2887 nobiscum
1019 2846 1247 2891 manere
1293 2848 1402 2889 non
1449 2845 1702 2906 possunt.
1761 2834 1896 2892 Ter-

269 2921 386 2976 rcni
416 2921 667 2979 honores
693 2930 750 2978 et
793 2922 1109 2994 dignitates,
1141 2925 1300 2996 quasi
1339 2921 1559 2994 fumus,
1591 2941 1703 2998 quo
1728 2926 1897 2984 altius

267 3015 622 3073 extolluntur
648 3017 703 3073 in
729 3015 960 3074 nihilum
989 3018 1245 3085 redeunt,
1272 3028 1328 3075 et
1379 3019 1658 3076 mundana
1707 3022 1894 3076 omnia

270 3108 389 3180 ipso
409 3108 536 3180 jam
567 3110 772 3167 mundo
796 3111 867 3168 ad
908 3110 1073 3168 linem
1103 3111 1329 3184 delapso
1363 3113 1670 3171 subsistere
1719 3113 1895 3170 nulla-

269 3212 434 3261 tenus
464 3214 724 3276 possunt.
773 3203 887 3262 Nos
923 3205 1127 3273 etiam,
1165 3208 1260 3279 qui
1288 3206 1381 3263 hic
1412 3215 1568 3264 tanto
1609 3206 1894 3264 desiderio

268 3293 598 3367 incipimus,
632 3305 1014 3354 momentanea
1040 3296 1193 3355 febre
1217 3297 1460 3370 correpti
1483 3339 1498 3365 ,
1544 3298 1730 3356 subito
1757 3313 1893 3355 cun-

264 3387 738 3458 ctadcserimus;
768 3399 826 3447 et
853 3398 985 3448 tunc
1027 3391 1152 3449 sine
1201 3390 1370 3451 dubio
1426 3391 1691 3450 discimus
1744 3391 1896 3450 nulla

263 3478 438 3538 fuisse
467 3496 604 3554 qua:
629 3482 867 3540 maxima
887 3483 1272 3544 credebamus.
1299 3475 1448 3544 Sola'
1475 3500 1644 3559 opera
1676 3494 1893 3555 nostra,

259 3571 382 3630 sive
411 3573 598 3644 bona,
631 3575 747 3632 sive
775 3575 945 3644 mala,
974 3591 1084 3634 non
1114 3585 1374 3648 pereunt,
1413 3577 1510 3634 sed
1550 3577 1607 3634 in
1637 3577 1897 3635 districto

261 3667 535 3723 examine
570 3667 844 3724 tremendi
869 3666 1078 3726 Iudicis
1104 3667 1423 3727 ventilanda
1468 3679 1783 3728 servantur.
1810 3669 1894 3728 Tu

261 3757 459 3831 igitur,
494 3759 884 3826 dilectissime,
914 3761 1062 3818 intra
1083 3762 1485 3819 conscientiam
1512 3771 1664 3818 tuam
1711 3774 1900 3819 rever-

262 3863 406 3921 tere,
434 3863 500 3911 et
529 3854 669 3910 dum
694 3853 848 3922 licet,
881 3853 1011 3934 quid
1037 3863 1204 3911 tanta!
1238 3853 1518 3925 maiestati
1553 3855 1900 3927 respondere

260 3947 503 4016 debeas,
535 3946 817 4005 sollicitus
855 3947 1148 4007 meditare.
1173 3947 1350 4006 Pensa
1380 3949 1507 4023 quis
1555 3958 1741 4008 tecum
1801 3965 1901 4006 raa

261 4037 481 4096 tionem
507 4039 800 4112 positurus
821 4040 1027 4116 veniat,
1048 4056 1217 4113 quam
1250 4041 1612 4114 multiplicem
1653 4044 1901 4100 fructu

256 4145 362 4200 pro
395 4139 520 4187 tam
553 4131 744 4203 ampla
772 4130 1108 4191 villieatione
1135 4142 1227 4190 tua
1253 4135 1522 4206 requirat.
1556 4132 1714 4193 Scias
1739 4136 1899 4193 deni-

258 4238 368 4294 que
394 4223 614 4296 procul
647 4222 836 4291 dubio,
871 4233 1030 4296 pater
1075 4225 1420 4296 charissime,
1477 4227 1607 4299 quia
1661 4230 1898 4300 gratia-

259 4322 417 4372 tuam
453 4324 520 4373 et
550 4314 762 4372 bonam
782 4314 1119 4375 voluntatem
1144 4332 1364 4392 semper
1395 4318 1600 4376 habere
1620 4319 1898 4392 desidero,

257 4415 315 4463 et
342 4407 606 4464 salutem
637 4415 788 4464 tuam
817 4424 924 4466 non
949 4409 1128 4466 solum
1158 4410 1380 4478 animae,
1421 4411 1520 4470 sed
1560 4413 1728 4469 etiam
1775 4428 1901 4471 cor-

255 4497 413 4570 poris
441 4497 785 4555 medullitus
801 4499 1152 4572 concupisco.
1185 4499 1532 4574 Quapropter
1550 4500 1619 4560 de
1639 4510 1735 4559 tuo
1762 4504 1900 4561 mihi

256 4591 500 4648 servitio
558 4589 898 4648 ﬁducialiter
950 4592 1211 4666 pracipe,
1265 4609 1464 4667 meque
1517 4594 1616 4654 tibi
1664 4595 1901 4654 libenter

255 4681 497 4740 obedire
533 4680 924 4740 indubitanter
947 4698 1206 4756 agnosce.
1247 4683 1362 4758 Ego
1384 4686 1573 4758 itaque
1613 4686 1746 4758 quia
1777 4701 1903 4744 mu-

1985 612 2203 672 tempus
2225 601 2488 673 paschale
2517 601 2807 676 praefigite,
2833 612 2890 660 et
2918 612 2979 660 ut
3014 605 3082 660 ad
3108 618 3204 662 vos
3235 605 3478 673 veniam,
3507 619 3606 661 ve-

1983 700 2110 749 strae
2135 693 2453 753 sanctitatis
2487 696 2817 754 auctoritate
2850 695 3068 768 iubete.
3113 695 3250 755 Peto
3301 697 3493 766 etiam,
3555 697 3606 756 si

1983 783 2182 856 placet,
2215 793 2278 842 ut
2304 784 2452 858 quod
2479 785 2673 845 latoris
2700 788 3060 861 praesentium
3088 803 3189 846 ore
3234 789 3604 864 depromitur,

1983 875 2280 936 emcaciter
2306 880 2584 937 audiatur.
3132 910 3135 912 ·

2541 970 2884 1031 EPISTOLA
2923 972 3036 1031 Vll.

2475 1081 2548 1122 AD
2580 1081 2633 1122 Ν.
2643 1105 2683 1122 ο.
2722 1081 3084 1125 EPISCOPUI...
3096 1105 3113 1122 .

1986 1157 2397 1235 Attonitum-ua.
2424 1190 2501 1235 -τ
2523 1161 2677 1220 Hanc
2697 1162 2988 1235 epistolam
3011 1161 3257 1234 scripsit,
3287 1177 3413 1219 cum
3452 1171 3608 1221 esset

2061 1231 2377 1306 in_itinere.
2405 1241 2464 1289 ut
2489 1232 2605 1304 ipse
2630 1231 3023 1300 aitfadmonet
3071 1231 3258 1291 autem
3305 1235 3610 1306 quemdam

2058 1303 2399 1379 episcopum.
2433 1303 2569 1361 ut’a
2615 1307 2940 1363 muneribus
2980 1307 3286 1379 impiorum
3324 1303 3613 1379 accipieno

2061 1377 2148 1431 dis
2172 1376 2474 1450 abstineat,
2528 1391 2599 1450 ne
2649 1376 3383 1450 peccatorumreorumdem
3437 1376 3614 1450 parti-

2061 1460 2192 1518 ceps
2246 1446 2552 1520 llat.__Quod
2601 1446 2667 1505 et
2692 1465 2868 1505 sacra:
2918 1449 3243 1520 Scriptura,
3274 1446 3613 1506 auctoritate

2061 1517 2556 1604 et’uonnullorum
2618 1520 2889 1604 exemplis
2948 1517 3173 1604 probat.
3224 1519 3456 1604 Oportet
3512 1521 3617 1593 igi-

2064 1596 2174 1655 tur,
2200 1590 2312 1663 ait,
2351 1604 2607 1663 magnam
2651 1590 2968 1650 cautionem
3023 1590 3298 1658 adhiberi,
3351 1607 3422 1647 ne
3481 1590 3611 1663 pas—

2062 1663 2166 1741 sim
2197 1661 2266 1717 ab
2294 1661 2553 1719 omnibus
2576 1662 2719 1718 dona
2748 1663 3138 1741 accipiantur"
3160 1663 3257 1721 sed
3298 1661 3512 1720 tantum
3541 1663 3604 1718 at

2063 1731 2132 1788 iis
2156 1746 2388 1860 quorum
2427 1748 2662 1789 munera
2695 1731 2887 1789 etiam'
2910 1733 3024 1791 Deo
3063 1731 3291 1806 ac'cepta
3329 1749 3456 1792 esse
3504 1748 3616 1791 non

2063 1818 2152 1860 am
2194 1813 2384 1860 untur.

2063 1803 2384 1876 ambigitur.

2063 1894 2279 1953 Domno
2307 1894 2424 1952 N...
2452 1898 2783 1955 veneranda:
2823 1897 3135 1956 sanctitatis
3170 1896 3450 1971 episcopo,
3500 1894 3614 1954 PI-

1992 2005 2134 2048 raus
2162 1999 2424 2062 peccator
2454 1992 2759 2056 monachus
2805 1990 3062 2049 salutem.

2062 2088 2453 2159 Dilectissime,
2483 2089 2611 2146 licet
2639 2090 2691 2148 in
2721 2090 2920 2146 itinere
2943 2087 3304 2157 constitutus,
3331 2101 3609 2160 nequeam

1990 2179 2212 2238 climate
2241 2180 2371 2252 quid
2395 2181 2661 2248 scribere,
2691 2180 2898 2237 rectius
2925 2189 3110 2237 tamen
3135 2179 3326 2252 judico
3366 2194 3488 2235 rem
3515 2192 3618 2234 ne-

1993 2273 2294 2332 cessariam
2327 2283 2628 2347 utcumque
2659 2273 2906 2346 signare,
2955 2272 3117 2346 107
3153 2287 3320 2345 quam
3382 2269 3610 2344 penitus

1993 2366 2216 2424 silentio
2247 2368 2550 2440 prmterire.
2576 2367 2733 2437 Quod
2768 2367 2939 2441 igitur
2961 2381 3060 2423 ore
3091 2365 3160 2422 ad
3187 2380 3252 2422 os
3294 2363 3618 2435 frequenter

1994 2461 2279 2530 admonui,
2309 2463 2568 2536 idipsum,
2599 2479 2746 2521 nunc
2768 2463 3018 2536 apicibus
3044 2461 3273 2534 replico,
3306 2469 3363 2518 et
3393 2475 3463 2516 ne
3489 2473 3615 2517 reo-

1997 2571 2118 2612 rum
2144 2557 2520 2628 quorumlibet
2564 2557 2849 2614 hominum
2896 2565 2948 2614 te
3004 2555 3326 2613 muneribus
3374 2553 3615 2627 polluas,

1998 2645 2244 2704 funditus
2276 2647 2567 2706 interdico.
2598 2648 2878 2720 Scriptum
2901 2657 2988 2706 est
3024 2649 3173 2705 enim
3201 2664 3217 2703 :
3255 2666 3275 2700 ι
3314 2644 3616 2702 lmmolans

1999 2739 2385 2814 (ltumolanlis)
2417 2756 2486 2798 ex
2513 2742 2704 2814 iniquo
2723 2742 2933 2798 oblatio
2968 2751 3052 2798 est
3089 2739 3399 2806 maculata,
3423 2747 3480 2794 et
3505 2753 3620 2794 non

1999 2842 2126 2890 sunt
2153 2833 2516 2906 beneplacita:
2546 2833 3019 2890 subsannationcs
3048 2831 3382 2904 irijustorum
3416 2829 3619 2904 (Eceli.

1995 2926 2214 2998 xxxiv).
2247 2946 2266 2981 ι
2301 2926 2413 2983 Cur
2433 2928 2581 2984 enim
2607 2943 2717 2985 non
2737 2943 3000 2985 veremur
3021 2927 3274 2996 accipere
3295 2940 3421 2998 qua:
3443 2922 3620 2981 Deum

1999 3017 2250 3073 novimus
2305 3018 2644 3087 reprobare?
2693 3015 2836 3076 Hinc
2889 3018 3091 3075 iterum
3147 3017 3418 3090 scriptum
3470 3025 3559 3073 est
3605 3033 3622 3073 :

2004 3129 2023 3162 ι
2061 3109 2213 3166 Dona
2237 3111 2553 3182 iniquorum
2596 3096 2727 3167 non
2753 3111 2954 3184 probat
2995 3109 3335 3177 Altissimus,
3371 3123 3474 3166 nec
3528 3123 3624 3165 re-

1999 3202 2165 3273 spicit
2191 3201 2246 3258 in
2267 3201 2641 3259 oblationibus
2671 3202 2987 3274 impiorum,
3021 3216 3125 3258 nec
3157 3202 3212 3257 in
3263 3199 3623 3258 multitudine

2000 3293 2402 3354 sacriﬁciorum
2435 3309 2631 3352 eorum
2661 3293 3054 3368 propitiabitur
3075 3292 3318 3365 peccatis
3343 3291 3565 3364 (10541.).
3597 3308 3619 3345 υ

1999 3387 2070 3444 Et
2115 3387 2249 3445 alibi
2285 3402 2302 3444 :
2341 3406 2361 3442 ι
2404 3387 2662 3445 Victima:
2717 3385 3014 3458 impiorum
3072 3382 3473 3442 abominabiles
3513 3382 3629 3440 Do-

2001 3480 2153 3537 mino
2173 3478 2361 3556 (Prov.
2388 3480 2504 3553 xv).
2540 3498 2560 3536 ι
2592 3478 2663 3537 Et
2696 3477 2991 3536 Psalmisla
3025 3496 3038 3533 :
3079 3497 3098 3531 ι
3134 3475 3255 3534 Non
3303 3476 3458 3534 dabit
3509 3475 3628 3533 beo

2000 3571 2367 3647 placationem
2392 3588 2572 3641 suam,
2603 3587 2707 3630 nec
2730 3572 2971 3645 pretium
3003 3569 3402 3644 redemptionis
3423 3568 3626 3626 anima

2002 3683 2119 3726 sum
2150 3666 2328 3742 (Paul.
2359 3667 2578 3742 xcvtn).
2623 3686 2645 3722 ι
2681 3665 2795 3723 Cur
2814 3666 2987 3723 etiam
3018 3663 3153 3721 illud
3192 3662 3263 3722 ad
3294 3662 3625 3720 memoriam

2003 3776 2116 3820 non
2139 3760 2478 3829 reducimus,
2513 3759 2661 3832 quod
2693 3759 2850 3818 Giezi
2881 3765 3164 3832 perpetua:
3196 3755 3367 3829 leprze
3397 3754 3631 3813 scabre-

2001 3854 2187 3914 dinem
2245 3854 2446 3923 induit,
2485 3854 2616 3911 dum
2670 3851 2858 3910 oblata
2920 3849 3171 3907 Naaman
3219 3847 3344 3923 Syri
3394 3860 3631 3905 munera

2004 3949 2354 4022 concupivit?
2379 3947 2431 4023 (ι
2447 3946 2489 4002 γ
2520 3948 2650 4020 Reg.
2679 3946 2766 4020 v.)
2807 3945 2918 4002 Sed
2946 3954 3008 4002 ut
3049 3952 3314 4003 caveatur
3364 3942 3627 4010 exitium,

2004 4042 2154 4098 aliud
2200 4041 2385 4098 adhuc
2435 4040 2766 4098 adnectatur
2792 4039 3129 4110 exemplum.
3164 4036 3444 4095 Gcrardus
3492 4048 3631 4092 sane

2005 4135 2298 4209 religiosus
2322 4134 2583 4193 Ecclesia:
2610 4133 2944 4192 Florentinis
2965 4132 3266 4190 canonicos
3286 4145 3463 4204 nuper
3487 4127 3629 4188 mihi

2001 4229 2198 4286 retulit
2245 4229 2374 4295 ista,
2419 4242 2544 4301 quae
2577 4241 2766 4283 narro.
2817 4223 3225 4282 Hildebrandus
3267 4235 3460 4280 comes
3515 4215 3629 4278 Tu-

2001 4322 2131 4381 sciae
2178 4320 2259 4396 (in
2297 4320 2606 4395 Tusciam),
2646 4335 2742 4392 qut
2794 4319 3082 4376 dicebatur
3125 4317 3192 4374 de
3249 4314 3535 4389 Capuana,
3573 4313 3632 4372 in

2003 4424 2218 4472 tantum
2249 4414 2409 4472 dives
2460 4423 2583 4470 erat
2627 4428 2694 4469 ac
2733 4421 3043 4485 praepotens
3081 4420 3143 4466 ut
3197 4408 3530 4480 gloriaretur
3568 4420 3633 4462 se

2002 4509 2190 4582 plures
2221 4507 2430 4566 habere
2455 4515 2648 4564 curtes
2684 4515 2853 4578 atque
2883 4502 3110 4562 castella
3141 4517 3309 4574 quam
3342 4500 3462 4557 dies
3510 4496 3630 4554 sint

2004 4602 2098 4676 qui
2143 4607 2512 4658 numerantur
2542 4599 2596 4655 in
2627 4612 2796 4654 anno.
2829 4595 2972 4653 llinc
3014 4594 3399 4667 presbyterum
3432 4603 3625 4662 quem-

2005 4694 2155 4760 dam,
2187 4691 2504 4764 religiosum
2531 4688 2792 4746 videlicet
2815 4698 2872 4743 et
2902 4687 3194 4743 honestum
3241 4683 3420 4738 virum
3465 4680 3633 4752 spiri-

255 4791 391 4832 nera
423 4785 677 4832 terrena
698 4790 807 4832 non
831 4775 1028 4840 haben.
1068 4775 1424 4850 despicabilis
1456 4778 1554 4836 tibi
1602 4780 1901 4852 opusculo—
2011 4785 2217 4843 tualem
2251 4785 2357 4842 sibi
2385 4782 2598 4841 fecerat
2628 4789 2862 4853 patrem,
2895 4795 2928 4836 a
2973 4794 3085 4851 quo
3129 4785 3186 4834 ct
3241 4773 3632 4850 paenitentiam

255 4883 379 4925 rum
425 4883 702 4927 meorum
730 4867 874 4926 dona
904 4857 1379 4938 transmitto,'noo
1423 4880 1483 4928 ut
1507 4887 1608 4945 per
1651 4873 1757 4930 hoc
1799 4874 1896 4931 de-

2005 4895 2074 4938 ex
2102 4893 2258 4936 more
2279 4877 2639 4952 percipiebat.
2687 4875 2767 4932 De
2791 4889 2903 4947 quo
2934 4874 3262 4946 presbytero
3293 4870 3435 4926 alius
3475 4883 3631 4942 pres-

255 4962 541 5022 fensionis
575 4973 694 5019 tua:
723 4963 1090 5035 patrocinium
1117 4979 1384 5037 quaram,
1408 4966 1504 5024 sed
1531 4975 1592 5023 ut
1614 4969 1684 5025 ad
1713 4967 1902 5034 wrdis
2002 4971 2184 5044 byter,
2212 4968 2507 5027 Rainerius
2534 4967 2778 5034 nomine,
2803 4967 2950 5022 inane
2973 4965 3248 5022 visionem
3289 4962 3452 5026 vidit,
3480 4959 3632 5031 quod

257 5057 334 5111 tui
362 5055 714 5114 cubiculum
761 5053 979 5132 linguae.
1006 5071 1144 5113 mea
1189 5057 1441 5130 vestigiis
1499 5057 1710 5128 aditum
1754 5074 1896 5132 pan-

2006 5079 2116 5122 non
2145 5079 2319 5138 parva
2342 5079 2452 5120 vox
2479 5063 2660 5120 sonuit
2684 5077 2807 5134 qua:
2836 5061 2989 5121 illum
3015 5059 3322 5116 ascendere
3360 5055 3632 5115 inclama-

254 5151 415 5218 dam;
447 5166 574 5209 non
604 5158 676 5205 ut
699 5149 832 5206 mihi
861 5151 1035 5222 prosit
1057 5150 1347 5219 auxilium,
1378 5151 1474 5209 sed
1496 5158 1556 5207 ut
1585 5167 1766 5208 meum
1799 5153 1896 5209 tibi

2008 5161 2138 5216 vit:
2177 5180 2195 5213 ι
2233 5160 2437 5228 Petre,
2505 5158 2728 5230 inquit,
2781 5156 3092 5227 presbyter,
3147 5173 3166 5206 ι
3236 5153 3318 5208 sic
3356 5151 3532 5216 enim,
3581 5148 3630 5205 si

253 5245 440 5304 valeat
517 5243 805 5320 prodesse
863 5244 1174 5302 consilium.
1235 5243 1506 5302 Nonnulla
1561 5245 1763 5318 quippe
1828 5245 1896 5302 ab

2004 5255 2111 5310 rite
2138 5261 2320 5322 teneo,
2354 5251 2677 5317 vocabatur,
2720 5270 2740 5304 ι
2788 5249 3025 5306 ascende
3054 5248 3183 5304 huc.
3221 5267 3241 5298 ο
3279 5245 3409 5302 Haec
3439 5253 3626 5300 autem

253 5337 597 5394 humilitate
645 5350 772 5393 mea
801 5335 956 5394 vobis
987 5345 1119 5394 snt
1169 5335 1510 5411 suggerenda
1554 5352 1665 5412 non
1719 5337 1896 5395 solum

2002 5362 2110 5404 vox
2135 5357 2246 5404 tam
2270 5361 2468 5420 magna
2493 5345 2664 5402 fuisse
2684 5343 2886 5401 dicitur
2927 5350 2988 5397 ut
3024 5341 3094 5398 ad
3146 5339 3268 5410 ejus
3322 5337 3628 5394 vehemen-

256 5431 324 5488 ad
355 5431 658 5497 futuram,
689 5429 789 5486 sed
818 5430 987 5488 etiam
1022 5429 1092 5488 ad
1139 5440 1466 5503 prasentem
1520 5431 1694 5488 vitam
1743 5431 1896 5490 vobis

2005 5442 2138 5498 tiam
2175 5441 2419 5498 nonnulli
2441 5441 2508 5502 de
2532 5454 2726 5498 somno
2768 5438 2973 5494 fuerint
3017 5435 3268 5494 excitati.
3320 5434 3407 5490 Ad
3459 5430 3631 5503 hujus

256 5527 508 5583 maxime
551 5523 904 5582 necessaria.
969 5521 1215 5592 Quorum
1267 5523 1787 5604 videlicetqpartem
1841 5523 1896 5580 in

2007 5536 2155 5593 vocis
2178 5535 2468 5606 imperium
2489 5532 2780 5607 presbyter
2801 5529 3052 5587 ascendit
3094 5530 3151 5584 in
3204 5526 3481 5598 qttoddam
3535 5538 3636 5578 ar-

256 5621 362 5682 hac
387 5621 578 5681 etiam
611 5617 856 5681 epistola
883 5618 1205 5678 scriberem.
1233 5617 1281 5692 si
1317 5616 1598 5674 curiosum
1640 5629 1896 5676 superve-

2007 5627 2129 5683 dua:
2153 5625 2496 5683 celsitudinis
2523 5622 2982 5697 promontorium.
3019 5621 3070 5678 ls
3111 5627 3294 5674 autem
3338 5616 3433 5688 qui
3465 5627 3633 5670 voca-

325 5803 445 5878 (87)
489 5799 672 5861 Finis
702 5796 867 5872 huius
894 5799 1162 5878 epistolae
1207 5799 1368 5859 delle.
1412 5799 1469 5856 in
1508 5815 1645 5878 mss.
1703 5809 1762 5856 et
1821 5808 2092 5878 petendus
2125 5813 2339 5862 videtur
2383 5819 2451 5861 ex
2483 5802 2579 5859 lin.
2607 5817 2696 5875 ep.
2746 5800 2782 5857 8
2834 5798 2932 5856 lib.
2975 5813 3072 5856 vui
3134 5793 3298 5857 infra.
3358 5804 3482 5848 cum
3537 5795 3627 5848 est

260 5870 538 5939 eiusdem
577 5870 1269 5946 argumentiﬂisdemque
1316 5871 1608 5932 sententiis
1635 5880 1690 5930 et
1729 5870 1934 5930 verbis.
