4260 6432
811 359 918 416 507

1344 355 1399 410 S.
1443 355 1646 410 PETRI
1673 356 1955 411 DAMIANI
1994 354 2142 412 OPP.
2176 355 2354 411 PARS
2393 353 2523 410 SEU
2562 351 2796 409 TOMUS
2835 351 2875 406 I.
2908 381 2972 392 —
3009 349 3226 407 EPIST.
3263 349 3392 406 LIB.
3437 348 3570 406 VIII.

3970 346 4073 403 508

809 481 963 527 verat
987 479 1202 525 sanctus
1228 471 1546 525 Benedictus
1576 484 1693 523 esse
1719 468 2019 521 videbatur.
2063 465 2192 521 Post
2223 465 2382 532 hujus
2409 469 2460 527 Α
2487 466 2647 520 cium.
2678 463 2782 519 Sed
2812 479 3023 532 precor,
3051 461 3143 524 ait,
3177 460 3264 516 dic
3310 450 3492 514 domui
3527 473 3684 523 meae,
3735 466 3792 511 ιιι
3848 457 4074 512 reddant

816 571 993 617 autem
1024 562 1220 615 montis
1249 577 1531 616 ascensum
1562 561 1704 614 illico
1735 561 2019 628 presbyter
2044 566 2156 610 toto
2193 571 2383 625 corpo-

815 665 873 704 re
901 665 1019 704 sese
1044 651 1304 718 comperit
1348 666 1466 704 esse
1513 651 1807 717 leprosum,
1858 661 2088 714 moxque
2133 637 2384 714 prorum-

809 756 941 811 pens
975 760 986 793 :
1016 742 1157 796 Heu!
1193 744 1328 796 heu!
1365 742 1554 811 inquit,
1579 756 1677 794 cur
1704 738 1857 804 hujus
1887 735 2204 804 pestilentiae
2227 735 2384 803 plaga

813 848 897 886 me
924 833 1192 900 perdidit?
1215 831 1310 885 Cui
1339 833 1396 884 Β.
1425 831 1748 883 Benedictus
1774 846 1784 879 :
1827 826 2050 895 Diplois,
2090 825 2184 888 ait,
2221 838 2383 892 quam

812 921 1095 989 suscepisti
1126 921 1190 975 de
1216 920 1554 989 eleemosyna
1579 917 1794 972 cornitis
1835 915 2182 969 Hilrlebrandi
2231 913 2380 983 (nam

811 1017 950 1070 idem
1005 1014 1398 1069 Hildehrandus
1450 1021 1579 1066 tunc
1624 1025 1793 1079 nuper
1841 1009 2070 1076 obierat)
2117 1011 2232 1060 lucc
2289 1006 2384 1059 tibi

811 1123 963 1162 versa
993 1105 1153 1160 estin
1194 1105 1394 1174 lepram
1443 1123 1455 1156 :
1506 1104 1859 1174 quamobrem
1914 1099 2076 1154 redde
2135 1099 2385 1153 transito-

816 1196 952 1248 riam
983 1205 1205 1257 vestem,
1241 1194 1283 1249 si
1319 1194 1399 1246 vis
1425 1202 1700 1263 perpetuae
1747 1190 1904 1259 lepra‘,
1937 1190 2105 1242 vitare
2149 1187 2383 1258 prurigi-

811 1301 956 1338 nem.
1003 1283 1125 1338 Hzec
1154 1285 1298 1337 enim
1349 1283 1571 1349 _odibilis
1620 1296 1682 1335 ac
1728 1279 2025 1349 perniciosa
2075 1277 2241 1333 vestis
2292 1277 2386 1330 tibi

811 1375 1049 1443 qrridern,
1075 1374 1442 1442 utcorrspicis,
1475 1372 1675 1434 nocuit,
1709 1371 1782 1426 illi
1827 1385 1956 1425 vero
1987 1369 2119 1423 nihil
2165 1369 2385 1424 omnino

814 1463 1059 1531 profecit.
1093 1464 1161 1517 Ut
1181 1465 1306 1533 quid
1337 1479 1464 1534 ergo
1493 1477 1784 1532 pravorum
1817 1459 2181 1529 quorumlibet
2213 1459 2386 1514 homi-

811 1571 936 1608 num
973 1569 1190 1608 rnurrera
1215 1555 1527 1624 qurerimus,
1555 1569 1677 1607 cum
1718 1568 1905 1606 eorum
1954 1551 2159 1620 qumvis
2187 1549 2388 1604 olrlatio

809 1655 864 1698 et
899 1645 1108 1698 illorrrm
1141 1657 1372 1714 nequeat
1398 1644 1613 1700 abolere
1634 1643 1884 1700 contagia
1941 1655 1997 1698 et
2023 1643 2179 1698 nobis
2206 1657 2389 1696 versa-

814 1743 898 1789 tur
927 1736 978 1788 irr
1022 1735 1259 1803 lepram?

2491 559 2886 630 possessionem
2919 557 2976 610 Β.
3020 556 3220 618 Maria,
3251 568 3411 622 quam
3459 549 3680 614 abstuli,
3711 551 3754 605 si
3791 549 3932 604 forte
3965 563 4076 603 me-

2490 665 2612 703 rear
2646 648 2711 701 ab
2756 648 2860 712 his,
2895 646 3172 714 inquibus
3229 653 3438 706 teneor,
3486 642 3664 711 paruis
3713 641 3942 695 absolvi.
4003 639 4075 692 De

2489 755 2593 808 qua
2625 749 2800 791 tanren
2843 735 3068 790 ecclesia
3099 733 3161 787 Β.
3214 733 3395 787 Maria:
3425 732 3761 801 loqueretur,
3790 731 4077 800 presbyter

2489 844 2594 882 non
2623 828 2860 896 agnovit,
2893 835 2947 880 et
2977 827 3277 879 viventibus
3299 822 3608 891 specialiter
3631 822 3917 890 designare
3966 835 4073 875 non

2489 919 2682 988 potuit.
2712 917 2974 970 Praeterea
3017 916 3301 984 presbyter
3329 915 3384 968 in
3411 913 3684 968 anteriora
3711 914 4073 977 contendens,

2489 1009 2622 1062 vidit
2677 1009 2890 1062 domnrrr
2943 1006 3104 1060 nimis
3153 1005 3480 1059 horrendam
3533 1015 3697 1073 atque
3751 1003 4077 1070 terribilem,

2490 1101 2777 1171 pluresque
2811 1102 3087 1156 ministros
3134 1099 3372 1170 ejusdem
3423 1101 3614 1154 domus
3661 1114 3815 1168 aque
3848 1099 4076 1162 feroces.

2490 1203 2696 1258 torvos,
2725 1211 2788 1250 ac
2819 1197 2939 1250 visu
2965 1197 3082 1266 ipso
3109 1194 3500 1257 formidabiles,
3529 1194 3620 1263 qui
3648 1193 3907 1247 nimirrrm
3955 1193 4079 1248 hinc

2489 1285 2614 1339 inde
2637 1300 2757 1339 cum
2799 1301 2991 1356 magna
3021 1283 3326 1355 frequentia
3361 1285 3728 1340 discurrentes
3776 1283 4084 1336 auxiaban-

2492 1384 2600 1439 tur,
2632 1377 2977 1441 anhelabant,
3010 1385 3064 1429 et
3091 1377 3274 1431 nescio
3309 1377 3437 1446 qrrid
3467 1391 3718 1445 magnum
3751 1373 3900 1427 velut
3929 1388 4082 1443 egre-

2490 1469 2634 1540 giurrr
2661 1471 3033 1538 praestolantes
3064 1469 3351 1537 hospitem,
3385 1468 3786 1536 praeparabant.
3837 1465 4081 1533 Cumque

2489 1556 2746 1626 praefatus
2797 1559 3103 1628 presbyter,
3165 1557 3295 1626 quid
3345 1556 3449 1611 hoc
3511 1564 3690 1621 esset,
3739 1554 4078 1626 stupefactus

2491 1649 2811 1718 inquireret,
2840 1664 3156 1718 responsum
3183 1658 3288 1713 est,
3312 1663 3405 1702 eos
3434 1658 3627 1716 quarta
3662 1647 3797 1700 feria
3832 1645 4079 1717 proxime

2493 1748 2720 1793 verrtrrra
2747 1739 2999 1793 comitem
3028 1748 3348 1807 exspectare
3379 1737 3703 1792 Gnidonem.
3753 1737 3905 1791 Sicut
3939 1734 4082 1791 enim

883 1826 986 1879 Sed
1019 1836 1076 1878 ut
1100 1826 1259 1880 totirrs
1282 1826 1509 1880 visionis
1535 1829 1728 1880 seriem
1763 1839 2176 1893 prosthtamul'.
2211 1823 2387 1877 οοηιί·
2421 1833 2462 1889 Β
2493 1831 2697 1900 copiosi
2740 1829 3054 1884 deliciarum
3109 1837 3356 1897 surrrptrrs
3409 1829 3653 1883 ventrrris
3709 1835 4086 1897 praeparantur

815 1931 921 1971 nuo
948 1914 1006 1967 Β.
1041 1914 1360 1969 Benedictus
1403 1930 1523 1969 eum
1568 1916 1634 1969 de
1690 1925 1871 1969 monte
1927 1915 2196 1982 deposuit,
2227 1923 2392 1982 atque

817 2007 882 2061 ad
903 2007 1158 2077 sul-jectaa
1187 2009 1445 2062 convallis
1478 2009 1728 2062 inferiora
1757 2009 1996 2064 dcdrrxit.
2019 2011 2228 2064 hrterea
2248 2008 2393 2062 videt

816 2099 1096 2170 presbyter
1153 2101 1479 2154 lrorrerrdrrm
1522 2105 1810 2171 quemdam
1859 2104 2112 2168 fluvium,
2167 2113 2388 2167 tetrum,

816 2192 1048 2260 picerrrn,
1081 2202 1241 2260 atque
1267 2192 1640 2262 sulphureum,
1662 2193 1817 2260 juxta
1849 2211 2032 2263 quem,
2057 2195 2192 2249 duce
2233 2195 2392 2248 beato

819 2283 958 2346 viro,
987 2285 1112 2337 dum
1146 2295 1412 2354 pergeret,
1441 2301 1537 2338 vox
1585 2286 1650 2339 de
1682 2285 1902 2339 ﬂumine
1923 2288 2123 2352 sonuit,
2160 2299 2393 2354 eumque

822 2378 1048 2430 vocavit.
1093 2375 1334 2444 Crrrrrquc
1368 2379 1613 2447 protinus
1647 2379 1732 2432 ille
1773 2380 2118 2443 subsisteret,
2168 2388 2223 2434 et
2271 2378 2394 2446 quis

819 2481 940 2519 eum
993 2469 1286 2530 vocaverit,
1322 2469 1633 2538 irrquisisset
1666 2489 1677 2522 :
1720 2469 1850 2538 Ego,
1882 2470 2075 2535 irrqrrit,
2104 2485 2222 2523 sum
2258 2468 2392 2522 infe-

820 2559 1107 2612 licissimrrs
1138 2559 1221 2612 ille
1242 2575 1426 2614 comes
1452 2560 1875 2624 Hildebrandns,
1901 2561 1985 2615 cui
2018 2560 2388 2629 pmnitentiam

819 2648 942 2702 licet
968 2647 1352 2702 infructuosam
1383 2651 1655 2719 imponere
1691 2667 2076 2706 corrsrreveras.
2107 2653 2204 2707 Cui
2236 2668 2389 2720 pres-

820 2737 976 2807 byter
1005 2739 1120 2790 ait:
1161 2740 1222 2792 lit
1247 2741 1519 2808 quomodo
1558 2750 1611 2793 ttr
1657 2757 1839 2795 comes
1873 2741 2265 2795 Hildebrandus
2311 2756 2391 2806 es,

817 2843 937 2880 cum
969 2829 1042 2882 sis
1075 2837 1179 2881 tam
1214 2831 1360 2883 obesi
1411 2840 1464 2883 et
1524 2833 1750 2884 mutilati
1785 2833 2027 2901 corporis
2058 2843 2116 2886 trt
2162 2847 2266 2886 non
2296 2834 2394 2886 lin--

818 2936 1031 2972 ruanarn
1065 2922 1318 2989 speciem,
1358 2922 1516 2992 108
1551 2924 1642 2976 sed
1679 2923 1786 2977 taxi
1828 2925 2006 2992 potius
2061 2925 2260 2978 habere
2316 2924 2393 2976 vi-

815 3013 995 3065 dearis
1022 3012 1287 3082 elligienr?
1308 3013 1402 3068 Cui
1449 3029 1630 3069 omnes
1655 3030 1672 3065 :
1714 3014 1836 3080 Tot,
1883 3016 2078 3082 inquit,
2109 3016 2392 3084 srrppliciis

821 3112 1043 3165 alter-or,
1079 3112 1154 3156 tot
1183 3106 1355 3165 novis,
1391 3113 1444 3159 et
1485 3106 1770 3174 exquisitis
1799 3106 2040 3174 quotidie
2090 3107 2264 3174 poenis
2311 3108 2392 3160 af-

2496 1923 2817 1993 hospitibus,
2843 1923 2914 1976 ita
2945 1921 3165 1992 rrraligrri
3215 1921 3439 1990 spiritrrs
3482 1919 3680 1974 nrisero
3734 1917 3941 1973 homini
3981 1932 4084 1972 non

2495 2014 2646 2076 alias,
2678 2028 2838 2084 qrrarrr
2875 2028 3154 2083 positarum
3182 2028 3244 2066 ac
3268 2021 3662 2068 tormentorum
3688 2011 3878 2082 epulas
3908 2009 4087 2081 provi-

2495 2104 2712 2158 debant.
2738 2103 3032 2173 Presbyter
3057 2103 3240 2171 itaque
3273 2094 3560 2158 Rainerius
3583 2111 3707 2171 post
3739 2102 3879 2156 hanc
3925 2101 4087 2155 visio-

2496 2208 2616 2247 rrenr
2649 2191 3112 2262 evigilavit;quod
3145 2192 3372 2257 viderat,
3405 2192 3682 2250 recitavit;
3715 2207 3900 2246 comes
3921 2205 4089 2261 quar-

2499 2294 2550 2339 ta
2589 2285 2744 2346 feria,
2777 2285 2920 2339 sicut
2946 2283 3264 2352 prtedictum
3295 2291 3399 2347 est,
3429 2281 3584 2337 obiit.

2569 2378 2638 2433 Ut
2659 2395 2790 2450 ergo
2820 2380 2884 2433 ad
2928 2379 3000 2443 id,
3053 2379 3195 2447 quod
3223 2379 3506 2447 carpimus,
3553 2385 3930 2444 revertamur;
3978 2375 4085 2432 noli

2495 2471 2686 2537 frater,
2721 2469 2827 2524 noli
2856 2480 3041 2539 patere
3069 2469 3416 2533 muneribus;
3475 2482 3582 2524 non
3630 2468 3910 2531 omnibus,
3964 2482 4087 2538 qua:

2496 2563 2824 2631 praebentur,
2857 2561 2994 2615 liber
3019 2561 3158 2629 apud
3193 2569 3244 2614 te
3269 2569 3448 2628 pateat
3473 2560 3684 2623 aditus,
3714 2560 3808 2614 sed
3834 2559 4087 2629 quaedam

2497 2655 2873 2717 admittantur,
2897 2662 2955 2704 ut
2986 2651 3036 2704 in
3067 2651 3479 2706 necessitatibus
3504 2650 3811 2714 srrbleverrt,
3834 2651 4085 2718 quaedam

2499 2741 2848 2810 repellantur,
2876 2756 2942 2796 ne
2969 2752 3146 2796 reatus
3169 2741 3329 2797 alieni
3350 2757 3450 2796 nos
3479 2741 3810 2811 ponderibus
3833 2749 4081 2811 gravent.

2499 2831 2632 2884 Dum
2667 2830 2828 2900 igitur
2854 2829 3034 2885 oblata
3063 2831 3406 2900 suscipinrus,
3455 2832 3521 2886 de
3568 2829 3912 2885 offerentium
3968 2845 4084 2885 me-

2497 2924 2618 2977 ritis
2649 2923 2799 2992 prius
2826 2938 3049 2977 necesse
3069 2911 3154 2978 est
3180 2924 3533 2993 disputeurus.
3567 2922 3758 2976 Manus
3779 2923 3962 2993 itaque
3990 2937 4085 2978 no-

2496 3021 2606 3066 stra
2638 3026 2741 3064 non
2771 3013 2948 3065 omnia
2981 3027 3101 3081 quze
3145 3011 3456 3080 praebentur
3508 3009 3880 3066 indifferenter
3932 3011 4081 3066 acci-

2496 3102 2641 3171 piat;
2675 3107 2731 3155 et
2761 3117 2866 3156 non
2905 3101 2954 3154 id
2993 3102 3135 3170 quod
3174 3099 3422 3166 oﬂ'ertur,
3469 3101 3561 3156 sed
3589 3102 3768 3171 potius
3793 3117 3822 3155 a
3851 3117 3960 3172 quo
4007 3101 4086 3157 of-

817 3197 986 3266 ﬂigor.
1020 3206 1074 3248 nt
1105 3212 1206 3248 non
1239 3197 1434 3249 mirunr
1480 3197 1548 3249 sit
1594 3197 1737 3266 quod
1789 3196 2033 3264 corporis
2064 3197 2168 3250 mei
2218 3196 2392 3252 forma
2422 3190 2465 3250 C
2500 3191 2670 3244 fertur
2712 3190 2870 3260 109
2909 3201 3062 3245 cauta
3108 3205 3259 3260 prius
3323 3191 3729 3245 examinatione
3781 3191 4084 3246 discernat.

816 3290 1090 3357 depereat,
1135 3288 1225 3340 scd
1270 3287 1413 3357 qrrod
1456 3286 1798 3356 aliquatenus
1855 3287 1938 3341 vel
1990 3271 2252 3342 essentia/
2283 3288 2396 3357 ipsa

819 3377 1099 3432 srrhsistat.
1154 3378 1334 3430 Tanta:
1365 3377 1575 3432 scilicet
1624 3377 1965 3432 crrrdelitatis
2011 3376 2108 3439 fui,
2161 3377 2284 3431 dum
2342 3378 2394 3431 in

822 3481 1048 3534 corpore
1072 3467 1202 3529 vixi,
1237 3476 1292 3518 ut
1323 3483 1464 3521 nunc
1495 3469 1696 3530 sanctis
1717 3467 1968 3521 orrrnibus
1999 3469 2123 3523 odio
2161 3469 2394 3532 habear;

821 3566 873 3609 et
905 3558 975 3610 ita
1014 3557 1253 3626 nrejusta
1281 3573 1467 3612 eorum
1509 3559 1766 3612 severitas
1796 3560 2126 3613 unanimiter
2173 3559 2399 3630 despicit

821 3650 960 3717 qrrod
1001 3648 1175 3702 nullus
1206 3649 1417 3703 illorrrm
1467 3651 1639 3705 adhuc
1691 3666 1786 3719 pro
1841 3666 1928 3705 me
1964 3652 2104 3720 apud
2158 3652 2395 3706 divinam

820 3741 1158 3795 clementiam
1197 3741 1521 3796 intercessit.
1573 3739 1900 3798 Videbantur
1935 3751 2116 3796 autem
2171 3740 2398 3810 praefato

819 3833 980 3887 fluvio
1011 3834 1426 3888 innumerabiles
1452 3834 1696 3888 volucres
1727 3834 1881 3901 quasi
1934 3833 2197 3887 columba:
2248 3833 2396 3886 varia

820 3926 1121 3995 plumarrrrrr
1149 3926 1462 3980 diversitate
1491 3940 1794 3994 conspersa:
1840 3935 1898 3978 nt
1923 3925 2051 3979 hinc
2096 3925 2224 3988 albi,
2252 3925 2399 3980 illinc

821 4018 958 4087 nigri
1018 4018 1248 4072 discolor
1305 4020 1512 4088 species
1567 4019 1860 4082 videretur,
1909 4031 2204 4088 omnesqrre
2255 4017 2401 4072 velut

825 4118 1026 4164 maesta:
1053 4111 1232 4174 nimis,
1275 4126 1337 4165 ac
1383 4111 1636 4180 lugubres
1667 4111 1819 4179 quasi
1851 4125 1961 4178 pra:
2009 4110 2195 4165 dolore
2225 4119 2400 4165 rostra

825 4199 1207 4265 retorquebant
1235 4201 1300 4254 ad
1329 4201 1610 4268 penrrulas.
1647 4201 1935 4268 lrrquisitus
1968 4200 2149 4268 itaque
2195 4215 2396 4266 comes,

822 4304 939 4354 qua:
963 4288 1064 4342 illae
1095 4289 1335 4343 volucres
1365 4299 1567 4354 essent,
1601 4292 1876 4359 respondit
1923 4309 1935 4343 :
1985 4291 2090 4344 Illa!
2119 4301 2266 4358 sunt,
2320 4293 2403 4347 in-

829 4385 967 4450 quit,
994 4385 1186 4438 anima:
1216 4385 1442 4439 diversis
1475 4386 1525 4438 in
1551 4385 1651 4440 hoc
1678 4386 1886 4456 grrrgile
1932 4387 2258 4455 purgatoriis
2313 4387 2401 4441 de-

831 4483 1046 4543 putatae,
1078 4491 1195 4544 quae
1220 4477 1467 4530 videlicet
1493 4477 1628 4530 sicut
1656 4491 1760 4530 non
1809 4490 1874 4530 ex
1922 4486 2031 4530 toto
2071 4485 2196 4530 srrnt
2248 4476 2397 4540 albze,

828 4568 919 4619 sed
959 4566 1216 4622 inter-fusa
1255 4571 1480 4637 sparsim
1532 4569 1806 4638 nigredine
1834 4569 2075 4632 variatar,
2108 4569 2186 4623 sic
2229 4579 2285 4622 et
2331 4548 2476 4622 ex'D

828 4658 1108 4729 partcjarrr
1143 4661 1435 4728 puriticata:
1459 4670 1511 4714 et
1536 4677 1600 4714 ex
1631 4670 1782 4729 parte
1808 4669 1932 4714 sunt
1956 4661 2132 4714 adhuc
2166 4647 2405 4727 peccatis

829 4751 1095 4804 obnoxi-.c.
1125 4748 1254 4804 Nam
1284 4761 1486 4820 qrranto
1513 4752 1797 4818 spatiosior
1833 4751 2021 4805 albedo
2056 4751 2300 4805 cernitur
2349 4751 2401 4804 in

831 4844 1090 4896 varietate
1144 4843 1467 4911 plrrmarrrru.
1500 4850 1653 4896 tanto
1679 4841 1851 4909 major
1900 4842 2216 4911 intelligitur
2259 4841 2400 4897 facta

826 4932 1046 4986 abolitio
1078 4940 1456 5000 peccatorum;
1499 4933 1550 4986 in
1597 4941 1854 5000 qrrantum
1887 4948 2013 4985 vero
2056 4932 2277 5002 nigredo
2319 4949 2403 4988 re-

829 5023 1092 5076 nrarrsisse
1120 5024 1481 5092 conspicitur,
1516 5025 1567 5079 in
1601 5033 1806 5078 tantum
1854 5026 2027 5079 adhuc
2058 5035 2399 5094 peccatorum

835 5113 1060 5165 maculis
1100 5125 1474 5184 asperguntrrr.
1504 5115 1607 5169 Sed
1636 5125 1759 5182 post
1788 5114 1952 5168 multa
1975 5117 2254 5187 presbyter
2280 5117 2402 5171 inde

831 5205 1148 5271 procedens,
1199 5205 1389 5273 aspicit
1442 5205 1752 5260 Lotharirrm
1809 5208 2098 5270 comitem,
2142 5210 2231 5276 qui
2285 5209 2398 5277 jam

830 5305 955 5348 ante
993 5307 1096 5348 non
1140 5294 1360 5348 nrultum
1395 5305 1602 5364 tempus
1630 5297 1856 5352 obierat.
1893 5298 1990 5353 Hic
2035 5301 2214 5369 itaque
2264 5300 2401 5369 pube

833 5399 986 5442 tenus
1038 5387 1212 5442 adlrnc
1257 5389 1604 5442 cruciabatrrr
1654 5391 1703 5442 in
1754 5392 1982 5460 gurgite,
2033 5392 2142 5445 fere
2192 5393 2402 5447 medius

829 5477 1117 5533 eminebat.
1158 5478 1398 5547 Cumque
1428 5480 1706 5550 presbyter
1736 5496 1882 5544 eum,
1915 5483 2144 5549 qualitcr
2176 5498 2299 5551 erga
2344 5499 2401 5537 se

832 5581 1104 5637 ageretur,
1134 5569 1446 5637 inquireret,
1488 5573 1761 5639 respondit
1795 5583 1962 5626 totum
1988 5589 2045 5627 se
2095 5575 2399 5644 sulphureis

831 5660 989 5716 undis
1019 5660 1190 5730 primo
1231 5661 1396 5716 fuisse
1446 5663 1807 5726 subrrrersnm,
1840 5665 1931 5716 sed
1979 5664 2088 5732 jarrr
2143 5664 2399 5732 paulatim

835 5749 1096 5819 alleviari,
1127 5765 1190 5806 ac
1223 5751 1289 5806 de
1315 5751 1400 5808 die
1429 5753 1483 5808 in
1512 5753 1652 5808 diem
1684 5755 1965 5810 mitescere
2009 5770 2172 5826 grave
2204 5755 2371 5826 snppli

2500 3283 2636 3336 Dicit
2671 3281 2992 3351 Scriptura:
3037 3301 3056 3333 ι
3107 3281 3162 3335 Si
3207 3291 3354 3336 recte
3399 3280 3616 3346 offeras,
3655 3291 3712 3337 et
3773 3294 3920 3336 recte
3975 3297 4083 3338 non

2501 3375 2729 3436 dividas,
2776 3375 3004 3442 peccasti
3037 3373 3189 3444 (Cen.
3225 3390 3294 3437 tv,
3319 3372 3474 3441 juxta
3507 3373 3909 3445 Septuaginta).
3964 3394 3984 3428 ι
4023 3374 4090 3429 Et

2503 3480 2597 3519 nos
2652 3466 2793 3533 qrrod
2837 3466 3087 3519 similiter
3132 3475 3215 3519 est
3267 3466 3636 3520 necessarium
3683 3467 3917 3522 dicimus
3961 3467 4087 3538 quia

2504 3557 2546 3611 si
2579 3572 2698 3624 qua:
2725 3555 3021 3610 oﬂ‘erentur
3047 3557 3281 3627 accipias
3304 3566 3357 3611 et
3379 3556 3721 3612 offerentium
3752 3559 3949 3614 merita
3983 3575 4089 3616 non

2499 3649 2798 3711 discernas,
2832 3649 3070 3702 deterius
3093 3649 3387 3720 deliquisli.
3421 3649 3512 3704 Vis
3557 3650 3744 3705 arrdire
3785 3651 3917 3721 quid
3957 3651 4088 3709 mibl

2501 3757 2674 3812 nuper
2700 3742 2762 3795 de
2789 3742 2984 3796 collato
3014 3743 3248 3810 quodam
3276 3759 3496 3797 munere
3529 3744 3795 3814 contigit?

2570 3833 2868 3887 Primarius
2899 3835 3116 3902 quidam
3139 3834 3454 3902 Rodulphus
3481 3835 3734 3898 nomine,
3767 3845 3966 3905 potens
4000 3851 4089 3892 sa-

2503 3927 2569 3980 tis
2607 3937 2663 3981 et
2691 3928 2945 3995 prrrdens,
2994 3929 3132 3996 apud
3195 3943 3352 3982 surrm
3388 3927 3774 3982 monasterium
3811 3929 3946 3982 mihi
3979 3927 4092 4000 pal-

2504 4017 2632 4071 lium
2664 4029 2973 4072 reverenter
3001 4020 3217 4084 obtulit,
3249 4015 3391 4088 quod
3426 4018 3722 4074 triblathon
3743 4061 3757 4084 ,
3806 4018 3967 4090 juxta
4008 4021 4090 4076 sul

2502 4109 2716 4179 generis
2741 4110 2996 4179 speciem,
3027 4121 3396 4178 nuncupatur;
3431 4111 3592 4163 trium
3617 4111 3816 4180 quippe
3845 4110 4090 4167 colorum

2502 4208 2618 4262 est;
2647 4207 2699 4252 et
2730 4197 2950 4252 blatlrorr
2983 4198 3201 4266 pallirrrrr
3231 4200 3448 4265 dicitur,
3473 4201 3614 4254 unde
3639 4200 3938 4256 triblatbon
3971 4201 4091 4272 pal-

2503 4290 2632 4344 lium
2673 4302 2910 4354 vocatur,
2961 4291 3102 4358 quod
3156 4291 3313 4344 trirrrn
3358 4291 3604 4344 cernitur
3644 4307 3766 4347 esse
3817 4295 4090 4349 colorum.

2506 4380 2615 4434 Hoc
2638 4383 2817 4450 itaque
2843 4382 2925 4434 vir
2955 4381 3040 4435 ille
3078 4381 3396 4451 suppliciter
3425 4381 3658 4437 oﬁerens
3709 4384 3968 4452 procidit,
4003 4400 4092 4441 so-

2504 4472 2659 4540 loque
2705 4483 3006 4542 prostratus
3060 4489 3164 4536 me,
3215 4488 3320 4542 qua
3355 4475 3564 4542 potuit,
3617 4473 4093 4532 bumiliaticordis

2505 4564 2803 4619 intentione
2832 4564 3041 4632 rogavit
3077 4581 3088 4615 :
3123 4561 3302 4626 Defer,
3327 4563 3519 4633 inquit,
3549 4563 3650 4618 hoc
3681 4567 4089 4632 nrrrnusculurn,

2505 4655 2721 4710 donrirre
2773 4655 2865 4717 mi,
2901 4654 3103 4707 sanctis
3133 4654 3392 4708 fratribus
3434 4655 3560 4719 tuis,
3605 4671 3630 4706 a
3668 4655 3868 4722 quibus
3903 4657 4092 4726 utique

2504 4745 2578 4798 nil
2608 4744 2750 4798 aliud
2778 4753 2919 4813 peto,
2957 4743 3056 4796 nisi
3088 4751 3145 4795 ut
3177 4743 3279 4797 hoc
3308 4741 3482 4798 solrrnr
3514 4745 3652 4812 apud
3686 4743 3946 4823 divinam.
3996 4745 4093 4800 im-

2503 4847 2713 4907 petrare
2737 4836 3074 4890 clementiam
3105 4835 3392 4899 studeant,
3418 4843 3686 4906 quatenus
3711 4849 3738 4888 a
3767 4835 3936 4890 corde
3973 4851 4094 4891 meo

2506 4928 2865 4990 tenebrarum,
2911 4943 3045 4996 quas
3099 4927 3320 4996 patitur,
3355 4925 3640 4996 caliginem
3695 4927 3868 4980 tollat.
3925 4927 4094 4982 Amor

2510 5019 2653 5072 enim
2678 5018 2853 5071 saeculi
2883 5033 2974 5071 cor
3009 5032 3186 5072 meum
3214 5017 3417 5071 detinet
3460 5019 3815 5079 obctecatunr,
3850 5017 4095 5087 mihique

2510 5107 2764 5163 tenebras
2785 5108 2998 5177 ingerit,
3025 5123 3160 5178 qrras
3184 5108 3386 5163 sanctis
3416 5123 3602 5163 eorum
3638 5107 3984 5161 orationibus
4006 5124 4096 5160 ex-

2509 5201 2632 5271 pelli
2659 5201 2874 5270 (cupido
2921 5201 3111 5271 addit),
3154 5217 3261 5270 quo
3302 5201 3490 5255 saltem
3539 5211 3696 5255 tenue
3729 5200 3929 5255 divina:
3962 5200 4095 5254 lucis

2510 5294 2741 5364 igniculo
2768 5309 2976 5348 merear
3002 5293 3276 5347 illustrari.
3305 5292 3409 5347 Sed
3431 5307 3554 5346 cum
3581 5306 3680 5360 ego
3709 5300 3763 5345 et
3786 5292 4092 5346 orationum

2513 5396 2632 5439 vota
2655 5387 3046 5456 promitterem,
3071 5395 3124 5438 et
3148 5400 3342 5438 nrrrrrus
3372 5385 3638 5454 ingestum
3665 5399 3768 5436 non
3795 5385 3956 5437 modo
3983 5400 4097 5438 ver-

2507 5478 2611 5538 his.
2644 5478 2736 5531 sed
2761 5487 2812 5530 et
2852 5476 3097 5529 manibus
3127 5476 3521 5544 propnlsarerrr,
3551 5490 3669 5543 quae
3691 5476 3951 5544 utrinque
3978 5477 4093 5530 fusa

2507 5569 2613 5622 sint
2663 5572 2844 5627 verba,
2880 5569 3222 5638 intelligenda
3275 5568 3623 5635 reliquimus,
3667 5583 3770 5620 non
3807 5568 4104 5636 scribenla.

2507 5677 2601 5729 per
2639 5664 2881 5715 ornincm
2909 5663 3231 5729 judicarnus.
3277 5660 3412 5725 Quid
3451 5660 3640 5729 plura?
3677 5659 3865 5713 defero
3889 5675 4093 5732 .nrunrrs

2508 5753 2786 5818 fratribus,
2811 5754 2900 5807 sed
2933 5753 3170 5824 ingratos
3196 5753 3440 5819 invenio;
3472 5750 3631 5823 legati
3665 5747 3860 5824 fungor
3888 5730 4109 5821 officim}
