4260 6382
279 341 370 399 309
1375 349 1576 408 LIBER
1616 351 1971 422 QUARTUS,
2019 355 2237 414 EPIST.
2279 360 2410 416 VIII.

3471 361 3578 419 310

279 460 362 513 sed
389 472 492 512 non
519 457 713 514 festive
731 460 1017 531 suscipior.
1048 462 1382 519 Invehuntur
1407 465 1574 532 enim,
1603 483 1709 523 non
1734 483 1859 540 gra—
1886 471 1939 532 Λ
1965 468 2150 526 docuit
2178 473 2600 545 relationeqnod
2626 494 2810 533 narro.
2840 479 3144 545 Albericus,
3172 485 3361 552 inquit.
3384 479 3577 538 Eccle-

281 551 371 604 tias
397 561 592 620 agunt;
630 554 972 624 expostulant
993 597 1006 620 ,
1052 570 1157 611 non
1190 556 1573 624 blandiuntur;
1603 571 1659 617 et
1705 563 1853 618 obla-

281 643 461 697 tionem
498 643 621 699 talis
648 646 747 701 viri
784 661 890 703 non
921 647 1144 714 donum.
1176 650 1270 707 sed
1299 651 1490 708 sordes
1532 663 1695 725 atque
1727 672 1829 711 con

281 737 464 804 tagium
496 736 757 808 deputant
775 740 1100 797 animarum.
1129 742 1288 800 Nullo
1310 744 1492 817 itaque
1517 756 1677 818 pacto
1703 749 1859 819 quie-

278 841 416 880 scere
447 837 779 896 potuerunt,
820 832 994 890 donec
1025 849 1223 890 munus
1254 837 1472 893 incaute
1515 850 1853 910 susceptum,

277 917 338 972 ad
365 931 507 983 eum,
532 920 625 990 qui
654 921 897 991 dederat,
922 934 1121 995 praesto
1156 927 1517 995 remitterem,
1543 931 1704 1001 eique
1727 946 1852 1003 gra-

279 1009 426 1066 tuitas
461 1014 735 1070 orationes
759 1016 862 1072 sub
883 1018 1066 1074 verbis
1109 1021 1472 1077 excusatoriis
1500 1021 1855 1078 nihilominus

276 1103 416 1173 quasi
447 1119 553 1158 non
603 1106 959 1174 remitterem,
1009 1110 1321 1179 pollicerer.
1356 1112 1575 1180 Fateor,
1623 1116 1852 1170 multum

275 1194 394 1249 mihi
423 1194 645 1264 placuit,
668 1199 812 1268 quod
849 1198 1168 1272 obiurgatus
1203 1219 1322 1258 sum
1345 1245 1359 1269 ,
1383 1204 1528 1274 quod
1567 1215 1853 1277 correptus

273 1298 421 1348 sum,
464 1286 607 1355 quod
659 1290 839 1345 verbis
886 1292 1230 1348 mordacibus
1273 1308 1528 1365 aspersus
1575 1311 1717 1351 sum.
1770 1295 1854 1351 Tu

273 1389 498 1446 quoque,
523 1374 711 1442 frater,
748 1381 963 1437 custodi
1016 1391 1068 1439 te
1105 1399 1138 1439 a
1185 1385 1505 1462 muneribus
1534 1388 1850 1459 impiorum,

271 1472 465 1524 utdum
494 1486 655 1527 caves
683 1475 981 1544 proprium,
1012 1477 1261 1534 alienum
1296 1480 1688 1550 perhorrescas
1724 1483 1854 1539 tibi-

270 1569 372 1615 met
390 1561 648 1616 adhibere
675 1561 940 1635 ﬂagitium
974 1584 990 1622 :
1018 1577 1090 1634 et,
1109 1569 1266 1640 juxta
1295 1569 1447 1627 Pauli
1481 1567 1846 1632 sententiam:

270 1651 386 1706 Non
426 1655 775 1711 communica
803 1661 1030 1728 peccatis
1069 1657 1257 1726 alienis
1277 1664 1329 1736 (1
1359 1664 1496 1721 Tim.
1523 1667 1577 1739 γ)
1609 1709 1624 1734 ,
1687 1684 1749 1724 ac
1787 1670 1852 1725 li-

270 1742 388 1800 Iera
427 1746 624 1804 talibus
649 1764 772 1805 cum
800 1767 866 1808 eo
880 1752 1066 1810 valeas
1097 1759 1430 1814 conscientia
1449 1762 1660 1818 dicere:
1695 1763 1852 1820 Mim-

1962 563 2057 619 sia:
2077 581 2209 621 mem
2239 569 2340 622 sub
2364 570 2582 625 nomine
2609 573 2936 642 episcopalis
2961 573 3444 631 incubabatoflicii.
3479 571 3577 628 Hic

1959 657 2210 713 obscena:
2259 663 2621 719 meretricula
2675 664 3037 734 prolectarius
3084 668 3416 722 adlucrcbat.
3472 663 3575 733 Qui

1959 749 2212 806 videlicet
2244 753 2368 806 dum
2395 753 2611 810 Ottonis
2638 757 2868 827 Augusti
2897 749 3260 827 propinquum
3313 757 3578 812 formida-

1959 850 2044 897 ret
2069 843 2384 913 adventum,
2421 845 2618 902 falsum
2647 849 2907 905 mentitus
2938 857 3022 904 est
3044 849 3374 919 caelibatum.
3407 848 3576 902 Meric-

1960 934 2151 990 tricem
2179 937 2363 1007 itaque
2385 954 2414 993 a
2447 940 2704 994 consortii
2732 941 2814 995 sui
2842 941 3106 996 sacietate
3135 941 3386 1004 removit,
3425 955 3574 994 eam-

1959 1042 2064 1097 que
2077 1043 2235 1084 sacro
2249 1030 2516 1086 velamine
2533 1031 2802 1087 fallaciter
2815 1032 3082 1097 indutam,
3098 1032 3572 1088 sanctimonialem

1957 1133 2079 1174 esse
2125 1120 2428 1186 constituit,
2463 1132 2836 1178 verumtamen
2885 1133 3007 1194 post
3049 1123 3398 1194 imperatoris
3445 1123 3573 1177 abs-

1958 1226 2196 1278 cessum,
2227 1223 2281 1268 et
2309 1215 2374 1268 ad
2396 1215 2640 1284 pristinae
2681 1215 2944 1271 fmditatis
3001 1215 3356 1287 ignominiam
3391 1215 3573 1280 rediit,

1958 1306 2263 1376 etinsuper
2285 1306 2352 1359 ad
2389 1308 2664 1376 probrosae
2690 1306 2928 1362 infamizc
2951 1323 3062 1362 suae
3089 1306 3367 1363 cumulum
3391 1322 3458 1362 ex
3482 1321 3577 1363 ea.

1958 1398 2080 1453 dem
2107 1400 2332 1454 tartarei
2357 1399 2639 1469 prostibuli
2669 1401 2890 1456 victima
2914 1399 3085 1455 filium
3114 1401 3446 1470 procreavit.
3471 1399 3576 1460 Οιιί

1957 1506 2083 1546 mox
2133 1482 2196 1547 fut
2249 1508 2346 1563 per
2396 1493 2731 1550 incrementa
2793 1503 3099 1564 temporum
3160 1489 3578 1564 grandiuscnlus

1958 1585 2214 1651 adolevit,
2245 1597 2405 1656 pater
2430 1602 2556 1642 eum
2593 1587 2814 1642 sibimet
2859 1586 2913 1640 in
2963 1585 3260 1657 episcopali
3310 1587 3577 1656 dignitate

1959 1679 2259 1734 substituit.
2290 1678 2397 1734 Sed
2420 1696 2544 1736 eum
2574 1680 2733 1751 longa
2761 1678 3079 1734 dominandi
3123 1679 3463 1733 consuetudo
3508 1677 3578 1732 ad

1960 1774 2282 1830 memoriam
2314 1775 2538 1840 rediret,
2565 1789 2732 1845 seque
2761 1791 2868 1830 non
2901 1773 3168 1829 celebrari
3231 1789 3295 1828 ac
3341 1788 3576 1828 venera-

266 1845 356 1894 dus
391 1857 485 1913 ego
523 1859 640 1898 sum
663 1861 694 1899 α
731 1849 988 1918 sanguine
1032 1852 1264 1906 omnium
1305 1864 1530 1909 vestrum
1563 1856 1699 1929 (Act.
1733 1859 1844 1931 xx).

1962 1865 2145 1922 biliter
2183 1867 2382 1934 excoli,
2415 1869 2556 1923 sicut
2606 1877 2734 1922 ante
2766 1873 3150 1930 consueverat,
3204 1866 3577 1930 erubesceret,

798 1983 1133 2043 EPISTOLA
1174 1989 1303 2044 VIII.

491 2085 560 2126 AD
599 2086 914 2130 IAINAIDUI
952 2093 1245 2135 EPISCOPUII
1284 2097 1614 2140 EUGUBINUI.

263 2158 656 2245 Ancona-ruit;
676 2164 1356 2245 —_Mainardo_Eugubino
1383 2175 1636 2245 episcopo
1663 2179 1856 2235 suadet

329 2241 382 2318 ut
407 2235 608 2318 przcdia
631 2232 1024 2318 facultatesque
1051 2232 1306 2298 Ecclesiae
1335 2232 1582 2316 tempore
1610 2249 1692 2302 sui
1733 2232 1850 2318 cpi;

328 2313 579 2382 scopatus
619 2306 1281 2382 ademptas—recuperare
1309 2306 1567 2382 conelur;
1599 2306 1851 2376 eumdem

329 2375 596 2455 hortatur,
626 2375 892 2455 utmores
912 2375 1182 2451 Corrig-at,
1207 2385 1435 2440 arduum
1475 2375 1598 2443 vita:
1629 2391 1734 2444 iter
1761 2375 1850 2445 ar?

327 2446 505 2527 ripiat,
528 2462 636 2527 quo
674 2446 895 2527 facilius
929 2466 1027 2522 per
1073 2446 1264 2527 aspera
1305 2471 1536 2527 qumque
1581 2476 1645 2516 ac
1679 2463 1850 2518 ardua

325 2517 515 2605 piandi.
530 2517 697 2605 hujus
723 2536 854 2575 saxa
875 2517 1222 2605 jactatusfad
1245 2517 1850 2605 quietis-felicitatisque

325 2587 378 2640 in
413 2587 553 2643 calo
577 2600 792 2660 portum
815 2587 1097 2663 pervenire
1117 2587 1306 2668 possit.

329 2699 486 2772 ιιο
513 2701 722 2761 Domno
764 2705 1051 2767 Μλιιωωο
1078 2711 1354 2784 episcopo.
1394 2753 1410 2768 .
1458 2754 1470 2768 .
1517 2754 1531 2769 .
1577 2757 1592 2771 .
1632 2716 1849 2775 Penus

257 2807 504 2865 peccator
529 2801 845 2859 monachus.

322 2889 454 2955 Quia
476 2891 623 2957 novi,
650 2892 839 2961 frater,
864 2897 959 2953 tibi
989 2913 1097 2953 non
1133 2899 1324 2955 deesse
1356 2900 1728 2972 prudentiam,
1761 2920 1829 2962 se-

257 2989 410 3032 coms
437 2988 493 3034 et
513 2981 714 3053 absque
735 2983 1024 3042 formidine
1045 2991 1406 3060 correptionis
1427 2992 1660 3048 adhibeo
1684 2996 1847 3051 disci-

257 3066 468 3137 plinam.
505 3070 640 3127 Nam
668 3083 723 3129 et
759 3075 811 3130 in
840 3075 1151 3136 Proverbiis
1179 3081 1435 3138 Salomon
1465 3085 1601 3141 dicit
1627 3109 1641 3141 ς
1668 3106 1686 3138 ‹
1715 3086 1846 3144 Plus

254 3160 459 3229 proficit
518 3168 791 3239 correptio
843 3172 981 3242 apud
1033 3175 1572 3250 prudentem,quam
1622 3191 1839 3236 centum

1961 1961 2165 2030 reperit
2201 1961 2489 2016 consilium
2518 1976 2586 2015 ex
2628 1959 2821 2014 intimo
2871 1958 3128 2014 diabolici
3181 1959 3418 2028 pectoris
3459 1956 3580 2012 felle

1959 2053 2254 2123 prolatum.
2281 2053 2522 2109 Locutus
2545 2054 2730 2124 itaque
2762 2053 2941 2123 primo
2979 2069 3102 2108 cum
3127 2052 3454 2122 quibusdam
3478 2067 3578 2124 pe-

1959 2144 2355 2201 stilentissimis
2385 2146 2691 2214 monachis,
2725 2145 2923 2200 deinde
2947 2161 3073 2202 cum
3099 2144 3375 2199 nonnullis
3405 2144 3575 2200 Deum

1960 2237 2331 2299 nescientibus
2357 2236 2532 2302 Iaicis,
2562 2237 2782 2291 tandem
2822 2237 3076 2292 condicto
3106 2236 3366 2306 praestita:
3412 2251 3577 2306 spon-

1961 2329 2134 2385 sionis
2166 2339 2361 2400 pactus
2389 2339 2474 2385 est
2500 2329 2728 2393 ﬁndere,
2764 2339 2823 2383 nt
2881 2339 3101 2385 centum
3172 2326 3434 2383 librarum
3475 2327 3580 2384 Pa-

1955 2423 2164 2493 piensis
2197 2433 2428 2478 monetae
2443 2422 2679 2493 pretium
2711 2421 2897 2476 infelix
2925 2431 3198 2477 mercator
3223 2421 3576 2490 appenderet;

1955 2522 2010 2568 et
2040 2513 2120 2569 sic
2152 2513 2250 2578 illi,
2279 2524 2486 2569 caecato
2538 2515 2691 2583 prius
2737 2513 2956 2579 abbate,
3006 2515 3095 2584 qui
3148 2525 3275 2567 tunc
3319 2521 3575 2583 praeerat,

1956 2607 2252 2662 Casinense
2281 2609 2676 2662 monasterium
2709 2607 2757 2662 ei
2786 2621 2980 2662 secure
3001 2605 3578 2678 contraderent,quod

1955 2698 2045 2752 ille
2078 2699 2336 2770 deinceps
2363 2715 2553 2754 eorum
2582 2698 2750 2753 fultus
2782 2699 3005 2766 auxilio,
3051 2699 3172 2753 sine
3203 2698 3311 2752 ullo
3358 2707 3577 2753 contra-

1955 2793 2209 2849 dictionis
2269 2793 2552 2850 obstaculo
2603 2793 2929 2863 possideret.
2965 2792 3081 2848 lloc
3109 2792 3271 2846 etiam
3305 2791 3577 2862 primoge-

1954 2887 2053 2941 niti
2076 2888 2232 2959 ιιι
2265 2887 2483 2944 Satanae
2509 2887 2856 2943 conventioni
2887 2887 3184 2941 machinati
3215 2885 3440 2941 fmderis
3479 2885 3576 2940 ad-

1954 2977 2233 3044 diderunt,
2268 2988 2326 3033 ut
2348 2978 2440 3034 ille
2463 2979 2750 3050 prauasati
2774 2979 2934 3050 pretii
2952 2989 3163 3049 partem
3187 2979 3456 3032 duntaxat
3476 2991 3576 3049 per

1954 3083 2085 3124 suos
2115 3084 2304 3125 servos
2365 3070 2629 3137 mitteret,
2662 3079 2716 3127 et
2762 3071 2937 3126 donec
2963 3071 3016 3124 in
3049 3068 3301 3124 manibus
3328 3069 3444 3123 suis
3481 3079 3574 3138 po-

1952 3161 2088 3216 sitos
2114 3160 2329 3217 abbatis
2359 3163 2548 3218 oculos
2573 3179 2680 3218 non
2712 3163 3001 3233 aspiceret,
3039 3170 3276 3232 partem,
3308 3177 3430 3231 quae
3481 3177 3569 3218 re-

249 3250 417 3324 plagaa
440 3257 584 3327 apud
621 3258 844 3316 stultum
877 3261 1060 3332 (Prov.
1089 3267 1248 3337 xvn).
1299 3289 1318 3321 ι
1351 3270 1419 3324 Et
1451 3271 1646 3326 iterum
1676 3291 1687 3327 :
1719 3292 1738 3326 ι
1786 3274 1844 3330 si
1880 3253 1926 3316 C
1961 3255 2114 3310 sidua
2136 3263 2302 3322 esset,
2333 3255 2644 3312 nullatenus
2681 3257 3002 3311 destinaret.
3029 3255 3170 3323 Quid
3195 3255 3388 3324 plura?
3437 3270 3583 3310 cor--

253 3346 582 3416 corripueris
604 3351 905 3422 sapientem
928 3396 941 3420 ,
984 3357 1256 3430 intelliget
1283 3362 1622 3431 disciplinam
1653 3362 1840 3436 (Prov.

255 3438 382 3526 xix).
423 3457 440 3490 s
477 3439 580 3508 Qui
609 3457 798 3499 rursus
818 3446 934 3500 ait:
969 3466 988 3499 ι
1022 3448 1209 3516 Auris,
1241 3468 1362 3520 quae
1396 3454 1547 3508 audit
1589 3455 1844 3526 increpa-

255 3525 422 3582 tiones
478 3534 638 3598 vita,
699 3531 752 3587 in
804 3537 985 3592 medio
1041 3541 1368 3610 sapientium
1416 3525 1845 3600 commorabitur

253 3613 429 3685 (Prov.
453 3620 568 3693 xv).
603 3641 622 3675 ο
655 3621 883 3695 Moxque
921 3629 1200 3702 subiungit
1227 3650 1250 3694 :_
1278 3651 1295 3684 ι
1330 3633 1432 3701 Qui
1467 3633 1651 3704 abjicit
1681 3637 1844 3693 disci-

250 3707 466 3801 plinam,
493 3714 724 3785 despicit
745 3720 982 3774 animam
1006 3737 1192 3790 suam;
1223 3726 1313 3795 qui
1338 3736 1518 3783 autem
1545 3731 1848 3801 acquiescit

251 3797 731 3874 increpationibus,
765 3825 1049 3881 possessor
1079 3825 1162 3871 est
1186 3820 1365 3874 cordis
1393 3797 1654 3894 (Ibid.).i
1689 3825 1846 3893 Quod

251 3904 342 3947 ore
368 3895 436 3948 ad
481 3911 547 3951 os
603 3913 745 3970 saepe
779 3907 1102 3971 praemonui.
1134 3923 1231 3978 per
1271 3910 1482 3968 litteras
1528 3916 1754 3985 replico,
1789 3926 1848 3973 et

250 3992 449 4040 motum
479 3985 693 4060 fugacis
740 3992 938 4049 elouuii
986 3996 1127 4052 velut
1156 4001 1221 4054 ad
1253 4004 1549 4060 anchoram
1592 4009 1845 4065 stationis

247 4076 491 4145 apicibus
518 4079 643 4152 ligo.

312 4169 580 4241 Instaura,
606 4177 931 4234 venerabilis
960 4179 1153 4250 frater,
1201 4186 1446 4245 ecclesiae
1496 4201 1600 4246 tum
1641 4195 1844 4263 prrcdia

247 4264 465 4336 prodige
487 4269 836 4327 saecularibus
863 4275 1080 4339 tradita,
1132 4294 1326 4337 revoca
1378 4283 1579 4340 diversi
1627 4289 1844 4357 generis

247 4368 564 4452 ornamenta
593 4373 854 4419 nocenter
873 4371 1119 4440 opposita
1146 4370 1248 4444 [f.,
1276 4377 1592 4452 exposita],
1640 4391 1696 4435 et
1738 4382 1846 4437 sal-

249 4450 605 4544 tem-insignia
638 4471 885 4529 queque,
936 4462 1020 4517 vel
1066 4465 1268 4535 optima
1314 4450 1692 4537 restituantur,
1724 4489 1845 4544 qua:

246 4539 576 4630 praelationis
603 4553 708 4601 tua:
739 4557 982 4620 tempore
1005 4556 1244 4624 graviter
1274 4574 1611 4630 snsprramus
1636 4539 1838 4620 ablata.

1950 3347 2110 3411 rasis,
2135 3348 2497 3418 undecunque
2516 3349 2714 3418 potuit,
2739 3357 2904 3418 atque
2941 3346 3219 3417 congestis
3241 3346 3424 3401 aureis
3449 3361 3568 3400 mu-

1947 3439 2216 3495 liebribus
2250 3441 2618 3506 ornamentis,
2646 3440 3238 3511 sexagintailibrarum
3285 3439 3445 3508 pretii
3498 3438 3568 3495 ad

1948 3530 2011 3585 B.
2046 3529 2302 3587 Germani
2322 3531 2579 3602 oppidum
2597 3546 2694 3601 per
2715 3547 2844 3587 suos
2866 3531 3160 3602 eompliees
3186 3531 3359 3599 misit,
3377 3531 3570 3602 eisque

1950 3623 2079 3693 quid
2106 3633 2162 3678 et
2183 3624 2382 3693 quibus
2411 3623 2747 3694 loqueretur,
2781 3623 2925 3694 quod
2950 3624 3016 3679 de
3043 3623 3316 3700 sententia
3364 3622 3566 3682 diaboli

1951 3732 2187 3788 nequam
2219 3717 2517 3787 discipulus
2542 3719 2825 3783 hauserat,
2878 3718 3256 3788 serpentinum
3287 3719 3437 3771 virus
3486 3716 3570 3771 in-

1949 3810 2179 3864 vomuit.
2210 3810 2314 3878 Qui
2338 3810 2626 3866 venientes
2656 3809 2723 3865 ad
2754 3810 3034 3880 oppidum,
3062 3818 3116 3864 et
3157 3809 3567 3866 communicato

1951 3917 2074 3957 cum
2105 3904 2305 3973 quibus
2331 3904 2510 3959 edocti
2561 3903 2776 3958 fuerant
2803 3903 3039 3958 nefando
3071 3904 3357 3974 mysterio,
3395 3905 3567 3975 proti-

1951 4008 2054 4046 nus
2084 3994 2136 4049 in
2167 4005 2356 4064 crypta
2407 3996 2643 4065 quadam
2705 3996 2950 4066 ejusdem
2997 3996 3181 4066 oppidi
3235 3996 3386 4051 missi
3438 4006 3568 4054 sunt

1952 4083 2134 4152 ibique
2163 4101 2259 4154 per
2278 4086 2483 4156 aliquot
2505 4088 2714 4143 dierum
2730 4088 2966 4158 spatium
2990 4086 3268 4153 occultati,
3309 4087 3574 4144 satellites

1953 4187 2131 4231 autem
2159 4177 2376 4235 Satanae
2397 4183 2794 4252 comprehenso
2823 4181 3092 4237 violenter
3142 4181 3327 4237 abbati
3373 4182 3564 4238 oculos

1949 4282 2170 4334 eruunt,
2204 4288 2406 4342 eosque
2434 4273 2656 4329 linteolo
2689 4261 2938 4345 protinus
2991 4273 3284 4340 involutos,
3329 4275 3396 4328 ad
3450 4290 3569 4342 eos,

1950 4366 2042 4436 qui
2069 4366 2122 4420 in
2149 4376 2341 4438 crypta
2369 4369 2713 4430 habitabant.
2756 4369 2970 4425 occulte
3020 4369 3430 4435 transmittunt;
3473 4369 3571 4439 qui

1950 4473 2076 4513 mox
2115 4459 2330 4514 alacres
2359 4459 2563 4525 etl‘ecti,
2593 4470 2649 4516 et
2701 4469 2964 4532 tanquam
3009 4461 3330 4518 thesaurum
3360 4461 3466 4518 diu
3483 4462 3574 4518 de-

1951 4552 2250 4608 sideratum
2279 4553 2558 4608 inhianter
2590 4553 2849 4624 amplexi,
2889 4554 3212 4610 festinanter
3243 4555 3312 4609 ad
3350 4554 3573 4625 propria

247 4625 298 4681 In
323 4633 568 4691 moribus
589 4651 801 4708 quoque
825 4641 929 4697 tuis
953 4614 1294 4716 temetipsum
1324 4614 1555 4716 corrige.
1591 4663 1646 4706 et
1685 4656 1842 4710 undi-

1954 4660 2198 4700 remearc
2225 4614 2800 4717 cmperunt.Cum.que
2824 4647 2938 4718 jam
2997 4646 3286 4718 proﬂigato
3335 4614 3572 4717 longiori

245 4735 343 4788 quc
371 4735 590 4791 cautus,
621 4729 857 4800 undique
885 4731 1314 4807 circumspeCtus
1341 4742 1564 4797 omnino
1597 4751 1646 4798 te
1677 4745 1728 4797 in
1753 4761 1842 4800 sa-

245 4813 506 4872 cerdotali
551 4820 815 4889 gravitate
862 4830 918 4878 et
960 4827 1242 4883 honestate
1290 4847 1582 4902 compone;
1616 4852 1714 4890 nec
1745 4837 1840 4891 de-

246 4902 457 4963 lecteris
478 4907 753 4965 fallacium
781 4913 1088 4972 divitiarum
1121 4922 1312 4991 copiis,
1337 4938 1456 4993 quae
1486 4923 1732 4981 fortassis
1758 4927 1837 4981 in-

245 5011 529 5068 geruntur,
554 5000 799 5072 aﬂluere;
828 5022 928 5064 nec
975 5011 1042 5065 de
1070 5013 1364 5079 cathedra,
1418 5017 1502 5069 cui
1555 5019 1834 5086 praesides,

246 5093 448 5151 smbias
478 5096 688 5155 honore
707 5101 962 5171 gaudere.
988 5103 1121 5159 Nam
1144 5121 1285 5177 saepe
1313 5107 1454 5162 Deus
1474 5111 1838 5180 omnipotens,

245 5187 382 5256 quod
412 5189 608 5260 procul
633 5192 704 5247 sit
733 5207 764 5247 a
791 5201 865 5259 te,
899 5197 1063 5251 menti
1091 5198 1354 5268 reprobzc,
1378 5215 1539 5269 quam
1571 5205 1842 5270 perabru-

248 5287 330 5347 pta
356 5281 696 5354 voluptatum
723 5301 943 5342 suarum
973 5289 1075 5344 iter
1106 5291 1349 5362 arripere
1387 5294 1673 5364 conspicit,
1724 5311 1840 5351 om-

249 5385 365 5426 nem
400 5375 506 5430 sibi
533 5377 698 5448 ccepti
728 5387 956 5436 conatus
985 5382 1188 5438 aditum
1214 5384 1542 5441 intercludit.
1587 5388 1649 5442 Et
1701 5389 1843 5444 sicut

246 5464 349 5533 jam
373 5469 692 5537 praesidenti
712 5485 852 5542 saepe
874 5474 1145 5541 prohibet,
1177 5476 1301 5531 dmn
1327 5477 1442 5530 vult
1464 5479 1720 5547 gaudere,
1775 5497 1843 5538 ue

251 5560 508 5628 gaudeat;
542 5563 625 5618 sic
667 5563 733 5618 ad
763 5565 1000 5635 regimen
1051 5567 1392 5623 anhelantem
1452 5572 1716 5641 reprimit,
1773 5589 1842 5628 ne

250 5655 548 5724 concupita:
572 5655 848 5726 dignitatis
876 5659 1088 5715 culmen
1111 5663 1387 5717 ascendat.
1416 5661 1652 5719 Joannes
1682 5666 1841 5734 plane

253 5739 568 5803 larsicanze
597 5749 749 5818 prius
777 5749 1028 5806 Ecclesia:
1052 5753 1510 5826 archipresbyter,
1538 5774 1680 5813 nunc
1713 5760 1841 5815 reli-

254 5836 427 5904 giosus
452 5840 508 5894 in
539 5839 823 5898 Casinensi
851 5843 1100 5900 canobio
1127 5848 1443 5912 monachus,
1468 5849 1720 5906 hesterna
1753 5867 1841 5907 me

1952 4737 2129 4806 Spatio
2154 4745 2398 4791 extrema
2424 4751 2554 4807 pars
2585 4737 2802 4792 itineris
2851 4746 3182 4807 superesset,
3215 4744 3268 4791 et
3309 4745 3570 4808 tanquam

1951 4830 2060 4884 voti
2086 4839 2366 4900 compotes
2396 4815 2714 4898 secuiijam
2761 4831 3019 4886 alimenta
3073 4831 3441 4902 perciperent,
3475 4845 3569 4901 pe-

1950 4923 2200 4993 regrinus
2224 4925 2444 4994 quidam
2477 4926 2659 4980 subito
2682 4927 3024 4997 supervenit,
3061 4935 3328 4980 etnovum
3362 4925 3570 4998 aliquid

1949 5020 2620 5090 inquisitus,Albericum,
2647 5022 2738 5092 qui
2785 5022 2990 5077 dudum
3033 5020 3209 5077 fuerat
3251 5022 3567 5092 episcopus,

1949 5114 2154 5170 obiisse
2176 5113 2470 5183 respondit.
2499 5112 2653 5182 Quod
2682 5105 3029 5187 illi'graviter
3055 5115 3332 5186 aspernati
3364 5131 3428 5169 ac
3471 5129 3564 5168 ve-

1952 5206 2236 5276 hementer
2305 5207 2519 5261 attoniti
2572 5207 2798 5262 credere
2855 5206 3170 5262 nullatenus
3245 5213 3564 5278 potuerunt.

1953 5299 2156 5353 Deinde
2181 5315 2294 5354 rem
2323 5299 2529 5354 certius
2557 5309 2936 5368 agnoscentes,
2959 5308 3014 5355 et
3062 5301 3275 5355 dierum
3303 5300 3564 5370 spatium,

1949 5406 2059 5461 quo
2086 5391 2338 5446 videlicet
2369 5392 2457 5446 ille
2487 5393 2536 5446 in
2568 5393 2922 5463 aegrotatione
2954 5393 3238 5456 decubuit,
3271 5392 3564 5464 diligenter

1949 5483 2259 5549 addiscunt,
2289 5495 2344 5537 ct
2368 5484 2454 5538 illa
2486 5485 2766 5555 signanter
2795 5485 2950 5550 liora,
2973 5501 3079 5554 qua
3108 5484 3365 5539 videlicet
3387 5485 3562 5541 abba-

1952 5579 1991 5636 ti
2025 5579 2205 5633 Iumen
2239 5579 2482 5632 avulsum
2522 5589 2622 5642 est,
2667 5579 2816 5632 illum
2870 5579 3162 5633 infeliciter
3225 5580 3559 5648 exspirasse,

1953 5672 2156 5740 liquido
2182 5673 2612 5739 deprehendunt.
2629 5672 2770 5726 Ecce
2812 5689 2973 5743 quam
2993 5689 3180 5727 amaro
3205 5672 3310 5726 line
3333 5674 3558 5740 defecit,

1952 5761 2311 5831 qnijucnnde
2364 5770 2526 5831 atque
2583 5764 2824 5818 suaviter
2881 5765 3061 5817 vivere
3108 5764 3451 5833 concupivit;
3500 5769 3558 5818 et

1953 5853 2070 5914 ipso
2103 5853 2362 5908 tomooris
2412 5855 2662 5920 articulo,
2697 5872 2803 5924 quo
2957 5870 3381 5912 conscmsurum
3429 5865 3557 5908 esse
