4260 6372
803 355 902 412 Ml

1337 353 1394 411 S.
1427 351 1631 409 PETRI
1659 350 1940 409 DAMIANI
1969 349 2123 408 OPP.
2148 347 2330 407 PARS
2369 346 2502 407 εει]
2555 343 2790 404 ΤΟΜΒΒ
2831 342 2874 400 l.
2913 371 2984 385 -

1879 350 1940 407 Nl
1969 349 2123 408 OPP.
2148 347 2330 407 PARS
2369 346 2502 407 SEU
2555 343 2790 404 TOHUS
2831 342 2874 400 Ι.
2913 371 2984 385 -
3019 339 3238 400 EPIST.
3269 337 3398 396 LIB.
3425 334 3561 396 Vill.

799 463 1054 537 sperabat
1075 464 1230 536 quasi
1278 462 1509 519 sublime
1537 462 1830 534 fastigium,
1861 461 1956 532 qui
1983 475 2183 516 aecum
2228 458 2375 516 fece-
2397 466 2449 526 Α
2475 458 2723 530 cupidum
2745 470 2832 512 me
2856 454 3044 527 procul
3073 453 3235 510 dubio
3261 447 3644 508 assentator-im
3686 442 3881 504 laudis.
3903 458 4070 537 accu-

799 565 904 619 rat,
929 565 977 610 et
1010 555 1123 624 ipse
1153 565 1402 624 tanquam
1426 567 1554 610 vere
1565 561 1796 609 ctecatus
1815 561 1976 622 atque
1995 565 2064 608 ex
2085 549 2378 620 improviso

805 651 1100 712 correptus,
1131 651 1351 713 repente
1379 651 1464 698 est
1516 643 1793 698 demersus
1850 640 1906 696 in
1950 650 2234 695 tartarum.
2271 637 2374 695 Cui

805 742 948 790 recte
968 734 1342 804 propheticum
1372 733 1499 788 illud
1520 732 1798 804 congruit:
1829 749 1849 784 ‹
1877 732 2011 788 Dum
2028 729 2204 788 adhuc
2227 729 2377 787 ordi-

799 837 909 886 rer,
946 825 1174 879 succidit
1198 837 1282 877 me
1306 821 1451 892 (Isa.
1496 823 1756 890 xxxviii).
1785 841 1804 875 ι
1837 822 2004 878 Filius
2033 831 2210 878 autem
2233 835 2374 892 ejus,

800 911 1075 982 apostolus
1095 911 1335 968 videlicet
1359 910 1702 978 Antichristi,
1730 927 1891 983 quem
1915 913 1968 968 in
1995 912 2376 970 ecclesiastica:

796 1003 1074 1073 dignitatis
1113 1004 1321 1075 apicem
1359 1013 1513 1074 pater
1556 1003 1839 1074 allexerat,
1882 1015 2084 1078 quanto
2130 1016 2375 1076 tempore

798 1093 1118 1161 supervixit,
1150 1093 1348 1149 multas
1367 1093 1737 1149 calamitatum
1767 1101 1931 1166 atque
1966 1094 2374 1152 contentionum

796 1184 1182 1238 autaritudincs
1225 1183 1469 1253 pertulit;
1515 1193 1789 1254 postremo
1837 1184 2106 1242 ferocibus
2152 1199 2373 1242 suoru-

798 1270 990 1340 gladiis
1017 1271 1253 1342 undiqtte
1297 1271 1572 1344 perfossus
1608 1275 1880 1331 occubuit.
1918 1273 2146 1346 Dignum
2175 1275 2375 1346 quippe

795 1369 881 1415 est
906 1368 964 1413 ut
989 1359 1111 1416 talis
1141 1361 1521 1419 vitae'clausula
1545 1363 1651 1420 illis
1675 1373 1926 1420 occurrat
1950 1366 2042 1434 qui
2069 1374 2260 1420 contra
2283 1379 2374 1420 vo-

815 1461 1054 1507 untatem
1085 1453 1179 1509 Dei
1208 1453 1275 1510 ad
1300 1455 1440 1510 sacri
1463 1454 1668 1512 ordinis
1719 1456 1930 1511 culmen
1980 1456 2265 1522 anhelant;
2307 1472 2373 1513 ac

792 1543 1017 1613 proinde
1046 1544 1270 1602 dulcedo
1295 1546 1534 1613 vivendi,
1565 1561 1724 1618 quem
1756 1557 1936 1606 mente
1983 1559 2367 1619 conceperant,

796 1635 851 1689 in
881 1636 1296 1691 amaritudinem
1317 1646 1374 1692 et
1400 1639 1750 1709 prosperitas,
1809 1655 1929 1710 qua:
1979 1656 2078 1710 per
2133 1641 2368 1698 colorem

801 1722 1045 1779 falsitatis
1096 1726 1374 1793 arriserat,
1420 1727 1526 1783 illis
1574 1729 1820 1799 provenit
1873 1732 1928 1786 in
1978 1731 2365 1788 calamitatem.

2478 559 2581 606 sat.
2613 548 2974 605 Remordente
3004 545 3212 602 scilicet
3246 542 3578 600 conscientia
3624 538 3879 610 protinus
3929 534 4064 590 aio:

2476 639 2610 697 Cum
2639 641 2740 696 iste
2759 638 2891 694 mihi
2913 637 3059 708 loqui
3088 637 3236 693 venit
3257 635 3323 692 ad
3382 643 3564 690 votum
3613 645 3808 701 meque
3831 635 4070 686 conetur

2475 728 2793 787 benevolum
2822 728 3067 802 reddere,
3089 740 3366 798 nunquam
3389 739 3478 781 me
3496 723 3615 781 oleo
3629 720 3916 778 deliniiicc
3937 731 4071 774 sua-

2475 824 2658 880 vitatis
2683 831 3019 896 aspergeret,
3047 822 3094 878 si
3117 837 3204 878 me
3232 819 3493 878 delectari
3525 816 3745 874 laudum
3779 812 4069 870 favoribus

2476 930 2583 972 non
2612 924 2876 987 speraret.
2905 915 2965 971 In
2985 928 3104 972 mea
3127 913 3292 986 igitur
3305 911 3465 968 laude
3487 909 3813 974 confundor,
3835 917 3914 973 et,
3931 906 4068 962 dum

2475 1005 2810 1077 magnificari
2838 1005 3050 1071 videor,
3081 1002 3364 1060 erubesco.
3387 1001 3508 1072 ipse
3550 999 3751 1072 quippe
3777 1012 3867 1053 me
3905 995 4068 1051 favor

2475 1097 2738 1170 obiurgat,
2769 1097 2861 1168 qui
2885 1096 3058 1153 laudis
3079 1095 3318 1164 avidum.
3341 1102 3390 1152 et
3449 1093 3498 1150 is
3543 1093 3640 1148 oui
3684 1088 3902 1147 videtur
3941 1099 4069 1145 esse

2475 1188 2741 1254 laudatus,
2767 1187 3064 1244 existimat.

2545 1277 2661 1334 lluc
2687 1279 2895 1336 accedit
2932 1277 3058 1348 quia
3085 1290 3420 1348 qnzecunque
3448 1274 3685 1331 humana
3718 1285 3878 1329 mens
3926 1282 4067 1326 sano

2472 1369 2616 1441 viget
2647 1368 2781 1426 fulta
2807 1368 3055 1436 consilio,
3091 1369 3137 1424 si
3163 1382 3223 1424 se
3246 1365 3520 1424 subtiliter
3544 1375 3600 1422 et
3619 1362 3850 1422 solerter
3879 1360 4064 1433 inqui-

2470 1462 2564 1525 rit,
2627 1460 2720 1516 vix
2757 1460 2811 1514 in
2857 1460 2974 1516 suis
3023 1457 3375 1515 facultatibus
3426 1456 3638 1513 invenit
3685 1454 3828 1510 unde
3859 1451 4064 1508 merito

2472 1566 2694 1622 sperare
2717 1551 3048 1622 praeconium
3076 1549 3267 1622 possit.
3299 1547 3543 1604 Mortalis
3571 1546 3773 1618 quippe
3799 1543 4062 1609 conditio,

2473 1643 2715 1714 undique
2739 1651 3011 1699 coarctata
3035 1650 3200 1712 atque
3221 1639 3541 1706 constricta,
3565 1637 3696 1711 quid
3737 1637 3894 1693 novit
3919 1634 4066 1691 unde

2472 1733 2645 1804 possit
2683 1732 2905 1789 extolli?
2949 1731 3081 1798 Quis
3128 1731 3274 1786 enim
3321 1729 3460 1786 sciat
3507 1727 3638 1799 quid
3679 1727 3736 1782 in
3757 1725 4065 1782 aeternitate

794 1812 997 1878 Quibus
1019 1824 1072 1869 et
1099 1815 1230 1871 illud
1252 1817 1504 1874 Jeremite
1525 1820 1718 1875 merito
1745 1822 2024 1893 congruit:
2056 1842 2075 1875 ι
2117 1824 2367 1894 Speravi-
2397 1821 2445 1882 B
2473 1823 2655 1886 fuerit,
2685 1830 2976 1894 antequam
3000 1822 3141 1878 Deus
3168 1821 3314 1876 hunc
3345 1819 3606 1876 conderet
3631 1818 3932 1876 mundum?
3954 1816 4064 1873 Sed

792 1919 914 1959 mus
939 1919 1146 1975 pacem,
1172 1915 1227 1963 et
1259 1923 1365 1963 non
1392 1918 1476 1966 est
1496 1910 1731 1978 bonum;
1757 1913 2108 1984 quaesivimus
2136 1914 2298 1981 bona,
2323 1925 2379 1971 et

791 2007 919 2048 cccc
947 1995 1180 2051 turbatio
1208 1996 1352 2068 (Jer.
1379 1999 1522 2070 xtv).
1555 2017 1574 2051 s
1601 1999 1668 2055 Et
1703 2001 1830 2058 illud
1859 2001 2189 2058 Psalmistm:
2225 2022 2244 2056 ι
2274 2003 2378 2060 De-

787 2082 969 2151 jecisti
995 2099 1090 2141 eos
1114 2085 1240 2141 dttm
1267 2085 1633 2146 allevarentur
1652 2091 1672 2162 (
1692 2089 1839 2146 Psaf.
1868 2107 2013 2148 Lxm
2032 2092 2073 2161 ).
2111 2111 2130 2145 ι

864 2173 1093 2230 Econtra
1129 2185 1204 2241 tu,
1234 2178 1557 2234 venerabilis
1585 2179 1776 2248 frater,
1800 2183 1960 2254 bujus
1983 2183 2168 2239 mundi
2188 2186 2374 2241 suavia

793 2263 1062 2330 quaelibet,
1094 2281 1159 2321 ac
1185 2267 1322 2323 male
1343 2266 1583 2337 jucunda
1619 2279 1939 2340 contemne;
1990 2289 2172 2331 rerum
2199 2285 2376 2333 trans-

798 2354 1041 2410 euntium
1072 2358 1256 2426 copias
1287 2373 1351 2414 ac
1380 2361 1664 2416 mundana:
1692 2362 1878 2434 glorias
1921 2363 2244 2422 lenocinium
2282 2368 2379 2424 de-

791 2446 966 2515 spice;
990 2461 1324 2520 sequensque
1351 2451 1575 2522 vestigia
1610 2451 1908 2511 Salvatoris
1933 2472 2123 2527 aspera
2146 2473 2377 2530 qumque

794 2538 889 2591 tibi
913 2553 973 2592 ac
1007 2541 1135 2594 'lnra
1169 2557 1430 2612 propone,
1459 2553 1520 2599 ut
1551 2559 1650 2616 per
1695 2544 1932 2604 difﬁcilia
1983 2550 2254 2618 gradiens,
2306 2551 2374 2607 ad

785 2630 1020 2700 incuruis
1047 2635 1344 2706 pertingas,
1374 2646 1429 2692 et
1455 2637 1600 2692 velut
1625 2653 1816 2710 aspera
1848 2623 2063 2697 dumeta
2085 2641 2376 2712 perambu-

790 2725 908 2778 lans
937 2724 1075 2780 viam
1097 2729 1246 2781 tuam
1273 2728 1426 2784 suavi
1457 2728 1564 2786 line
1593 2730 1906 2789 concludas.

1262 2840 1419 2912 112
1455 2841 1787 2900 EPISTOLA
1821 2845 1914 2901 1X.

1024 2944 1093 2984 AD
1127 2943 1429 3013 οιῡειιιευι
1466 2946 1754 2990 ενιεεονωι
1791 2949 2088 2993 ῖιιιιλιωι.

783 3038 1177 3098 Anconem-run.
1199 3025 1483 3120 f-Scriblt
1508 3043 1648 3120 hanc
1675 3045 1956 3120 epistolam
1979 3046 2238 3120 Firmano
2252 3046 2371 3120 epi-

854 3124 1144 3184 sc0po,q_u_a
1159 3113 1390 3184 primum
1401 3113 1738 3184 gratissimas
1752 3115 1851 3184 sibi
1866 3117 1932 3173 de
1946 3131 2012 3172 eo
2022 3119 2214 3176 missas
2226 3113 2372 3173 litie-

853 3173 1176 3254 ras'scgri'bit;
1202 3173 1472 3254 deindese
1495 3185 1730 3254 graviter
1741 3183 1882 3242 ferre
1902 3201 2014 3242 sua
2028 3173 2224 3242 nomen
2249 3203 2374 3243 san-
2399 3173 2448 3238 C

854 3251 1058 3334 ctitatis
1077 3250 1220 3334 quod
1251 3250 1886 3334 per_illas'tribt_tebatur.
1914 3256 2099 3334 Quare
2122 3257 2370 3334 pluribus

857 3324 1189 3387 argumentis
1213 3331 1442 3377 conatur
1468 3337 1590 3377 eum
1612 3324 1682 3379 ab
1708 3325 1810 3380 hac
1839 3326 2093 3396 opinione
2123 3324 2371 3383 'deduce-

856 3403 935 3451 re,
957 3391 1203 3451 quamvis
1217 3391 1405 3451 seipse
1421 3392 1751 3451 consoletur.
1767 3395 2087 3451 existimans
2099 3395 2152 3451 id
2171 3411 2371 3451 nequa-

899 3403 935 3454 a,
957 3404 1203 3472 quamvis
1217 3406 1274 3445 se
1290 3403 1405 3472 ipse
1415 3402 1751 3473 consoletur,
1767 3402 2087 3478 existimans
2099 3402 2152 3451 id
2171 3411 2372 3466 nequa-

899 3472 1020 3538 uam
1053 3459 1540 3538 lll_tll_ll_¢l‘0dldl88€,
1565 3463 1658 3518 sed
1691 3465 1759 3519 ad
1780 3479 1960 3538 acrius
1986 3464 2372 3538 impellendum

877 3529 1063 3610 coisse.
1096 3529 1253 3610 Addit
1280 3540 1538 3610 praeterea
1564 3547 1624 3588 se
1651 3546 1794 3610 aegre
1819 3534 2006 3610 tulisse
2035 3529 2373 3610 calamitates

856 3595 1130 3690 Ecclesilm,
1159 3608 1220 3653 ut
1245 3595 1411 3690 armis
1432 3617 1518 3656 res
1546 3595 1735 3686 sacra's
1763 3603 2053 3690 defendere
2075 3606 2368 3690 compelle-

858 3675 1025 3762 retur).
1056 3667 1532 3762 Quapropﬁterlnon
1561 3673 1840 3762 armis_ac
1877 3674 2087 3762 viribus
2126 3667 2372 3762 corporis

859 3729 1238 3817 tuendamdici
1246 3748 1265 3793 t
1277 3729 1589 3817 'Ecclesiam
1598 3782 1645 3817 ,η
1665 3744 1760 3799 sed
1803 3729 2082 3817 precibits‘
2093 3729 2371 3817 aindas;

854 3805 1085 3873 divinis;
1117 3809 1278 3879 idque
1302 3811 1472 3866 sacris
1501 3805 1733 3869 testibus
1759 3805 1822 3870 et'
1837 3815 2144 3873 rationibus
2171 3805 2370 3875 nititur

851 3880 1226 3949 comprobem.

857 3986 1064 4046 Domno
1093 3989 1370 4049 Osnsstco
1389 3992 1646 4051 Firmano
1679 3995 1952 4070 episcopo,
1991 3996 2209 4058 Pii-rans
2241 4014 2366 4072 pec-

785 4086 940 4132 cator
969 4080 1265 4137 monachus
1291 4082 1668 4153 inexplebilem
1695 4086 1995 4150 devotionis
2020 4088 2292 4148 alectum.

859 4166 1163 4229 Mellilluam
1187 4183 1378 4232 vestra:
1404 4176 1708 4248 sanctitatts
1729 4180 2011 4250 epistolam
2032 4191 2233 4253 quanta
2247 4197 2365 4241 cor-

2479 1931 2601 1970 cum
2615 1916 2820 1987 ignoret
2839 1913 2966 1984 quid
2993 1912 3156 1969 fuerit
3169 1921 3296 1969 ante
3310 1910 3495 1967 mundi
3515 1908 3869 1982 principium,
3909 1907 4064 1965 novit

2483 2005 2640 2076 113
2664 2003 2890 2062 forsitan
2911 2003 3038 2074 quid
3067 2009 3190 2073 post
3218 2001 3336 2072 ejus
3367 2000 3659 2058 terminum
3678 2000 3769 2058 .sit
3794 1998 4063 2065 futurum,

2480 2107 2657 2150 utrum
2680 2095 2887 2152 scilicet
2909 2095 2963 2150 in
2993 2094 3298 2150 ministerio
3319 2093 3403 2149 sui
3428 2106 3626 2149 cursus
3656 2091 3891 2148 ulterius
3911 2098 4064 2147 astra

2477 2187 2785 2244 deserviant
2805 2194 3134 2243 etutrumne
3154 2193 3276 2256 post
3299 2199 3389 2252 ea,
3431 2198 3555 2256 quae
3592 2197 3738 2239 nunc
3776 2190 3929 2249 sunt,
3957 2180 4064 2238 alia

2478 2295 2664 2336 rursus
2693 2279 2958 2337 elementa
2987 2278 3294 2336 succedant.
3331 2276 3487 2335 Unde
3528 2283 3586 2335 et
3626 2273 3918 2346 Seraphim
3945 2273 4063 2342 illa,

2477 2387 2597 2440 qua:
2621 2370 2788 2426 Isaias
2816 2369 3077 2442 propheta
3109 2369 3161 2425 in
3193 2376 3488 2438 conspectu
3513 2366 3728 2423 Domini
3755 2374 3908 2423 stare
3935 2379 4064 2422 con-

2478 2463 2678 2532 spexit,
2728 2476 2888 2517 senas
2935 2460 3048 2515 alas
3094 2459 3349 2516 habuisse
3394 2456 3702 2514 describit:
3755 2475 3775 2509 ι
3815 2455 4060 2524 Duabus,

2481 2554 2676 2623 inquit,
2710 2551 2963 2607 velabant
2989 2550 3205 2616 faciem,
3237 2557 3293 2606 et
3323 2547 3535 2605 duabus
3580 2546 3836 2604 vclabant
3874 2547 4062 2618 pedes,

2477 2654 2534 2698 ct
2558 2643 2768 2698 duabus
2806 2642 3081 2698 volabant.
3109 2659 3128 2693 s
3172 2637 3436 2696 Velabaut
3470 2653 3635 2710 porro
3676 2636 3897 2705 faciem,
3947 2638 4063 2694 sive

2477 2733 2662 2804 pedes,
2710 2748 2819 2789 non
2862 2747 3012 2798 suos,
3065 2729 3160 2788 sed
3216 2730 3401 2802 utique
3442 2727 3558 2785 Dei.
3612 2727 3679 2784 Et
3722 2726 3855 2800 quid
3911 2745 3931 2780 ι
3966 2741 4065 2799 per

2479 2824 2670 2880 faciem
2713 2823 2829 2891 Dei,
2861 2842 2881 2877 s
2933 2822 3041 2878 nisi
3089 2819 3272 2877 mundi
3307 2818 3672 2892 principium?
3713 2815 3856 2886 Quid
3905 2834 3925 2868 ι
3968 2831 4064 2888 per

2478 2917 2664 2986 pedes,
2708 2935 2727 2972 s
2775 2915 2879 2972 nisi
2923 2913 3162 2986 ejusdem
3209 2912 3394 2970 mundi
3443 2911 3570 2968 linis
3611 2909 3774 2968 debet
3799 2909 4062 2984 intelligi?

2478 3008 2701 3063 Alarum
2729 3021 2859 3077 ergo
2892 3005 3174 3077 Seraphin
3208 3013 3264 3062 et
3301 3003 3484 3077 plures
3530 2998 3826 3074 sunt,qu:e
3853 3001 4060 3070 velant,

2479 3105 2534 3154 et
2561 3112 2745 3169 pauca:
2792 3112 2916 3168 qua:
2949 3096 3156 3164 volant,
3207 3094 3335 3168 quia
3380 3109 3452 3151 ex
3493 3093 3798 3152 divinorum
3833 3107 4063 3164 operum

2480 3186 2801 3244 celsitudine
2829 3201 2951 3242 cum
2983 3199 3255 3259 perpauca
3286 3185 3355 3241 ad
3388 3191 3636 3242 nostram
3672 3183 4064 3256 pertnittantnr

2475 3277 2731 3335 advolare
2757 3278 3028 3345 notitiam,
3054 3276 3287 3348 plurima
3318 3277 3376 3334 in
3407 3276 3683 3334 thesauris
3721 3283 4060 3333 secretoru

2473 3369 2778 3434 cmlestium
2813 3377 3100 3426 servantur
3142 3367 3374 3427 occulta.
3427 3366 3564 3424 Nam
3613 3367 3758 3440 quod
3813 3365 4063 3424 funditus

2473 3457 2785 3528 ignoremus
2820 3457 2951 3529 quid
2992 3468 3118 3515 ante
3169 3459 3354 3518 mundi
3397 3458 3724 3531 principium
3775 3456 3963 3525 fuerit,
4006 3466 4064 3516 et

2474 3549 2604 3618 quid
2641 3547 2754 3618 jam
2779 3558 2902 3619 post
2943 3550 3462 3606 consummationem
3505 3549 3579 3605 sit
3619 3546 3889 3615 futurum,
3917 3547 4061 3605 idem

2472 3639 2723 3710 perbibet
2745 3639 2950 3697 Isaias:
2984 3659 3002 3695 ι
3037 3638 3458 3711 Priora,inquit,
3480 3639 3805 3696 annuntiate
3829 3638 3988 3708 mihi,
4007 3648 4063 3697 et

2472 3731 2766 3788 novissima
2807 3747 2928 3803 qute
2957 3730 3140 3788 futura
3177 3741 3326 3801 sunt,
3361 3742 3419 3790 et
3442 3733 3618 3790 dicam
3663 3734 3790 3807 quia
3824 3733 3902 3789 dii
3927 3733 4060 3792 estis

2473 3822 2610 3896 (lsa.
2643 3825 2777 3898 au).
2801 3843 2820 3878 ι
2846 3822 2922 3880 De
2943 3823 3137 3881 mediis
3168 3833 3348 3885 autem
3364 3840 3537 3898 pauca
3560 3835 3839 3897 utcunque
3859 3840 4060 3897 cogno-

2471 3917 2694 3986 scimus,
2719 3934 2842 3990 qute
2853 3933 2920 3974 ex
2939 3918 3342 3991 Scripturarum
3363 3918 3712 3975 attestatione
3736 3918 3893 3975 nobis
3924 3934 4060 3991 pan-

2468 4010 2688 4068 duntur.
2717 4011 2887 4068 Porro
2907 4019 3090 4068 autem
3115 4019 3174 4068 et
3199 4012 3254 4068 in
3276 4010 3363 4068 his
3393 4011 3526 4083 ipsis
3564 4020 3825 4086 quantam
3852 4012 4059 4069 notitia

2469 4101 2742 4172 patiamur
2764 4101 3021 4173 inopiam,
3048 4103 3140 4173 qui
3171 4101 3606 4174 sapientissimus
3635 4103 3780 4160 inter
3807 4101 4059 4180 homines

2469 4194 2697 4260 exstitit,
2733 4210 2843 4252 non
2871 4196 3088 4253 erubuit
3121 4195 3392 4252 conﬁteri.
3437 4195 3529 4252 Ait
3564 4195 3711 4252 enim
3751 4192 4053 4252 Salomon:

786 4262 874 4357 dis
896 4262 1151 4320 aviditate
1178 4267 1534 4338 susceperim,
1563 4271 1963 4341 perseverantia
1991 4275 2204 4344 probat.
2230 4274 2364 4332 Eam
2473 4303 2497 4340 s
2538 4283 2680 4340 Sunt
2701 4281 2832 4355 justi
2866 4293 2923 4339 et
2951 4284 3246 4356 sapientes,
3281 4297 3516 4356 quorum
3562 4299 3731 4357 opera
3780 4285 3838 4340 in
3887 4299 4056 4342 manu

784 4356 984 4427 quippe
1002 4357 1446 4415 cohabitatricem
1473 4360 1605 4416 mihi
1627 4361 1681 4416 in
1703 4362 1895 4418 cellula
1921 4363 2128 4437 iugiter
2179 4377 2361 4435 teneo,
2466 4373 2706 4442 Domini,
2725 4383 2782 4432 et
2805 4382 2984 4430 tamen
3014 4375 3190 4432 nescit
3211 4375 3375 4432 homo
3397 4383 3581 4431 utrum
3601 4356 3808 4431 amore
3831 4390 3904 4432 an
3930 4375 4056 4432 odio

786 4461 910 4502 cum
937 4461 1000 4503 ea
1024 4461 1168 4518 saepe
1191 4449 1535 4517 contabulor,
1588 4452 1645 4507 in
1696 4467 1761 4508 ea
1805 4454 2077 4514 interioris
2124 4458 2360 4515 hominis
2386 4527 2432 4538 _
2465 4463 2661 4538 dignus
2700 4466 2793 4532 sit,
2819 4464 2915 4521 sed
2945 4465 3127 4522 omnia
3157 4465 3212 4521 in
3257 4466 3502 4521 futurum
3523 4473 3818 4523 servantur
3846 4465 4054 4524 incerta

783 4539 950 4594 vestri
996 4541 1232 4612 speciem
1274 4556 1338 4598 ac
1389 4543 1503 4611 veri
1525 4542 1707 4600 vultus
1735 4544 2022 4618 imaginem
2075 4548 2361 4609 manifeste
2386 4527 2440 4590 D
2467 4527 2668 4628 (Evecle.
2696 4527 2796 4629 rx).
2835 4574 2855 4610 ι
2889 4554 2992 4613 Ubi
3041 4557 3334 4612 notandum
3357 4556 3506 4629 quia,
3535 4571 3660 4613 cum
3689 4555 3876 4630 justus
3911 4557 4056 4615 dicat

783 4631 1133 4701 contemplor.
1156 4630 1254 4688 Est
1295 4641 1474 4690 tamen
1512 4635 1656 4705 quod
1704 4635 1757 4690 in
1810 4650 1874 4692 ea
1925 4637 2166 4708 graviter
2215 4639 2358 4709 fero,
2465 4657 2522 4704 et
2546 4649 2838 4719 sapientes,
2869 4649 2962 4719 qui
3005 4647 3264 4705 nimirum
3284 4647 3585 4706 debuerant
3611 4647 3867 4706 subtilius
3893 4663 4056 4707 ποίεε

784 4719 911 4788 quia
936 4722 1144 4778 scilicet
1167 4738 1270 4778 non
1294 4733 1402 4780 tam
1420 4725 1756 4801 honoratum
1786 4742 1947 4797 quam
1967 4739 2246 4787 oneratum
2270 4747 2359 4790 me
2465 4741 2614 4813 ipsos
2666 4741 2828 4796 etiam
2880 4738 3150 4811 perbibet,
3205 4753 3327 4810 quae
3373 4737 3554 4795 futura
3603 4749 3733 4811 sunt
3777 4739 4054 4812 ignorare.

785 4824 896 4904 tam
925 4818 1096 4875 sancti
1126 4821 1360 4876 nominis
1387 4821 1546 4878 laude
1569 4825 1801 4894 reperio.
1831 4823 1890 4879 ln
1936 4826 2040 4882 boc
2087 4825 2356 4896 siquidem
2465 4830 2758 4888 Enimvero
2801 4831 2945 4902 quod
2973 4845 3061 4888 me
3098 4844 3206 4887 non
3249 4829 3413 4888 modo
3451 4830 3520 4888 de
3552 4830 3845 4904 sapientia,
3876 4833 3974 4889 sed
4003 4842 4058 4891 et

783 4903 1014 4964 flebilior
1030 4919 1113 4965 est
1142 4923 1259 4965 mea
1286 4912 1589 4981 calamitas,
1612 4915 1756 4985 quod
1786 4931 1890 4971 non
1920 4917 2082 4973 modo
2116 4918 2222 4973 mei
2267 4933 2356 4976 me
2463 4923 2532 4979 de
2577 4923 2702 4981 vita
2744 4937 2960 4996 quoque
3005 4923 3159 4995 quasi
3203 4923 3493 4980 sanctitate
3527 4903 3815 4992 landastis,
3858 4940 3970 4982 non
4000 4935 4058 4981 ut

783 5006 966 5055 reatus
987 5001 1303 5072 impediunt,
1327 5000 1419 5060 sed
1451 5006 1673 5077 insuper
1688 5009 1859 5063 sancti
1875 5007 2187 5065 bominesin
2213 5026 2354 5080 mea,

783 5088 920 5157 proh
949 5089 1126 5147 dolor!
1157 5094 1518 5153 mstimationc
1551 5097 1888 5169 delinquunt.
1917 5100 2103 5157 rAbsit
2152 5110 2355 5172 autem,

785 5189 844 5234 ut
875 5188 1080 5236 tantum
1111 5183 1286 5238 virum
1313 5184 1484 5242 fatear
1509 5187 1674 5243 etiam
1705 5204 1792 5244 me
1814 5189 2160 5262 praedicando
2204 5207 2360 5249 men-

783 5268 906 5335 tiri;
939 5270 1032 5326 sed
1053 5269 1178 5341 quia
1201 5271 1362 5328 homo
1383 5289 1463 5340 es,
1492 5285 1646 5346 potes
1671 5277 1859 5334 saltem
1887 5295 1986 5351 per
2031 5278 2358 5337 benevolen-

784 5358 914 5414 tiam
943 5359 1074 5415 falli.
1110 5361 1245 5430 Quia
1273 5379 1401 5420 vero
1421 5367 1637 5421 mentiri
1663 5376 1747 5424 est
1773 5379 1961 5426 contra
1987 5377 2229 5428 mentem
2279 5370 2360 5428 lo-

781 5452 895 5521 qui,
927 5454 1499 5527 contingitaliqnmdo
1519 5467 1577 5514 ut
1625 5460 1763 5516 idem
1811 5464 1882 5518 sit
1932 5473 1987 5521 et
2031 5481 2096 5522 es
2124 5464 2357 5522 dicentis

781 5544 1033 5611 Opinione
1051 5561 1256 5613 verum,
1275 5556 1328 5603 et
1343 5564 1407 5605 ex
1433 5550 1599 5620 ipsius
1620 5553 1693 5607 rei
1710 5554 1969 5623 qualitate
1989 5556 2353 5614 mendacium.

779 5632 1053 5690 Conﬁteor
1081 5638 1132 5690 in
1161 5638 1376 5696 domino
1405 5656 1524 5698 meo
1544 5644 1686 5714 quod
1715 5659 1858 5716 stepe
1887 5657 2134 5702 versatur
2164 5648 2216 5703 in
2245 5649 2358 5704 ani-

779 5739 869 5795 mo
895 5739 1035 5793 meo,
1059 5729 1312 5800 quoniam
1341 5734 1586 5809 quisquis
1633 5750 1722 5796 me
1761 5737 1814 5794 in
1845 5751 1908 5794 os
1937 5753 2116 5797 meum
2146 5737 2352 5814 laudat,

2462 5013 2568 5069 boc
2589 5023 2768 5070 vestra
2809 5013 3097 5084 prudentia
3127 5013 3396 5080 crederet,
3422 5015 3519 5071 sed
3540 5013 3612 5072 ob
3633 5015 3777 5074 hanc
3800 5014 4058 5075 fortassis

2461 5103 2807 5172 industriam,
2837 5113 2899 5161 ut
2935 5118 3023 5160 me
3050 5105 3119 5161 ad
3161 5105 3498 5177 procinctum
3530 5107 3704 5163 sancti
3733 5108 4058 5165 certaminis

2460 5199 2641 5254 acrius
2666 5199 2962 5270 instigaret,
2990 5213 3097 5270 qua
3141 5198 3488 5266 confidentia,
3515 5198 3603 5256 vel
3652 5199 3712 5258 in
3759 5200 3866 5257 hoc
3895 5202 4058 5261 valeo

2459 5288 2856 5358 quantumlibet
2876 5289 3167 5356 assentire,
3186 5290 3313 5346 dum
3339 5304 3439 5361 pro
3465 5289 3659 5361 quovis
3677 5290 3855 5348 otioso
3882 5294 4057 5352 verbo

2461 5379 2602 5436 ratio
2634 5380 2876 5438 redditur
2902 5397 2918 5435 :
2941 5379 3070 5436 dum
3095 5379 3212 5437 sola
3245 5379 3379 5436 fatui
3413 5381 3760 5454 compellatio
3788 5383 4058 5455 gehenna:

2461 5471 2782 5542 supplicium
2802 5474 3186 5539 comminatur,
3206 5473 3335 5529 dum
3371 5473 3566 5531 divina
3593 5474 3728 5548 legis
3755 5493 3865 5533 non
3891 5493 4052 5549 apes,

2462 5577 2567 5616 nou
2582 5563 2686 5617 iota
2703 5563 3146 5634 prmtemat‘,dum
3166 5563 3888 5636 solaconcupiscentitevisio
3918 5583 4056 5627 nia-

2461 5654 2599 5710 chize
2627 5655 2834 5712 crimen
2863 5655 3124 5712 incurrit?
3144 5653 3270 5712 Haec
3292 5655 3696 5726 ethujusmodi,
3723 5660 4054 5717 venerabilis

2465 5755 2637 5819 pater.
2652 5749 2898 5817 quisquis
2925 5749 3084 5826 digna
3102 5747 3540 5808 considerat-ioue
3561 5753 3872 5827 perpendit,
3887 5768 3953 5811 es
3967 5753 4052 5812 di-
