4260 6366
356 361 450 427 513
1449 345 1656 408 LIBER
1696 336 2054 419 QUARTUS,
2079 343 2301 404 EPIST.
2335 337 2432 406 IX.

3549 337 3666 403 δη

354 476 462 537 vina
483 470 701 550 quidem
721 478 901 545 potest
921 466 1270 560 miseratione
1282 482 1633 543 praesumere,
1648 465 1744 524 sed
1761 462 1947 521 nescio
1971 461 2024 525 Δ
2051 461 2133 518 eis
2162 461 2246 519 vis
2272 459 2507 521 infertur
2537 459 2773 534 injurias,
2808 460 2877 517 ad
2908 459 3199 518 indicenda
3235 459 3488 533 protinus
3521 459 3664 518 bella

355 582 517 628 utrum
526 565 770 623 valeatin
781 564 1174 638 quantumlibet
1186 558 1603 620 exuberantiam
1619 558 1942 616 meritorum

353 673 554 720 suorum
569 657 866 715 securitate
876 655 1131 721 dormire,
1145 653 1449 728 praeertim
1462 667 1588 709 cum
1602 648 1838 707 mundus
1849 662 1946 705 un-

356 751 500 821 dique
512 744 974 817 fremat,undique
992 743 1136 800 velut
1155 744 1452 801 maximum
1467 742 1692 815 pelagus
1705 740 1946 798 intuo-

352 836 614 896 scentibus
633 835 887 908 procellis
905 833 1212 904 seattollat,
1239 844 1528 906 tantasque
1540 833 1699 892 nobis
1717 833 1944 906 quibus-

354 941 550 998 cunque
562 925 874 998 raptoribus
885 925 1163 984 molestias
1189 926 1424 999 ingerat,
1437 934 1498 983 ut
1515 925 1749 983 terrenis
1762 924 1944 997 potius

352 1032 444 1075 nos
470 1017 735 1074 inservire
755 1016 984 1088 negotiis
1003 1032 1170 1089 quam
1195 1017 1474 1088 obsequiis
1494 1031 1694 1074 vacare
1717 1016 1940 1085 divinis,

355 1109 433 1166 vel
455 1107 518 1164 ad
538 1108 794 1180 puritatis
821 1109 1064 1181 aspirare
1089 1108 1416 1166 munditiam
1439 1109 1765 1184 plerumque
1785 1125 1940 1166 eom-

348 1200 524 1274 pellat.
549 1200 816 1274 Malignus
833 1201 994 1274 plane
1017 1203 1246 1275 spiritus
1277 1203 1576 1261 humanum
1604 1219 1775 1276 genus
1795 1219 1940 1260 nunc

347 1294 500 1352 solito
519 1295 902 1353 vehementius
927 1310 1028 1368 per
1053 1297 1240 1353 omnia
1266 1296 1523 1354 vitiorum
1550 1295 1781 1368 abrupta
1807 1312 1939 1369 pne

347 1387 544 1459 cipitat,
575 1385 939 1443 truculentius
976 1395 1156 1445 tamen
1196 1386 1473 1455 odiorum,
1507 1403 1572 1444 ac
1595 1387 1940 1445 simultatum

343 1492 525 1534 omnes
565 1476 742 1535 livore
789 1477 1094 1549 perturbat.
1153 1477 1258 1535 Tot
1309 1481 1461 1536 enim
1504 1478 1750 1551 quotidie
1798 1477 1940 1536 bella

346 1567 657 1633 deamviunt,
686 1576 914 1625 armata:
941 1568 1088 1626 acies
1115 1577 1407 1641 proruunt,
1443 1567 1672 1628 hostiles
1705 1568 1942 1643 impetus

345 1661 719 1718 inhorrescunt
763 1667 826 1717 ut
857 1661 938 1717 de‘
964 1660 1299 1720 militaribus
1324 1662 1544 1734 quidem
1586 1661 1720 1719 viris
1752 1655 1940 1734 plures

343 1753 544 1827 gladius
596 1752 852 1811 videatur
911 1755 1245 1823 absumere,
1300 1769 1466 1827 quam
1523 1754 1576 1811 in
1635 1752 1939 1827 grabatulis

341 1848 678 1920 quiescentes
745 1862 1023 1920 corporea:
1067 1849 1399 1932 conditionis
1443 1849 1710 1922 aegritudo
1753 1848 1936 1916 ﬁnire,
1967 1827 2020 1893 ³

341 1952 396 1996 nt
434 1939 826 2014 prapemodum
855 1942 1024 2000 maris
1064 1957 1218 2001 more
1267 1951 1492 2017 geratur
1532 1943 1625 2001 hic
1674 1942 1938 2001 mundus.

338 2032 484 2088 Sicut
522 2033 668 2090 enim
699 2048 822 2090 cum
850 2043 1138 2092 ventorum
1183 2043 1484 2107 tempestas
1517 2035 1792 2104 oboritur,
1825 2035 1940 2094 cri-

339 2131 522 2195 spante
551 2123 742 2181 mitius
773 2123 988 2198 pelago,
1027 2127 1082 2182 in
1129 2125 1331 2183 vicinia
1380 2126 1582 2184 littoris
1623 2133 1795 2185 estus
1823 2125 1941 2185 fer-

335 2217 540 2271 ventior
587 2217 898 2286 excitatur;
965 2217 1128 2293 ιιε.
1179 2220 1252 2276 ita
1287 2235 1434 2278 nunc
1482 2221 1538 2277 in
1589 2220 1700 2280 fine
1752 2221 1942 2280 mundi

335 2306 475 2362 velut
503 2307 689 2366 vicino
716 2309 887 2366 maris
913 2309 1123 2378 littore,
1149 2311 1458 2370 furentibus
1488 2312 1702 2370 dissidii
1729 2313 1943 2372 discor-

335 2397 541 2471 djchne
572 2398 851 2473 procellis,
893 2409 1090 2459 cuncta
1123 2402 1408 2460 hominum
1443 2404 1610 2462 corda
1645 2418 1940 2474 vexantur,

334 2500 385 2546 et
419 2501 679 2564 tanquam
723 2494 997 2566 spumosis
1033 2492 1288 2553 ﬂuctibus
1325 2495 1632 2554 illiduntur.
1662 2495 1944 2556 Instabilis

333 2583 472 2639 enim
510 2584 789 2643 homicida
813 2588 996 2644 omnia
1023 2596 1334 2656 scrutatur,
1361 2590 1546 2647 omnia
1573 2589 1762 2648 mundi
1790 2591 1943 2649 velut

335 2674 490 2731 unius
535 2677 657 2749 agri
689 2677 808 2736 loca
835 2680 1153 2751 perlustrat,
1205 2697 1274 2739 ne
1321 2682 1453 2755 quid
1503 2683 1858 2742 infecundum
1909 2700 1944 2742 a

334 2768 476 2828 lividi
500 2771 712 2831 fomitis
739 2774 950 2834 satione
991 2785 1306 2848 praetereat.
1339 2776 1480 2835 llinc
1526 2786 1632 2848 est,
1681 2779 1829 2850 quod
1873 2780 1943 2838 ad

333 2862 686 2923 ecclesiastici
719 2874 895 2924 status
919 2868 1231 2927 universale
1257 2869 1558 2942 periculum
1595 2870 1664 2929 ab
1704 2872 1941 2930 invicem

332 2957 696 3013 sacerdotium
731 2957 1130 3030 imperiumque
1177 2959 1453 3030 resiliunt,
1507 2971 1674 3032 atque
1725 2963 1795 3018 ad
1844 2961 1944 3021 Del

333 3045 722 3120 omnipotentis
747 3047 1002 3119 iniuriam
1033 3065 1180 3108 nunc
1203 3066 1329 3109 cum
1353 3067 1496 3110 unus
1523 3068 1664 3126 papa
1672 3055 1690 3123 ξ
1711 3054 1767 3110 in
1814 3069 1944 3128 apo-

332 3136 519 3196 stolico
547 3141 626 3196 sit
654 3139 792 3200 solio
816 3143 1172 3211 constitutus,
1202 3143 1343 3202 alter
1363 3160 1395 3202 a
1433 3145 1636 3203 finibus
1665 3147 1943 3220 aquilonis

334 3229 638 3288 destinatur
673 3233 880 3292 electus
910 3234 1046 3309 (ss).
1088 3202 1197 3294 sed
1222 3234 1314 3292 ille
1341 3251 1494 3310 papa
1524 3202 1942 3310 abusiv‘umpa;
1967 3202 2018 3269 ο

334 3335 451 3392 pain
480 3324 867 3394 proculdubio
907 3327 1247 3398 superaddit,
1293 3327 1388 3398 qui
1435 3327 1649 3401 primus
1687 3327 1945 3400 omnipo-

331 3413 493 3468 tentis
544 3414 648 3472 Dei
694 3415 1023 3476 vocabulum
1072 3416 1268 3489 plurali
1321 3433 1552 3476 numero
1604 3417 1940 3478 declinavit:

336 3516 356 3552 σ
393 3501 588 3573 Eritis,
613 3504 884 3578 inquiens,
915 3508 1058 3564 sicut
1080 3509 1178 3577 dii,
1223 3509 1462 3568 scientes
1489 3509 1696 3568 bonum
1726 3520 1785 3569 et
1823 3527 1945 3570 ma-

330 3589 434 3647 lum
452 3593 612 3664 (Cen.
637 3596 744 3668 ιιι).
767 3615 785 3651 s
808 3596 985 3670 Super
1007 3613 1116 3672 quo
1143 3600 1402 3657 nimirum
1429 3601 1613 3673 potius
1639 3600 1774 3661 flere
1792 3616 1944 3660 eom-

329 3682 598 3752 pellinsur,
634 3702 798 3760 quam
840 3691 1110 3763 prolixius
1137 3693 1271 3765 quid
1308 3693 1556 3752 scribere
1579 3694 1940 3756 delectemur.

332 3774 503 3844 Unde,
547 3795 678 3837 cum
710 3791 838 3838 ante
883 3784 1094 3856 aliquot
1139 3786 1258 3844 dies
1309 3786 1548 3859 hymnos
1595 3788 1943 3862 rhythmicos

329 3863 505 3927 flendo
524 3871 907 3946 depromerem
934 3895 951 3933 :

617 3964 764 4024 lien!
807 3969 966 4026 sedes
995 3971 1317 4044 apostolica,

690 4055 852 4114 Orbis
884 4059 1019 4117 olim
1041 4062 1237 4133 gloria,

693 4144 866 4214 Nunc,
897 4150 1035 4221 proh
1057 4151 1240 4210 dolor!
1280 4151 1515 4213 emceris

685 4235 912 4297 Ollicina
945 4239 1205 4302 Simonis.

616 4328 825 4389 Terunt
844 4332 1096 4394 incudem
1126 4335 1331 4406 mallei,

694 4420 911 4481 Nummi
942 4435 1068 4484 sunt
1095 4431 1343 4488 tartarei.

690 4513 847 4573 Iusto
883 4517 980 4574 Dei
1007 4518 1218 4592 judicio

686 4607 774 4665 Fit
806 4609 911 4667 ista
941 4613 1210 4680 conditio,
1341 4664 1344 4666 η

615 4697 688 4758 Ut
708 4701 957 4775 quisquis
981 4705 1338 4776 apostolicam

729 4797 885 4854 edem
919 4799 1088 4856 semel
1126 4813 1431 4874 comparat,

690 4888 980 4948 Redimere
1010 4907 1118 4951 non
1149 4893 1390 4963 desinat,

688 4981 871 5040 Donec
897 4984 1041 5045 male
1075 4997 1283 5059 pereat.

324 5069 420 5130 llis
451 5074 646 5143 dictis,
674 5093 788 5150 pra:
810 5078 998 5137 dolore
1029 5080 1287 5138 contabui
1313 5091 1372 5140 et
1394 5083 1597 5143 addere
1621 5088 1935 5158 supersedi.

391 5165 501 5224 Sed
535 5184 668 5225 cum
701 5170 846 5226 inter
863 5181 1059 5229 cetera
1081 5173 1245 5242 mala,
1278 5190 1402 5246 quae
1437 5177 1646 5234 nostris
1677 5180 1941 5250 tempori-

323 5255 420 5312 bus
455 5270 777 5332 emergunt,
809 5262 954 5334 ipsas
990 5279 1210 5336 quoque
1246 5264 1524 5324 Ecclesias
1560 5268 1789 5326 violenti
1836 5270 1938 5327 ho-

324 5349 497 5407 mines
554 5353 860 5411 insolenter
919 5357 1232 5429 opprimant
1293 5373 1361 5416 ac
1418 5359 1628 5432 pradia
1684 5360 1940 5434 (Consule

325 5437 544 5496 Scholia
579 5445 657 5500 ad
687 5445 882 5502 calceus
903 5447 1191 5521 opusculi),
1224 5449 1311 5506 vel
1332 5450 1592 5524 quaelibet
1619 5453 1763 5509 bona
1790 5455 1934 5512 sacri

318 5529 453 5598 juris
478 5535 766 5605 invadant,
793 5539 1083 5596 nonnullos
1111 5551 1314 5608 movet,
1345 5553 1530 5600 utrum
1562 5544 1935 5604 Ecclesiaruni

325 5638 569 5686 rcczores
599 5642 856 5702 expetere
887 5633 1181 5691 vindictam
1208 5636 1466 5706 debeant,
1497 5648 1558 5696 ut
1583 5638 1740 5697 malis
1771 5641 1936 5709 mala,

326 5737 473 5778 mare
504 5723 883 5794 smeulariuin,
923 5729 1178 5786 reddant.
1210 5729 1350 5790 Nam
1392 5733 1642 5810 plerique
1677 5749 1824 5807 mox,
1855 5729 1940 5794 ’ut

395 5832 518 5910 (88)
552 5833 860 5910 ςεάοιουω
882 5839 1180 5916 intellligit.

2043 554 2357 626 prosiliunt,
2389 562 2733 612 armatorum
2769 569 2973 612 cuneos
3012 554 3314 622 instruunt,
3349 554 3539 626 sicque
3566 554 3666 611 bo-

2043 656 2158 706 stes
2189 663 2320 706 suos
2350 647 2535 705 acrius
2555 646 2720 715 forte,
2751 662 2916 721 quam
2954 647 3072 705 laesi
3107 646 3347 717 fuerant,
3386 647 3665 706 ulciscun-

2047 747 2155 794 tur.
2184 737 2340 808 Quod
2363 738 2498 796 mihi
2527 737 2692 811 plane
2715 739 2851 796 satis
2879 737 3102 796 videtur
3129 737 3451 806 absurdum,
3475 749 3536 796 ut
3560 738 3664 812 ipsi

2045 831 2262 890 Domini
2303 833 2621 891 sacerdotes
2651 842 2929 891 attentent
2953 833 3100 906 quod
3143 835 3319 897 turbis
3346 834 3664 909 vulgaribus

1994 959 1997 961 -
2041 922 2387 996 prohibetur,
2404 933 2462 980 et
2478 923 2626 994 quod
2648 924 2834 982 verbis
2860 925 3206 998 impugnant,
3232 926 3492 998 operibus
3512 941 3658 984 asse.

2043 1026 2189 1075 rant.
2237 1017 2380 1088 Quid
2419 1017 2568 1076 enim
2618 1019 2796 1092 magis
2824 1019 3154 1076 Christianae
3177 1019 3280 1092 legi
3307 1019 3525 1078 videtur
3542 1035 3666 1078 esse

2044 1107 2383 1166 contrarium
2409 1123 2578 1181 quam
2607 1109 2906 1166 redhibitio
2942 1109 3270 1166 laesionum?
3299 1107 3424 1175 Ubi;
3453 1123 3666 1180 qus-so,

2043 1211 2171 1257 sunt
2196 1209 2277 1257 tot
2302 1201 2582 1274 praeconia
2607 1201 3062 1274 Scripturame
3084 1200 3190 1260 Uhi
3222 1201 3370 1274 quod
3401 1201 3667 1260 Dominus

2042 1291 2220 1360 dicit:
2257 1310 2277 1346 ι
2327 1289 2386 1349 Si
2414 1291 2542 1363 quis
2570 1291 2668 1348 tibi
2695 1291 2843 1365 quod
2880 1299 3036 1348 tuum
3065 1299 3153 1349 est
3178 1290 3366 1348 tulerit
3390 1306 3461 1348 ne
3507 1305 3670 1362 repe-

2045 1393 2130 1441 tas
2159 1381 2314 1456 (Luc.
2345 1384 2445 1459 vi).
2487 1403 2507 1439 ι
2543 1384 2602 1442 Si
2629 1385 2780 1442 enim
2816 1385 2978 1443 nobis
3005 1399 3114 1442 non
3144 1383 3277 1443 licet
3302 1383 3494 1442 eadem
3523 1383 3665 1456 ipsa,

2041 1493 2165 1551 qua:
2195 1477 2354 1535 nobis
2383 1476 2569 1534 ablata
2599 1486 2750 1548 sunt,
2804 1485 3091 1552 repetere;
3144 1476 3421 1549 quomodo
3448 1491 3549 1550 pro
3577 1475 3667 1534 liis

2042 1569 2169 1628 licet
2232 1569 2450 1629 ultoritc
2504 1569 2892 1628 retributionis
2921 1568 3122 1626 vulnus
3167 1568 3411 1627 inferre?
3455 1567 3557 1626 Ubi
3607 1574 3668 1625 et

2043 1661 2176 1720 illud
2214 1679 2228 1718 :
2285 1681 2304 1716 ι
2343 1660 2402 1718 Si
2431 1661 2770 1735 percusserit
2798 1661 2895 1720 tibi
2933 1659 3234 1728 maxillam,
3287 1660 3471 1734 prmhe
3518 1659 3569 1718 ei
3611 1666 3670 1717 et

2045 1753 2276 1812 alteram
2302 1771 2318 1810 :
2361 1751 2422 1811 Si
2463 1753 2836 1827 angariaverit
2866 1761 2918 1809 te
2937 1752 3088 1808 mille
3115 1744 3332 1825 pass'us,
3361 1751 3500 1809 vado
3539 1765 3666 1808 cum

2044 1861 2113 1904 eo
2140 1846 2249 1904 duo
2273 1843 2378 1902 alia
2403 1845 2611 1902 millia:
2645 1842 2706 1903 Si
2736 1844 2925 1902 tulerit
2969 1844 3069 1902 tibi
3097 1844 3361 1913 tunicam,
3406 1845 3474 1901 da
3528 1843 3578 1900 ei
3609 1850 3670 1900 et

2042 1941 2269 2014 pallium
2299 1939 2522 2014 (Hattli.
2558 1939 2637 2012 v).
2679 1958 2699 1995 ι
2735 1939 2809 1995 At
2834 1937 3071 1995 fortasse
3099 1936 3226 2009 quis
3263 1935 3454 2010 objicit
3490 1935 3670 1992 turbis

2043 2032 2404 2092 s:ecularibus
2447 2033 2567 2090 haec
2613 2045 2735 2089 esse
2780 2029 3060 2098 mandata,
3099 2045 3208 2086 non
3262 2027 3666 2095 sacerdotibus,

2043 2129 2307 2186 nimirum
2355 2135 2416 2184 ut
2465 2124 2837 2184 Eeelesiarum
2879 2123 3144 2197 przcsnles
3196 2122 3314 2180 haec
3361 2121 3669 2194 przcdieare

2044 2219 2301 2286 debeant,
2333 2235 2441 2276 non
2489 2232 2735 2274 servare.
2780 2215 2888 2273 Sed
2929 2215 3055 2288 quis
3102 2215 3209 2271 hoc
3248 2212 3334 2268 vel
3387 2212 3669 2284 desipiens

2043 2314 2269 2381 sentiat,
2295 2328 2419 2369 cum
2445 2311 2714 2368 Dominus
2741 2310 2928 2366 dicat:
2963 2329 2982 2363 s
3015 2307 3120 2378 Qui
3149 2307 3374 2366 solverit
3405 2323 3570 2363 unum
3601 2306 3670 2365 de

2041 2407 2320 2466 mandatis
2345 2408 2467 2464 istis
2496 2406 2758 2474 minimis,
2801 2403 2962 2477 115
3001 2412 3058 2462 et
3084 2403 3334 2461 docuerit
3359 2403 3440 2459 sic
3493 2400 3669 2458 homi-

2044 2515 2164 2566 nes,
2197 2499 2460 2556 minimus
2487 2497 2778 2556 vocabitur
2803 2498 2858 2554 in
2891 2512 3060 2569 regno
3101 2495 3392 2552 cmlorum.
3431 2492 3534 2562 Qui
3571 2507 3672 2550 aue

2046 2601 2156 2649 tem
2187 2590 2405 2658 fecerit,
2427 2599 2487 2647 et
2517 2590 2788 2657 docuerit,
2810 2605 3044 2661 magnus
3070 2587 3362 2646 vocabitur
3386 2585 3434 2658 (1
3443 2583 3600 2658 ωτι).
3641 2603 3664 2640 s

2047 2685 2318 2744 Sacerdos
2351 2687 2559 2760 itaque,
2613 2685 2706 2756 qui
2756 2685 2811 2741 in
2859 2699 3032 2756 regno
3078 2682 3344 2740 caelorum
3394 2679 3510 2738 vult
3543 2694 3670 2738 esse

2046 2794 2298 2854 magnus,
2346 2778 2422 2836 sit
2469 2778 2522 2834 in
2569 2775 2771 2852 popqu
2821 2775 3081 2848 praevius,
3127 2784 3190 2832 ut
3243 2773 3389 2845 quod
3426 2784 3561 2830 voce
3607 2786 3671 2830 se

2046 2871 2406 2945 sementibus
2445 2871 2638 2936 dictat,
2668 2869 2885 2942 primus
2923 2867 3040 2940 ipse
3078 2866 3221 2923 vivis
3261 2865 3520 2937 operibus
3563 2863 3670 2920 im-

2045 2962 2215 3036 pleat.
2249 2962 2425 3030 Unde,
2461 2971 2523 3018 ut
2555 2962 2736 3018 omnis
2764 2960 2921 3033 pravi
2959 2957 3276 3016 intellectus
3307 2955 3528 3013 occasio
3562 2953 3667 3011 tol-

2046 3055 2211 3121 latur,
2243 3054 2458 3126 primus
2482 3053 2574 3110 ille
2603 3054 2750 3110 inter
2779 3051 3036 3108 Ecclesiae
3063 3049 3383 3107 sacerdotes
3414 3063 3524 3104 non
3549 3046 3665 3104 ait:

2047 3147 2299 3216 Domine,
2327 3145 2548 3219 quoties
2571 3143 2886 3217 peccaverit
2913 3141 3085 3200 frater
3122 3141 3178 3199 in
3201 3139 3457 3208 fratrem,
3497 3147 3556 3196 et
3578 3138 3670 3196 di-

2048 3238 2232 3296 mittet
2255 3237 2349 3295 ei?
2375 3239 2472 3294 sed
2496 3237 2743 3294 omnium
2765 3233 2949 3308 potius
2975 3233 3324 3291 sacerdotum
3359 3245 3586 3289 causam
3612 3229 3672 3288 in

2045 3346 2155 3388 una
2183 3330 2269 3389 sui
2295 3344 2536 3402 persona
2558 3328 2921 3395 constituens,
2957 3346 2976 3381 ε
3012 3325 3264 3393 Domine,
3299 3325 3500 3396 inquit,
3529 3337 3672 3396 quo-

2046 3423 2154 3482 ties
2177 3422 2491 3497 peccaverit
2519 3422 2575 3478 in
2616 3435 2706 3479 me
2742 3420 2914 3478 frater
2953 3433 3133 3488 meus,
3177 3429 3235 3478 et
3278 3418 3554 3476 dimittam
3583 3416 3674 3475 ei?

2045 3532 2221 3590 usque
2247 3515 2498 3588 septies?
2527 3512 2750 3587 (lculi.
2770 3512 2955 3585 xviii).
2983 3531 3004 3566 s
3035 3511 3285 3585 Cumque
3312 3511 3416 3569 sibi
3440 3525 3673 3584 respon-

2045 3608 2272 3667 deretur
2321 3625 2341 3661 ι
2381 3621 2555 3679 usque
2595 3604 2909 3680 septuagies
2956 3603 3160 3675 septies
3190 3601 3385 3676 (Ibid.)
3427 3619 3448 3658 ι
3493 3598 3680 3658 indul-

2045 3700 2307 3775 gendum,
2332 3699 2544 3756 nullum
2562 3698 2678 3771 jam
2699 3697 2768 3754 de
2790 3695 3066 3753 servndo
3089 3709 3122 3751 a
3144 3694 3527 3752 sacerdotibus
3554 3692 3675 3750 uni-

2043 3790 2245 3849 vei-sali
2283 3789 2545 3848 mandato
2575 3789 2830 3846 relictum
2873 3786 3090 3844 videtur
3123 3784 3465 3858 ambiguum.
3518 3781 3673 3841 Luca

2045 3885 2213 3942 etiam
2239 3881 2576 3956 evangelista
2626 3888 2864 3938 testante
2913 3879 3178 3938 docemur
3227 3877 3391 3950 quia,
3438 3875 3673 3935 Domino

2043 3976 2351 4036 Jerusalem
2379 3983 2733 4050 properante,
2774 3972 3032 4047 discipuli
3081 3972 3462 4047 prmcedentes
3501 3970 3675 4027 intra-

2045 4077 2243 4127 verunt
2263 4067 2458 4124 urbem
2491 4064 2992 4129 Samaritanorum,
3021 4075 3086 4120 ut
3111 4062 3190 4119 illi
3223 4068 3484 4136 pararent
3515 4059 3672 4134 (Luc.

2044 4161 2148 4232 ix).
2174 4159 2422 4232 Cumque
2441 4157 2564 4216 illos
2597 4155 2934 4214 Samaritani
2963 4154 3278 4212 nullatenus
3309 4154 3671 4226 recepissent,

2043 4251 2307 4310 commoti
2342 4248 2586 4308 Iacobus
2617 4258 2674 4306 et
2711 4246 2976 4314 Joannes,
3015 4246 3358 4303 humanitate
3403 4244 3670 4312 dictante,

2043 4341 2304 4399 dixerunt
2333 4359 2346 4396 :
2378 4357 2398 4393 ι
2443 4338 2700 4406 Domine,
2731 4339 2817 4396 vis
2843 4337 3082 4396 dicimus
3111 4345 3172 4394 ut
3208 4336 3352 4409 ignis
3373 4333 3674 4392 descendat

2043 4436 2112 4494 de
2145 4434 2287 4494 caelo
2309 4443 2368 4492 et
2392 4442 2687 4492 consumat
2715 4431 2859 4498 illos,
2883 4432 3030 4490 sicut
3053 4429 3204 4507 Elias
3225 4429 3392 4486 fecit?
3413 4449 3430 4482 ι
3463 4426 3662 4502 (Ibat)

2046 4526 2168 4584 Mox
2182 4525 2807 4598 convcrsusincrepavit
2826 4522 3177 4592 illos,dicens
3199 4539 3214 4578 :
3235 4542 3254 4575 ι
3268 4519 3674 4593 Nescitiscujus

2045 4622 2272 4695 spiritus
2292 4621 2430 4679 estis
2458 4639 2472 4678 :
2505 4619 2681 4678 Filius
2711 4619 2951 4676 hominis
2979 4634 3089 4676 non
3118 4617 3271 4675 venit
3298 4617 3513 4672 animas
3540 4628 3672 4687 per-

2046 4714 2199 4780 dere,
2230 4714 2326 4771 sed
2364 4713 2600 4770 salvarc.
2640 4731 2661 4766 ι
2703 4709 2809 4770 Ubi
2840 4725 2971 4768 mox
3012 4709 3270 4769 subditur
3304 4727 3318 4765 :
3372 4726 3396 4763 s
3427 4707 3498 4765 Et
3521 4706 3674 4767 abie-

2045 4815 2178 4862 runt
2207 4805 2260 4862 in
2305 4803 2454 4860 aliud
2482 4801 2777 4861 castellum
2806 4800 3036 4876 (Ibid);
3077 4821 3098 4856 s
3134 4815 3201 4858 ac
3230 4802 3276 4858 si
3318 4814 3427 4858 non
3459 4797 3673 4874 lingua,

2045 4899 2142 4955 sed
2171 4912 2337 4970 opere
2383 4895 2748 4969 loqueretur:
2809 4873 3154 4954 date'liocum
3199 4893 3318 4960 ine,
3371 4891 3458 4949 vel
3489 4873 3674 4965 potius

2044 4991 2193 5064 quod
2233 4991 2349 5063 ipse
2377 4990 2550 5049 dicit:
2613 5009 2634 5047 ι
2677 4987 2736 5046 Si
2766 5003 2866 5048 vos
2914 4989 3198 5062 persecuti
3231 4987 3438 5045 fuerint
3476 4988 3530 5044 in
3565 5001 3674 5044 una

2045 5084 2293 5150 civitate,
2329 5082 2500 5156 fugite
2527 5082 2581 5138 in
2611 5081 2777 5139 aliam
2809 5081 3033 5156 (Matth.
3062 5081 3146 5155 x).
3182 5100 3202 5136 ο

2119 5172 2244 5230 Vita
2269 5174 2450 5246 plane,
2487 5189 2654 5245 quam
2685 5172 2941 5230 Salvator
2968 5183 3161 5232 noster
3186 5174 3362 5248 gessit
3388 5173 3444 5232 in
3477 5189 3670 5242 carne,

2046 5281 2154 5323 non
2185 5265 2367 5322 minus
2387 5279 2554 5338 quam
2583 5264 2903 5338 pradicatio
2925 5265 3266 5338 evangelica,
3310 5266 3474 5323 nobis
3501 5274 3588 5324 est
3615 5271 3672 5322 et

2045 5359 2326 5430 proposita
2358 5358 2609 5416 tenenda:
2651 5357 2796 5416 linea
2821 5357 3149 5428 disciplinae.
3183 5360 3341 5416 Sicut
3370 5374 3506 5434 ergo
3553 5361 3670 5432 ipso

2044 5459 2240 5508 cuncta
2288 5451 2477 5508 mundi
2526 5450 2760 5508 furentis
2802 5449 3110 5520 obstacula,
3138 5465 3245 5506 non
3289 5466 3393 5523 per
3424 5449 3669 5508 districti

2043 5545 2316 5601 examinis
2357 5543 2641 5610 ultionem,
2676 5542 2773 5600 sed
2805 5559 2902 5616 per
2955 5542 3218 5600 invictam
3262 5541 3542 5616 superavit
3581 5541 3669 5597 in-

2047 5651 2330 5694 concussa:
2380 5636 2662 5710 patientia:
2695 5636 3062 5709 maiestatem,
3120 5636 3196 5692 ita
3258 5635 3420 5692 docet
3470 5633 3666 5693 uiundl

2047 5729 2258 5786 rabiem
2303 5729 2488 5804 potius
2537 5728 2923 5802 aequanimiter
2975 5725 3124 5786 ferre
3169 5741 3334 5804 quam
3372 5725 3458 5784 vel
3505 5740 3674 5786 arma
