4260 6370
620 354 726 412 315

1145 349 1203 404 8.
1241 348 1445 405 PETRI
1485 347 1768 404 DAMIANI
1803 346 1952 404 OPP.
1988 346 2163 403 PARS
2203 346 2331 403 SEU
2362 345 2596 403 TOMUS
2623 346 2661 400 I.
2701 377 2770 387 —
2809 345 3025 402 EPIST.
3071 343 3198 399 LIB.
3230 341 3364 400 VIII.

3769 337 3873 394 516

622 457 1224 537 corripere,vellaedenti
1249 457 1556 512 laesionibus
1583 457 1935 527 respondere;
1965 472 2191 526 prmser-
2221 463 2266 520 Α
2297 457 2540 529 (Consule
2577 458 2832 529 Scholia.)
2865 460 2919 513 Si
2949 474 3075 528 ergo
3113 475 3211 541 pro
3254 458 3376 523 fide,
3416 473 3520 526 qua
3553 455 3875 512 universalis

624 557 716 610 tim
733 569 849 607 cum
867 553 1006 604 inter
1023 565 1243 618 regnum
1259 561 1314 603 et
1329 549 1688 603 sacerdotium
1707 549 1915 618 propria
1933 547 2190 616 cujusque

621 635 1016 713 distinguantur
1041 639 1238 704 cilicia,
1263 649 1319 693 ut
1341 653 1498 694 etrex
1524 641 1690 694 armis
1717 649 1896 694 utatur
1923 639 2121 703 swculi,
2139 651 2194 694 et

617 735 870 792 sacerdos
885 735 1200 803 accingatur
1214 732 1388 802 gladio
1403 733 1643 802 spiritus,
1659 734 1746 801 qui
1766 742 1848 787 est
1861 733 2079 787 verbum
2101 734 2190 786 Dei

620 827 833 899 (Ephes.
865 828 964 897 vr).
1001 827 1073 880 De
1101 827 1282 881 saaculi
1319 841 1506 895 nempe
1531 825 1771 894 principe
1797 825 1992 878 Paulus
2021 825 2151 879 dicit
2176 840 2189 878 :

623 937 641 970 ς
677 918 786 972 Νοη
829 919 944 972 sine
970 933 1128 971 causa
1154 916 1384 986 gladium
1426 925 1624 985 portat.
1655 915 1748 970 Dei
1777 916 1917 969 enim
1949 916 2195 970 minister

616 1019 715 1069 est.
760 1011 952 1063 vimlex
986 1011 1036 1062 in
1066 1009 1198 1061 iram
1225 1007 1272 1060 ei
1304 999 1392 1076 qui
1425 1005 1621 1063 malum
1646 1007 1753 1076 agit
1786 1004 1955 1070 (Rom.
1987 1006 2127 1076 xm).
2169 1025 2186 1056 ›

617 1099 842 1155 Azarias
867 1116 956 1154 rex
977 1142 990 1165 ,
1019 1101 1142 1167 quia
1167 1098 1500 1152 sacerdotale
1528 1107 1752 1167 usurpat
1771 1096 2023 1162 omcium,
2042 1098 2192 1168 lepra

616 1191 957 1266 perfunditur
984 1189 1066 1260 (11
1094 1189 1330 1259 Paralip.
1361 1190 1546 1259 xxvr);
1575 1201 1629 1245 et
1671 1192 1714 1246 si
1763 1192 2014 1245 sacerdos
2042 1207 2190 1244 arma

617 1283 857 1352 corripit,
889 1282 1028 1352 quod
1069 1283 1254 1350 utique
1301 1281 1559 1335 laicnrum
1598 1292 1703 1344 est,
1753 1283 1878 1349 quid
1924 1283 2193 1336 meretur?

616 1372 750 1427 Nam
794 1382 848 1427 et
902 1373 1068 1426 David
1106 1373 1306 1426 idcirco
1351 1381 1474 1425 ante
1505 1370 1849 1442 Evangelium
1889 1372 2192 1441 evangelice

615 1464 815 1520 vixisse
841 1463 1100 1525 creditur,
1123 1463 1247 1532 quia
1281 1479 1384 1517 non
1414 1462 1570 1516 modo
1611 1460 1786 1518 St-mei
1825 1473 1873 1518 et
1915 1464 2060 1527 Saul,
2099 1465 2190 1519 sed

617 1568 673 1610 et
715 1557 960 1625 plurimis
992 1556 1277 1610 indulsisse
1321 1556 1432 1609 suis
1476 1555 1719 1610 hostibus
1772 1556 2058 1610 invenitur.
2116 1555 2190 1609 De

617 1661 746 1714 quo,
777 1655 829 1698 et
855 1646 1066 1699 caeteris
1094 1645 1294 1698 sanctis
1323 1643 1570 1698 Patribus
1602 1644 1850 1698 nonnulla
1886 1645 1969 1698 hic
2005 1659 2189 1698 exem-

617 1734 702 1804 pla
747 1735 1191 1804 perstringerem,
1223 1735 1321 1788 nisi
1353 1734 1505 1789 vobis
1557 1735 2045 1804 incomparabiliter
2095 1751 2189 1788 no-

2296 553 2426 605 vivit
2471 551 2729 614 Ecclesia,
2763 567 3022 622 nusquam
3052 551 3226 605 ferrea
3256 549 3458 619 corripi
3488 564 3640 602 arma
3687 563 3877 603 conce-

2295 642 2460 703 ditur,
2487 642 2750 710 quomodo
2781 658 2876 711 pro
2905 642 3133 696 terrenis
3164 656 3226 696 ac
3253 639 3578 694 transitoriis
3619 637 3878 693 Ecclesia

2295 731 2640 787 facultatibus
2669 733 2909 787 loricata:
2941 734 3085 786 acies
3118 733 3168 785 in
3200 731 3404 802 gladios
3429 729 3877 784 debacchanturl

2295 825 2482 889 Porro,
2513 826 2682 880 sancti
2720 826 2820 879 viri
2857 841 2978 878 cum
3025 823 3333 893 praevalent,
3385 821 3672 876 hatreticos
3700 821 3877 876 idolo-

2272 907 2520 985 'rnmque
2549 917 2780 971 cultores
2823 931 3159 986 nequaquam
3208 913 3508 983 perimunt;
3561 913 3656 967 sed
3699 912 3879 981 potius

2295 1007 2362 1061 ab
2386 1011 2464 1063 eis
2490 1024 2586 1078 pro
2615 1008 2716 1062 fide
2743 1007 3003 1062 catholica
3031 1005 3218 1076 perimi
3265 1020 3369 1059 non
3403 1003 3698 1075 refugiunt.
3734 1001 3880 1068 Quo-

2293 1101 2452 1153 modo
2478 1115 2607 1169 ergo
2633 1114 2728 1168 pro
2754 1115 2933 1153 rerum
2967 1098 3150 1152 vilium
3177 1097 3504 1151 detrimento
3539 1093 3715 1148 fidelis
3747 1092 3879 1148 ﬁde-

2293 1189 2396 1242 lem
2429 1190 2620 1256 gladiis
2647 1191 2888 1259 impetat,
2913 1204 3071 1258 quem
3107 1203 3288 1243 secum
3322 1188 3508 1257 utique
3534 1187 3876 1255 redemptum

2292 1278 2491 1335 Cbristi
2522 1281 2783 1350 sanguine
2810 1296 2913 1335 non
2949 1280 3196 1350 ignorat?

2363 1370 2419 1424 In
2455 1371 2748 1427 Galliarum
2789 1371 2986 1426 ﬁnibus
3030 1372 3208 1426 audivi
3273 1380 3482 1440 gestum
3519 1369 3687 1424 fuisse
3734 1369 3876 1436 quod

2293 1462 2511 1516 refero:
2547 1463 2690 1538 Inter
2740 1464 2986 1519 abbatem
3029 1473 3083 1519 et
3130 1463 3414 1534 quemdam
3446 1462 3626 1518 saeculi
3671 1475 3879 1532 praepo-

2292 1561 2492 1608 tentem
2519 1564 2636 1608 orta
2665 1563 2748 1610 est
2789 1571 2895 1609 non
2937 1555 3070 1609 levis
3110 1557 3178 1610 de
3207 1555 3549 1625 possessione
3579 1554 3876 1610 contentio.

2291 1645 2532 1715 Cumque
2559 1664 2585 1699 a
2615 1649 2783 1717 partis
2805 1648 3085 1717 utriusque
3113 1647 3415 1702 fautoribus
3441 1647 3604 1702 minis
3643 1648 3734 1701 diu
3763 1661 3878 1701 eer-

2292 1745 2500 1792 taretur
2528 1747 2580 1792 et
2610 1737 2819 1808 iurgiis,
2853 1739 3066 1794 tandem
3117 1747 3174 1792 ut
3222 1738 3388 1793 armis
3417 1748 3674 1808 ageretur
3713 1737 3881 1791 utrin-

619 1825 751 1878 tiora
785 1841 946 1893 quam
978 1826 1104 1878 mibi
1134 1827 1246 1880 hac
1273 1814 1325 1880 et
1359 1827 1441 1880 bis
1466 1827 1660 1880 similia
1687 1836 1895 1881 certum
1929 1837 2186 1881 tenerem.
2222 1821 2263 1877 Β
2292 1845 2396 1898 que
2444 1830 2748 1885 condictum
2795 1838 2897 1886 est.
2946 1830 3014 1884 Et
3065 1830 3339 1886 saecularis
3389 1830 3628 1901 quidem,
3679 1829 3881 1898 paratis

615 1916 779 1971 Plane
818 1915 939 1986 quis
959 1931 1062 1970 non
1091 1917 1266 1982 videat
1307 1931 1468 1984 quam
1508 1917 1575 1970 sit
1600 1917 1881 1971 inhonesta
1924 1918 2190 1982 confusio,

617 2017 675 2063 ut
700 2008 839 2077 quod
867 2008 1126 2078 agendum
1156 2009 1392 2063 Ecclesia
1423 2012 1668 2078 denegat,
1700 2009 2039 2078 impudenter
2075 2010 2189 2077 ipsa

617 2099 921 2154 committat
948 2108 1002 2153 et
1028 2115 1148 2154 cum
1175 2099 1293 2152 aliis
1322 2100 1574 2168 praedicet
1604 2100 1937 2169 patientiam,
1968 2098 2192 2152 infinde-

619 2187 842 2243 rabilem
868 2187 982 2258 ipsa
1012 2197 1196 2242 contra
1223 2189 1533 2243 innocentes
1563 2191 1884 2244 accendatur
1915 2190 1968 2242 in
2016 2189 2192 2243 iram?

617 2279 848 2344 Contigit
891 2279 1033 2334 enim
1073 2280 1174 2335 hoc
1223 2280 1435 2336 facienti
1485 2282 1627 2351 quod
1672 2282 1962 2351 Apostolus
2007 2283 2138 2336 dicit
2176 2299 2188 2334 :

624 2391 642 2426 ι
687 2372 764 2428 Ne
795 2390 916 2429 cum
963 2373 1080 2429 aliis
1107 2375 1526 2443 praedicaverim,
1561 2375 1672 2444 ipse
1711 2375 1970 2445 reprobus
1993 2373 2194 2428 efﬁciar

620 2462 673 2533 (l
693 2462 814 2518 Cor.
845 2465 924 2534 ix)
960 2483 973 2518 :
1012 2483 1030 2515 ι
1071 2464 1150 2519 vel
1173 2464 1298 2519 illud
1328 2465 1505 2533 potius
1530 2464 1670 2533 quod
1696 2465 1762 2517 ad
1789 2463 2059 2518 Romanos
2084 2464 2188 2516 ait:

624 2570 642 2605 α
675 2552 775 2620 Qui
806 2568 934 2624 ergo
960 2553 1123 2609 alium
1155 2553 1336 2620 doces,
1371 2553 1916 2623 teipsumnondoccs,
1944 2552 2033 2621 qui
2063 2568 2192 2619 prat-

619 2646 768 2702 dicas
793 2663 898 2701 non
915 2645 1225 2712 furandum,
1259 2645 1488 2712 furaris;
1523 2647 1612 2716 qui
1631 2647 1764 2699 dicis
1791 2661 1894 2698 non
1914 2645 2192 2698 tnmchan-

619 2738 768 2802 dum,
811 2741 1134 2801 mmeharis;
1171 2741 1260 2809 qui
1295 2739 1622 2793 abominaris
1655 2738 1814 2797 idola.
1853 2737 2190 2806 sacrilegium

618 2828 943 2898 facis(Rom.
962 2830 1043 2901 ιι).
1073 2849 1088 2879 ι
1113 2829 1271 2899 116
1289 2830 1350 2882 Et
1368 2829 1629 2898 prmcipue
1650 2829 1708 2882 id
1729 2828 1867 2897 quod
1899 2827 1982 2881 bis
1999 2835 2193 2896 prtesto

617 2918 908 2990 subjuugit,
958 2922 1225 2974 sacerdoti
1259 2936 1555 2990 congruere
1592 2921 1801 2974 \idetur
1844 2938 1856 2972 :
1917 2937 1934 2967 ε
1986 2918 2091 2984 Qui
2141 2917 2192 2971 in

616 3007 731 3078 lege
755 3010 1020 3080 gloriaris,
1049 3027 1142 3080 per
1164 3011 1655 3079 praevaricationem
1685 3010 1815 3079 legis
1849 3010 2012 3063 Deum
2043 3009 2192 3064 inbo-

619 3118 782 3158 noras
811 3102 1018 3173 (Ibid.).
1055 3123 1072 3155 ι
1105 3103 1160 3157 1η
1187 3105 1302 3174 lcge
1335 3104 1528 3172 quippe
1555 3103 1644 3156 Dei
1678 3104 1928 3157 sacerdos
1960 3117 2064 3156 non
2091 3102 2190 3156 im-

619 3192 815 3245 merito
841 3191 1120 3262 gloriatur,
1137 3193 1225 3261 qui
1252 3194 1534 3248 ministerii
1566 3194 1739 3248 Iocmn
1769 3194 1831 3246 ad
1855 3193 2191 3264 pradicanda

618 3281 751 3351 legis
779 3284 1028 3339 mandata
1055 3285 1279 3339 sortitus
1307 3296 1408 3348 est,
1437 3286 1528 3339 sed
1558 3301 1652 3354 per
1696 3285 2191 3354 praevaricationem

618 3370 752 3442 legis
783 3372 948 3427 Deum
972 3373 1296 3428 inbonorare
1316 3375 1674 3439 convincitur,
1703 3390 1822 3428 cum
1849 3376 1984 3428 scita
2004 3375 2192 3444 legalia

622 3462 920 3530 transgredi
971 3477 1074 3516 non
1103 3471 1336 3518 veretur.
1391 3464 1631 3533 Dumque
1686 3463 1827 3516 aliud
1871 3465 2000 3534 agit,
2052 3464 2194 3517 aliud

621 3555 893 3623 praedicat,
918 3563 1174 3623 quantum
1205 3556 1256 3608 in
1283 3571 1340 3609 se
1363 3565 1464 3618 est,
1492 3571 1680 3610 omnes
1708 3555 1776 3610 ab
1802 3555 2039 3624 ejusdem
2065 3556 2196 3626 legis

620 3645 994 3720 observatione
1019 3648 1318 3715 perturbat,
1359 3647 1498 3701 sicut
1542 3646 1748 3702 Scribis
1800 3656 1854 3701 et
1907 3646 2194 3701 Pharisaeis

624 3734 879 3795 Dominus
909 3737 1077 3792 dicit:
1133 3757 1150 3789 ι
1186 3737 1275 3797 γε
1311 3739 1482 3801 vobis,
1525 3738 1616 3808 qui
1666 3737 1960 3793 abstulistis
2017 3740 2193 3794 claves

621 3825 896 3894 sapientia:
943 3834 998 3880 et
1051 3828 1309 3892 scientiae,
1368 3829 1460 3882 sed
1498 3828 1594 3897 ipsi
1647 3843 1751 3880 non
1806 3828 2089 3892 introistis,
2140 3837 2194 3882 et

624 3913 839 3983 insuper
867 3915 998 3970 alios
1041 3916 1263 3973 introire
1295 3918 1533 3972 volentes
1577 3919 1929 3987 probibuistis
1975 3918 2189 3990 (Matth.

623 4004 783 4070 xm).
816 4023 832 4053 ι
862 4003 928 4057 Ει
955 4020 1139 4058 revera
1165 4021 1268 4074 qua
1306 4005 1498 4070 fronte,
1539 4022 1642 4076 qua
1667 4007 1931 4062 libertatis
1971 4009 2195 4064 audacia

623 4093 874 4148 sacerdos
922 4095 1146 4164 quilibet
1201 4098 1251 4149 in
1312 4097 1684 4152 dissidentium
1737 4097 2198 4153 conftederatione

623 4185 875 4249 desudet;
913 4202 1033 4241 cum
1061 4188 1176 4257 ipse
1219 4190 1329 4243 suis
1377 4189 1655 4245 lzesoribus
1708 4206 1813 4246 non
1862 4191 2197 4247 remissionis

625 4277 895 4347 indulgeat
936 4281 1168 4344 veniam,
1222 4280 1313 4334 sed
1363 4280 1616 4335 efferatur
1674 4281 2084 4351 implacabiliter
2129 4287 2196 4338 ad

624 4369 951 4423 vindictam?
973 4369 1114 4425 Inter
1140 4385 1326 4427 omnes
1353 4385 1482 4426 sane
1499 4373 1756 4427 virtutum
1781 4383 2044 4443 gemmas,
2061 4388 2196 4443 quas

626 4460 870 4514 Salvator
905 4470 1091 4516 noster
1119 4465 1183 4517 de
1207 4464 1342 4518 ccelo
1391 4465 1611 4519 veniens
1636 4465 1836 4529 attulit,
1887 4466 2018 4521 duas
2067 4466 2196 4521 insi-

2295 1919 2521 1973 militum
2574 1921 2780 1990 c0piis,
2845 1936 3092 1990 campum
3150 1921 3497 1990 praliaturus
3557 1921 3880 1990 ingreditur,

2293 2011 2439 2064 acies
2471 2011 2647 2074 struit,
2680 2025 2882 2066 cuneos
2907 2012 3123 2067 ordinat
3153 2020 3314 2081 atque
3343 2013 3409 2065 ad
3458 2011 3676 2066 fortiter
3722 2027 3880 2080 agen-

2293 2101 2418 2154 dum
2447 2102 2685 2156 omnium
2734 2112 2936 2157 mentes
2976 2103 3275 2158 acerrimus
3324 2105 3643 2158 cohortator
3676 2101 3882 2158 inﬂam-

2295 2203 2426 2247 mat.
2459 2193 2763 2248 Silvescunt
2788 2193 2965 2248 omnia
2995 2194 3209 2264 gladiis,
3245 2194 3442 2249 rubent
3483 2195 3680 2265 clypei,
3733 2194 3881 2248 voci-

2295 2283 2582 2340 ferantium
2633 2285 2836 2340 clamor
2888 2284 3189 2350 attollitur,
3253 2287 3496 2346 minaces
3542 2293 3880 2338 armatorum

2296 2377 2544 2431 fremitus
2577 2377 2976 2440 inhorrescunt,
3024 2377 3127 2431 tela
3182 2377 3544 2448 stringuntur,
3592 2375 3744 2430 solus
3793 2374 3886 2428 ad-

2295 2483 2466 2522 versae
2495 2470 2664 2538 partis
2691 2468 2921 2537 impetus
2947 2466 3012 2520 ad
3040 2468 3443 2538 congruendum
3473 2465 3724 2521 accensis
3773 2479 3886 2517 ma-

2297 2561 2458 2614 nilus
2503 2568 2868 2628 exspectatur.
2914 2557 3096 2613 Abbas
3131 2567 3312 2613 autem
3346 2574 3450 2613 non
3483 2558 3536 2612 in
3575 2557 3745 2610 armis
3780 2566 3886 2610 ter-

2297 2652 2441 2705 rcnis
2477 2666 2624 2720 spem
2673 2665 2846 2716 suam,
2895 2651 2989 2706 sed
3043 2651 3095 2704 in
3133 2651 3382 2705 humana:
3435 2647 3629 2704 salutis
3661 2657 3884 2702 auctore

2296 2744 2649 2807 constituens,
2693 2741 2924 2805 cunctis,
2953 2742 3044 2810 qui
3088 2756 3185 2810 pro
3214 2756 3272 2795 se
3311 2741 3572 2795 dimicare
3612 2753 3882 2793 convene-

2302 2842 2442 2899 rant,
2491 2849 2644 2888 suum
2678 2833 2953 2902 prohibuit
2991 2834 3326 2898 comitatum,
3362 2832 3503 2888 solos
3550 2839 3735 2886 autem
3772 2844 3884 2884 mo-

2297 2927 2500 2980 nachos
2541 2940 2668 2978 suos
2696 2924 2850 2994 equis
2890 2925 3164 2993 imposuit,
3198 2925 3376 2995 capita
3416 2923 3645 3002 cucullis
3681 2922 3881 2993 Operiri

2296 3018 2570 3087 praecepit,
2605 3017 2790 3086 sicque
2819 3033 2942 3071 cum
2967 3017 3089 3081 illis,
3120 3017 3266 3072 velut
3292 3017 3540 3088 galeatis,
3564 3026 3620 3071 et
3641 3015 3885 3071 loricatis

2302 3111 2421 3163 fidei
2466 3110 2814 3171 nmnimento,
2848 3110 3132 3172 crucisque
3165 3110 3362 3164 vexillo
3395 3109 3460 3164 ad
3489 3108 3669 3163 locum
3702 3117 3883 3162 certa-

2298 3203 2460 3256 minis
2491 3199 2913 3271 vcnit.Cumque
2945 3202 3024 3255 vir
3053 3202 3138 3256 ille
3161 3217 3264 3256 non
3290 3199 3489 3263 ferrea,
3519 3209 3579 3252 ut
3605 3201 3883 3269 sperabat,

2297 3308 2446 3345 arma
2500 3292 2860 3358 conspiceret,
2919 3292 3012 3346 sed
3071 3300 3325 3360 tanquam
3375 3291 3532 3360 117
3572 3291 3879 3355 caelestem,

2296 3393 2457 3451 atque
2512 3383 2810 3450 angelicam
2856 3383 3028 3437 aciem
3079 3383 3372 3436 adventare
3416 3383 3664 3436 cominus
3697 3383 3886 3435 adver-

2298 3477 2469 3540 tisset,
2502 3485 2680 3529 tantus
2720 3490 2841 3528 eum
2889 3490 3011 3528 cum
3043 3474 3156 3529 suis
3175 3474 3426 3528 omnibus
3458 3473 3626 3528 divini
3677 3473 3886 3528 timoris

2299 3569 2489 3621 borror
2521 3567 2716 3620 invasit
2737 3575 2793 3620 ut
2814 3567 3120 3622 desilientes
3149 3582 3215 3620 ex
3248 3567 3402 3636 equis
3441 3566 3694 3630 protinus
3733 3580 3883 3620 arma

2297 3657 2639 3726 projicereut,
2671 3668 2825 3712 terrae
2855 3673 2913 3714 se
2939 3658 3217 3714 humiliter
3244 3668 3570 3723 sternerent,
3603 3657 3888 3729 indulgeu-

2298 3749 2425 3801 tiam
2467 3747 2790 3817 flagitarent.
2823 3747 2933 3810 Sic,
2986 3749 3065 3804 sic
3115 3749 3370 3803 nimirum
3419 3748 3604 3803 titulos
3645 3748 3886 3803 victoria!

2300 3837 2637 3905 triumphalis
2671 3837 2921 3898 obtinuit,
2957 3838 3048 3904 qui
3089 3853 3193 3891 non
3223 3837 3276 3890 in
3307 3837 3686 3907 frequentibus
3707 3838 3886 3906 equis,

2298 3945 2402 3983 non
2430 3930 2482 3982 in
2510 3929 2831 3983 micantibus
2860 3928 3050 4000 gladiis
3070 3944 3217 3997 spem
3245 3930 3442 3998 posuit,
3473 3929 3569 3984 sed
3591 3944 3662 3984 ex
3691 3930 3886 3985 divina;

2299 4029 2506 4073 tantum
2542 4019 2792 4089 potentize
2826 4021 3024 4074 virtute
3052 4021 3415 4090 praesumpsit.

2371 4111 2450 4163 Ad
2481 4112 2596 4164 bare
2623 4111 2666 4164 si
2694 4111 2815 4179 quis
2840 4110 3057 4178 objiciat
3095 4112 3301 4165 bellicis
3333 4111 3519 4167 usibus
3547 4110 3792 4167 leonem
3829 4127 3888 4168 se

2301 4201 2612 4271 frequenter
2678 4202 3008 4271 implicuisse
3078 4203 3430 4272 pontificem,
3507 4215 3887 4262 verumtamen

2301 4305 2546 4350 sanctum
2577 4309 2715 4349 esse.
2750 4294 2879 4349 Dico
2908 4295 3050 4363 quod
3098 4295 3295 4359 sentio,
3338 4295 3596 4364 quoniam
3632 4311 3735 4351 nec
3785 4294 3884 4350 Pe-

2303 4395 2417 4440 trus
2445 4387 2513 4440 ob
2555 4386 2659 4438 hoc
2703 4385 3056 4455 apostolicum
3101 4386 3308 4440 obtinet
3347 4386 3712 4456 principatum
3763 4388 3889 4456 quia

2303 4476 2519 4547 negavit
2539 4476 2732 4547 (Marc.
2753 4477 2882 4542 xiv),
2906 4491 3003 4530 nec
3027 4476 3190 4532 David
3221 4477 3420 4532 idcirco
3448 4480 3752 4547 prophetiae
3779 4493 3889 4535 me-

624 4550 776 4618 gnius
804 4562 964 4622 atque
1012 4554 1319 4623 praeclarius
1363 4555 1581 4610 rutilare
1610 4557 1952 4624 monstravit,
1979 4572 2112 4628 quas
2140 4568 2196 4612 et
2220 4549 2273 4608 D
2300 4584 2306 4621 1

2220 4549 2453 4622 Dretur
2519 4566 2798 4621 oraculum
2868 4567 2994 4636 quia
3052 4576 3229 4622 torum
3300 4567 3461 4623 alieni
3527 4571 3630 4624 viri
3691 4571 3890 4628 invasit

627 4639 677 4694 in
723 4655 780 4694 se
809 4643 957 4710 prius
981 4645 1263 4710 expressit,
1306 4655 1359 4699 et
1406 4657 1464 4700 ut
1523 4648 1676 4703 nobis
1728 4649 2188 4718 imprimerentur,

624 4728 856 4795 edocuit,
908 4734 1226 4789 charitatem
1257 4736 1465 4790 scilicet
1511 4747 1564 4792 et
1615 4740 1950 4809 patientiam.
2009 4740 2075 4795 Et
2125 4742 2192 4797 de

623 4821 886 4878 charitate
907 4824 1122 4894 quidem
1153 4826 1281 4880 dicit
1310 4826 1630 4897 Apostolus:
1666 4851 1683 4883 ι
1717 4831 1945 4901 Propter
1969 4835 2190 4888 nimiam

623 4912 936 4969 cbarilatem
962 4932 1131 4980 suam,
1167 4934 1270 4988 qua
1303 4919 1488 4974 dilexit
1529 4921 1668 4976 Deus
1700 4923 1972 4987 mundum,
1999 4924 2190 4980 Filium

624 5020 777 5060 suum
829 5009 974 5063 misit
1022 5009 1235 5080 (Ep/tes.
1277 5015 1358 5074 ιι).
1413 5032 1430 5063 ι
1484 5013 1558 5067 De
1605 5015 1862 5083 patientia
1896 5032 2027 5072 vero
2080 5017 2191 5073 ait:

631 5115 648 5148 ι
685 5097 1022 5168 Quaecunque
1049 5103 1246 5170 scripta
1293 5113 1436 5168 sunt,
1495 5106 1560 5159 ad
1608 5115 1846 5160 nostram
1897 5109 2196 5162 doctrinam

624 5189 819 5260 scripta
853 5199 996 5255 sunt,
1045 5201 1102 5246 ut
1146 5206 1240 5262 per
1289 5197 1621 5263 patientiam.
1671 5208 1724 5252 et
1773 5199 2196 5255 consolationem

626 5279 1024 5350 Scripturarum
1073 5299 1220 5353 spem
1275 5286 1565 5341 habeamus
1615 5289 1802 5358 (Rom.
1857 5292 1976 5360 xv).
2019 5312 2034 5342 ι
2096 5292 2198 5348 Per

627 5373 941 5428 cbaritatem
965 5391 1196 5446 namque
1220 5376 1312 5430 Dei
1343 5377 1508 5432 Filius
1534 5380 1600 5434 de
1621 5382 1756 5435 ccelo
1781 5382 2075 5451 descendit,
2103 5401 2198 5455 per

628 5469 934 5537 patientiam
968 5486 1092 5523 vero
1125 5471 1392 5525 diabolum
1424 5474 1714 5541 superavit.
1746 5473 1837 5528 His
1867 5469 2054 5531 muniti
2086 5479 2197 5532 vir-

629 5561 954 5626 tutibus,.et
995 5563 1304 5618 fundatores
1342 5569 1566 5635 apostoli
1610 5577 1850 5622 sanctam
1902 5568 2197 5627 Ecclesiam

629 5654 999 5718 condiderunt,
1040 5667 1093 5712 et
1135 5671 1558 5728 propugnatores
1589 5664 1703 5732 ejus
1735 5665 1904 5719 sancti
1937 5643 2199 5736 martyres

630 5742 839 5799 diversa
861 5745 1111 5802 mortium
1137 5747 1393 5818 supplicia
1417 5751 1814 5823 triumphaliter
1837 5755 2196 5825 pertulerunt.

2301 4656 2387 4728 (II
2419 4655 2541 4727 Reg.
2585 4657 2696 4725 xl);
2738 4674 2861 4712 cum
2907 4658 3068 4723 mala,
3106 4659 3186 4713 vel
3216 4660 3356 4714 bona
3404 4676 3510 4716 non
3542 4677 3640 4732 pro
3678 4665 3890 4720 meritis

2296 4747 2708 4802 considerentur
2755 4748 3092 4814 habentium,
3124 4750 3217 4804 sed
3266 4765 3333 4805 ex
3379 4752 3616 4821 propriis
3651 4753 3891 4818 debeant

2297 4836 2910 4906 qualitatibusjudieari.
2937 4838 3184 4909 Nunquid
3212 4841 3312 4896 hoc
3337 4843 3551 4912 legitur,
3575 4844 3661 4899 vel
3685 4849 3886 4917 egisse,

2298 4929 2383 4986 vel
2427 4929 2623 4985 litteris
2665 4929 2912 4985 docuisse
2957 4930 3273 5002 Gregorius,
3303 4935 3394 5002 qui
3429 4944 3506 4989 tot
3558 4937 3782 5006 rapinas
3828 4953 3891 4996 ac

2299 5020 2583 5074 violentias
2621 5036 2650 5073 a
2683 5020 3157 5091 Langobardorum
3188 5031 3270 5077 est
3315 5022 3530 5080 feritate
3557 5030 3890 5097 perpessus?

2300 5113 2436 5166 Num
2464 5114 2777 5168 Ambrosius
2806 5114 3005 5168 bellum
3051 5114 3267 5169 Arianis
3297 5131 3356 5171 se
3395 5132 3658 5187 suamque
3696 5120 3886 5177 Eccleo

2301 5204 2436 5257 siam
2489 5205 2775 5260 crudeliter
2830 5205 3208 5261 infestantibus
3259 5207 3475 5261 intulit?
3525 5208 3784 5280 Nunquid
3834 5212 3887 5268 in

2301 5311 2448 5350 arma
2514 5308 2824 5350 sanctorum
2895 5297 3158 5366 quispiam
3223 5299 3456 5354 traditur
3525 5301 3889 5360 insurrexisse

2303 5388 2650 5456 pontificum?
2674 5387 2874 5443 Causas
2906 5389 3068 5457 igitur
3114 5390 3468 5445 ecclesiastici
3515 5390 3888 5465 cujuscunque

2304 5478 2500 5546 negotii
2549 5478 2693 5548 leges
2741 5478 2991 5532 dirimant
3044 5478 3168 5542 fori,
3197 5479 3286 5533 vel
3323 5481 3677 5538 sacerdotalis
3711 5487 3887 5540 edicta

2304 5570 2515 5624 consilii
2544 5586 2610 5623 ne
2643 5570 2784 5639 quod
2815 5571 3106 5640 gerendum
3133 5581 3213 5625 est
3267 5572 3317 5625 in
3355 5573 3718 5631 tribunalibus
3744 5577 3888 5646 judi-

2304 5650 2454 5726 cum,
2493 5662 2577 5718 vel
2626 5679 2689 5717 ex
2722 5662 2986 5718 sententia
3017 5661 3174 5717 debet
3219 5664 3432 5733 prodire
3463 5668 3800 5734 pontificum,
3832 5668 3886 5722 in

2302 5763 2544 5810 nostrum
2570 5761 2814 5809 vertatur
2833 5753 3179 5823 opprobrium
3200 5757 3578 5824 congressione
3599 5756 3885 5814 bellorum.
