4260 6366
391 358 484 417 δη

1486 352 1695 409 LIBER
1732 349 2098 422 QUARTUS,
2147 346 2367 403 EPIST.
2407 343 2506 402 ιχ.

3592 334 3699 395 518

389 474 482 532 Sed
507 489 660 541 ecce,
688 475 815 533 dum
839 471 1093 528 aviditate
1118 470 1373 542 loquendi
1396 469 1672 525 vobiscum
1701 467 1974 524 sermonis
2004 474 2049 531 Α
2079 479 2194 519 eeut
2216 504 2230 524 .
2278 458 2606 542 ut_pontifex
2639 455 3114 542 est,.Spiritualem
3147 454 3425 542 gladium,
3450 452 3699 542 etalitgr

389 567 670 623 articulum
717 565 931 641 longius
962 564 1247 636 protraho,
1275 570 1496 625 metam,
1527 569 1587 615 ut
1617 560 1795 626 video,
1831 574 1981 614 com-

385 657 553 730 pendii
580 656 890 727 epistolaris
923 655 1153 711 excedo.
1205 652 1536 707 Incolumem
1569 660 1646 718 te,
1690 653 1981 708 venerabi-

387 751 444 806 lis
472 758 650 818 pater,
681 747 750 803 ad
785 747 1078 820 regendum
1114 744 1376 802 Ecclesia
1405 760 1517 800 suae
1548 751 1751 803 statum
1795 753 1980 801 custo-

385 841 488 896 diat
513 839 859 909 omnipotens
884 838 1048 905 Deus,
1094 846 1149 893 et
1197 847 1252 892 tu
1285 848 1501 908 (pioque
1528 837 1584 892 in
1613 837 1823 893 sanctis
1851 851 1978 892 ora.

385 930 610 986 tionibus
641 931 750 985 tuis
776 929 881 985 mei
907 941 1118 984 memor
1137 941 1257 984 esse
1288 926 1554 1000 digneris.

1019 1127 1334 1186 SCHOLIA.

443 1240 548 1300 Sed
575 1259 692 1298 cum
723 1242 858 1296 inter
884 1248 1074 1295 cetera
1102 1239 1246 1294 mala
1268 1255 1388 1312 qua:
1410 1240 1632 1312 _nostris
1654 1239 1973 1312 tentporibtts

377 1325 657 1386 emergant.
686 1313 811 1386 llznc
836 1327 982 1386 _pars
1025 1311 1187 1386 hujus
1231 1309 1474 1386 epistola;
1500 1319 1704 1366 attente
1744 1309 1972 1386 legenda

378 1395 452 1442 est
477 1403 488 1439 :
511 1382 590 1441 ἰιε
618 1385 741 1456 quis
767 1382 1214 1456 veloccasionem
1251 1382 1472 1456 errandi
1503 1390 1711 1456 sumat,
1749 1382 1834 1456 vel
1875 1397 1974 1456 auc

377 1469 576 1514 ctorem
605 1451 658 1510 in
691 1455 939 1512 doctrina
973 1454 1261 1509 aberrasse
1286 1452 1584 1508 existimet.
1611 1452 1794 1508 Videri
1822 1451 1974 1507 enim

377 1535 555 1600 potest
575 1528 748 1600 ipsum
781 1525 1020 1600 sensisse
1043 1540 1146 1580 non
1172 1539 1337 1600 posse
1347 1523 1691 1600 pontificem,
1718 1523 1971 1600 aut‘alios

374 1594 769 1656 ecclesiasticos
805 1596 1097 1668 principes!
1123 1594 1223 1665 per
1254 1594 1476 1668 bellum,
1507 1595 1556 1668 _si
1588 1608 1826 1668 necesse
1874 1595 1967 1668 sit,

375 1687 458 1727 res
482 1664 880 1727 ecclesiasticas
906 1664 1220 1731 defendere,
1243 1667 1369 1736 quia
1392 1665 1636 1722 Ecclesia
1669 1680 1774 1719 non
1807 1664 1972 1736 habet

373 1736 599 1810 gladium
626 1738 995 1810 temporalem,
1028 1736 1125 1810 sed
1155 1734 1495 1810 Spiritnaletn
1547 1744 1779 1810 tantum.
1813 1734 1968 1810 Unde

373 1806 421 1868 in
449 1811 476 1885 ς
506 1811 656 1885 Sict}
680 1806 826 1880 ergo,
851 1819 972 1885 post
1000 1806 1236 1885 medium
1271 1808 1643 1885 epistolteLita
1676 1806 1791 1861 vult
1822 1808 1968 1862 inter

374 1877 592 1954 reg'num
620 1879 675 1936 et
703 1877 1065 1954 sacerdotium
1100 1880 1273 1934 divisa
1306 1877 1445 1954 csse
1473 1877 1671 1954 ofﬁcia,
1699 1887 1757 1932 ut
1787 1887 1844 1954 e_t
1873 1894 1967 1954 rex

371 1945 530 2009 arinis
578 1961 763 2007 utatur
805 1951 1010 2020 saeculi,
1037 1951 1394 2020 etisacerdos
1434 1945 1968 2020 accingaturgladio

370 2023 656 2094 spirittlali.
701 2022 766 2077 Et
794 2019 1066 2094 interius;
1095 2019 1157 2077 Si
1179 2037 1323 2092 ergo,
1351 2021 1550 2094 inquit,
1579 2018 1674 2091 pro
1701 2018 1831 2094 ﬁde,
1861 2037 1968 2092 qua

373 2090 675 2149 universalis
704 2094 822 2147 sirit
849 2090 1110 2155 Ecclesia,
1140 2090 1411 2163 nunquam
1439 2090 1611 2162 ferrea
1639 2091 1835 2158 corripi
1873 2090 1968 2144 or-

371 2183 450 2219 ma
483 2165 806 2226 conceditur,
837 2163 1098 2232 quomodo
1131 2178 1226 2229 pro
1272 2163 1492 2218 terrenis
1541 2179 1603 2216 ac
1641 2163 1966 2216 tra'nsitoriis

366 2236 702 2315 («saltatibus
716 2233 952 2315 loricata:
971 2234 1109 2315 acies
1131 2235 1184 2287 in
1199 2233 1391 2315 gladiis
1406 2233 1837 2315 detinebantur!
1855 2243 1962 2288 etc.

368 2303 501 2361 Ante
545 2321 676 2361 vero
705 2320 865 2375 quam
899 2305 1013 2359 luce
1062 2303 1308 2375 Damiani
1355 2305 1542 2375 verba,
1588 2313 1643 2360 et
1676 2303 1794 2375 alia
1843 2319 1968 2372 quae

367 2380 493 2431 satis
538 2374 835 2448 exaggerat
876 2384 949 2448 et
987 2374 1298 2448 indistincte
1346 2374 1576 2448 profert,
1623 2374 1691 2428 ad
1733 2375 1879 2448 pium
1913 2383 1969 2429 et

367 2463 543 2503 rerum
587 2445 806 2503 sensum
839 2447 908 2502 ab
938 2445 1068 2514 ipsis
1114 2445 1316 2510 verbis,
1351 2461 1456 2501 non
1503 2445 1741 2500 alienum
1776 2445 1965 2499 traha-

373 2535 506 2585 tnus,
541 2534 726 2573 veram
754 2527 809 2573 et
835 2516 1163 2572 catholicam
1203 2517 1506 2571 doctrinam
1551 2516 1796 2572 breviter
1825 2531 1965 2586 pra:-

367 2590 580 2645 mittere
615 2603 836 2644 necesse
878 2596 980 2643 est.
1011 2587 1194 2642 Primo
1227 2602 1357 2658 ergo
1385 2589 1735 2642 statuendum
1764 2595 1849 2658 est
1881 2587 1968 2642 hic

366 2676 482 2715 esse
502 2675 812 2716 sermonem
836 2660 901 2712 de
927 2658 1169 2728 principe
1189 2657 1582 2722 ecclesiastico,
1610 2666 1672 2713 ut
1701 2657 1824 2712 talis
1850 2666 1932 2712 est
1949 2699 1966 2725 ,

365 2746 453 2786 seu
483 2733 547 2785 de
576 2729 855 2802 pontiﬁce,
891 2738 950 2782 ιιι
979 2728 1218 2802 pontifex
1257 2737 1374 2794 est;
1409 2745 1536 2802 nam
1570 2730 1615 2784 si
1645 2729 1965 2802 consideren

366 2813 448 2856 tur
476 2811 534 2856 ut
565 2800 819 2857 dominus
842 2800 1174 2869 temporalis,
1194 2816 1290 2871 per
1312 2801 1590 2870 proprium
1616 2809 1672 2855 et
1692 2800 1966 2855 directum

365 2873 664 2928 dominium
687 2882 740 2926 ει
758 2871 1188 2940 iurisdictionem
1217 2871 1380 2942 118
1401 2871 1778 2942 temporalem,
1799 2887 1965 2940 quam

365 2944 521 2999 habet
564 2945 622 2998 in
675 2944 789 2999 suis
837 2942 1011 3005 terris,
1042 2958 1147 2997 non
1193 2952 1278 2996 est
1315 2943 1538 2997 dubium
1584 2943 1715 3011 quin
1764 2942 1968 2996 haheat

363 3015 497 3068 idem
533 3012 629 3082 jus
677 3013 801 3068 belli
847 3012 989 3083 quod
1042 3013 1245 3067 habent
1289 3013 1378 3068 alii
1431 3014 1673 3082 supremi
1719 3028 1872 3084 reges
1912 3019 1968 3068 et

363 3085 686 3154 temporales
717 3084 952 3147 domini,
1001 3093 1266 3154 quantum
1313 3085 1379 3139 ad
1429 3085 1695 3139 rationem
1736 3083 1968 3153 jtistitia:

359 3165 585 3228 spectat.
630 3154 1000 3228 Quamvisin
1061 3156 1221 3210 modo
1271 3154 1541 3228 tractandi
1597 3155 1968 3228 resrbellicas

360 3226 576 3282 servare
606 3227 804 3281 debeat
831 3226 1145 3296 religionem
1175 3235 1232 3282 et
1261 3226 1569 3282 decentiam
1601 3227 1842 3280 debitam
1880 3227 1968 3281 di-

360 3298 546 3369 gnitati
576 3296 899 3369 pontiﬁcali,
929 3312 1050 3366 quae
1084 3299 1136 3351 in
1172 3312 1238 3354 eo
1269 3299 1686 3369 estipraecipua,
1733 3313 1968 3369 eumque

357 3368 560 3437 obligat
593 3379 655 3421 ιιι
685 3368 738 3422 in
771 3384 868 3423 usu
901 3369 1063 3436 gladii
1119 3368 1434 3438 temporalis
1466 3371 1684 3423 modum
1713 3368 1968 3424 observet

357 3439 608 3512 dignitati
634 3439 928 3510 pontiﬁcali
971 3441 1403 3496 convenientem.
1447 3438 1559 3496 Nec
1599 3456 1665 3496 ex
1697 3441 1800 3512 hoc
1831 3458 1971 3512 pun-

357 3506 442 3582 eti)
481 3506 650 3580 plura
699 3511 883 3566 dicere
927 3525 1152 3566 necesse
1201 3521 1308 3576 est,
1354 3512 1481 3582 quia
1533 3513 1726 3566 beatus
1769 3506 1970 3569 Petrus

357 3580 660 3637 Damianus
691 3583 756 3639 de
785 3582 875 3635 illo
903 3598 1008 3636 non
1056 3593 1277 3643 tractat,
1327 3580 1427 3638 nec
1473 3584 1697 3638 verbum
1747 3584 1969 3650 aliquod

357 3653 571 3777 attlingtt
611 3653 758 3724 quod
789 3667 856 3708 ex
914 3653 1016 3708 hoc
1062 3655 1238 3709 caoite
1284 3655 1465 3729 aliqua
1517 3655 1970 3730 mterpt'ctatioue

357 3740 404 3775 ιιι
449 3735 616 3777 meat.

356 3735 616 3792 ttttltgeat.

425 3795 686 3853 Secundo
711 3797 1054 3855 statuendum
1082 3811 1165 3854 est
1195 3800 1506 3869 pontiﬁcem
1552 3817 1618 3855 ex
1650 3802 1698 3854 vi
1748 3803 1968 3869 pontiﬁ-

357 3869 486 3942 calis
515 3870 807 3942 dignitatis
834 3872 1035 3926 habere
1065 3887 1171 3926 non
1211 3872 1386 3924 solum
1431 3871 1669 3942 gladium
1704 3872 1967 3940 spiritua-

357 3886 486 3920 rans
515 3886 807 3993 inﬁnitatis
834 3886 1035 3926 manere
1065 3887 1171 3926 non
1211 3886 1386 3924 sontm
1431 3886 1669 3942 gtadtum
1704 3886 1967 3940 spiritua-

355 3939 476 3999 lem.
505 3953 565 3994 se
636 3941 804 3995 etiam
851 3942 1030 4010 aliquo
1059 3942 1219 3996 modo
1262 3941 1638 4010 temporalem,
1675 3954 1732 3996 ut
1762 3944 1969 4000 diserte

354 4010 509 4063 tioCet
542 4010 861 4084 Bonifacius
878 4028 1056 4084 _papa,
1100 4017 1150 4066 in
1193 4012 1485 4084 Extravag.
1526 4014 1579 4077 l,
1631 4014 1703 4067 De
1747 4016 1970 4084 majori-

351 4091 457 4133 tate
485 4093 534 4134 et
573 4083 742 4138 obed.
770 4081 836 4136 Et
865 4081 1180 4155 Gregorius,
1225 4083 1316 4139 lib.
1352 4081 1457 4145 ιιιζ
1479 4086 1638 4155 epist.
1666 4085 1730 4138 2i
1774 4081 1841 4139 et
1871 4086 1964 4153 22,

353 4161 547 4218 estque
578 4157 861 4208 sententia
911 4158 1025 4210 hinc
1071 4157 1343 4210 communi
1393 4155 1785 4211 catholicorum
1833 4172 1964 4212 con-

353 4235 511 4275 sensu
547 4225 803 4297 probata,
835 4241 994 4294 quam
1025 4225 1317 4297 Gregorius
1346 4225 1416 4280 lX
1447 4227 1498 4280 in
1528 4227 1687 4296 epist.
1720 4228 1786 4281 ad
1828 4227 1966 4284 Ger-

353 4307 571 4368 manum
595 4296 969 4368 pa‘triarehatn
993 4296 1460 4364 Constantinopol.
1485 4299 1580 4358 ait.
1605 4297 1966 4368 signiﬁcatam

352 4361 517 4438 fuisse
637 4365 958 4438 Evangelio,
987 4383 1108 4422 cum
1139 4361 1385 4438 discipuli
1417 4368 1636 4423 Christo
1656 4361 1920 4424 dixerunt
1949 4388 1962 4423 :

357 4451 374 4484 ι
395 4434 541 4509 Ecce
577 4435 694 4492 duo
725 4434 885 4509 glzitlii
921 4440 1027 4493 nic.
1063 4458 1081 4490 θ
1114 4439 1232 4508 Ipse
1259 4434 1439 4494 autem
1464 4440 1740 4509 respondit
1773 4459 1782 4492 :
1818 4439 1965 4496 Sam

349 4515 420 4579 est
460 4504 631 4579 tute.
687 4504 846 4572 xiu).
899 4509 964 4564 Et
1009 4504 1193 4579 postea
1243 4511 1382 4565 dixit
1430 4504 1588 4565 Petro
1639 4527 1654 4566 :
1713 4510 1966 4567 Converte

2086 523 2500 604 temporalem;
2529 523 3028 604 namspiritualem
3076 523 3369 604 hahetﬂpcr
3410 534 3568 604 seet
3614 523 3699 580 di-

2084 595 2260 668 recte;
2312 595 2666 672 temporalem
2719 595 2902 654 autem
2951 601 3126 672 solum
3162 599 3444 672 indirecte,
3485 595 3536 650 id
3585 605 3695 662 est,

2083 667 2296 729 ratione
2325 667 2648 742 spiritualis,
2680 680 2734 724 et
2763 681 3029 740 quantum
3061 670 3128 742 ad
3153 667 3310 742 illius
3350 667 3510 742 ﬁnem
3559 683 3694 722 eon-

2081 747 2307 800 veniens
2331 737 2438 800 est.
2469 743 2535 797 Et
2570 742 2693 797 ideo
2741 737 2890 796 solus
2936 742 3049 812 ipse
3081 739 3242 812 habet
3272 742 3311 792 'a
3355 737 3466 812 Deo
3500 739 3695 812 imme-

2080 815 2226 872 diate
2253 813 2880 886 spiritualemigladium,
2909 808 2968 868 et
2994 811 3294 886 pet-“ipsum
3332 810 3398 886 ad
3439 808 3698 886 ecclesia.

2080 889 2249 942 stieas
2277 880 2547 956 personas
2572 880 2873 949 derivatur,
2900 880 3021 956 quae
3067 881 3221 956 illum
3258 880 3694 956 participant,_in

2079 956 2236 1013 iaicis
2266 949 2400 1016 vero
2435 955 2589 1014 nullo
2621 956 2780 1009 modo
2811 949 3104 1009 invenitur.
3132 950 3204 1006 At
3239 949 3553 1020 temporalis
3577 949 3696 1021 gla-

2077 1025 2203 1084 dius
2227 1042 2326 1097 per
2355 1043 2415 1082 se
2439 1036 2494 1082 et
2520 1026 2728 1080 directe
2752 1026 2809 1080 in
2845 1027 3174 1097 imperatore
3202 1031 3258 1078 et
3298 1023 3692 1097 temporalibus

2079 1093 2328 1170 regii'fus,
2358 1113 2452 1153 seu
2484 1097 2826 1170 principibus
2857 1093 3161 1170 invenitur,
3181 1109 3287 1170 non
3318 1108 3414 1164 per
3451 1093 3698 1170 dimana-

2081 1165 2282 1236 tio'nem
2314 1184 2349 1223 a
2376 1165 2787 1239 pon'tillce.fsed
2832 1182 2930 1238 per
2959 1167 3097 1221 alios
3125 1165 3310 1239 titulos
3337 1174 3393 1239 et
3433 1165 3570 1239 vias,
3602 1177 3698 1239 per

2077 1235 2216 1311 quas
2258 1240 2344 1294 illa
2378 1235 2630 1310 potestas
2657 1238 2804 1311 juste
2834 1235 3178 1311 comparari,
3214 1235 3696 1311 vel__haereditario

2071 1307 2196 1382 jure
2227 1307 2460 1382 obtineri
2492 1307 2796 1382 consuevit.
2832 1309 2966 1382 Nam
3007 1316 3248 1382 potestas
3282 1307 3693 1382 illapsuprema,

2077 1377 2242 1454 quam
2274 1381 2544 1454 indirecte
2574 1380 2738 1454 habet
2767 1377 3020 1454 pontifex
3043 1377 3101 1454 in
3134 1379 3543 1454 temporalibus,
3585 1392 3691 1432 non

2075 1450 2254 1508 aufert
2301 1453 2520 1523 propria
2563 1453 2688 1523 jura
2737 1451 2966 1506 aliorum
3017 1450 3349 1520 principum,
3375 1465 3551 1523 neque
3591 1463 3695 1523 _eos

2075 1525 2190 1579 suis
2215 1520 2440 1579 directis
2468 1520 2724 1582 dominiis
2751 1534 2805 1577 et
2832 1531 3101 1593 potestate
3136 1523 3334 1592 privat.
3371 1521 3551 1593 Atque
3591 1520 3692 1575 hac

2077 1597 2293 1650 ratione
2328 1595 2522 1666 solent
2562 1593 2688 1666 jura
2733 1592 2939 1666 dicere,
2992 1593 3328 1666 pontiﬁcem,
3361 1592 3692 1666 (formaliter

2076 1682 2294 1746 semper
2327 1662 2604 1746 loquimur
2646 1665 2864 1746 ratione
2896 1662 3280 1746 pontiﬁcatus)
3324 1679 3437 1746 Onon
3488 1663 3692 1718 habere

2067 1735 2514 1806 jurisdictionem
2557 1736 2611 1790 in
2643 1735 3054 1806 temporalibus.
3093 1747 3152 1789 ut
3195 1735 3434 1806 sumitur
3470 1751 3534 1789 ex
3566 1750 3687 1802 cap.

2076 1805 2137 1862 Si
2175 1807 2381 1861 duobus
2411 1806 2439 1878 ᾗ
2467 1807 2705 1878 denique
2725 1847 2739 1869 ,
2762 1805 2843 1862 De
2870 1805 3311 1878 appellationibus
3332 1822 3451 1860 cum
3471 1821 3692 1878 concor-

2072 1879 2343 1943 dantibus,
2387 1875 2508 1948 qua:
2544 1875 2625 1948 ibi
2669 1877 2862 1934 Glossa
2904 1875 3101 1932 ultima
3147 1875 3347 1948 refert,
3378 1885 3436 1930 et
3483 1877 3690 1948 passim

2066 1944 2420 2020 jurisperiti,
2457 1947 2620 2019 119
2665 1948 2970 2020 praesertim
3018 1949 3072 2003 in
3119 1948 3286 2020 capit.
3313 1947 3367 2020 ΑΔ
3397 1948 3568 2012 nobis,
3615 1944 3693 1999 De

2063 2016 2311 2090 iudiciis,
2343 2031 2398 2076 et
2423 2016 2627 2090 iit—Eap.
2656 2016 2801 2074 Licet
2830 2035 2897 2075 ea:
2931 2016 3203 2091 suscepto,
3230 2016 3310 2073 De
3338 2017 3457 2088 foro
3484 2033 3691 2088 compe-

2072 2092 2225 2145 lenti.

2145 2161 2316 2235 Juxta
2335 2161 2789 2235 ergo_veritatem
2829 2160 3178 2230 intelligenda
3219 2169 3350 2235 sunt
3385 2159 3477 2215 illa
3522 2158 3688 2235 verba

2073 2232 2320 2306 Damiaui
2366 2231 2446 2287 :'¢
2477 2233 2643 2306 inter;
2669 2248 2897 2306 regnum
2919 2242 3008 2306 _et
3052 2231 3431 2306 sacerdotium
3469 2231 3691 2306 propria

2073 2304 2483 2376 distinguuntur
2506 2301 2706 2368 oﬂlcia,
2733 2301 2759 2376 ἱ
2783 2312 2893 2359 etc.
2919 2303 3186 2376 Loquitur
3217 2302 3365 2357 enim
3401 2301 3469 2376 de
3499 2301 3693 2376 ofﬁciis

2108 2389 2170 2445 er
2198 2373 2281 2439 se,
2321 2385 2378 2430 et
2426 2375 2632 2430 directe
2679 2375 2867 2445 utique
2917 2373 3166 2444 dignitati
3211 2373 3688 2445 convenientibus.

2103 2443 2261 2516 leque
2286 2456 2371 2500 est
2401 2447 2488 2500 hic
2519 2443 2994 2516 loquendi'modus
3015 2443 3328 2516 alienusab
3351 2443 3484 2514 ipsis
3511 2444 3691 2512 ponti-

2071 2515 2286 2588 ﬁcibus.
2333 2516 2468 2571 Nam
2507 2515 2768 2573 Nicolaus
2819 2532 2956 2588 papa
3010 2517 3064 2572 in
3110 2515 3315 2588 celebri
3362 2516 3597 2588 epistola,
3622 2517 3692 2572 ad

2073 2586 2389 2643 Michaelem
2447 2586 2852 2659 imperatorem,
2893 2586 3073 2658 prope
3120 2586 3283 2642 linem
3329 2586 3409 2642 sit.
3439 2587 3628 2642 scribit
3671 2604 3684 2642 :

2077 2659 2261 2730 tCum
2306 2660 2374 2714 ad
2421 2675 2613 2715 verum
2644 2667 2864 2714 ventum
2891 2669 2978 2714 est
3004 2664 3257 2730 eumdem
3299 2673 3480 2730 regem
3529 2671 3690 2730 atque

2071 2727 2414 2794 Pontiﬁcem,
2461 2731 2516 2785 id
2564 2739 2671 2801 est,
2716 2739 2960 2800 tempore
2999 2729 3132 2801 legis
3159 2727 3384 2800 gratim;
3403 2728 3542 2783 ultra
3585 2727 3689 2784 sibi

2074 2815 2250 2870 neque
2279 2801 2580 2869 imperator
2602 2799 2727 2869 jura
2756 2799 3108 2870 pontiﬁcatus
3141 2799 3394 2870 arripuit,
3428 2814 3527 2854 nec
3556 2815 3692 2870 pon-

2075 2869 2205 2925 tifex
2241 2887 2437 2926 nomen
2469 2873 2858 2941 imperatorum
2891 2873 3210 2942 usurpavit;
3253 2869 3512 2942 quoniam
3546 2869 3688 2925 idem

2074 2942 2345 2997 mediator
2373 2943 2468 2997 Dei
2499 2940 2556 2996 et
2585 2942 2890 3008 hominum,
2922 2940 3084 2997 homo
3114 2940 3372 2998 Christus
3408 2940 3567 2998 Jesus
3609 2942 3688 2997 sic

2073 3012 2287 3084 acribus
2342 3014 2578 3083 propriis
2632 3023 2689 3067 et
2752 3014 3109 3084 dignitatibus
3159 3014 3433 3068 distinctis
3507 3011 3683 3067 cilicia

2073 3083 2364 3152 utriusque
2414 3085 2703 3153 potestatis
2747 3083 3026 3146 discrevit,
3069 3095 3127 3138 ιιι
3160 3095 3215 3138 ει
3249 3084 3546 3139 Christiani
3582 3084 3681 3137 im-

2075 3164 2359 3225 peratores
2399 3170 2498 3224 pro
2541 3166 2748 3210 aeterna
2797 3157 2908 3208 vita
2958 3154 3307 3225 pontiﬁcibus
3358 3155 3685 3225 indigerent,

2073 3234 2127 3279 et
2181 3224 2468 3294 pontiﬁces
2515 3241 2612 3295 pro
2660 3241 2823 3280 cursu
2878 3224 3260 3296 temporalium
3312 3224 3695 3281 tantummodo.

2073 3310 2254 3368 rerum
2288 3297 2664 3366 imperialibus
2689 3297 2900 3368 legibus
2929 3295 3231 3360 uterentur,
3261 3306 3531 3365 quatenus
3576 3295 3687 3368 spi-

2072 3367 2286 3422 ritualis
2315 3369 2459 3420 actio
2489 3367 2800 3423 carnalibus
2846 3368 3078 3422 distaret
3116 3368 3444 3432 incursibus,
3473 3379 3527 3422 et
3568 3367 3690 3423 ideo

2075 3439 2318 3492 militans
2349 3438 2456 3491 Deo
2490 3440 2714 3492 minime
2754 3455 2813 3492 se
2850 3440 3083 3509 negotiis
3118 3438 3470 3494 saecularibus
3507 3438 3687 3508 impli-

2074 3518 2248 3580 caret,
2281 3528 2311 3580 ιν
2348 3521 2457 3564 etc.
2501 3510 2676 3576 Quem
2732 3509 2909 3565 locum
2960 3509 3422 3580 tractansGlossa
3471 3510 3524 3563 in
3565 3525 3685 3580 cap.

2074 3579 2212 3632 Cum
2245 3579 2313 3633 ad
2345 3597 2542 3642 verum,
2588 3583 2717 3635 dist.
2762 3581 2851 3645 96,
2880 3582 2932 3634 in
2983 3584 3154 3636 verbo
3205 3579 3512 3650 Uxurpavit,
3564 3579 3690 3636 inde

2075 3653 2274 3727 colligi:
2304 3662 2605 3726 potes-tates
2632 3653 2728 3711 bas
2755 3669 2876 3713 esse
2901 3653 3124 3721 divisas,
3159 3655 3546 3727 imperatorem
3563 3667 3700 3715 non

2076 3725 2545 3809 haberegladiunt
2605 3729 2956 3810 temporalem
3013 3744 3040 3781 a
3091 3741 3228 3853 pana
3279 3726 3410 3809 (Q9).
3445 3725 3514 3780 Et
3545 3727 3687 3808 idem

2076 3798 2240 3852 habet
2290 3815 2341 3852 ιη
2397 3815 2441 3853 e.
2478 3799 2743 3853 Ouonmm
2797 3803 2902 3853 dist
2976 3798 3067 3853 10.
3123 3817 3153 3852 u
3198 3816 3212 3853 ι
3261 3807 3426 3852 etiam
3479 3797 3685 3852 addit:

2075 3798 2240 3852 habet
2290 3797 2341 3852 in
2397 3815 2441 3854 c.
2478 3797 2743 3865 Quoniam
2797 3803 2902 3855 dist
2976 3797 3212 3862 l0,’ubi
3261 3799 3426 3852 etiam
3479 3797 3685 3852 addit:

2079 3887 2098 3942 _t
2131 3868 2287 3942 Quod
2317 3885 2453 3940 papa
2499 3886 2607 3924 non
2642 3871 2833 3942 habet.
2864 3879 3159 3941 utrumque
3200 3869 3462 3942 gladium,
3489 3885 3506 3918 ι
3544 3865 3691 3938 (ιιιοέ

2075 3939 2484 4012 intelligendum
2514 3951 2599 3996 est
2622 3941 2852 4008 directe,
2878 3951 2932 3996 et
2956 3958 3053 4012 per
3071 3939 3160 4006 se,
3188 3939 3256 3996 tie
3278 3942 3350 3996 sit
3370 3954 3687 4012 erroneum,

2073 4021 2130 4064 et
2176 4009 2300 4081 quia
2348 4011 2562 4083 gladius
2611 4013 2928 4082 temporalis
2956 4009 3133 4083 'prout
3173 4021 3260 4068 est
3305 4012 3358 4066 in
3408 4009 3689 4083 pontiﬁce.

2073 4097 2216 4138 unus
2244 4081 2647 4152 quodammodo
2690 4081 2776 4138 est
2816 4099 2941 4139 cum
2972 4081 3281 4153 spirituali,
3315 4084 3444 4153 quia
3479 4081 3565 4136 ubi
3604 4090 3692 4138 est

2077 4169 2242 4224 unum
2293 4163 2518 4224 propter
2566 4154 2733 4216 aliud.
2787 4155 2861 4210 ibi
2913 4164 2996 4210 est
3048 4171 3214 4209 unum
3269 4165 3513 4215 tantum;
3557 4168 3685 4208 nam

2074 4223 2311 4295 alioqui,
2340 4235 2398 4279 ut
2440 4226 2697 4291 diximus,
2728 4235 2938 4281 certum
2984 4234 3071 4281 est
3120 4226 3434 4296 pontiﬁcem
3484 4225 3690 4296 habere

2075 4304 2368 4368 utrumque
2397 4296 2661 4368 gladium,
2689 4297 3031 4368 spiritualem
3059 4295 3516 4368 et’tentporalem,
3539 4295 3689 4368 quod

2075 4365 2158 4419 his
2208 4368 2374 4420 etiam
2404 4365 2589 4423 verbis
2640 4365 2838 4424 asserit
2873 4367 3089 4433 Glossa,
3133 4383 3202 4423 ex
3251 4365 3386 4423 iext.
3439 4367 3573 4421 ibid.
3632 4366 3690 4422 in

2073 4452 2193 4506 cap.
2236 4438 2285 4502 i,
2320 4438 2447 4498 una.
2475 4438 2567 4492 22.

2151 4508 2350 4562 Ultimo
2402 4510 2756 4564 statuendum
2806 4519 2911 4578 est,
2953 4509 3207 4579 quamvis
3247 4507 3490 4579 pontifex
3538 4521 3604 4561 ex
3639 4506 3692 4562 vi

348 4575 587 4652 gladium
613 4588 773 4652 tuum
804 4580 856 4633 in
884 4575 1123 4652 vagiitatn
1153 4580 1371 4651 (Matth.
1403 4597 1527 4636 xxvt
1549 4581 1761 4652 ςιοσιι.
1787 4587 1965 4652 xvnt).
1995 4579 2046 4638 D
2073 4594 2185 4652 sua:
2233 4581 2522 4652 potestatis
2578 4579 2816 4651 gladium
2875 4575 3075 4636 habeat
3133 4575 3499 4652 materialem
3531 4579 3692 4634 modo

349 4647 592 4723 Ecclesia
625 4651 798 4723 etiam
823 4651 902 4706 sic
933 4647 997 4706 de
1023 4647 1182 4705 Petro
1214 4652 1453 4722 loquitur
1480 4672 1490 4704 :
1522 4672 1541 4705 ‹
1569 4651 1647 4707 Tu
1692 4668 1752 4707 es
1776 4647 1968 4723 pastor

347 4721 595 4793 omnium
635 4721 899 4792 princeps
942 4721 1306 4793 apostolorum
1343 4765 1357 4786 ,
1411 4724 1505 4779 tibi
1555 4721 1787 4780 tradidit
1826 4725 1969 4780 Deus

347 4791 530 4866 omnia
564 4791 747 4866 regna
781 4791 1024 4866 mundi.)
1059 4794 1220 4849 Ratio
1253 4810 1378 4850 vero
1408 4805 1511 4859 est,
1547 4797 1671 4866 quia
1726 4806 1968 4866 potestas

347 4861 660 4929 spiritualis
689 4864 797 4918 nisi
831 4865 1054 4919 haberet
1082 4867 1264 4935 aliquo
1305 4867 1464 4937 modo
1494 4861 1841 4936 coniunctam
1871 4882 1968 4937 po-

348 4941 602 5010 testatem
648 4936 1034 5010 temporalem,
1061 4949 1206 4991 esset
1239 4935 1481 5010 inefficax
1515 4948 1568 4992 et
1600 4935 1816 5010 inﬁrma
1862 4935 1885 4990 Ξ
1913 4947 1970 4994 ει

348 5004 467 5060 ideo
491 5021 624 5077 eum
653 5004 828 5075 opera
860 5006 952 5061 Dei
991 5009 1100 5062 sint
1140 5007 1401 5077 perfecta,
1431 5020 1484 5062 et
1517 5021 1664 5064 recte
1695 5008 1966 5076 instituta,

344 5088 466 5130 cum
496 5076 675 5151 Petro
709 5077 862 5151 dedit
896 5076 1200 5151 supremam
1250 5079 1583 5148 spiritualem
1615 5089 1969 5151 potestatem,

346 5159 439 5214 seu
488 5146 850 5221 spiritualem
898 5146 1157 5218 gladium,
1188 5146 1334 5221 dedit
1388 5152 1554 5205 etiam
1592 5146 1966 5221 temporalem,

345 5230 436 5272 seu
460 5218 842 5292 materialem,
865 5229 1127 5292 quantum
1155 5222 1220 5275 ad
1253 5220 1412 5275 ﬁnem
1438 5221 1662 5276 alterius
1683 5218 1970 5292 potestatis

345 5291 687 5364 conveniens
719 5290 829 5364 sit.
872 5289 1021 5364 Unde
1065 5290 1254 5364 Glossa
1304 5293 1355 5346 in
1398 5308 1512 5364 cap.
1567 5289 1966 5358 Aucioritatem,

349 5360 509 5414 verbo
540 5360 853 5432 Hateriqli,
893 5361 978 5427 l5,
1009 5377 1041 5430 (ι
1090 5362 1146 5425 6,
1193 5372 1344 5418 notat
1372 5360 1801 5420 ecclesiasticum
1823 5363 1970 5432 judi-

347 5445 471 5506 _c_e_m_
481 5447 656 5506 posse
695 5431 945 5506 indicere
972 5434 1192 5506 bellum,
1215 5449 1280 5488 ex
1313 5433 1535 5506 Nicolao
1567 5450 1702 5506 papa
1736 5437 1787 5490 in
1815 5431 1967 5491 textu

345 5501 415 5575 ibi
443 5503 667 5558 dicente
719 5503 794 5575 ad
832 5504 1295 5575 archiepiscopum
1331 5501 1746 5567 Trevere'nsem.
1770 5519 1824 5561 et
1868 5507 1969 5560 dea

345 5569 592 5630 leuiores
637 5574 931 5651 Ecclesiae,
977 5569 1356 5651 _ttt_spi'ritttztli
1391 5589 1444 5632 et
1495 5579 1760 5633 materiali
1788 5577 1966 5651 gladio

348 5655 588 5719 utantur,
643 5649 832 5701 donec
876 5646 1244 5703 ecclesiastica
1305 5650 1443 5703 bona
1498 5646 1835 5719 recnpereni.

415 5716 556 5774 Hinc
589 5719 768 5774 tertio
801 5721 1148 5772 statuendum
1183 5727 1266 5774 est
1313 5719 1470 5775 aliter
1504 5716 1704 5776 habere
1747 5720 1963 5792 pontifi-

2068 4650 2180 4719 jam
2204 4649 2495 4719 explicato,
2523 4649 2631 4706 non
2657 4661 2840 4707 tamen
2865 4652 3065 4708 debere
3093 4652 3170 4705 uti
3195 4651 3284 4705 illo
3307 4666 3403 4720 per
3426 4649 3688 4719 seipsum,

2077 4735 2176 4792 nec
2219 4735 2313 4790 per
2354 4721 2762 4778 ecclesiasticas
2791 4738 3053 4792 personas
3095 4731 3248 4776 extra
3288 4722 3564 4792 propriam
3599 4720 3694 4777 de-

2075 4789 2381 4873 fensionem
2428 4795 2480 4847 in
2524 4809 2656 4874 _casu
2712 4789 2974 4874 extremm
3025 4789 3406 4874 necessitatis,
3451 4792 3551 4874 sed
3596 4805 3694 4874 per

2076 4862 2686 4938 principcs‘saeculares,
2711 4865 2913 4938 quibus
2941 4867 3470 4938 praeciperetpotest,
3500 4872 3558 4918 ιιι
3598 4862 3691 4919 illo

2079 4936 2130 4986 in
2156 4949 2309 4987 suam
2336 4935 2738 5002 defensionem,
2763 4947 2854 4991 aut
2875 4935 3082 5004 juStam
3117 4936 3412 4990 vindictam
3443 4945 3691 5004 utantur,

2077 5006 2294 5079 quando
2337 5021 2564 5063 necesse
2611 5005 2794 5062 fuerit.
2847 5003 2962 5065 Hoc
2991 5022 3255 5079 expresse
3297 5007 3437 5061 dixit
3471 5003 3692 5060 Bonifa-

2071 5078 2208 5140 cius,
2242 5075 2356 5132 loco
2382 5092 2547 5147 supra
2574 5079 2771 5146 citato;
2805 5095 2928 5135 nam
2963 5075 3087 5134 cum
3129 5079 3359 5133 dixisset
3399 5087 3693 5147 utrumque

2070 5147 2476 5219 gladiuuresse
2517 5151 2570 5204 in
2622 5160 2891 5218 potestate
2923 5149 3206 5214 Ecclesiae,
3251 5147 3692 5219 spiritualemet

2074 5217 2450 5291 temporalem,
2481 5217 2671 5274 addit:
2702 5220 2807 5276 Sed
2840 5223 2886 5277 is
2920 5222 3142 5291 quidem
3172 5217 3569 5290 pro‘Ecclesia,
3601 5217 3690 5291 ille

2073 5306 2201 5344 vero
2251 5290 2318 5343 ab
2370 5291 2607 5346 Ecclesia
2662 5289 3036 5356 exercendus;
3100 5289 3191 5346 ille
3251 5291 3581 5354 sacerdotis,
3641 5289 3686 5344 is

2074 5377 2236 5416 manu
2257 5375 2459 5433 _regum
2484 5373 2538 5416 et
2562 5364 2816 5428 militum,
2842 5365 2935 5418 sed
2961 5365 3028 5418 ad
3057 5374 3247 5417 nutum
3277 5373 3332 5418 et
3364 5362 3689 5433 patientiam

2077 5428 2401 5486 sacerdotis.
2433 5433 2498 5488 Et
2527 5435 2717 5489 eadem
2748 5434 2860 5488 fere
2893 5436 3054 5488 verba
3085 5435 3249 5490 habet
3283 5428 3586 5498 Gregorius
3616 5428 3689 5484 lX

2077 5503 2129 5556 in
2164 5502 2305 5556 dicta
2354 5505 2582 5573 epistola
2627 5507 2693 5557 ad
2737 5504 3090 5559 Germanum.
3138 5507 3314 5574 Atque
3366 5505 3471 5558 huc
3524 5502 3688 5556 modo

2075 5575 2426 5630 consuevisse
2453 5577 2738 5646 pontiﬁces
2766 5579 3008 5632 excitare
3035 5575 3354 5645 temporales
3382 5589 3431 5644 pi
3451 5574 3684 5646 incipes,

2074 5655 2129 5702 et
2159 5661 2258 5715 per
2285 5662 2380 5700 eos
2414 5644 2552 5701 bella
2591 5648 2848 5710 indicere,
2899 5662 2963 5701 ex
3003 5644 3248 5701 historiis
3291 5644 3683 5715 ecclesiasticis

2074 5713 2207 5773 satis
2243 5727 2477 5782 constat,
2511 5728 2565 5772 et
2595 5734 2661 5772 ex
2689 5719 2848 5789 epist.
2887 5719 3135 5790 Gregorii
3167 5718 3259 5772 lib.
3291 5733 3366 5784 tv,
3394 5717 3554 5787 epist.
3585 5713 3677 5785 3i,

418 5855 533 5927 (89;
579 5853 724 5911 Vide
773 5867 898 5924 cap.
947 5851 1070 5908 Duo
1110 5864 1253 5922 sunt,
1299 5855 1370 5912 96
1410 5857 1537 5912 dist.
1572 5872 1697 5912 cum
1733 5857 1855 5915 aliis
1885 5859 2106 5918 ibidem.
