4238 6302
413 354 518 413 321

1000 459 1334 519 EPISTOLA
1364 459 1457 515 XI.

412 593 484 634 Δο
531 590 879 634 τιιοιιοειυιι
915 584 1378 632 εικοϐιιωειιεειι
1407 613 1422 636 ,
1461 585 1533 628 ΒΤ
1571 583 1891 627 ιοουιριιυι
1925 582 2024 624 ιυ-

932 660 1165 702 ῦῠιιιιυιι
1220 657 1520 700 ειηεεορος.

412 760 822 816 Anconam-un.
845 787 920 798 —
955 755 1320 812 Theodosium
1349 752 1807 816 Senogalliensem
1831 762 1887 808 et
1910 753 2020 808 Ro-

491 828 767 910 ςίυὲριιυιιι,
787 827 1134 910 Eusebi-'0"?
1161 825 1442 910 emittite.
1457 863 1473 887 ν
1491 823 2020 910 ,ξίιὶτοῐιξιῐιέειοῖυφ

477 892 698 976 indiges
717 906 774 953 et
791 892 949 969 quasi
972 909 1230 976 censores
1249 892 1918 976 constituit,.pr:ecu)itq_ue
1938 901 2021 976 ut,

486 964 558 1022 iis
583 964 876 1038 diligenter
899 964 1187 1044 perlectis,
1217 964 1480 1044 quidquid
1511 965 1686 1018 visum
1716 964 1908 1044 fuerit,
1929 972 2022 1016 ant

484 1046 640 1098 ante.
671 1045 767 1091 aut
789 1043 912 1107 post
954 1049 1108 1107 suam
1158 1043 1388 1090 mortem
1432 1047 1757 1104 quacunque
1806 1042 2020 1088 ratione

486 1107 776 1178 corrigam
790 1105 859 1162 'et
887 1105 1199 1160 emendent‘.

483 1213 983 1272 Reverendissimis
999 1213 1290 1285 episcopis,
1315 1211 1620 1270 Timonem
1649 1211 2021 1282 oenogaltien-

403 1304 484 1375 si,
510 1313 570 1360 et
613 1305 910 1362 ltonuuno
935 1301 1219 1377 Eugubino
1242 1344 1257 1370 ,
1284 1301 1504 1360 Penus
1529 1312 1785 1374 peccator
1830 1317 2019 1359 mona-

403 1396 555 1455 chus
584 1398 926 1454 servitutem.

482 1484 716 1542 Noverit
738 1487 1005 1543 sanctitas
1040 1495 1245 1551 vestra,
1293 1486 1630 1543 dilectissimi
1673 1502 1804 1542 num
1834 1496 2018 1556 patres

401 1582 466 1630 et
490 1574 727 1641 domini,
768 1576 896 1646 quia
925 1576 1248 1648 pmsumpsi
1297 1576 1543 1648 quaedam
1582 1576 1839 1647 opuscula
1883 1576 2020 1632 scri-

405 1663 572 1731 bere.
601 1681 712 1722 non
737 1674 849 1721 tam
875 1665 1131 1722 videlicet
1158 1677 1216 1722 ut
1257 1667 1449 1739 legivis
1475 1667 1724 1741 (legibus)
1754 1668 2017 1724 ecclesia-

1599 343 1802 401 LIBER
1842 339 2195 411 QUARTUS,
2237 338 2456 397 EPIST.
2501 339 2591 395 Xll

2051 460 2106 521 Α
2204 453 2413 510 Domno
2443 450 2506 506 V.
2541 451 2996 509 reverendissimo
3025 450 3298 523 episcopo,
3342 451 3561 514 Penus
3592 468 3724 526 pec-

2126 557 2306 612 calor,
2333 546 2588 602 salutem.

2195 635 2330 693 Nolo
2361 647 2414 692 te
2440 630 2632 702 lateat,
2662 637 2994 693 venerabilis
3024 647 3215 704 trater.
3247 639 3375 710 quia
3414 640 3480 697 de
3510 641 3725 711 praediis

2123 727 2368 784 ecclesia:
2415 737 2541 795 tuae,
2579 744 2700 799 quae
2749 729 3054 784 distrahere
3099 732 3316 798 diceris,
3368 748 3474 790 non
3524 749 3725 805 parvus

2125 839 2314 880 rumor
2339 824 2595 889 increvit,
2614 839 2740 879 nam
2769 833 2825 880 et
2856 839 2952 880 cor
2980 835 3230 881 nostrum
3259 843 3364 883 non
3393 826 3496 882 levi
3525 843 3725 886 intero-

2123 916 2199 972 ris
2251 915 2439 972 aculeo
2477 931 2649 988 nuper
2699 917 2886 972 eadem
2935 915 3078 972 fama
3124 919 3417 974 transfixit.
3470 917 3724 990 Nunquid

2121 1007 2325 1064 oblitus
2351 1025 2410 1064 es
2445 1010 2589 1080 quod
2617 1017 2744 1065 ante
2773 1009 2888 1066 fere
2912 1011 3341 1082 quinquennium
3371 1011 3559 1069 Victor
3589 1028 3722 1084 apo-

2122 1098 2326 1156 stolica:
2357 1099 2512 1156 Sedis
2553 1102 2838 1173 episcOpus
2882 1101 3048 1174 (Vict.
3084 1119 3144 1158 ιι.
3168 1105 3328 1176 papa)
3375 1106 3430 1161 in
3477 1106 3724 1178 plenario

2121 1191 2357 1247 concilio
2381 1191 2673 1248 Florentiae
2695 1193 2991 1261 celebrato,
3018 1196 3106 1250 cui
3136 1195 3298 1250 simul
3324 1207 3378 1252 et
3409 1198 3537 1270 imp.
3573 1199 3723 1256 lien-

2120 1283 2268 1337 ricus
2298 1282 2565 1351 interfuit,
2610 1285 2713 1341 hoc
2747 1287 2849 1342 sub
2878 1290 3457 1346 exeommuuicationis
3492 1307 3722 1351 censura

2118 1374 2436 1444 prohibuit?
2462 1375 2544 1430 An
2579 1375 2800 1446 ignoras
2824 1379 2949 1447 quia
2982 1379 3050 1434 ad
3099 1381 3202 1436 hoc
3237 1374 3486 1438 ecclesiis
3515 1385 3722 1456 praedia

2119 1465 2475 1520 conferuntur
2508 1507 2523 1532 ,
2587 1475 2647 1521 ut
2695 1483 2759 1523 ex
2825 1468 2910 1525 his
2958 1485 3228 1544 pauperes
3297 1485 3717 1544 sustententnr,

2118 1557 2421 1628 indigentes
2466 1558 2714 1624 alantur,
2767 1568 2827 1615 ut
2868 1575 2935 1616 ex
2998 1563 3121 1630 his.
3184 1566 3360 1622 viduis
3405 1579 3569 1640 atque
3623 1586 3722 1642 pu-

2117 1647 2262 1718 pillis
2319 1650 2614 1707 subsidium
2663 1656 3034 1723 procuretur?
3087 1657 3344 1716 Ecclesia:
3391 1664 3590 1734 quippe
3630 1681 3723 1723 na-

400 1753 566 1809 διίείε
593 1794 610 1820 ’
662 1752 807 1825 quod
869 1755 1219 1810 temerarium
1282 1755 1458 1812 τυεηι
1516 1757 1718 1827 aliquid
1761 1757 2017 1813 adderem
2049 1821 2087 1827 Δ
2121 1741 2326 1796 scentis
2379 1742 2536 1797 initio
2580 1742 2668 1799 hic
2709 1760 2827 1800 mos
2867 1747 3124 1814 inolevit,
3150 1761 3209 1805 ut
3239 1743 3469 1823 quilibet
3501 1758 3722 1816 venien-

399 1858 580 1914 quam
617 1821 696 1898 ob
726 1843 833 1900 hoc
859 1845 1133 1917 praecipue
1168 1847 1293 1916 quia
1336 1848 1454 1902 sine
1481 1821 1723 1918 quolibet
1752 1848 2016 1906 εχει-εειίο
2044 1821 2095 1883 Β
2123 1839 2207 1887 tes
2243 1833 2311 1888 ad
2362 1833 2545 1901 tidem,
2579 1837 2984 1905 possessionum
3031 1821 3404 1915 suarum'jura
3450 1848 3722 1910 distrahe-

398 1933 609 1992 inertis
644 1933 744 1989 etii
774 1943 832 1990 et
869 1935 1180 1992 remotioris
1210 1937 1419 1992 cellulae
1467 1937 1624 1993 mdia
1674 1953 1780 1994 non
1810 1937 2021 2008 perfer-

404 2037 553 2082 rem.
580 2031 642 2078 ut
674 2022 767 2094 qui
812 2024 1070 2094 operibus
1110 2040 1366 2079 manuum
1399 2025 1603 2081 utiliter
1629 2026 1883 2082 insudare
1911 2041 2018 2082 non

396 2123 682 2185 poteram,
714 2128 813 2169 eor
841 2129 1037 2185 vagum
1065 2123 1228 2185 atque
1273 2114 1534 2170 lascivum
1564 2118 1799 2186 quodam
1831 2116 2015 2172 medi-

398 2203 639 2259 tationis
685 2203 807 2259 loro
851 2203 1262 2276 restringerem,
1292 2205 1479 2276 sicque
1519 2206 1909 2277 cogitationum
1937 2207 2020 2262 in-

396 2294 727 2364 gruentium
775 2295 1089 2365 strepitum,
1138 2304 1300 2365 atque
1348 2296 1549 2351 acediae
1579 2298 1892 2368 obrepentis
1936 2299 2019 2354 in-

393 2384 668 2454 stantiam
740 2384 958 2442 facilius
1009 2387 1403 2458 propulsarem.
1453 2388 1562 2445 Sed
1605 2392 1862 2459 quoniam
1899 2390 2016 2461 jam

394 2475 554 2532 illius
605 2475 879 2534 examinis
908 2477 1272 2536 tribunalibus
1321 2481 1716 2553 appropinquo.
1767 2483 1858 2539 ubi
1910 2501 2017 2540 non

398 2565 576 2620 modo
597 2563 669 2621 de
691 2566 875 2622 verbis
901 2573 958 2622 et
981 2567 1220 2639 scriptis,
1244 2566 1388 2625 ultro
1410 2569 1576 2626 etiam
1605 2571 1673 2626 de
1711 2571 2017 2629 minutissi-

394 2655 510 2710 mis
557 2655 985 2726 cogitationibus
1033 2657 1426 2715 dlscussionem
1469 2660 1842 2717 ventilandum
1889 2678 2013 2720 esse

393 2757 512 2800 non
569 2743 790 2817 ambigo
819 2785 837 2813 ,
885 2747 1196 2804 sanctitatis
1239 2759 1437 2804 vestra!
1477 2752 1820 2821 prudentiam
1845 2793 1860 2819 ,
1908 2769 2015 2824 qua

390 2834 582 2901 valeo,
613 2835 1015 2906 supplicatione
1038 2837 1298 2910 deposco,
1328 2848 1411 2905 ut.
1438 2848 1535 2896 aut
1559 2856 1645 2896 me
1667 2841 2012 2909 adveniente.

391 2926 442 2983 si
488 2935 678 2993 vacat,
722 2935 820 2982 aut
861 2939 1151 3000 postquam
1202 2945 1290 2986 me
1317 2931 1472 2988 obire
1501 2922 1809 3005 contigerit,
1855 2937 2016 3006 quid-

393 3018 538 3089 quid
569 3017 957 3088 opusculorum
975 3037 1221 3078 meorum
1251 3023 1498 3080 invenire
1523 3027 1774 3095 potestis,
1803 3035 2010 3084 attenta

397 3107 695 3178 diligentia
737 3107 1049 3181 perlegatis.
1078 3110 1146 3167 Et
1187 3112 1388 3183 siquid
1415 3113 1470 3169 in
1500 3114 1588 3171 his
1619 3116 1900 3173 catholica
1927 3134 2011 3174 re-

2125 1933 2268 1990 rent,
2299 1934 2462 1993 atque
2500 1927 2566 1980 ad
2611 1927 2779 1997 pedes
2817 1931 3182 2000 apostolorum
3210 1936 3444 2005 pretium
3475 1941 3618 2008 quod
3651 1955 3721 1998 ex

2119 2014 2206 2069 his
2235 2015 2572 2082 sumebatur,
2601 2018 2879 2076 oﬂ‘errent.
2911 2021 3064 2079 Unde
3107 2033 3164 2080 et
3193 2025 3246 2079 in
3275 2041 3464 2084 eorum
3493 2031 3722 2090 Actibus

2119 2102 2320 2174 legitur
2349 2123 2362 2158 :
2395 2125 2412 2157 ι
2444 2105 2723 2178 Quotquot
2747 2151 2762 2177 ,
2792 2110 2964 2183 inquit
2984 2153 2999 2178 .
3045 2130 3387 2186 possessores
3438 2135 3716 2193 agrorum,

2118 2206 2215 2250 aut
2267 2196 2551 2252 domorum
2589 2210 2790 2268 erant,
2845 2203 3139 2262 vendentes
3185 2207 3488 2266 aﬂ'erebant
3544 2215 3752 2284 pretia.

2118 2301 2306 2342 eorum
2339 2303 2459 2358 qua:
2490 2291 2820 2360 vendebant,
2848 2301 2904 2349 et
2932 2295 3204 2366 ponebant
3238 2308 3367 2360 aute
3393 2304 3560 2372 pedes
3588 2321 3720 2376 apo-

2118 2378 2380 2435 stolorum
2427 2380 2586 2451 (Act.
2635 2384 2752 2455 tv).
2819 2404 2838 2438 ι
2881 2385 3229 2445 Prtecedente
3285 2407 3417 2450 vero
3472 2404 3720 2468 tempore

2117 2471 2326 2526 sanctis
2368 2471 2737 2532 Ecclesisrum
2770 2478 3074 2536 rectoribus
3123 2482 3297 2538 visum
3345 2494 3452 2552 est,
3495 2498 3555 2543 ut
3597 2488 3716 2559 ipsa

2117 2562 2298 2631 potius
2342 2563 2589 2620 ecclesiis
2637 2567 2838 2636 pradia
2881 2569 3244 2628 traderentur.
3304 2574 3456 2633 Uade
3510 2578 3719 2637 scilicet

2118 2668 2223 2708 non
2254 2657 2416 2713 modo
2438 2657 2669 2713 clericos
2693 2661 2863 2717 sacris
2890 2662 3222 2720 excubantes
3249 2665 3446 2724 officiis
3471 2669 3717 2728 ecclesia:

2115 2758 2385 2815 pasceret,
2418 2749 2513 2804 sed
2555 2759 2606 2806 et
2649 2751 2917 2821 refrigerii
2940 2755 3133 2824 stipem
3165 2757 3396 2816 diversis
3425 2760 3718 2833 indigenti-

2115 2837 2237 2901 bus,
2281 2849 2336 2895 et
2380 2840 2562 2911 inopia
2612 2840 2989 2901 laborantibus
3027 2846 3384 2906 ministraret.
3433 2850 3716 2924 Perpende

2117 2933 2299 3003 igitur,
2324 2933 2656 2990 venerabilis
2681 2934 2888 3002 frater,
2927 2947 3253 3008 quantorum
3292 2943 3712 3004 bomicidiorutn

2115 3021 2170 3075 in
2214 3022 2300 3077 die
2344 3020 2537 3092 iudicii
2587 3039 2714 3080 reus
2761 3025 2890 3093 erit,
2920 3027 3013 3098 qui
3043 3029 3204 3086 modo
3232 3038 3312 3086 tot
3339 3035 3599 3104 orphanis
3632 3037 3714 3095 dl-

2113 3113 2398 3182 versisquc
2425 3115 2779 3182 pauperibus,
2809 3117 2953 3171 unde
2982 3117 3164 3174 vivere
3193 3118 3445 3190 debeant,
3488 3126 3708 3183 subtra-

391 3195 543 3266 gula
600 3195 931 3284 dissonum.
984 3198 1031 3253 si
1087 3199 1217 3269 quid
1270 3214 1552 3257 sacrarum
1601 3191 2080 3274 SeripturarnmC
2112 3201 2212 3256 hit.
2266 3201 2346 3254 Ad
2407 3201 2643 3256 tribunal
2708 3203 2852 3260 illius
2895 3205 2990 3275 qui
3042 3222 3309 3278 pauperes
3357 3212 3712 3284 singulariter

389 3283 718 3340 auctoritati
749 3287 1024 3357 reperitur
1048 3287 1368 3354 adversum,
1412 3300 1572 3360 prout
1603 3293 1778 3349 visum
1820 3295 2004 3363 fuerit,

388 3373 482 3430 vel
537 3389 768 3446 prorsus
824 3377 1175 3445 abscindere,
1201 3380 1284 3436 vel
1314 3381 1382 3437 ad
1432 3397 1624 3440 sanum
1673 3386 2006 3444 intellectum

393 3477 713 3524 correctam
743 3471 1074 3526 sententiam
1103 3487 1378 3540 revocare,
1404 3485 1672 3546 quatenus
1699 3478 1849 3550 quod
1871 3497 2005 3539 mea:

390 3556 726 3615 stoliditatis
761 3559 1067 3630 ignorantia
1099 3562 1448 3632 depravatur,
1489 3567 1558 3622 ad
1585 3583 1749 3626 rectae
1790 3571 1915 3628 ﬁdei
1940 3573 2006 3630 li-

389 3662 560 3703 neam
620 3659 820 3706 vestrm
868 3651 1178 3709 sanctitatis
1228 3653 1505 3727 diligentia
1567 3659 1918 3730 reformctur,
1949 3673 2005 3720 et

2111 3290 2307 3362 diligit,
2343 3292 2434 3361 qui
2476 3306 2536 3347 se
2563 3294 2616 3347 in
2659 3307 2898 3364 paupere
2929 3295 3102 3366 reﬁci,
3131 3298 3185 3356 in
3232 3317 3471 3374 paupere
3497 3321 3558 3363 se
3582 3323 3710 3379 per-

2107 3381 2258 3436 bibet
2303 3383 2516 3438 esurire
2553 3381 2772 3454 (Matth.
2803 3388 2969 3458 xxv);
3023 3387 3089 3442 ad
3137 3389 3414 3460 tribunal,
3461 3396 3710 3468 inquam,

2106 3469 2254 3525 illius
2284 3485 2390 3542 qua
2417 3473 2748 3528 conscientia
2791 3477 2960 3543 venit,
2994 3479 3085 3549 qui
3116 3480 3378 3539 alimenta
3404 3500 3466 3541 se
3491 3489 3712 3546 subtra-

2105 3559 2254 3615 xisse
2293 3563 2624 3630 pauperibus
2654 3567 3041 3636 recognoscit?
3067 3567 3125 3624 Si
3155 3570 3449 3630 damnatur
3478 3575 3592 3644 ille,
3615 3581 3710 3651 qui

2106 3649 2190 3704 vel
2219 3665 2385 3704 unum
2412 3651 2687 3707 hominem
2730 3656 2962 3724 peremit
2993 3656 3160 3726 ferro,
3187 3676 3291 3733 qua
3335 3668 3604 3723 sententia
3629 3649 3714 3726 di-

387 3736 498 3792 boe
545 3752 645 3808 per
677 3754 777 3795 vos
805 3742 1059 3796 emendet
1101 3742 1362 3811 cbaritas.
1398 3762 1518 3816 qua:
1562 3750 1792 3807 adiﬁcat
1814 3792 1828 3817 .
1859 3755 2005 3824 quod

2112 3756 2240 3812 gnus
2266 3742 2391 3807 erit,
2412 3743 2504 3813 qni
2527 3741 2667 3799 bona
2692 3745 2948 3804 Ecclesiae
2969 3749 3326 3824 profligando,
3354 3759 3708 3829 quamplurcs

391 3842 501 3899 per
562 3843 653 3884 me
700 3829 930 3902 deliquit
975 3832 1224 3897 scientia,
1279 3851 1400 3906 qua
1452 3835 1699 3895 fortassis
1755 3842 1999 3900 iuuat)...
2105 3832 2369 3888 interﬁcit
2417 3833 2577 3891 famis
2618 3847 2671 3892 et
2701 3838 2898 3909 inopia:
2932 3841 3145 3912 gladio?
3173 3845 3251 3902 De
3278 3849 3479 3918 quibus
3521 3851 3708 3910 divina

385 3920 540 3988 Quid
595 3921 744 3976 enim
793 3923 994 3978 mirum
1022 3965 1038 3990 ,
1089 3925 1135 3981 si
1187 3940 1288 3998 ego
1320 3927 1603 4000 imperitus
1647 3941 1704 3988 et
1749 3935 2002 3994 animati;
2103 3941 2238 3981 voce
2284 3926 2427 3982 malo
2465 3929 2686 3986 cuilibet
2722 3933 2988 3990 venditori
3032 3936 3145 4007 jam
3203 3941 3406 3997 dicitur
3443 3961 3455 3998 :
3496 3962 3515 3995 ι
3567 3944 3708 4004 Ecce

386 4012 565 4066 lromo
615 4011 1027 4071 dictatiunculis
1078 4017 1212 4073 meis
1260 4029 1478 4077 sanctos
1525 4023 1674 4078 viros
1713 4026 1999 4085 adhibeam
2103 4008 2208 4074 νὸι
2255 4021 2539 4091 εηηευίηίε
2574 4020 2760 4078 ίηιτίδ
2811 4025 2885 4078 ὐἱ
2933 4026 3138 4084 Clam“
3185 4032 3254 4087 ad
3302 4048 3391 4090 me
3440 4035 3602 4110 1“
3638 4037 3708 4095 de

377 4099 635 4170 judices,
674 4104 1115 4174 quandoquidem
1151 4105 1326 4164 Lucas
1373 4118 1429 4165 et
1475 4109 1689 4170 Marcus
1740 4115 1794 4171 in
1823 4117 2000 4176 Ενεη-
2103 4119 2248 4165 terra
2276 4109 2431 4183 (Gen.
2462 4114 2559 4178 tv).
2587 4133 2605 4166 ι
2630 4115 2696 4170 Et
2731 4117 2823 4174 ille
2849 4120 3070 4189 quidem
3099 4121 3326 4181 fratrem
3349 4099 3596 4197 percu—iit
3624 4131 3707 4188 in-

380 4192 580 4263 geliis.
639 4208 761 4263 quae
812 4194 1020 4266 Spiritu
1066 4207 1257 4254 saneto
1290 4200 1526 4259 dictante
1574 4205 1995 4278 descripserant,

2112 4203 2265 4269 vidia,
2293 4205 2420 4274 quia
2447 4207 2777 4263 sacrificium
2801 4208 2919 4279 ejus
2945 4227 3054 4268 non
3084 4223 3186 4281 est,
3218 4217 3328 4274 Deo
3349 4192 3702 4293 reprobante,

381 4277 614 4335 Petrum
637 4289 696 4336 et
719 4281 952 4339 Paulum
976 4287 1248 4357 apostolos
1265 4289 1502 4348 habuere
1525 4277 1816 4353 censores?
1839 4301 1996 4374 123
2099 4306 2429 4366 susceptum.
2468 4297 2564 4354 lsti
2606 4277 2923 4374 plerumque
2970 4306 3076 4362 tale
3105 4277 3233 4379 quid
3280 4277 3704 4377 faciu'ntvamwore

381 4373 564 4484 Porio
595 4386 782 4484 autem
810 4381 1070 4484 (ingnium
1101 4395 1166 4436 ex
1199 4383 1286 4439 his
1332 4386 1424 4456 qui
1456 4390 1741 4446 exercitati
1785 4393 1910 4452 sum
1941 4373 1995 4451 tu
2099 4389 2363 4484 pecunia,
2396 4409 2415 4442 ι
2448 4393 2594 4461 quod
2622 4401 2706 4449 est
2729 4373 2964 4453 servitus
2994 4373 3258 4459 idolorum
3290 4403 3509 4478 (Ephes.
3536 4373 3696 4484 ιιι)ᾏῖ

382 4463 844 4562 meditationibus
897 4465 1304 4539 Scripturarum
1333 4513 1349 4537 ,
1401 4477 1637 4544 purioris
1691 4480 1839 4537 circa
1902 4498 1994 4539 me
2021 4545 2067 4562 λ
2101 4475 2209 4532 Sed
2243 4479 2366 4548 quia
2393 4483 2624 4538 conveni
2653 4492 2726 4548 te.
2754 4500 2820 4541 ac
2846 4502 3011 4558 super
3039 4489 3122 4546 bis
3150 4507 3257 4562 qua
3291 4463 3488 4554 licebat

381 4549 538 4665 ﬂdLei.
573 4561 633 4607 et
679 4554 1093 4665 abundantioris
1121 4559 1406 4662 clraritatis
1445 4565 1679 4637 aliquem
1727 4583 1854 4626 esse
1882 4587 1990 4629 non
2021 4545 2069 4606 θ
2097 4545 2274 4628 ritate
2307 4576 2584 4646 corripui,
2645 4545 2972 4650 respondisti
3023 4545 3700 4665 parumlqu-idlsse—qigd

377 4643 644 4750 arbitror:
679 4643 882 4750 idcirco
907 4647 1060 4704 vobis
1089 4650 1428 4720 potissimum
1473 4655 1632 4726 hujus
1661 4656 1858 4716 fascem
1905 4663 1987 4716 la-
2096 4662 2280 4718 datum
2313 4675 2415 4732 est,
2449 4643 2549 4722 nec
2578 4668 2652 4724 rei
2683 4643 2904 4727 modum
2938 4643 3176 4733 tenuisse
3199 4643 3525 4750 quod—milii,

379 4732 534 4834 boris
561 4732 810 4838 iniungo.
843 4733 935 4792 Sic
965 4738 1149 4849 igit'ur,
1183 4740 1521 4849 dilectissimi
1551 4785 1566 4808 .
1599 4748 1652 4802 in
1689 4749 1791 4805 hoc
1815 4752 1990 4821 pieta-
2095 4755 2349 4825 vulgante
2377 4799 2389 4818 ,
2445 4759 2710 4827 perlatum
2756 4773 2863 4820 est.
2919 4766 3002 4821 Ad
3039 4770 3182 4841 quod
3207 4732 3700 4849 ἐέᾶξῖιιξιὶξιξᾶξ

377 4823 450 4877 tis
473 4837 646 4923 opere
665 4826 833 4925 etiam
863 4840 951 4935 me
980 4827 1243 4935 defuncto.
1261 4831 1445 4930 fideles
1472 4846 1668 4904 estote,
1697 4841 1777 4901 sic
1798 4842 1985 4900 ultima
2095 4823 2344 4917 guttatim
2372 4823 2549 4920 liquor
2583 4864 2823 4919 emanat.
2857 4860 2949 4927 qui
2983 4823 3182 4918 tamen
3317 4823 3699 4935 irroratis-

378 4911 594 5013 veteris
623 4911 883 5018 amicitia:
907 4913 1032 5020 jura
1065 4917 1357 4986 persolvite
1385 4931 1444 4977 ut
1470 4932 1525 4978 et
1559 4940 1667 4990 me,
1701 4926 1745 4982 si
1769 4944 1990 4998 qua-rev
2093 4951 2255 5009 enat;
2307 4944 2440 4998 uber
2485 4947 2649 5000 etiam
2700 4911 3130 5018 promptuariem
3160 4993 3174 5018 .
3232 4911 3377 5014 unde
3423 4962 3697 5020 modicum

377 5007 613 5104 ρειῗίιυτ.
672 5007 882 5117 efforts
917 5010 1022 5111 ῐξὶεί
1061 5024 1202 5117 1128⁸³
1248 5028 1356 5068 ιιοιὶ
1387 5023 1607 5083 ῐοῐιοθι.
1655 5026 1710 5072 οι
1739 5021 1892 5075 Vobis
1919 5035 1987 5077 ex
2091 5032 2219 5101 quid
2265 5035 2506 5102 quotidie
2558 5036 2764 5090 tollitur
2792 5081 2808 5104 ,
2849 5007 3069 5097 tandem
3118 5045 3414 5117 aliquando
3465 5067 3696 5110 vacuum

377 5094 631 5164 impenso
695 5096 984 5154 charitatis
1034 5100 1215 5159 ofﬁcio
1272 5106 1616 5164 ormmiorum
1681 5111 1986 5169 cmlestium
2092 5124 2382 5192 reperitur.
2426 5125 2668 5194 liiipsinn
2717 5137 2901 5188 tamen
2940 5133 3084 5202 quod
3133 5094 3329 5203 parum
3379 5149 3435 5194 et
3483 5146 3697 5212 pet-exi-

375 5197 601 5243 merces
633 5197 938 5245 accrescat.

2112 5230 2255 5281 {unm
2283 5214 2439 5278 dicis,
2471 5215 2766 5282 jndicantis
2795 5220 2980 5274 omnia
3015 5223 3300 5280 scientiam
3335 5222 3444 5283 nun
3483 5197 3693 5290 evadit.

893 5302 1301 5364 EPISTOLA
1352 5307 1498 5364 ΧΗ,
2089 5305 2227 5360 Antii
2264 5307 2392 5375 quid
2425 5306 2688 5362 Jeremias
2740 5309 2886 5380 dicat
2936 5329 2949 5366 :
3000 5333 3016 5364 ι
3043 5313 3287 5371 .Fectum
3341 5331 3429 5375 est
3466 5299 3692 5380 verbum

947 5434 1016 5474 AD
1048 5435 1101 5476 ν.
1142 5437 1446 5480 EPISCOPUI.

2112 5398 2307 5454 )omini
2345 5400 2412 5454 ad
2450 5416 2536 5455 me
2574 5401 2757 5456 dicens
2791 5422 2802 5455 ε
2840 5405 2982 5460 Ecce
3023 5407 3298 5464 Ananciiel
3334 5411 3690 5488 [Anameliell

2092 5487 2236 5542 ﬁlius
2265 5487 2406 5543 Sella
2434 5490 2697 5558 patruelis
2726 5492 2798 5544 tui
2830 5495 3009 5549 veniet
3041 5497 3106 5548 ad
3150 5507 3221 5562 te,
3266 5499 3455 5556 dicens
3505 5519 3520 5557 :
3552 5505 3688 5562 Eme

2090 5580 2186 5634 tibi
2230 5597 2417 5650 agrum
2450 5596 2653 5646 meum,
2700 5583 2790 5651 qui
2842 5595 2928 5638 est
2977 5586 3028 5638 in
3064 5588 3369 5656 Anathoth;
3407 5595 3500 5648 tibi
3535 5598 3682 5653 enim

2085 5671 2348 5741 compa-tit
2369 5687 2431 5726 ex
2458 5673 2882 5742 propinquitate,
2902 5684 2960 5729 nt
2977 5691 3126 5732 emas
3144 5693 3268 5734 eum
3285 5683 3414 5747 (Jer.
3435 5688 3629 5760 xxx").
3653 5707 3672 5743 ι

2084 5761 2149 5821 Et
2181 5763 2340 5832 paulo
2383 5772 2503 5817 nost
2545 5763 2722 5818 subdit
2774 5781 2784 5816 :
2827 5782 2842 5816 t
2890 5763 3132 5822 Intellexi
3174 5782 3352 5827 autem
3383 5777 3526 5844 quod
3557 5791 3676 5834 ver.

371 5535 786 5591 Assuunruu.
846 5567 913 5608 -έ
963 5536 1286 5608 Episcopum
1351 5541 1596 5596 ecclesia:
1645 5544 1782 5599 bona
1813 5583 1816 5586 ~
1845 5546 1980 5600 alie-

448 5615 673 5686 nan_tent
726 5607 1186 5686 repreliendituet
1234 5613 1599 5686 magnitudine
1622 5617 1822 5686 “culpa:
1852 5625 1980 5672 ante

441 5675 633 5732 owlos
655 5677 864 5757 _posita
891 5718 905 5740 ,
955 5677 1203 5734 hortatur
1241 5695 1310 5737 ne
1325 5675 1482 5750 'quid
1512 5685 1688 5740 simile
1719 5675 1770 5741 in
1805 5696 1978 5757 postc-

447 5759 566 5800 rum
599 5745 878 5802 admittat.
