4260 6406
605 341 710 399 323

1136 338 1194 394 S.
1234 334 1439 394 PETRI
1477 333 1764 393 DAMANI
1800 334 1951 392 OPP.
1992 335 2175 395 PARS
2210 334 2343 393 SEU
2383 334 2621 393 Τοιιυε
2645 334 2687 389 1.
2727 364 2797 377 -
2833 333 3052 391 EPIST.
3087 333 3216 390 LIB.
3257 332 3391 392 VIII.

601 460 729 516 bum
762 455 971 513 Domini
1002 462 1241 523 esset,_et
1270 455 1373 508 emi
1404 467 1589 524 agrum
1630 450 1699 506 ab
1737 450 2019 505 Ananehel
2065 449 2173 507 lilio
2199 453 2249 515 Α
2276 446 2459 521 plebes
2501 448 2845 504 sacularibus
2895 450 3140 515 tradunt;
3174 449 3209 503 ii
3252 448 3504 503 nimirum
3556 454 3709 503 tanto
3736 462 3864 519 gra-

602 548 862 621 patruclis
910 546 1032 611 mei,
1085 544 1174 613 qui
1219 551 1301 598 est
1346 544 1397 597 in
1443 541 1736 606 Anathoth,
1765 549 1819 595 et
1868 541 2094 611 appendi
2127 542 2177 597 ei

603 648 974 711 argumentum
1032 646 1235 707 septem
1288 644 1518 690 statores
1562 643 1618 689 et
1662 634 1845 689 decent
1892 642 2179 703 argenteos

603 732 815 803 (larem.
842 733 1039 798 xuii).
1061 727 1238 796 (Ecce
1266 740 1426 795 quam
1448 724 1625 790 exilis,
1648 739 1809 794 quam
1828 736 2025 792 parvus
2047 737 2178 793 ager

599 819 688 875 ille
711 818 873 885 fuisse
909 816 1276 887 perpenditur,
1317 826 1374 869 ut
1400 815 1582 870 decem
1609 814 1871 869 duntaxat
1901 813 2175 882 argenteis

595 920 648 967 et
674 922 879 981 septem
924 910 1218 966 stateribus
1243 917 1533 972 emeretur,
1562 915 1616 961 et
1644 916 1822 961 tamen
1852 920 2017 975 super
2049 920 2173 959 eum

595 1003 816 1058 verbum
842 1002 1051 1057 Domini
1072 1001 1138 1055 ad
1166 1014 1224 1057 se
1245 998 1445 1054 factum
1468 997 1726 1068 propheta
1758 1004 2006 1052 testatur.
2037 994 2171 1048 Nam

596 1101 650 1148 et
676 1092 851 1147 eidem
881 1091 1130 1146 Jeremia
1172 1087 1432 1156 tantifuit
1458 1085 1682 1156 agellus,
1709 1094 1769 1139 ut
1793 1085 1859 1139 de
1887 1100 1952 1139 eo
1983 1084 2127 1139 dicat
2155 1101 2168 1135 :

601 1198 621 1233 ι
657 1180 725 1235 Ει
762 1181 952 1251 scripsi
988 1180 1041 1234 in
1088 1152 1331 1242 libro,e1
1368 1152 1593 1245 signavi,
1638 1183 1692 1228 et
1720 1172 1936 1227 adhibui
1980 1179 2169 1236 testes,

594 1282 652 1329 et
700 1271 926 1342 appendi
975 1276 1255 1339 argentum
1301 1266 1351 1319 in
1402 1273 1628 1330 statera,
1677 1274 1731 1319 et
1761 1262 1941 1331 accepi
1973 1262 2170 1315 librum

580 1363 949 1434 possessionis
978 1362 1267 1432 signatum,
1300 1358 1693 1423 stipulationes,
1717 1365 1772 1411 et
1799 1365 1913 1409 rata
1936 1364 1991 1410 et
2019 1355 2169 1425 signa

593 1452 889 1507 forinsecus
916 1450 1078 1513 (Ibid.
1105 1449 1159 1517 );
1194 1470 1212 1502 ι
1252 1458 1307 1503 et
1330 1449 1435 1501 alia
1470 1447 1619 1518 plura
1644 1460 1766 1512 qua
1791 1445 1882 1500 hic
1910 1445 2169 1500 adnotare

589 1543 993 1615 pestponimus,
1048 1558 1117 1597 ne
1176 1540 1445 1595 tastidium
1496 1539 1793 1611 legentibus
1840 1550 2164 1607 Ingeramus.

590 1636 727 1692 Dum
773 1651 902 1706 ergo
944 1644 1052 1688 tam
1098 1647 1259 1702 parva
1305 1632 1572 1702 possessio
1599 1646 1627 1684 a
1660 1631 1920 1700 propheta
1954 1639 2058 1681 tam
2086 1643 2168 1682 so-

589 1726 837 1783 lemniter
861 1725 1080 1789 emitur,
1112 1734 1171 1777 ut
1194 1723 1354 1777 etiam
1383 1722 1575 1777 divina
1617 1722 1764 1775 vocis
1791 1719 2007 1774 oraculo
2031 1734 2167 1786 prae-

2280 540 2398 594 vius
2432 538 2747 607 delinquunt
2783 548 2988 609 quanto
3016 547 3076 592 et
3126 538 3463 609 sacrilegium
3521 537 3867 593 committere

2278 630 2691 694 convincuntur,
2725 632 2852 700 quia
2885 639 2940 686 et
2976 639 3159 684 sancta
3186 629 3491 700 profanant,
3517 640 3573 684 et
3599 631 3705 695 his,
3738 632 3863 701 qui-

2276 720 2377 775 bus
2405 720 2561 790 quasi
2608 720 2926 775 beneficium
2974 728 3330 792 prarogatur,
3361 736 3627 776 venenum
3664 721 3864 780 lethale

2276 811 2585 883 prepinant.
2634 811 2771 879 Quid
2801 820 2883 865 est
2927 811 3068 865 enim
3121 811 3362 866 decimas
3406 812 3457 865 in
3488 827 3645 866 usum
3692 826 3866 867 sacu-

2274 902 2467 957 larium
2498 912 2731 967 vertere,
2767 903 2867 957 nisi
2896 902 3233 957 mortiferum
3283 904 3365 958 eis
3408 904 3580 970 virus,
3603 919 3713 975 quo
3740 918 3864 975 pcr-

2274 1001 2424 1057 eant,
2477 992 2771 1048 exhibere?
2825 992 2939 1048 Huc
2996 993 3206 1047 accedit
3254 992 3399 1063 quod
3436 1002 3493 1049 et
3552 994 3859 1064 plebesanis

2268 1084 2414 1153 justa
2444 1084 2603 1140 datur
2639 1085 2870 1145 occasio.
2896 1096 2953 1139 ut
2983 1085 3295 1143 matricibus
3315 1085 3428 1141 suis
3455 1087 3705 1142 ecclesiis
3732 1087 3861 1142 obe-

2275 1178 2532 1232 dientiam
2561 1178 2902 1242 subtrahant,
2932 1186 2991 1232 ut
3015 1193 3123 1233 non
3149 1177 3230 1233 eis
3254 1178 3489 1248 legitima
3522 1180 3857 1235 decimarum

2275 1267 2476 1322 tributa
2500 1267 2840 1338 persolvant;
2872 1275 2925 1321 et
2950 1268 3066 1323 hac
3095 1282 3284 1322 revera
3316 1277 3440 1323 sunt
3469 1269 3688 1337 egregia
3716 1269 3853 1324 dona

2272 1358 2567 1428 pontificis,
2596 1359 2789 1428 quibus
2815 1359 3069 1413 nimirum
3104 1360 3278 1413 honor
3326 1359 3573 1415 ecclesiis
3602 1361 3811 1416 tollitur
3837 1380 3851 1417 :

2271 1452 2542 1520 accipient
2572 1451 2714 1521 quod
2746 1452 2903 1505 datur
2928 1453 2981 1505 in
3020 1451 3313 1520 perniciem
3357 1452 3607 1517 vertitur,
3629 1452 3856 1522 populus

2271 1559 2299 1597 a
2331 1542 2624 1597 Christiani
2656 1544 2789 1598 ritus
2832 1544 3132 1598 oliedientia
3168 1554 3469 1598 revocatur.
3518 1544 3601 1598 Ab
3632 1544 3718 1599 his
3757 1544 3853 1599 ita-

2270 1650 2376 1705 que
2426 1634 2704 1705 sacrilegis
2756 1636 2932 1699 donis,
2988 1634 3338 1690 dilectissime
3392 1633 3581 1700 frater,
3635 1650 3852 1690 manum

2271 1728 2509 1789 retrahe,
2558 1726 2625 1780 ab
2657 1726 2739 1779 his
2784 1725 3023 1787 nefariis,
3085 1724 3434 1796 profanisque
3483 1728 3853 1781 contractibus

591 1822 820 1884 dicatur,
849 1817 1097 1888 qualibet
1118 1814 1469 1870 ecclesiastici
1492 1813 1633 1883 juris
1653 1810 1941 1866 hareditas
1964 1822 2165 1878 quanto
2197 1838 2237 1897 Β
2268 1831 2425 1874 cauta
2454 1834 2666 1888 semper
2706 1834 2770 1873 ac
2813 1818 3222 1897 diligentissipa
3250 1828 3304 1873 te
3354 1818 3668 1889 provisione
3698 1833 3851 1874 com-

591 1912 657 1967 ad
686 1910 1017 1965 vendendum
1051 1907 1209 1961 debet
1254 1919 1372 1959 esse
1421 1902 1638 1966 terrori,
1680 1916 1745 1955 ex
1776 1916 1880 1969 qua
1917 1898 2166 1952 videlicet

589 2004 833 2059 Christus
868 2002 920 2055 in
964 2001 1078 2055 suis
1117 2000 1274 2053 debet
1302 1992 1662 2067 indigentibus
1704 1992 2030 2048 sustentari?
2059 1990 2168 2046 Sed

588 2094 719 2164 quid
766 2094 830 2147 de
875 2092 1183 2147 venditione
1231 2086 1540 2158 loquimur?
1579 2099 1700 2140 cum
1734 2099 1838 2139 non
1870 2084 2029 2137 modo
2078 2098 2164 2147 ea,

590 2199 709 2254 qua
744 2184 1157 2253 emphyteuseos
1185 2188 1313 2232 sunt
1356 2178 1526 2232 locata
1569 2183 1885 2235 contractu,
1920 2172 1999 2226 vel
2042 2172 2166 2240 jure

587 2276 927 2347 proveniunt,
970 2274 1083 2327 sive
1108 2272 1271 2326 etiam
1301 2284 1419 2338 qua
1448 2266 1713 2322 libellario
1742 2264 1957 2319 nomine
1987 2264 2167 2333 pensi-

589 2377 788 2429 tantur,
825 2366 917 2419 sed
948 2364 1036 2434 illa
1067 2378 1301 2434 quoque,
1346 2376 1464 2429 qua:
1494 2361 1592 2414 sub
1618 2359 1759 2413 nudo
1800 2356 2045 2412 beneficii
2074 2372 2165 2410 vo-

583 2455 773 2510 cabulo
827 2428 1111 2508 saeulares
1166 2450 1458 2520 accipiunt,
1514 2449 1755 2503 revocari
1809 2448 1874 2501 de
1928 2456 2157 2509 caetero,

581 2558 742 2614 atque
796 2544 1003 2599 restitui
1072 2541 1319 2596 ecclesiis
1378 2539 1519 2598 nullo
1573 2540 1730 2592 modo
1784 2536 2039 2607 possunt?
2086 2537 2161 2590 Ita

583 2634 777 2704 quippe
814 2648 1003 2686 manus
1033 2630 1396 2699 diripientium
1442 2628 1719 2683 diabolica
1751 2628 1974 2681 tenacia
2002 2626 2162 2696 gluti-

581 2726 667 2779 uis
698 2725 1049 2787 iuviscautur,
1082 2732 1140 2777 ut
1168 2721 1407 2790 quolibet
1452 2721 1609 2775 modo
1634 2722 1798 2774 semel
1830 2720 2158 2786 acceperint,

578 2816 821 2872 ecclesiis
873 2814 1096 2870 reddere
1124 2830 1217 2869 sua
1250 2814 1389 2868 bona
1433 2811 1737 2866 nullatenus
1777 2812 2154 2879 acquiescant;

580 2917 635 2963 et
666 2923 771 2963 non
817 2906 979 2961 modo
1027 2906 1147 2976 ipsi,
1174 2904 1300 2959 dum
1347 2903 1573 2967 vivunt,
1621 2902 1975 2972 proprietario
2003 2900 2156 2969 quasi

578 2998 696 3065 iure
727 2998 1055 3069 possideant,
1086 2997 1179 3051 sed
1207 2997 1257 3050 in
1286 3004 1531 3065 posteros
1558 2996 1637 3048 sui
1663 2994 1920 3064 germinis
1947 2993 2159 3046 eminus

577 3089 897 3157 possidenda
947 3087 1333 3142 transmittant.
1384 3087 1576 3141 Petunt
1614 3087 1704 3140 tibi
1750 3084 2034 3139 saculares
2070 3101 2158 3137 ec-

577 3179 877 3234 clesiastica
905 3178 1124 3246 pradia,
1172 3179 1508 3245 importuuos
1556 3192 1613 3230 se
1645 3177 1915 3244 ingerunt,
1948 3172 2153 3242 suppli-
2180 3208 2224 3268 Ο

576 3281 764 3327 cantes
792 3271 1051 3325 insistunt
1072 3311 1087 3335 ,
1116 3279 1169 3323 et
1198 3286 1303 3324 non
1338 3270 1435 3323 sub
1465 3266 1939 3337 astipulationibus
1979 3264 2154 3318 moni-

579 3362 768 3427 menti,
796 3362 887 3416 sed
932 3369 1136 3415 tantum
1165 3360 1304 3414 forte
1330 3360 1543 3415 nomine
1572 3359 1841 3420 beneficii,
1870 3360 2011 3427 quod
2049 3357 2154 3411 titi-

578 3469 684 3525 que
712 3452 1043 3507 tantumdem
1073 3460 1175 3516 est,
1219 3466 1283 3507 ac
1309 3452 1352 3506 si
1384 3451 1729 3506 adamantina
1771 3450 1914 3519 stylo
1960 3449 2154 3505 tabulis

576 3544 733 3600 areis
766 3542 1149 3597 scriberentur.
1202 3541 1433 3597 Veniunt
1470 3542 1649 3611 itaque
1678 3542 1743 3595 ad
1794 3550 1864 3603 te,
1915 3540 2154 3593 dicentes

578 3652 699 3692 cum
726 3636 911 3691 Achab
938 3650 1060 3705 rege
1086 3634 1343 3691 Samaria:
1378 3653 1389 3688 :
1425 3655 1443 3686 ι
1482 3635 1554 3688 Da
1581 3634 1709 3687 mihi
1744 3633 1953 3686 vineam
1986 3640 2151 3695 tuam,

579 3739 637 3785 ut
664 3728 857 3784 faciam
890 3728 1019 3783 mihi
1064 3730 1278 3784 hortum
1323 3728 1552 3791 olerum,
1585 3728 1709 3796 quia
1756 3725 1930 3779 vicina
1971 3733 2072 3789 cst,
2100 3731 2156 3777 et

576 3833 741 3889 prope
810 3819 1029 3872 domum
1081 3830 1253 3872 meam
1301 3816 1419 3888 (III
1472 3815 1597 3885 Reg.
1654 3822 1787 3883 xxi).
1838 3832 1856 3865 ι
1901 3812 1978 3866 Tu
2031 3827 2153 3865 cum

576 3909 781 3965 Nalioth
828 3909 1109 3965 Jezraelite
1139 3918 1334 3979 prasto
1376 3908 1639 3977 responde
1671 3926 1682 3959 :
1732 3926 1748 3956 ‹
1784 3904 2057 3973 Propitius
2086 3904 2155 3957 sit

575 4004 704 4058 mihi
732 4003 1006 4067 Dominus,
1035 4018 1100 4057 ne
1127 4003 1245 4057 deni
1276 4002 1638 4055 hareditateni
1664 4007 1877 4067 patrum
1910 4012 2150 4052 meorum

578 4095 670 4150 tibi
701 4094 887 4168 ubiut.)
914 4133 929 4149 .
974 4114 992 4145 ι

647 4196 913 4250 Praterea
940 4211 1040 4250 non
1093 4196 1308 4266 ignoras
1352 4194 1496 4261 quia,
1528 4208 1648 4246 cum
1683 4208 1711 4244 a
1761 4190 2152 4259 paenitentibus

577 4297 748 4342 terras
770 4288 1081 4356 accipimus,
1112 4286 1265 4355 juxta
1314 4299 1624 4337 mensuram
1675 4282 1912 4335 uulneris
1960 4282 2038 4335 eis
2086 4282 2153 4334 de

572 4378 868 4447 quantitate
884 4377 1211 4446 poenitentia
1228 4375 1551 4438 relaxamus,
1568 4372 1725 4442 125
1742 4374 1875 4426 sicut
1893 4374 2151 4441 scriptum

574 4480 699 4524 est:
739 4470 937 4525 Divitiis
983 4469 1240 4533 hominis,
1290 4469 1571 4534 redemptio
1610 4467 1723 4534 ejus
1765 4464 1945 4533 (Prov.
2008 4464 2148 4535 xm).

575 4558 853 4630 Perpende
882 4560 1064 4629 igitur,
1096 4569 1150 4613 et
1183 4574 1415 4627 congrua
1458 4559 1664 4611 ratione
1693 4557 1969 4611 considera
2003 4556 2150 4627 quia,
2189 4561 2231 4617 0

573 4652 713 4707 sicut
739 4654 782 4706 is
807 4652 896 4721 qui
920 4652 1114 4721 pradia
1146 4651 1349 4719 prabet
1383 4649 1648 4711 ecclesiis,
1680 4650 2008 4713 pauitantia
2043 4665 2153 4705 sua

572 4744 807 4814 pondere
863 4742 1055 4796 merito
1117 4741 1399 4810 levigatur,
1449 4739 1529 4793 sic
1579 4739 1667 4792 ille
1715 4741 1803 4807 qui
1860 4736 2150 4807 subtrahit,

574 4837 860 4891 subeunda
906 4834 1236 4905 panitentia
1282 4833 1440 4903 digna
1472 4832 1613 4886 mole
1643 4833 1983 4901 deprimitur.
2015 4829 2152 4889 Nam

576 4927 621 4980 si
669 4928 824 4982 dator
869 4926 1183 4988 absolvitur,
1238 4940 1571 4993 consequens
1631 4933 1713 4978 est
1758 4934 1815 4977 ut
1857 4935 2152 4994 prareptor

575 5017 804 5071 vinculis
850 5016 1157 5077 innodetur,
1207 5022 1463 5084 tantoque
1519 5016 1607 5069 hic
1662 5016 1843 5070 debito
1901 5025 2150 5071 teneatur

574 5108 841 5163 obnoxius
915 5112 1120 5173 quanto
1177 5103 1267 5157 ille
1333 5118 1439 5157 non
1493 5105 1783 5173 ambigitur
1845 5107 2145 5162 absolutus.

575 5197 832 5267 Quisquis
859 5197 1025 5267 igitur
1042 5194 1395 5250 ecclesiastici
1442 5196 1698 5249 territorii
1744 5198 1996 5266 prodigus
2042 5208 2147 5265 est,

579 5299 657 5346 tot
681 5290 734 5343 in
767 5306 931 5343 unum
982 5297 1144 5358 caput
1189 5286 1325 5342 mala
1357 5292 1706 5341 concurrunt.
1750 5287 1811 5343 In
1869 5292 2148 5347 tremendo

577 5395 811 5449 namque
855 5378 947 5434 Dei
976 5379 1177 5450 judicio
1207 5378 1401 5443 sancti,
1434 5392 1665 5446 quorum
1693 5379 1869 5433 honor
1921 5380 2147 5437 clerico-

578 5488 694 5525 rum
722 5478 960 5541 egestate
985 5468 1268 5532 minuitur,
1299 5469 1627 5534 irascuntur,
1648 5483 1934 5539 pauperes,
1958 5471 2151 5538 vidua,

576 5568 781 5639 pupilli,
812 5564 1035 5635 quilibet
1081 5564 1319 5633 hospites
1349 5562 1509 5617 famis
1552 5580 1611 5619 se
1658 5564 1834 5634 gladio
1875 5564 2155 5620 clamitant

2268 1924 2447 1979 pesee.
2480 1909 2637 1963 Prius
2673 1908 2903 1969 animas,
2941 1908 3034 1962 tibi
3072 1892 3409 1972 commissas,
3451 1909 3650 1965 deinde
3686 1910 3851 1964 etiam

2267 1999 2550 2054 facultates
2605 1999 2847 2053 ecclesia
2881 2009 2987 2052 tam
3020 2000 3265 2068 pervigili
3314 2014 3529 2069 semper
3555 2000 3852 2054 attentione

2266 2091 2528 2161 guberna,
2553 2099 2608 2143 ut
2634 2090 2809 2144 stadio
2850 2090 2923 2143 tui
2964 2089 3235 2145 villicatus
3272 2104 3515 2155 emenso,
3552 2105 3683 2155 non,
3708 2090 3852 2161 quod

2268 2183 2429 2248 absit,
2472 2183 2716 2238 ecclesia
2766 2183 3072 2251 dissipator,
3109 2184 3200 2237 sed
3228 2181 3461 2237 celebris
3512 2181 3675 2237 fama
3704 2184 3854 2237 testi-

2266 2273 2449 2328 monio
2480 2283 2681 2331 custos
2729 2274 2929 2327 dicaris
2960 2281 3013 2327 et
3041 2282 3243 2343 pastor.
3278 2273 3539 2339 Obsecro,
3561 2274 3755 2337 frater,
3786 2288 3851 2328 ue

2263 2366 2483 2435 gravius
2509 2364 2601 2417 tibi
2630 2364 2875 2417 videatur
2904 2367 3005 2417 ista
3036 2364 3322 2435 correptio.
3353 2364 3487 2418 Nam
3507 2364 3634 2435 quia
3661 2374 3850 2420 nostro

2262 2455 2441 2508 studio
2485 2462 2539 2508 te
2598 2463 2910 2522 provectum
2978 2454 3042 2508 ad
3092 2455 3438 2525 episcopatus
3482 2456 3693 2526 apicem
3744 2470 3850 2511 non

2264 2547 2504 2617 ignoras.
2526 2547 2745 2615 dignum
2762 2555 2866 2606 est.
2886 2554 2945 2598 ut
2968 2546 3107 2599 sicut
3129 2546 3539 2614 provehentem.
3559 2547 3632 2600 ita
3655 2546 3852 2602 nihilo-

2263 2635 2443 2690 minus
2513 2643 2569 2688 et
2625 2634 3039 2704 redarguenteiu
3112 2635 3401 2703 aliquando
3470 2636 3851 2705 aequanimiter

2262 2728 2424 2783 feras.
2452 2725 2587 2780 Nam
2618 2736 2672 2782 et
2696 2727 2809 2796 ipse
2834 2726 3094 2779 Dominus
3121 2725 3340 2780 Petrum
3366 2726 3660 2782 universali
3693 2728 3847 2797 prius

2261 2816 2516 2871 Ecclesia
2554 2816 2809 2886 pratulit,
2862 2816 3057 2872 deinde
3098 2818 3246 2886 gravi
3293 2819 3733 2888 reprehensionis
3764 2819 3848 2875 iu-

2259 2909 2505 2964 vectione
2556 2907 2809 2977 pulsavit.
2842 2905 2975 2960 Nam
3022 2923 3146 2982 eum
3194 2908 3447 2963 diceret:
3488 2926 3507 2960 ι
3545 2908 3666 2965 Tibi
3711 2911 3849 2967 dabo

2261 2998 2439 3054 claves
2498 2998 2646 3068 regni
2694 2997 2975 3060 calorum,
3026 3007 3081 3052 et
3144 3000 3504 3070 quodcunque
3556 2999 3843 3072 ligaveris,

2261 3088 2375 3143 sive
2423 3088 2646 3141 solveris
2676 3103 2838 3157 super
2870 3098 3068 3143 terram
3092 3130 3105 3152 ,
3140 3088 3395 3160 ligabitur
3440 3100 3495 3146 et
3519 3088 3769 3147 solvetur
3794 3093 3849 3149 in

2260 3177 2809 3249 calis_(uaith.§xvi);
2836 3200 2852 3230 ›
2883 3178 3041 3249 paulo
3058 3193 3173 3250 p08!
3201 3196 3323 3235 eum
3354 3190 3460 3243 tam
3488 3191 3708 3239 austere
3728 3199 3849 3238 cor-

2257 3267 2445 3337 ripuit,
2478 3278 2537 3322 ut
2580 3268 2823 3322 diceret:
2861 3287 2880 3319 ‹
2920 3270 3064 3325 Vade
3093 3280 3213 3340 post
3242 3286 3362 3337 me,
3415 3271 3647 3339 Satana,
3688 3289 3850 3330 scan-

2257 3358 2437 3411 dalum
2471 3375 2529 3413 es
2554 3359 2708 3422 mihi,
2741 3359 2865 3429 quia
2901 3375 3004 3415 non
3036 3362 3184 3431 sapis
3212 3377 3273 3417 ea
3300 3377 3421 3433 qua:
3453 3364 3547 3418 Dei
3576 3374 3725 3430 sunt,
3752 3375 3845 3421 sed

2256 3462 2319 3503 ea
2382 3464 2500 3519 qua
2538 3450 2812 3503 hominum
2850 3470 2867 3500 ι
2906 3449 3127 3521 (Ibid).
3180 3452 3236 3506 ln
3266 3467 3375 3523 quo
3401 3454 3661 3509 nimirum
3689 3455 3847 3512 nobis

2258 3539 2406 3593 dedit
2432 3540 2760 3609 exemplum,
2792 3550 2852 3595 ut
2876 3557 3012 3611 quos
3041 3544 3107 3595 ad
3137 3542 3361 3598 honoris
3388 3543 3603 3599 culmen
3635 3538 3843 3602 attolli-

2260 3644 2399 3694 mus,
2432 3630 2533 3685 sub
2570 3632 2864 3700 discipliua
2895 3649 3107 3703 semper
3138 3635 3453 3706 magisterio
3478 3634 3844 3702 refrenemus.

2257 3728 2310 3775 et
2343 3737 2410 3776 ne
2450 3723 2549 3791 ipsi
2583 3738 2640 3777 se
2667 3723 3011 3779 lenocinante
3045 3725 3260 3798 fastigio
3292 3727 3343 3781 in
3370 3728 3638 3796 superbia
3660 3736 3847 3800 tyran-

2258 3814 2436 3869 nidem
2466 3816 2699 3885 erigant,
2735 3816 2979 3887 magistri
3011 3831 3105 3872 eos
3158 3818 3419 3873 custodia
3463 3834 3572 3872 sua
3602 3819 3846 3876 calcibus

2258 3914 2524 3972 premant.

2790 3995 3117 4051 EPISTOLA
3167 3997 3301 4051 XIII.

2616 4103 2681 4141 AD
2722 4103 2770 4139 ν.
2798 4101 3089 4143 EPISCOPUI
3128 4103 3481 4144 βλιιειιητειι.

2255 4176 2651 4255 Aucuussrus.
2681 4208 2746 4216 —
2772 4178 3326 4255 Sarsinatiepiscopo
3344 4182 3550 4253 gratias
3574 4184 3845 4255 agitquod

2323 4248 2574 4326 juvenem
2599 4250 2883 4326 queuidiuu
2902 4248 3400 4326 praclaraittdolis,
3430 4255 3523 4307 sed
3549 4248 3678 4309 casu
3707 4248 3845 4326 pau-

2328 4319 2644 4395 perrimum.
2699 4320 2859 4395 126
2880 4336 3034 4387 quem
3086 4322 3198 4389 ipse
3215 4320 3284 4375 illi
3300 4319 3842 4395 “commendaverat,

2334 4388 2565 4507 “genter
2590 4388 2869 4458 amplexus
2888 4401 3033 4443 esset
3055 4388 3264 4446 etomni
3300 4392 3644 4451 liberalitatis
3669 4388 3844 4454 oﬂicio

2334 4458 2382 4507 [Ο
2407 4473 2512 4507 'ere
2563 4475 2667 4507 non
2706 4469 2965 4507 ceSsarel.
3018 4459 3271 4507 Hm'lalur
3309 4473 3367 4507 ut
3415 4474 3602 4507 ηανηειι
3650 4468 3715 4507 Δρ
3755 4484 3833 4507 ειη

2330 4458 2512 4534 fOV'ere
2563 4475 2667 4534 non
2706 4469 2965 4534 ceSsaret.
3016 4459 3271 4534 Hortatur
3309 4473 3368 4516 ut
3415 4480 3467 4534 pi
3486 4474 3603 4534 rgat
3650 4468 3715 4522 de
3755 4484 3841 4533 eo,

2330 4528 2438 4581 imo
2470 4528 2534 4585 de
2565 4530 2696 4591 Deo,
2728 4531 2942 4599 pietatis
2970 4533 3223 4596 operibus
3260 4534 3393 4589 bene
3415 4528 3649 4590 hereri.
3685 4528 3844 4594 Obte-

2332 4608 2513 4677 statur
2537 4613 2754 4677 quoque.
2790 4611 3029 4677 utsuaui
3070 4603 3303 4677 salutem
3322 4620 3428 4677 non
3453 4608 3709 4677 negligat,
3744 4623 3843 4665 nec

2330 4669 2474 4721 velut
2500 4668 2744 4738 lethargo
2766 4672 2971 4740 sopitus
2987 4670 3190 4738 jaceat,
3214 4675 3306 4728 sed
3336 4673 3507 4731 fluxas
3524 4668 3842 4734 mortalium

2331 4755 2469 4808 spes.
2514 4741 2911 4820 brevissinnun,
2950 4753 3003 4820 et
3043 4760 3241 4814 auceps
3274 4746 3394 4800 vita
3423 4748 3844 4820 proximumque

2328 4820 2384 4862 et
2408 4811 2768 4888 certissimum
2807 4813 2993 4888 mortis
3016 4811 3223 4882 tempus
3249 4826 3372 4870 ante
3407 4811 3594 4871 oculos
3624 4811 3797 4888 ponat
3823 4837 3838 4875 :

2327 4880 2683 4953 caelestesque
2715 4880 3154 4953 etgseanpiternas
3203 4901 3299 4953 pro
3330 4889 3560 4941 terrenis
3582 4880 3641 4941 ei
3670 4893 3842 4945 eadu-

2331 4951 2405 5003 cis
2432 4952 2557 5072 rqiif
2601 4953 2657 5003 in
2686 4950 2824 5009 ccelu
2851 4965 2973 5021 para
2986 4961 3067 5007 tas
3110 4950 3242 5025 opes
3268 4956 3482 5011 assidua
3511 4960 3845 5030 cogitatione

2331 5035 2463 5072 ille“
2494 5038 2522 5072 e
2552 5037 2632 5072 ur.

2326 5030 2632 5075 meditetur.

2325 5115 2796 5170 Reverendissiino
2844 5115 3099 5172 Ecclesia
3152 5118 3449 5175 Sarsinatis
3494 5122 3730 5179 antistiti
3775 5122 3841 5179 ν.

2251 5205 2468 5261 Ρῑιιιυδ
2492 5212 2761 5275 peccator,
2793 5206 3026 5263 debitam
3059 5210 3374 5265 servitutem
3404 5212 3456 5265 in
3487 5209 3737 5269 Christo.

2321 5297 2525 5366 Dignus
2544 5296 2663 5362 tibi,
2694 5308 2848 5367 pater
2877 5299 3219 5365 charissime.
3246 5304 3453 5372 gratias
3481 5302 3682 5369 refero,
3710 5293 3839 5377 quia

2254 5386 2641 5456 pauperculam
2664 5387 2827 5452 hunc,
2859 5378 3018 5457 quem
3046 5390 3112 5445 ad
3136 5400 3187 5445 te
3213 5394 3496 5460 miseram,
3522 5411 3624 5465 pro
3650 5412 3844 5453 amore

2254 5479 2451 5541 Christi
2481 5487 2535 5534 et
2563 5495 2677 5533 mea
2709 5480 2977 5536 charitate
3006 5481 3259 5539 alacriter
3306 5488 3630 5555 suscepisti;
3667 5498 3747 5553 et,
3784 5497 3845 5553 ut

2252 5585 2440 5626 revera
2483 5568 2810 5640 gubernator
2852 5587 3149 5645 pauperum
3181 5586 3237 5630 et
3281 5578 3607 5648 pupillorum
3660 5591 3843 5651 pater.

577 5660 949 5729 interemptos.
985 5658 1075 5711 Sic
1103 5656 1415 5725 multiplicis
1456 5656 1728 5711 homicidii
1761 5673 1885 5712 reus
1914 5658 2021 5712 erit
2060 5659 2151 5728 qui
2249 5676 2409 5716 omne
2452 5663 2551 5717 sibi
2599 5664 2948 5723 humanitatis
2998 5676 3055 5724 et
3099 5670 3315 5737 pietatis
3344 5669 3576 5728 ollicium
3636 5688 3846 5744 praro-

577 5754 891 5825 sanguinem
942 5751 1081 5808 forte
1136 5767 1406 5821 nunquam
1463 5750 1619 5806 fudit.
1674 5750 1811 5806 Sunt
1858 5752 2023 5806 etiam
2060 5752 2151 5822 qui

2250 5755 2406 5825 gasti.
2442 5752 2594 5810 Nunc
2626 5756 2828 5828 itaque,
2868 5760 3233 5826 dilectissime,
3288 5767 3651 5819 reverentiam
3691 5775 3842 5823 tuam
