4260 6384
774 348 882 410 ST?

1247 337 1304 398 8.
1340 337 1543 398 PETRI
1577 334 1860 394 DANANI
1898 331 2050 392 OPP.
2089 331 2271 390 PARS
2295 332 2426 393 SEU
2465 330 2702 391 TOHUS
2736 329 2776 387 I.
2816 358 2884 373 —
2924 329 2929 385 Ι

1814 334 1860 391 υ
1898 331 2050 392 OPP.
2089 331 2271 390 PARS
2295 332 2426 393 SEU
2465 330 2702 391 TOHUS
2736 329 2776 387 I.
2816 358 2884 373 —
2924 327 3142 386 EPIST.
3187 326 3314 387 LIB.
3365 325 3496 384 VIII.

779 466 931 538 cipit,
954 475 1120 518 vanos
1140 457 1335 516 emeiat
1380 465 1438 512 et
1478 454 1725 512 homines
1771 451 2054 516 mundum,
2083 463 2245 520 quem
2276 449 2354 504 in-
2384 456 2434 518 Α
2460 447 2640 522 (Joan.
2682 458 2807 538 tu).
2828 464 2859 538 »λ
2881 445 2951 500 At
2982 443 3270 538 conti-ade
3299 458 3384 538 eo,
3413 442 3517 538 qui
3545 437 3766 499 verbum
3795 439 4046 538 salvam:

783 569 915 612 sane
943 549 1187 623 diligunt,
1234 548 1287 604 in
1314 546 1610 600 vanitatem
1651 550 1883 599 vertant.
1933 539 2086 595 Hunc
2117 551 2248 607 ergo
2277 551 2358 592 re-

785 660 904 715 gem
933 642 1023 700 Dei
1056 639 1209 695 miles
1237 636 1475 716 perimit,
1515 648 1677 690 verus
1725 631 1968 688 Israelita
2020 627 2280 694 concidit,
2311 629 2358 684 si

784 735 916 792 nihil
945 730 1231 803 superﬂue,
1257 728 1400 784 nihil
1427 727 1686 793 inaniter,
1718 724 1804 782 vel
1833 723 1976 795 quod
2019 722 2088 777 ad
2114 735 2228 777 rem
2252 735 2362 776 non

784 829 1038 903 pertinet,
1065 834 1242 894 gerat,
1267 823 1362 880 scd
1387 824 1651 895 graviter,
1689 831 1744 876 et
1777 818 2173 876 rationabiliter
2219 817 2361 874 divi-

787 937 869 980 nte
895 919 1024 992 legis
1063 917 1288 989 implere
1320 915 1571 973 mandata
1599 911 1909 971 contendat.
1939 910 2159 968 Tertius
2181 917 2361 967 autem

788 1009 1202 1068 Madianitarum
1232 1023 1348 1074 rex,
1389 1005 1496 1062 Sur
1546 1005 1764 1070 dicitur,
1790 1003 1932 1074 quod
1980 1002 2222 1074 profecto
2248 1017 2367 1056 nut-

789 1117 900 1165 tus,
939 1101 1050 1155 sive
1072 1098 1332 1164 robustas,
1362 1094 1446 1152 vel
1473 1095 1637 1151 etiam
1665 1094 1910 1166 angustia
1952 1092 2361 1163 interpretatur.

791 1193 930 1262 Quid
975 1206 1104 1248 vero
1147 1206 1245 1262 per
1286 1203 1520 1250 murum.
1568 1188 1682 1244 sive
1715 1186 2018 1251 robustum,
2065 1183 2167 1240 nisi
2218 1183 2367 1238 durat

793 1282 990 1345 mentis
1039 1279 1352 1346 obstinatio,
1409 1278 1496 1334 vel
1545 1276 1846 1350 pervicacia
1891 1275 2048 1331 debet
2103 1272 2367 1346 intelligi?

793 1374 933 1443 quod
961 1385 1107 1438 vero,
1161 1380 1218 1428 et
1263 1363 1511 1443 angustia
1561 1367 1904 1441 interpretari
1949 1365 2170 1432 dicitur,
2193 1380 2368 1436 neque

794 1461 898 1518 hoc
962 1460 1172 1533 longius
1221 1475 1252 1515 a
1304 1460 1438 1515 vitio
1495 1459 1708 1515 duritia:
1758 1465 2063 1530 separatur,
2113 1457 2368 1528 quoniam

794 1552 1040 1621 quisquis
1084 1551 1154 1607 ad
1213 1550 1528 1607 dimittenda
1572 1549 1821 1621 proximo
1879 1548 2059 1604 debita
2106 1546 2272 1603 durus
2314 1557 2370 1604 et

794 1638 1098 1697 obstinatus
1125 1648 1232 1706 est,
1256 1641 1502 1712 angustia
1542 1639 1935 1711 constringitur
1979 1639 2208 1705 mentis,
2242 1638 2367 1694 dum

796 1732 941 1788 nulla
986 1732 1239 1789 dilatetur
1287 1731 1636 1803 amplitudine
1655 1731 1916 1786 charitas.
1948 1730 2025 1785 De
2072 1743 2180 1800 qua
2205 1727 2368 1783 nimi-

2463 541 2536 597 ris
2562 538 2733 604 audit,
2758 536 2956 593 dicitur
2985 553 2998 590 :
3037 554 3054 587 I
3092 534 3229 602 Quia
3256 534 3308 587 in
3332 531 3597 600 judicium
3622 545 3731 588 non
3756 532 3923 596 venit,
3945 532 4044 588 sed

2463 629 2750 687 transit'de
2775 635 2948 684 morte
2969 626 3023 682 in
3042 626 3209 682 vitam
3235 623 3288 697 (1
3315 624 3479 680 Joan.
3519 625 3596 692 vi.
3645 641 3664 678 ι
3697 622 3831 680 Illud
3861 624 4047 696 potius

2462 719 2750 789 unicuique
2789 717 3113 774 studendum
3143 724 3246 781 est,
3276 724 3336 770 ut
3368 730 3426 772 se
3453 714 3506 770 in
3537 715 3794 787 operibus
3836 715 4047 773 sanctis

2461 817 2734 875 exerceat,
2772 817 2831 864 ut
2859 821 2980 864 sese
3019 809 3072 863 in
3099 807 3349 864 omnibus
3378 804 3670 877 puriﬁcare
3709 821 3778 864 ac
3804 805 4050 864 sanctiﬁ-

2463 915 2590 958 care
2608 899 2920 956 contendat.
2945 897 3059 954 Hoc
3080 897 3455 954 tantummodo
3479 897 3832 969 semetipsum
3858 898 4046 972 insug-

2464 992 2668 1066 gillare,
2698 1001 2756 1048 et
2779 989 3076 1060 diiudicare
3106 1004 3218 1046 non
3273 988 3507 1046 desinat.
3538 987 3672 1044 Nam
3707 989 3800 1060 qui
3847 998 4050 1046 semet~

2465 1082 2642 1153 ipsum
2670 1079 2908 1152 perfecte
2957 1079 3237 1151 diiudicat,
3264 1075 3532 1146 judicium
3587 1093 3693 1134 non
3741 1088 4047 1152 exspectat.

2466 1171 2712 1228 Perfecta
2733 1179 2913 1228 autem
2939 1170 3289 1240 semetipsum
3319 1167 3619 1238 diiudicare
3643 1178 3748 1238 est,
3777 1179 3835 1226 et
3862 1185 4052 1243 repre-

2467 1263 2749 1320 hendenda
2779 1279 2885 1318 non
2911 1276 3094 1333 agere,
3118 1269 3174 1318 et
3197 1276 3316 1331 qua:
3351 1260 3902 1330 irreprehensibiliter
3925 1270 4051 1318 acta

2468 1365 2592 1412 sunt
2633 1357 2821 1412 timide
2871 1364 3184 1412 retractare.
3216 1354 3389 1410 Porro
3427 1364 3610 1410 autem
3662 1354 3912 1426 quisquis
3945 1354 4056 1411 hoc

2469 1449 2597 1520 agit,
2624 1446 2712 1502 ille
2732 1460 2857 1502 vere
2876 1444 3291 1502 Madianitarum
3313 1459 3470 1516 reges
3489 1444 3744 1516 perimit:
3778 1445 3867 1500 ille
3891 1445 4055 1500 Ama-

2468 1539 2751 1596 lecitarum
2795 1536 3069 1608 principes
3103 1537 3319 1601 sternit,
3351 1545 3406 1592 et
3439 1551 3631 1592 omnes
3655 1550 3687 1591 a
3710 1552 3771 1594 se
3794 1537 4056 1593 vitiorum

2468 1638 2650 1702 pestes
2675 1626 2935 1685 excludit.
2962 1625 3100 1682 Hinc
3127 1635 3213 1682 est
3241 1623 3385 1696 quod
3411 1626 3605 1682 eadem
3636 1640 3792 1682 sacra
3822 1634 4060 1684 testatur

2470 1720 2709 1779 Historia
2735 1740 2747 1776 :
2794 1738 2814 1772 ι
2844 1719 3113 1788 Quoniam
3138 1720 3344 1792 egressi
3378 1718 3471 1774 lilii
3497 1718 3662 1776 Israel
3689 1728 3956 1776 venerunt
3984 1721 4060 1778 ad

797 1839 916 1880 rum
957 1824 1226 1881 charitate
1287 1840 1385 1896 per
1433 1824 1755 1895 Pmphetam
1807 1823 2057 1878 dicitur:
2106 1839 2126 1874 ι
2174 1821 2368 1877 Latum
2398 1810 2445 1871 Β
2474 1815 2678 1871 fontem
2726 1814 2940 1884 iudicii,
3001 1831 3021 1866 ι
3070 1813 3159 1868 hic
3186 1821 3272 1868 est
3293 1812 3487 1879 Gades,
3522 1831 3541 1866 ι
3579 1821 3634 1868 et
3667 1812 4065 1873 interfecerunt

797 1915 1112 1971 mandatum
1144 1925 1291 1971 tuum
1334 1916 1496 1972 nimis
1526 1913 1700 1987 (Psal.
1741 1914 1954 1985 cxvm).
1994 1932 2013 1966 ι
2049 1912 2176 1970 Sive
2206 1915 2368 1969 etiam

798 2005 903 2061 hoc
932 2005 1074 2061 valet
1117 2004 1359 2077 intelligi,
1411 2004 1536 2075 quia
1573 2004 1828 2062 duritiam
1885 2004 2085 2060 mentis
2126 2003 2371 2069 sequitur

799 2095 1044 2167 angustia
1066 2095 1446 2152 damnationis.
1477 2094 1627 2152 Unde
1640 2110 1734 2166 per
1761 2094 2102 2151 Salomonem
2125 2094 2325 2149 dicitur
2350 2110 2364 2148 :

803 2204 824 2238 ι
867 2186 1065 2243 Beatus
1111 2186 1216 2252 vir,
1255 2187 1344 2256 qui
1395 2201 1611 2258 semper
1647 2196 1732 2243 est
1773 2187 1998 2258 pavidus
2027 2203 2040 2240 :
2071 2187 2162 2258 qui
2190 2194 2370 2241 autem

798 2277 996 2334 mentis
1021 2287 1104 2334 est
1127 2277 1294 2344 durae,
1327 2287 1550 2334 corruet
1578 2278 1632 2334 in
1665 2278 1867 2334 malum
1899 2277 2084 2348 (Prov.
2113 2282 2362 2349 xxvttt).i

797 2367 1034 2436 Quartus
1075 2379 1334 2440 praterea
1382 2368 1799 2427 Madianitarum
1853 2385 1969 2436 rex,
2001 2369 2110 2424 Bur
2152 2370 2370 2436 dicitur,

797 2463 942 2532 quod
994 2460 1222 2517 irritatio
1278 2461 1682 2533 interpretatur.
1723 2461 1887 2518 Vides
1933 2477 2081 2532 ergo,
2113 2462 2239 2532 quia
2271 2475 2372 2516 no-

801 2551 948 2607 mina
971 2565 1159 2624 regum
1189 2551 1391 2607 umbra.-
1415 2560 1541 2607 sunt
1577 2560 1632 2606 et
1680 2551 1944 2622 imagines
1970 2551 2245 2606 vitiorum.
2272 2550 2374 2618 Qui

800 2641 945 2698 enim
984 2656 1150 2698 onera
1198 2642 1380 2714 gravia
1415 2657 1514 2713 per
1560 2651 1742 2711 portas
1791 2656 1920 2696 suas
1963 2641 2377 2711 inferunt,pro-

798 2730 942 2788 tecto
969 2731 1272 2791 forinsecus
1316 2731 1686 2803 obstrepentia
1731 2746 1827 2803 per
1852 2746 2107 2788 sensuum
2151 2745 2374 2786 suorum

802 2820 978 2876 aditus
1031 2822 1084 2876 in
1128 2829 1412 2892 pectorum
1457 2837 1680 2877 suorum
1730 2835 1927 2876 arcana
1970 2819 2374 2887 transfundunt,

801 2910 967 2965 Deum
1014 2911 1382 2968 indubitanter
1427 2912 1662 2978 irritant,
1716 2927 1876 2983 quem
1905 2911 2152 2968 videlicet
2196 2911 2283 2968 bis
2310 2912 2377 2967 ad

2473 1919 2662 1962 omnes
2690 1904 2964 1975 principes
2987 1903 3271 1970 Amalech,
3300 1912 3354 1960 et
3386 1904 3752 1972 Amorrheos,
3784 1907 3875 1978 qui
3903 1907 4067 1964 habi-

2475 1997 2663 2054 tabant
2718 1997 2772 2051 in
2814 1995 3147 2052 Tharansem
3181 1994 3654 2071 [Asasontliamar]
3681 1995 3836 2067 (Gen.
3869 1997 4007 2068 xiv).
4037 2016 4059 2052 ι

2471 2087 2647 2147 Gades
2670 2097 2851 2145 autem
2874 2088 3222 2158 sanctiﬁcatio
3245 2087 3653 2159 interpretatur.
3683 2089 3744 2145 In
3769 2089 3946 2146 Gades
3964 2104 4063 2145 er-

2473 2196 2560 2252 go,
2589 2183 2681 2253 qui
2718 2179 2842 2238 fons
2867 2189 2946 2237 est
2975 2179 3184 2249 iudicii,
3209 2178 3555 2246 Amalecitas,
3587 2178 3748 2236 simul
3776 2188 3833 2236 et
3855 2180 4066 2239 Amor-

2474 2277 2653 2330 rlueos
2689 2271 3046 2345 spiritualiter
3097 2272 3474 2338 interﬁcimus,
3524 2287 3647 2328 cum
3675 2279 3729 2329 et
3762 2273 3930 2328 vitam
3961 2287 4071 2330 no-

2473 2375 2642 2422 stram
2670 2365 2772 2436 piis
2793 2365 3046 2436 operibus
3066 2363 3411 2420 sanctificare
3435 2363 3732 2435 satagimus
3754 2380 3771 2432 ;
3797 2373 3854 2421 et
3879 2378 4068 2422 tamen

2473 2455 2576 2525 ipsi
2603 2468 2701 2510 nos
2728 2463 2983 2524 tanquam
3017 2461 3298 2518 nocentes,
3338 2466 3402 2508 ac
3440 2453 3893 2523 reprehensibiles
3919 2452 4071 2524 iudi-

2475 2561 2682 2601 camus.
2720 2544 2854 2600 Cum
2886 2543 3228 2600 elaboramus
3260 2556 3475 2614 semper
3511 2543 4073 2616 irrepreheusibiliter

2473 2637 2682 2700 vivere,
2733 2649 2832 2706 per
2866 2633 3283 2690 sollicitudinem
3312 2642 3490 2691 tamen
3537 2634 3771 2691 districti
3795 2636 4074 2695 examinis

2473 2739 2638 2796 opera
2673 2732 2862 2780 nostra
2886 2738 2993 2779 non
3015 2717 3328 2779 desistimus
3360 2737 3639 2780 accusare.
3671 2724 3740 2781 Et
3764 2727 4072 2784 notandum

2476 2813 2733 2883 quoniam
2785 2821 2841 2869 et
2868 2813 2990 2868 fons
3013 2813 3221 2884 iudicii,
3263 2822 3318 2868 et
3339 2812 3533 2882 Gades,
3585 2815 3678 2886 qui
3708 2817 4074 2876 sanctiﬁcatio

2477 2906 2698 2972 dicitur,
2739 2921 2878 2962 unus
2903 2907 3157 2977 idemque
3197 2906 3350 2962 locus
3377 2917 3506 2963 est:
3542 2908 3667 2978 quia
3703 2909 3956 2965 nimirum
3973 2911 4077 2980 iu—

799 3003 1141 3060 inl‘erendam
1195 3005 1415 3062 ultionis
1471 3007 1797 3063 sententiam
1854 3017 2171 3078 provocant.
2229 3006 2380 3063 Unde
2479 3021 2481 3052 ὲ

2479 3006 2596 3054 stus
2622 2999 2850 3068 quisque
2879 2998 3249 3068 semetipsum,
3280 2999 3409 3053 dum
3433 3008 3622 3056 sancte
3643 2999 3796 3067 vivit,
3821 3012 4071 3069 accusat,

799 3093 1062 3164 scripturn
1096 3102 1180 3151 est
1224 3113 1238 3149 :
1279 3112 1300 3148 ι
1347 3095 1722 3161 Simulatores,
1761 3105 1816 3153 et
1854 3096 2027 3152 :allidi
2078 3106 2382 3168 provocant
2430 3167 2445 3168 ί
2480 3095 2537 3142 et
2579 3102 2639 3143 se
2667 3087 3038 3159 diiudicanda.
3079 3087 3162 3142 vel
3197 3091 3525 3156 accusando,
3575 3090 3748 3162 magis
3788 3090 4079 3162 meisque

805 3183 944 3239 iram
995 3183 1092 3240 Dei
1136 3182 1258 3257 (Job
1289 3185 1531 3257 ιχχῃ),)
1561 3185 1629 3242 Et
1669 3186 1738 3242 de
1775 3187 1971 3257 quibus
2236 3185 2378 3257 apud
2404 3167 2451 3233 Ο
2481 3179 2809 3235 sanctiﬁcat.
2869 3177 2983 3236 Iioc
3030 3180 3213 3251 itaque
3237 3181 3399 3239 modo
3441 3182 3547 3238 vita
3585 3191 3900 3240 sanctorum
3930 3193 3986 3240 et
4011 3183 4076 3241 in

801 3275 1136 3332 Ezechielem
1211 3277 1458 3333 dicitur;
1515 3295 1534 3329 ι
1569 3278 1707 3346 Quia
1786 3277 1981 3334 domus
2041 3293 2374 3350 “asperam
2475 3270 2711 3342 propriis
2758 3271 3178 3342 cogitationibus
3228 3277 3667 3346 reprehenditur,
3698 3287 3755 3334 et
3800 3285 3982 3333 tamen
4010 3279 4077 3334 in

809 3375 896 3424 est
935 3366 1160 3440 (Eucti.
1191 3369 1267 3439 ιι)
1297 3389 1316 3422 ι
1354 3369 1420 3425 Et
1465 3368 1751 3426 psalmisu
1784 3389 1796 3425 ε
1847 3389 1866 3423 ι
1896 3368 1966 3427 Ui
1995 3371 2145 3441 quid,
2196 3371 2374 3439 Deus,
2475 3361 2735 3430 operibus
2758 3360 3328 3432 irreprehensibilibus
3351 3365 3645 3423 invenitur.
3679 3367 3831 3426 Unde
3851 3376 3908 3424 et
3930 3381 4080 3442 prte-

803 3457 1190 3530 improperavit
1244 3461 1532 3529 inimicus,
1577 3462 1756 3517 irritat
1802 3462 2144 3518 adversarius
2181 3445 2377 3519 nomen
2480 3469 2485 3494 ⁴

2480 3447 2638 3516 cipua
2665 3447 2796 3502 urbs
2817 3447 2902 3502 illa
2945 3450 3097 3522 regni
3127 3449 3270 3506 Seon
3300 3461 3523 3508 vocatur
3561 3453 3798 3521 Esebon,
3831 3468 3953 3527 qua
3986 3454 4080 3510 ni-

810 3555 959 3602 tuum
985 3548 1038 3603 in
1072 3547 1269 3605 linem?
1303 3569 1323 3605 ι
1358 3549 1530 3621 (Psal.
1562 3552 1784 3624 xxxiii.)
1811 3551 1956 3608 Rebe
1986 3567 2138 3619 vero,
2169 3553 2261 3624 qui
2291 3567 2380 3608 or-
2481 3554 2492 3592 ι

2481 3537 2680 3592 mirum
2737 3538 3076 3609 cogitationes
3114 3542 3527 3614 interpretatur.
3571 3545 3674 3603 Per
3723 3546 3868 3619 quod
3911 3544 4082 3613 datur

802 3636 1018 3695 dinatus
1056 3639 1216 3712 139
1249 3640 1463 3706 dicitur,
1504 3656 1610 3697 non
1652 3643 1810 3698 aliter
1859 3643 1946 3698 hic
1979 3643 2247 3713 procedit,
2277 3643 2380 3698 nisi
2481 3643 2484 3682 ἒ

2481 3627 2732 3699 intelligi,
2771 3630 2898 3699 quia
2945 3631 3184 3688 maxima
3239 3648 3367 3704 pars
3397 3637 3680 3696 diabolica:
3701 3646 3986 3712 potestatis
4015 3648 4078 3706 in

803 3739 863 3787 ut
883 3743 980 3800 per
1006 3731 1257 3800 ironiam,
1285 3731 1371 3788 vel
1395 3732 1748 3802 antiphrasim
1771 3732 1974 3788 dictum
2004 3732 2377 3804 intelligatur;
2481 3723 2900 3794 conlationibus
2953 3735 3165 3794 resnat.
3219 3726 3326 3784 Per
3385 3729 3529 3788 Seon
3576 3723 3776 3807 quippe
3816 3721 4083 3810 nequitiae

805 3829 1072 3894 quatenus
1121 3821 1214 3892 qui
1263 3821 1549 3896 ordinatus
1579 3822 1792 3887 dicitur,
1821 3838 1852 3878 e
1873 3823 2144 3878 contrario
2177 3822 2382 3878 incrdi-

805 3924 965 3969 natus
1011 3914 1081 3970 sit
1124 3922 1181 3969 et
1226 3911 1502 3970 confusus.
1553 3914 1786 3969 Vitiosus
1819 3914 1964 3969 enim
1998 3913 2252 3985 quisque,
2277 3915 2381 3970 etsi

805 4005 1089 4077 superﬁcie
1115 4015 1271 4062 tenus
1295 4006 1450 4077 quasi
1479 4013 1624 4062 recte
1657 4005 1869 4061 vivendi
1896 4006 2198 4076 pratcndat
2230 4005 2384 4062 ordi-

807 4109 954 4160 nem,
987 4093 1230 4162 conlusai
1249 4102 1429 4150 tamen
1456 4103 1512 4149 et
1548 4094 1869 4149 inordinata:
1894 4093 2240 4163 cogitationis
2258 4108 2383 4150 ver-

805 4182 965 4238 satin
985 4181 1149 4238 corde
1178 4180 1480 4252 caliginem.
1518 4181 1626 4238 Per
1658 4183 1896 4253 quinque
1929 4197 2059 4254 ergo
2088 4197 2242 4253 reges
2267 4181 2381 4238 lia-

803 4272 1159 4338 dianitarum,
1223 4272 1463 4344 quinque
1505 4273 1786 4346 signantur
1832 4273 2080 4344 corporis
2131 4287 2325 4330 sensus
2365 4289 2380 4327 :

805 4366 930 4438 quia
957 4380 1118 4422 omne
1159 4366 1370 4434 vitium,
1403 4367 1545 4438 quod
1583 4376 1770 4438 regnat
1793 4366 1850 4422 in
1888 4380 2137 4437 corpore,
2167 4367 2235 4422 ab
2265 4366 2386 4422 istis

807 4456 1046 4527 quinque
1097 4457 1344 4512 sensibus
1391 4458 1608 4527 pendet.
1643 4458 1681 4512 li
1723 4473 1853 4530 ergo
1897 4469 2025 4514 tunc
2054 4473 2085 4513 a
2113 4459 2269 4515 nobis
2290 4473 2385 4515 ex-

2481 3814 2706 3894 spiritus
2738 3814 3004 3886 figuratur
3036 3831 3051 3870 :
3084 3819 3179 3872 sed
3216 3819 3429 3876 Esebon
3459 3837 3526 3878 ex
3583 3823 3792 3883 ditione
3819 3828 3984 3894 Seon,
4016 3831 4078 3888 in

2479 3889 2848 3960 Israeiitarum
2907 3906 3067 3977 13o
3111 3906 3238 3978 iura
3270 3911 3623 3980 transfertur,
3665 3930 3790 3973 cum
3817 3889 4084 3991 cogitatio

2480 4004 2690 4062 nostra,
2718 4010 2840 4066 quae
2874 3997 3142 4068 superbire
3189 4008 3342 4070 peste
3374 4011 3648 4061 tumuerat
3677 4006 3746 4062 ad
3772 4010 4080 4080 reprehen-

2481 4089 2654 4146 sionis
2682 4105 2795 4146 suae
2825 4088 3120 4161 iudicium,
3138 4108 3236 4165 per
3263 4097 3496 4165 gratiam
3523 4113 3586 4155 se
3617 4115 3758 4157 verte
3794 4102 4082 4164 humilita-

2482 4181 2557 4238 tis
2586 4181 2832 4247 inclinat,
2867 4191 3067 4254 utqua:
3099 4201 3160 4240 se
3199 4185 3399 4242 dudum
3427 4192 3748 4262 arroganter
3776 4195 4079 4268 extulerat,

2479 4271 2594 4345 iam
2631 4287 2728 4328 sua
2764 4272 2906 4329 facta
2949 4273 3274 4345 diiudicans,
3299 4292 3367 4335 ac
3403 4278 3692 4347 diligenter
3727 4285 4080 4358 examinans,

2485 4365 2762 4422 humiliter
2785 4368 3153 4437 reprehendit.

2556 4456 2615 4513 In
2652 4457 2826 4515 Gades
2863 4474 3014 4532 ergo,
3045 4461 3136 4532 qui
3157 4471 3242 4519 est
3271 4463 3394 4522 fons
3423 4465 3636 4538 iudicii,
3672 4472 4086 4537 Amalecitases

808 4549 1114 4620 stinguendi
1158 4557 1309 4614 sunt,
1329 4558 1385 4604 et
1409 4549 1601 4619 gladiis
1625 4549 2007 4614 obtruncandi,
2037 4563 2160 4604 cum
2197 4551 2387 4605 adver—
2415 4534 2465 4597 Ι)
2489 4548 2834 4606 Αιιιοιιιιωοε
2866 4551 3045 4622 gladio
3084 4564 3310 4612 vorante
3335 4534 3650 4629 deiicimus;
3687 4565 3814 4634 quia
3844 4573 3974 4625 tunc
3998 4534 4086 4628 vi;

808 4654 936 4696 sum
964 4654 1063 4694 nos
1095 4639 1148 4694 in
1179 4637 1321 4694 bello
1343 4647 1693 4710 consurgunt,
1751 4653 1874 4695 cum
1902 4653 2002 4693 nos
2021 4637 2391 4694 scandalizare

811 4742 917 4783 non
957 4728 1227 4784 desinunt.
1266 4729 1348 4784 An
1379 4743 1488 4784 non
1526 4728 1660 4785 istos
1695 4742 1853 4800 reges
1877 4727 2166 4799 exstingui,
2197 4735 2250 4782 et
2277 4727 2390 4798 spi-

813 4821 953 4878 ritus
989 4836 1248 4878 mucrone
1284 4822 1455 4878 occidi
1493 4822 1735 4894 prtecipit
1783 4821 2066 4887 Dominus,
2089 4836 2210 4878 cum
2233 4835 2393 4877 scan-

814 4911 1136 4968 dalizantem
1157 4911 1366 4968 oculum
1398 4914 1547 4980 erui,
1566 4928 1689 4970 cum
1714 4925 1955 4978 manum,
1979 4911 2066 4968 vel
2095 4913 2283 4983 pedem
2304 4910 2393 4982 iu-

814 4999 905 5057 bet
933 5001 1178 5057 abscindi
1215 5001 1239 5055 τ
1279 5019 1298 5054 t
1344 5001 1536 5058 Melius
1559 5009 1667 5066 est,
1699 5001 1892 5072 inquit,
1923 5016 2046 5056 cum
2074 5017 2181 5058 uno
2209 5001 2387 5067 oculo,

816 5091 903 5146 vel
941 5085 1169 5148 debilem
1212 5093 1281 5148 ad
1334 5093 1498 5147 vitam
1538 5091 1766 5164 ingredi,
1823 5107 1984 5162 quam
2024 5091 2160 5147 duos
2179 5092 2388 5160 oculos,

817 5183 1016 5252 pedes,
1067 5200 1130 5239 ac
1175 5200 1367 5240 manus
1415 5184 1741 5250 habentem,
1789 5185 1841 5240 in
1898 5183 2108 5239 inferna
2153 5182 2389 5258 demergi

817 5271 1035 5343 (Matth.
1060 5273 1136 5344 vi.
1174 5292 1192 5327 ι
1227 5275 1266 5328 li
1295 5274 1453 5348 plane
1474 5282 1599 5328 sunt
1620 5288 1774 5345 reges
1798 5273 2209 5330 Madianitarum
2233 5292 2247 5328 :
2280 5273 2391 5329 Ma-

817 5363 942 5419 dian
1005 5372 1185 5419 autem
1228 5365 1616 5438 interpretatur
1663 5365 1726 5419 de
1778 5365 1981 5434 judicio
2028 5382 2045 5420 :
2086 5366 2390 5436 quicunque

817 5457 961 5510 enim
996 5471 1150 5528 reges
1179 5459 1369 5529 spiritu
1393 5475 1497 5515 non
1527 5469 1808 5531 reguntur,
1836 5461 1931 5515 sed
1953 5460 2202 5516 sensibus
2214 5461 2393 5516 carnis

818 5546 1094 5616 obediunl,
1146 5565 1250 5606 non
1306 5553 1373 5607 ad
1430 5551 1856 5608 misericordiam
1903 5553 1995 5608 sed
2021 5553 2086 5608 ad
2131 5551 2391 5622 iudicium

822 5639 1170 5705 se'pertinere
1201 5650 1489 5697 testantur.
1545 5641 1696 5699 Sicut
1735 5643 1801 5700 de
1846 5644 2085 5713 quolibet
2116 5646 2394 5702 incredulo

820 5725 1058 5784 dici'ur:
1107 5747 1124 5814 ς
1161 5727 1261 5802 Qui
1313 5741 1492 5788 au'em
1527 5748 1633 5791 non
1665 5734 1858 5800 credit,
1877 5733 1989 5805 iam
2011 5735 2280 5804 judicatus
2310 5748 2393 5794 est

2492 4641 2693 4697 tiorum
2717 4642 2957 4698 omnium
2985 4642 3291 4704 barbariem
3327 4650 3649 4717 sternimus,
3671 4659 3803 4712 tunc
3833 4665 4085 4728 potesta-

2493 4743 2578 4790 tes
2615 4749 2804 4791 aercas
2833 4735 3187 4794 invictissime
3229 4739 3581 4809 debellamus,
3605 4744 3652 4800 si
3679 4746 4089 4808 et-innocenter

2494 4825 2754 4890 vivimus,
2795 4835 2849 4880 et
2898 4836 3077 4882 tamen
3119 4843 3243 4884 reos
3278 4845 3396 4896 nos,
3431 4847 3496 4887 ac
3533 4835 3772 4905 peccatis
3811 4836 4087 4900 obnoxios

2487 4911 2814 4983 iudicamus,
2854 4916 3098 4974 dicentes
3136 4933 3259 4976 cum
3281 4921 3579 4993 Apostolo:
3616 4945 3634 4979 ι
3669 4926 3727 4984 Si
3755 4929 4084 5003 dixerimus,

2493 5005 2617 5074 quia
2646 5016 2926 5077 peccatum
2945 5024 3050 5064 non
3070 5010 3348 5079 habem'us,
3365 5017 3725 5090 nosmetipsos
3744 5020 4084 5090 seducimus.

2491 5104 2547 5150 et
2593 5097 2792 5152 veritas
2836 5097 2890 5151 in
2917 5099 3072 5156 nobis
3115 5117 3220 5158 non
3269 5113 3353 5159 est
3407 5106 3459 5176 (1
3487 5107 3648 5163 Joan.
3679 5113 3740 5182 ι).
3775 5130 3796 5164 ι
3843 5112 3910 5168 Et
3946 5125 4090 5176 tunc

2493 5189 2726 5255 Esebon,
2755 5207 2916 5260 quam
2962 5196 3304 5265 cogitationes
3343 5199 3693 5271 interpretari
3739 5205 3990 5273 diximus,
4017 5207 4084 5267 in

2491 5277 2853 5336 lsraelitarum
2881 5284 3094 5354 cegitur
3121 5288 3356 5344 transire
3383 5290 3712 5362 dominium;
3754 5310 3874 5352 cum
3920 5313 4088 5358 mens

2493 5381 2679 5427 nostra
2709 5374 2774 5429 de
2801 5376 3073 5445 superbia,
3102 5379 3188 5433 vel
3219 5382 3366 5437 omni
3397 5391 3613 5442 terrena
3634 5389 4085 5460 concupiscentia

2495 5465 2822 5521 transfertur
2852 5468 2904 5522 in
2929 5484 3167 5527 amorem
3192 5475 3343 5543 regni
3370 5477 3652 5534 cmiorum.
3675 5481 4086 5553 Cogitationuns

2494 5558 2691 5627 quippe
2713 5569 2988 5615 certamen
3017 5577 3293 5635 nunquam
3324 5567 3526 5626 Christi
3549 5581 3724 5641 potest
3755 5573 3943 5630 deesse
3967 5577 4086 5633 mi-

2493 5645 2696 5713 litibus,
2738 5651 2990 5717 quoniam
3037 5654 3218 5722 operis
3277 5660 3448 5713 nostri
3506 5676 3604 5718 nos
3652 5663 3919 5720 rectitude
3964 5681 4086 5726 non

2496 5737 2709 5804 liberat,
2747 5740 2790 5795 si
2831 5743 3014 5813 pravis
3068 5746 3182 5804 suis
3230 5750 3649 5823 cogitationibus
3677 5768 3832 5811 mens
3863 5766 4086 5817 armata
