4260 6396
160 375 243 436 ω
1307 356 1513 419 LIBER
1551 348 1924 427 QUARTUS,
1969 343 2194 408 EPIS’I‘.
2233 329 2354 402 XV.

3424 319 3536 381 550

159 484 411 552 virtutibus
458 499 592 543 non
638 482 948 543 'resultat.
1001 476 1312 539 Sutiiciebat
1367 473 1590 545 quidem
1653 469 1792 540 legis
1823 473 1873 534 Α
1901 464 1970 521 de
1999 478 2096 520 eos
2137 461 2192 518 in
2229 455 2493 533 patibulis
2523 435 2717 514 contra
2747 451 3039 552 solertiam
3065 449 3351 552 avertatur
3379 443 3538 552 furor

162 581 360 652 antiqua
407 577 803 644 cultoribus,
856 587 920 633 ut
970 581 1118 631 recta
1162 571 1428 626 duntaxat
1456 563 1804 621 extrinsecus

165 685 382 751 agerent;
401 671 587 728 nobis
614 682 831 729 autem
847 666 1145 740 Evangeiio
1167 660 1486 720 terribiliter
1517 658 1805 713 intonante

169 750 470 844 piaicipitur,
505 773 581 821 ut
610 761 763 821 dunt
792 761 1055 836 operibus
1096 756 1279 831 pravis
1304 754 1590 818 exnimur,
1632 750 1804 804 etiam

180 843 590 936 cogitationibus
657 855 970 931 pervigiles
1007 851 1353 910 obluctemur
1387 865 1401 903 :
1441 867 1459 901 ‹
1535 843 1803 910 Audistis,

185 955 353 1028 inquit,
378 954 517 1025 quia
550 953 789 1008 dictum
819 958 908 1006 est
941 945 1184 1019 antiquis
1218 964 1232 1000 :
1265 941 1383 1000 Non
1411 938 1805 999 maecltaberis.

193 1050 289 1124 Ego
326 1056 509 1105 autem
557 1045 698 1102 dico
743 1043 932 1109 vobis,
960 1041 1085 1114 quia
1121 1038 1440 1111 quicunque
1464 1032 1666 1091 viderit
1691 1045 1808 1086 mu-

200 1145 363 1201 lierem
386 1141 456 1198 ad
482 1139 1006 1212 concupiscendum
1027 1149 1180 1199 eam,
1221 1131 1340 1205 jam
1380 1127 1691 1186 mtechatus
1723 1133 1810 1181 est

204 1254 305 1298 eam
331 1238 382 1294 in
406 1235 582 1293 corde
607 1249 719 1291 suo
746 1231 970 1306 (Matth.
999 1227 1078 1301 v).
1119 1247 1145 1282 si
1183 1227 1325 1283 llinc
1349 1235 1435 1282 est
1458 1222 1604 1295 quod
1633 1220 1805 1277 Joan-

207 1349 295 1390 nes
315 1330 584 1402 Baptista,
611 1342 722 1399 per
749 1339 914 1399 quem
943 1323 1026 1379 lex
1053 1330 1210 1378 vetus
1236 1316 1583 1390 exprimitur,
1607 1326 1807 1371 zonam

204 1423 467 1496 pelliceatn
499 1422 558 1477 in
582 1417 792 1476 lumbis
821 1413 1084 1472 habuisse
1102 1411 1422 1486 perhibetur
1448 1407 1668 1481 (Matth.
1701 1404 1807 1475 in).

200 1514 444 1572 Salvator
467 1521 686 1577 noster,
717 1508 814 1581 qui
847 1515 1039 1563 auctor
1063 1510 1148 1561 est
1195 1499 1496 1574 Evangelii.
1552 1497 1700 1554 inter
1724 1511 1812 1552 se-

199 1620 338 1684 ptem
380 1605 719 1665 candelabra
767 1616 937 1659 aurea
975 1602 1124 1656 visus
1147 1607 1234 1684 est
1268 1612 1300 1653 a
1331 1595 1544 1653 Joanne
1577 1590 1812 1648 vestitus

199 1683 422 1775 pudere,
471 1706 532 1754 et
581 1694 915 1769 precinch
963 1691 1032 1748 ad
1081 1683 1382 1746 inamillam
1433 1700 1570 1742 zona
1619 1698 1807 1738 aurea.

197 1792 334 1862 Quid
361 1799 451 1849 est
489 1804 627 1862 ergo
646 1802 784 1845 zona
818 1784 1042 1859 pellicea
1079 1785 1227 1841 circa
1259 1782 1495 1844 lumbos,
1525 1778 1628 1834 nisi
1663 1777 1811 1847 quod

1911 570 2069 612 meus
2096 555 2166 610 ab
2188 551 2356 610 Israel
2387 548 2583 624 (Nam.
2619 547 2773 615 xxv).
2797 565 2816 598 ι
2837 543 2980 614 Quid
3009 552 3095 599 est
3124 540 3270 612 quod
3303 537 3537 612 populus

1910 645 2232 704 in'luxnrim
2268 644 2592 713 voraginem
2621 640 2847 705 labitur,
2872 647 2928 693 et
2970 637 3024 692 in
3046 651 3242 693 eorum
3273 633 3538 707 praeposi~

1909 753 1994 798 tos
2040 738 2390 797 vindicatur?
2429 735 2649 793 Snbditi
2700 731 3051 804 delinquunt,
3095 739 3152 786 et
3179 728 3461 802 principes
3483 729 3540 785 in

1907 832 2169 904 patibulis
2198 827 2650 902 suspenduntur?
2699 825 2927 883 Scilicet
2958 823 3100 880 alius
3137 832 3245 890 est,
3277 821 3369 894 qui
3411 837 3542 893 pec-

1911 936 2036 992 cat;
2069 925 2208 982 alius
2233 914 2345 992 ille,
2379 923 2472 995 qui
2507 921 2754 994 vapulat.
2786 921 2901 976 Cur
2927 920 3053 986 hoc,
3085 919 3190 976 nisi
3223 919 3352 990 quia
3384 917 3541 987 culpa

1911 1019 2258 1076 subditorum
2289 1018 2344 1072 in
2375 1017 2797 1088 praapositorum
2839 1013 3113 1070 redundat
3135 1013 3495 1084 opprobrium
3529 1030 3541 1065 :

1909 1119 1966 1167 et
2013 1110 2160 1182 quod
2213 1110 2282 1166 ab
2326 1108 2524 1165 ovibus
2573 1116 2837 1174 erratur,
2899 1104 3252 1180 negligentia:
3301 1106 3546 1180 pastoris

1913 1202 2253 1263 ascribitur?
2283 1201 2348 1257 Et
2377 1201 2527 1267 vide,
2565 1215 2735 1272 quam
2788 1198 3148 1256 formidolosa
3175 1197 3251 1255 sit
3301 1198 3548 1257 conditio

1913 1296 2353 1370 prmsidentium,
2406 1304 2464 1350 ut
2518 1309 2626 1350 non
2677 1294 2843 1350 modo
2893 1306 2994 1364 pro
3056 1292 3191 1359 suis,
3240 1292 3336 1349 sed
3361 1300 3420 1350 et
3446 1308 3548 1366 pro

1913 1390 2259 1448 subditorum
2311 1387 2618 1460 puniantur
2664 1384 2915 1443 offensis.
2955 1385 3280 1457 Argnitcos
3311 1383 3546 1460 Moyses,

1913 1497 2042 1553 quia
2070 1481 2155 1537 lex
2209 1479 2306 1538 Dei
2356 1479 2705 1553 negligentia:
2752 1477 2875 1536 illos
2924 1493 2990 1535 ac
3021 1478 3260 1551 torporis
3297 1489 3544 1538 accusat.

1916 1574 2021 1644 Qui
2052 1574 2337 1648 suspendit
2369 1589 2476 1630 eos
2503 1574 2571 1629 ad
2600 1571 2799 1639 solem,
2831 1572 3094 1645 quoniam
3129 1573 3197 1628 ad
3221 1574 3550 1631 examinan-

1915 1667 2048 1725 dum
2101 1666 2505 1738 producuntur,
2565 1674 2624 1722 et
2675 1661 2991 1737 arguuntur
3044 1681 3075 1718 a
3106 1663 3248 1722 luce.
3282 1684 3301 1718 ι
3354 1665 3550 1724 Omnis

1915 1759 2118 1825 enim,»
2149 1766 2209 1814 ut
2241 1757 2507 1814 Dominus
2537 1756 2637 1823 ait,
2671 1774 2691 1809 ι
2715 1757 2812 1828 qui
2833 1755 2981 1812 mala
3013 1755 3150 1829 agit,
3185 1756 3303 1813 odit
3343 1757 3545 1822 lucem,

198 1849 440 1955 3—mian
487 1849 697 1937 αίξωω
725 1849 850 1935 θείς
889 1895 907 1930 ι
947 1874 1066 1932 Non
1097 1871 1498 1932 "memneris?
1530 1889 1548 1923 ι
1586 1868 1654 1923 Et
1679 1865 1812 1938 quid
1841 1872 1891 1934 Β
1918 1861 2100 1910 etnon
2131 1868 2153 1907 π
2175 1852 2288 1909 snit
2311 1851 2378 1906 ad
2400 1851 2603 1916 lucem,
2633 1859 2830 1907 utnon
2850 1860 3160 1924 arguantur
3184 1865 3352 1922 opera
3379 1849 3500 1924 ejus
3532 1865 3548 1907 :

197 1986 279 2034 est
305 1991 449 2032 zona
498 1987 673 2029 aurea
715 1971 784 2028 ad
829 1967 1150 2033 mamillam,
1177 1965 1281 2022 nisi
1314 1964 1458 2035 quod
1482 1959 1812 2018 Christiana:

196 2055 320 2126 adiit
351 2065 664 2125 cultoribus
696 2062 898 2120 dicitur
934 2075 949 2116 :
983 2078 1003 2113 ι
1039 2058 1140 2128 Qui
1177 2057 1379 2113 viderit
1417 2053 1708 2112 mulierem
1741 2049 1811 2105 ad

197 2157 702 2230 concupiscendum
747 2168 893 2220 eam,
950 2150 1065 2229 iam
1115 2150 1425 2208 moechatus
1455 2157 1541 2204 est
1580 2161 1703 2202 eam
1752 2143 1811 2230 in

196 2226 489 2310 corde—suo
508 2251 544 2309 ?,
568 2269 587 2304 ι
622 2248 762 2305 Hinc
783 2246 952 2304 etiam
977 2226 1074 2318 per
1098 2241 1423 2316 prophetam
1449 2238 1632 2295 divina
1680 2226 1814 2292 voce

201 2341 528 2414 pracipitur
556 2355 572 2395 :
609 2357 630 2392 ι
659 2337 827 2404 Lava,
854 2334 1179 2399 Jerusalem,
1210 2348 1242 2390 a
1274 2329 1482 2388 malitia
1510 2331 1608 2385 eor
1631 2338 1811 2393 tuum;

198 2448 488 2509 usquequo
518 2433 882 2489 morabuntur
903 2428 960 2484 in
987 2435 1040 2483 te
1060 2425 1427 2498 cogitationes
1459 2422 1640 2479 noxia:
1673 2421 1807 2494 (λεν.

200 2528 298 2600 iv).
329 2546 348 2580 ι
384 2528 460 2583 Et
499 2525 630 2583 alibi
686 2541 700 2580 έ
747 2543 767 2578 ι
798 2520 1066 2586 ,Διιθιιιιὶ,
1113 2519 1315 2592 inquit,
1366 2528 1422 2574 et
1475 2514 1811 2582 auscultavi;

199 2634 382 2686 nemo,
413 2618 566 2691 quod
596 2617 797 2674 bonum
843 2621 950 2683 est,
984 2613 1170 2670 biatur
1209 2611 1348 2685 (Jer.
1373 2610 1517 2680 vin).
1557 2629 1576 2663 ι
1616 2609 1683 2665 Et.
1709 2608 1813 2665 Sa-

201 2713 386 2769 lomon
447 2711 572 2766 ait:
608 2727 628 2762 ι
675 2708 914 2772 Spiritus
963 2715 1191 2764 sanctus
1246 2703 1549 2777 disciplina:
1589 2701 1818 2776 eti'ugiet

200 2788 411 2870 ictum,
445 2811 504 2859 et
528 2801 743 2882 auferet
769 2815 830 2859 se
857 2815 890 2857 a
920 2799 1370 2874 cogitationibus,
1393 2815 1517 2871 quae
1537 2807 1666 2855 sunt
1694 2797 1818 2854 sine

201 2896 481 2954 intellectu
508 2894 664 2968 (δερ.
693 2894 756 2965 t).
790 2911 811 2947 ι
841 2893 1188 2965 Arripiamus
1227 2907 1360 2964 ergo
1388 2890 1629 2963 gladium
1657 2888 1819 2960 spiri-

201 2998 309 3056 tus,
339 2999 396 3046 et
427 2998 621 3046 contra
651 2985 1042 3061 cogitationum
1071 2999 1176 3044 nos
1207 2982 1588 3040 infestantium
1611 2994 1818 3038 cuneos

203 3078 659 3136 Infederabiliter
702 3064 1360 3148 dimicemusrLegimus
1415 3073 1608 3146 (Num.
1661 3071 1814 3143 xxv),

205 3172 329 3243 quia
360 3170 604 3228 Pbinees
634 3169 916 3236 sacerdos,
941 3183 1068 3225 cum
1102 3166 1333 3223 vidisset
1360 3165 1664 3222 Israelitem
1692 3180 1820 3220 cum

1919 1949 2013 2021 qui
2056 1956 2244 2004 autent
2306 1947 2439 2004 facit
2489 1946 2804 2015 veritatem,
2849 1946 3001 2003 venit
3044 1946 3113 2002 ad
3143 1945 3328 2002 lucem
3359 1943 3547 2020 (Joan.

1920 2045 2026 2113 in).
2062 2061 2082 2095 ι
2117 2042 2204 2098 Ad
2254 2041 2434 2098 lucem
2480 2040 2683 2112 quippe
2741 2038 2926 2107 venit,
2955 2039 3049 2110 qui
3075 2038 3293 2096 occulta
3317 2054 3418 2096 sua
3449 2054 3553 2112 per

1918 2151 2071 2209 purte
2097 2135 2465 2193 confessionis
2491 2136 2698 2190 aditum
2727 2133 2942 2205 pandit.
2967 2132 3288 2191 Curandum
3313 2140 3400 2190 est
3421 2147 3555 2205 ergo

1919 2230 2232 2286 rectoribus
2260 2229 2663 2296 Ecelesiarum,
2692 2235 2754 2282 ut
2783 2226 2929 2284 ﬁlios
2956 2239 3225 2300 generent
3251 2228 3308 2285 in
3334 2226 3505 2287 Israel
3536 2245 3550 2282 :

1919 2333 1976 2379 et
2024 2339 2132 2379 non
2183 2323 2663 2394 qualemcunque,
2708 2322 2807 2379 sed
2854 2322 3032 2380 virilis
3081 2338 3251 2381 sexus
3301 2322 3557 2381 sobolem

1921 2418 2197 2486 nutriant,
2231 2435 2352 2490 qua:
2386 2418 2641 2476 videlicet
2664 2419 2736 2474 ad
2765 2417 3128 2489 praeliandum
3159 2419 3303 2475 bella
3337 2420 3552 2478 Domini

1920 2514 2143 2572 fortiter
2181 2515 2556 2573 convalescat.
2625 2513 2889 2586 Quisquis
2940 2515 3091 2571 enim
3139 2530 3240 2588 per
3294 2513 3557 2585 injuncta'.

1920 2608 2334 2679 praedicationis
2377 2607 2618 2665 oilicium
2650 2606 2719 2663 ad
2769 2606 3126 2679 pugnandum
3170 2605 3311 2664 alius
3341 2605 3560 2673 incitat,

1921 2703 2021 2756 sed
2072 2700 2191 2772 ipse
2225 2715 2336 2757 non
2383 2709 2614 2773 pugnat,
2668 2697 2747 2754 illi
2798 2697 2997 2755 similis
3026 2706 3130 2764 est,
3171 2697 3265 2770 qui
3309 2697 3560 2775 buccinae

1922 2792 2276 2863 clangoribus
2327 2791 2623 2863 obstrepit,
2672 2789 2774 2847 sed
2821 2791 3090 2864 congredi
3141 2792 3397 2848 cominus
3444 2806 3556 2850 non

1922 2885 2230 2956 prtesumit.
2275 2883 2379 2942 Hic
2422 2886 2612 2955 itaque
2652 2900 2768 2942 non
2802 2884 3021 2941 virilem
3059 2895 3290 2957 generat
3325 2901 3558 2956 sexum,

1926 2977 2055 3034 dum
2086 2978 2162 3034 sit
2190 2987 2352 3050 pater
2374 2978 2632 3051 ignavus.
2662 2977 2838 3048 Quem
2861 2977 3116 3050 profecto
3154 2977 3434 3052 Salphaad
3465 2982 3563 3038 ille

1925 3073 2186 3143 signavit,
2216 3074 2311 3143 qui
2342 3089 2449 3130 non
2482 3073 2682 3141 tilium,
2723 3073 2820 3130 sed
2857 3074 3108 3146 quinque
3137 3074 3284 3132 filias
3308 3075 3558 3134 moriens

1928 3167 2222 3239 dereliquit
2240 3166 2434 3241 (Num.
2451 3168 2653 3240 xxvu).
2673 3167 2951 3240 Salpliaad
2975 3170 3252 3243 siquidem
3280 3171 3559 3245 interpre-

205 3261 560 3318 Ihdianitide
587 3268 874 3318 coeuntem
894 3299 909 3326 ,
951 3257 1242 3330 pugionem
1275 3266 1498 3328 repente
1527 3255 1812 3328 corripuit,
1843 3257 1892 3324 C
1925 3270 2077 3317 tatur
2102 3261 2290 3315 umbra
2330 3263 2385 3316 in
2414 3277 2506 3317 ore
2527 3261 2668 3332 ejus.
2708 3260 2974 3332 Quisquis
2997 3263 3144 3320 enim
3171 3262 3334 3320 fortia
3357 3265 3564 3337 praedi-

202 3366 258 3412 et
294 3355 627 3426 sacrilegam
665 3353 1056 3410 fornicantium
1098 3351 1282 3424 bigam
1319 3341 1515 3423 copula
1546 3351 1689 3406 inter
1719 3365 1824 3421 pu-

210 3450 386 3505 denda
414 3446 728 3504 transfodit.
775 3445 892 3504 Hoc
926 3445 1130 3503 factum
1172 3443 1412 3517 priorem
1468 3443 1824 3500 mdificaverit

211 3544 496 3616 populum.
540 3542 624 3598 Tu
670 3528 877 3609 autem,
923 3541 1018 3613 qui
1048 3539 1278 3596 alterius
1327 3537 1453 3595 belli
1503 3537 1823 3608 magisterio

206 3638 517 3694 instructus
556 3650 641 3703 es,
687 3645 743 3692 et
782 3632 1083 3708 spiritualis
1117 3633 1227 3688 dux
1250 3631 1457 3704 gregis,
1489 3646 1598 3687 non
1626 3645 1823 3702 corpo.

207 3731 341 3787 ralis
392 3729 620 3798 allatus,
670 3729 718 3786 si
771 3743 934 3801 quem
980 3727 1334 3798 conspexeris
1376 3727 1445 3782 de
1490 3725 1693 3797 populo
1728 3735 1823 3781 tuo

209 3834 331 3892 post
371 3836 598 3878 sensum
642 3819 699 3876 in
744 3818 1167 3875 Madianitarum
1199 3831 1444 3873 amorem
1475 3825 1723 3882 euntem,
1769 3823 1825 3870 et

211 3914 552 3972 illecebrosis
585 3928 646 3970 se
686 3903 1112 3984 cogitationibus
1143 3909 1506 3975 volutantem,
1539 3909 1667 3965 nolo
1697 3924 1828 3980 par-

209 4021 325 4072 eas,
359 4005 488 4061 nolo
516 4003 841 4070 dissimules,
864 4003 961 4059 sed
979 4003 1126 4060 illico
1155 4010 1403 4073 percute,
1424 4001 1545 4058 sine
1561 4002 1824 4057 dilatione

210 4097 493 4170 transfige.
528 4095 703 4168 Ipsam
739 4109 957 4166 quoque
983 4095 1232 4162 vulvam,
1269 4094 1456 4160 idest,
1488 4101 1701 4170 secreta
1728 4111 1825 4147 na-

211 4202 348 4248 tura:
371 4189 693 4252 discutiens,
719 4199 883 4260 atque
908 4186 1100 4244 intime
1121 4197 1438 4259 penetrans,
1469 4185 1619 4242 illum
1639 4185 1822 4258 ipsum

211 4282 478 4356 peccandi
503 4281 748 4338 fomitem
773 4279 1018 4352 perfode,
1044 4297 1112 4337 ne
1139 4279 1316 4337 valeat
1339 4281 1482 4336 ultra
1508 4280 1820 4352 concipere,

212 4376 296 4434 vel
323 4375 656 4432 virulentam
685 4373 839 4446 131
877 4373 1142 4442 sobolem,
1168 4391 1290 4447 quin
1317 4374 1614 4430 Israelitica
1641 4383 1820 4430 castra

212 4466 590 4533 contaminet,
632 4481 913 4539 generare.
963 4466 1226 4534 Gladius,
1280 4467 1548 4538 inquam,
1598 4468 1823 4537 spiritus

215 4566 398 4634 ipsum
423 4560 684 4634 peccandi
709 4561 1158 4634 conceptaculum
1178 4559 1360 4629 feriat,
1395 4561 1489 4633 qui
1519 4560 1820 4633 petulantia

1927 3362 2042 3422 cat,
2076 3363 2132 3410 et
2161 3355 2447 3411 enerviter
2474 3355 2628 3422 vivit,
2659 3369 2727 3411 ne
2759 3355 2938 3427 turpis
2964 3367 3250 3428 appareat,
3276 3359 3438 3430 quasi
3458 3363 3565 3419 sub

1925 3445 2075 3504 foliis
2101 3462 2163 3504 se
2210 3447 2428 3504 honesti
2483 3449 2759 3506 sermonis
2807 3447 3094 3506 occultat:
3125 3452 3228 3509 sub
3273 3454 3470 3511 umbra
3502 3470 3566 3513 se

1925 3539 2138 3611 proprii
2171 3539 2288 3595 oris
2319 3539 2634 3606 abscondit,
2663 3542 2793 3596 dum
2825 3542 2882 3597 in
2924 3556 3184 3614 campum
3235 3545 3566 3603 certaminis

1927 3648 2027 3703 per
2079 3632 2165 3690 sui
2198 3633 2439 3706 torporis
2493 3633 2770 3705 ignaviam
2813 3649 2921 3694 non
2949 3634 3223 3706 procedit.
3254 3634 3355 3694 Hic
3379 3638 3569 3711 itaque

1926 3737 2195 3798 quantum
2227 3727 2293 3780 ad
2324 3740 2383 3782 se
2405 3740 2515 3782 non
2542 3725 2780 3792 virilem,
2807 3726 2904 3782 sed
2937 3726 3265 3785 muliebrem
3291 3730 3565 3801 sobolem,

1928 3795 1986 3874 et
2042 3820 2187 3876 hanc
2225 3819 2329 3875 sub
2353 3820 2609 3891 quinario
2655 3835 2892 3876 numero
2921 3830 3173 3894 generat,
3202 3795 3334 3879 dum
3367 3795 3569 3898 sequa;

1929 3925 2022 3967 ces
2075 3925 2206 3966 suos
2256 3926 2366 3966 non
2419 3910 2489 3966 ad
2543 3910 2715 3967 robur
2735 3911 3044 3982 spiritualis
3067 3912 3337 3982 audaciae,
3374 3916 3563 3974 sedad

1928 4003 2102 4058 otium
2161 4002 2363 4058 educat
2412 4003 2668 4075 ignobilis
2699 4003 2848 4059 vitae.
2888 4003 3038 4073 Quos
3073 4007 3263 4078 utique
3291 4007 3422 4067 dum
3453 4025 3563 4068 non

1928 4104 2090 4150 curat
2145 4095 2418 4152 industria
2477 4111 2678 4168 pugna:
2733 4097 3042 4168 spiritualis
3097 4099 3369 4170 imbuere,
3417 4104 3570 4177 cogit

1929 4191 2301 4248 exterioribus
2333 4192 2570 4264 negotiis
2591 4234 2604 4260 ,
2637 4193 2795 4264 quasi
2833 4193 3079 4266 quinque
3121 4197 3409 4268 corporeis
3441 4213 3566 4256 seu-

1929 4287 2087 4344 sibus
2117 4289 2424 4344 deservire.

2002 4382 2114 4439 Has
2148 4384 2336 4452 itaque
2365 4383 2734 4455 corporalium
2773 4399 3037 4443 sensuum
3067 4399 3280 4460 portas,
3316 4387 3566 4454 dilectis-

1928 4475 2091 4542 simi,
2125 4487 2183 4533 et
2214 4477 2480 4563 vitiorum
2528 4478 2863 4535 irruentium
2906 4479 3210 4551 phalanges
3253 4483 3566 4552 obstruite,

1928 4576 1984 4622 ct
2026 4567 2293 4623 virtutum
2347 4567 2720 4639 spiritualium
2768 4570 3082 4642 agminibus
3135 4574 3372 4643 aperite.
3413 4574 3569 4632 Mens

216 4658 562 4716 lascivientis
611 4655 1007 4714 oblectamenta
1053 4655 1236 4712 carnis
1287 4656 1621 4726 exstinguat.
1665 4655 1823 4723 Quod
1853 4645 1902 4707 D
1931 4658 2134 4731 quippe
2206 4659 2400 4715 militis
2460 4660 2667 4717 Clit-isti
2701 4702 2718 4727 ,
2785 4661 2944 4734 quasi
3009 4663 3169 4738 132
3238 4668 3567 4726 retiaculum

217 4768 342 4810 cum
395 4749 653 4808 omnibus
702 4765 800 4822 pro
843 4763 944 4807 suo
993 4749 1188 4819 cuique
1238 4748 1459 4805 modulo
1489 4763 1715 4804 necesse
1753 4749 1827 4804 sit

215 4861 409 4921 agere,
475 4843 586 4902 illis
648 4852 824 4901 tamen
874 4843 978 4900 hoc
1029 4842 1353 4917 propensius
1400 4841 1686 4921 imminet,
1730 4842 1825 4914 qui

218 4917 406 4999 locum
451 4937 735 5012 regimini:
799 4944 1014 5001 tenent,
1063 4935 1156 5007 qui
1204 4935 1513 4994 commissis
1552 4917 1826 4994 fratribus

219 5032 544 5107 lit-uident.
591 5030 736 5100 Quos
782 5030 1040 5086 nimirum
1082 5041 1310 5085 necesse
1354 5037 1460 5095 est,
1520 5035 1579 5082 ut
1633 5036 1826 5082 contra

221 5126 352 5181 vitia
405 5123 748 5181 subditorum
777 5119 1130 5178 sacerdotalis
1183 5119 1282 5175 zeli
1315 5118 1501 5176 fervor
1540 5119 1824 5185 accendat,

220 5230 276 5279 et
309 5234 448 5278 cum
493 5217 730 5276 Phinees
775 5215 966 5274 aeterni
1013 5212 1450 5284 sacerdotii-jura
1479 5213 1827 5286 possideant;

224 5314 370 5386 quod
405 5313 458 5370 si
487 5311 712 5369 desidiae
736 5310 884 5366 circa
910 5306 1308 5381 delinquentes,
1349 5315 1568 5377 torpore
1607 5306 1832 5378 langue-

223 5417 412 5473 ιωηι,
437 5404 625 5462 nudati
650 5403 978 5470 sacerdotio,
1008 5417 1132 5458 cum
1163 5399 1283 5458 ﬂeli
1307 5398 1500 5457 fractis
1537 5400 1589 5456 in
1625 5409 1830 5456 terram

225 5500 542 5556 cervicibus
587 5494 672 5569 (ll
707 5494 833 5568 Reg.
882 5493 960 5566 iv)
1007 5494 1304 5551 eliduntur.
1361 5493 1500 5550 Hinc
1529 5503 1634 5558 est.
1687 5493 1831 5566 quod

227 5609 350 5650 cum
380 5590 725 5650 Israeliticus
757 5588 847 5646 ille
870 5587 1101 5661 pupulas
1132 5587 1380 5644 initiatus
1402 5595 1552 5642 esset
1570 5585 1835 5657 Beelphe-

229 5702 326 5758 una
357 5689 412 5744 in
447 5688 692 5754 deserto,
718 5694 774 5742 et
811 5683 866 5739 iu
898 5691 1081 5740 scorta
1125 5679 1284 5738 Moab
1311 5680 1547 5752 turpiter
1589 5679 1834 5736 corruis-

231 5789 336 5844 set,
358 5779 542 5836 iratus
579 5776 765 5835 furore
812 5771 1077 5833 Dominus
1097 5776 1362 5834 adversus
1385 5773 1572 5843 Israel,
1605 5776 1742 5835 dixit
1767 5777 1836 5834 ad

235 5873 456 5948 onsen
479 5894 492 5931 :
516 5894 534 5927 r
561 5873 716 5932 Tolle
735 5881 962 5930 cunctos
987 5871 1261 5945 principes
1289 5869 1581 5944 populiﬁet
1604 5885 1835 5941 suspen-

521 5995 800 6055 I’nnot.
844 5987 1120 6056 CXLIV.

1935 4752 2098 4808 debet
2162 4754 2450 4824 expandi,
2517 4770 2640 4825 quae
2707 4756 2921 4813 scilicet
2979 4767 3036 4813 et
3104 4759 3352 4816 inanium
3420 4763 3571 4836 cogi-

1940 4845 2210 4900 tatiouum
2271 4845 2476 4900 ﬂuenta
2540 4856 2912 4917 transportat,
2968 4857 3025 4903 et
3083 4851 3264 4907 sancti
3325 4850 3573 4925 Spiritus

1936 4938 2295 4994 incitamenta
2361 4940 2727 5010 concipiens,
2804 4941 2967 5014 quasi
3038 4943 3226 5015 pisces
3297 4945 3568 5006 includat.

1937 5028 2214 5086 Robustos
2260 5046 2359 5087 vos
2405 5037 2573 5105 atque
2607 5032 2908 5106 pervigiles
2941 5041 3252 5092 nocturnus
3282 5035 3578 5097 insidiator

1939 5121 2206 5188 inveniat,
2257 5132 2324 5177 ut
2371 5120 2843 5195 castrorum,'pro
2881 5125 3088 5197 quibus
3114 5126 3296 5194 statis,
3332 5128 3438 5186 hoc
3461 5141 3575 5198 est,

1938 5213 2188 5268 cordium
2227 5221 2537 5269 vestrorum
2569 5213 2771 5281 aditus,
2815 5230 2927 5274 non
2975 5216 3272 5291 irrumpat.
3307 5218 3582 5280 Erectum

1937 5307 2228 5368 adversum
2271 5324 2330 5363 se
2363 5323 2584 5380 semper
2621 5309 2858 5381 aspiciat
2893 5312 3080 5368 crucis
3111 5313 3452 5384 triumphale
3480 5330 3578 5374 ve-

1937 5401 2154 5469 xillum,
2179 5410 2373 5459 utnon
2404 5400 2644 5468 a'vobis,
2675 5403 2824 5473 quod
2860 5403 3032 5471 absit,
3069 5404 3252 5461 victor
3274 5409 3573 5465 manubias

1938 5493 2168 5562 referat,
2218 5495 2313 5552 sed
2361 5502 2562 5566 prassto
2621 5493 2914 5567 diil'ugiens
2962 5507 3285 5554 evanescat.
3326 5497 3573 5558 Insistite

1939 5605 2180 5664 semper,
2213 5604 2336 5662 quin
2373 5598 2439 5645 et
2475 5598 2628 5646 recta
2674 5599 2804 5647 sunt
2855 5589 3042 5663 agite:
3079 5600 3134 5649 et
3162 5599 3347 5648 tamen
3371 5593 3566 5651 eadem

1942 5689 2045 5744 sub
2077 5684 2327 5742 districta
2383 5684 2570 5741 cordis
2615 5680 3025 5741 examinatione
3066 5695 3332 5756 pensate;
3366 5694 3428 5741 ut
3468 5685 3564 5760 qui

1943 5778 2142 5837 vestris
2197 5773 2567 5834 tribunalibus
2621 5776 2724 5848 ipsi
2773 5792 2921 5832 nunc
2953 5784 3250 5833 trementes
3278 5777 3560 5843 assistitis,

1943 5873 2076 5932 illud
2113 5870 2708 5954 ultimaenecessitatis
2729 5883 2963 5929 examen
3005 5870 3240 5926 videatis
3278 5870 3558 5942 intrepidi,

3031 5983 3103 6046 11
