4260 6440
778 358 875 414 531

1309 355 1366 413 8.
1403 353 1605 416 PETRI
1648 348 1933 410 DAIIANI
1970 347 2126 409 OPP.
2165 350 2347 407 PARS
2389 352 2519 411 SEU
2557 349 2790 408 TOMUS
2829 351 2868 408 l.
2911 382 2979 397 --
3017 352 3235 412 EPIST.
3278 351 3403 407 LIB.
3443 348 3578 406 Vl“.

3954 348 4063 407 '55!

776 488 882 527 non
957 470 1132 526 denuo
1198 467 1470 537 jndicandi
1500 507 1515 530 ,
1580 466 1674 522 sed
1739 463 1962 535 gloriam
2029 465 2350 538 percepturi.
2383 483 2432 541 Α
2464 466 2696 522 tionibus
2743 468 2956 523 assidue
2989 479 3318 538 perseverat.
3369 467 3431 522 Et
3461 467 3585 538 quia
3619 482 3778 522 mane
3810 465 3950 523 lucis
3974 484 4067 524 no.

1306 578 1638 636 EPISTOLA
1690 576 1827 632 XVI.

1325 688 1392 728 AD
1420 688 1468 726 ν.
1495 684 1806 727 EPISCOPUI.

781 772 1172 826 Aacuuurnu.
1214 790 1285 805 -ο
1323 763 1578 820 Octavam
1629 762 1800 816 sancti
1835 760 2058 816 Joannis
2110 759 2364 831 Baptistae

852 831 1364 912 nativitatiseadcm
1411 833 1782 912 veneratione,
1823 833 2133 912 quanipsarn
2172 832 2364 912 nativi-

855 919 1018 965 tatem
1048 906 1425 962 celebrandam
1456 919 1575 959 esse
1606 901 1902 958 contendit.
1933 901 2131 956 Deinde
2154 902 2219 956 de
2243 912 2366 956 octo

852 979 1064 1037 Veteris
1093 976 1427 1031 Testamenti
1470 973 1853 1030 festivitatibus
1882 974 2137 1043 disputat,
2165 987 2368 1040 easque

856 1053 922 1108 ad
966 1049 1288 1119 evangelica:
1327 1047 1446 1100 fidei
1491 1057 1749 1119 ‘normam
1786 1045 2069 1114 allegorica
2099 1044 2368 1114 interpre—

857 1124 1056 1176 tatione
1085 1116 1341 1172 transfert
1363 1126 1414 1169 et
1437 1117 1830 1171 accounnodat.

859 1203 1062 1266 Domno
1092 1209 1155 1262 ν.
1191 1206 1515 1262 veneranda:
1544 1205 1850 1262 sanctitatis
1888 1205 2162 1274 episcopo,
2197 1219 2260 1260 ac
2287 1220 2371 1260 re-

788 1304 994 1374 ligiosis
1032 1301 1287 1354 Ecclesiae
1343 1313 1452 1353 sua:
1495 1296 1805 1363 canonicis,
1861 1295 2076 1352 Plz-rans
2118 1307 2372 1368 peccator

786 1394 1084 1449 monachus
1105 1391 1438 1446 servitutem.

862 1485 1030 1539 Divini
1067 1483 1241 1538 cultus
1265 1481 1582 1551 obsequium
1614 1490 1739 1535 tunc
1759 1490 1839 1536 est
1864 1480 2047 1552 procul
2071 1481 2233 1535 dubio
2259 1481 2372 1535 latt-

786 1578 854 1632 de
884 1577 1124 1646 dignum,
1158 1589 1279 1628 cum
1326 1573 1485 1626 fuerit
1537 1571 1880 1626 laudabiliter
1914 1581 2368 1626 consummatum.

787 1669 1053 1726 (laterum
1079 1667 1206 1736 quid
1238 1665 1478 1735 prodest,
1525 1664 1569 1720 si
1603 1674 1748 1720 recte
1779 1665 1903 1734 quis
1926 1665 2203 1734 quodlibet
2237 1681 2372 1735 Opus

789 1759 1032 1828 incipiat,
1088 1757 1190 1811 nisi
1235 1764 1380 1810 recto
1420 1754 1543 1809 illud
1584 1755 1688 1810 fine
1730 1755 2018 1810 concludat
2061 1755 2370 1809 ?Novimus

2468 570 2596 614 stra:
2635 560 2719 614 lexr
2767 569 2848 614 est
2910 570 2962 614 et
3003 563 3297 631 prepbetze,
3351 575 3634 630 vesperum
3693 569 3874 614 autem
3926 560 4068 618 lucis

2467 648 2644 718 hujus,
2678 661 2935 721 quantum
2968 652 3032 704 ad
3069 652 3316 706 ordinem
3351 663 3674 721 temporum.
3707 651 4066 722 Evangelinln

2465 750 2569 804 est,
2604 744 2742 798 sicut
2772 743 2898 796 dicit
2925 744 3232 812 Apostolus.
3267 746 3331 797 ad
3377 760 3495 808 nos,
3549 743 3601 797 in
3632 761 3770 815 quos
3799 744 3933 800 ﬁnes
3964 761 4070 802 sa:-

2468 831 2712 887 culorum
2732 835 3062 888 devenerunt
3080 833 3127 905 (l
3147 834 3265 888 Cor.
3289 834 3362 903 χ).
3383 835 3441 890 Et
3471 837 3584 906 ipse
3612 836 3812 891 David:
3843 838 4072 894 «Elevao

2469 926 2545 979 tio
2578 940 2834 980 manuum
2863 942 3102 981 mearum
3133 927 3458 983 sacrificium
3486 931 3856 1000 vespertinum
3888 930 4067 1001 (Psal.

2469 1019 2613 1087 cu).
2655 1038 2674 1070 ι
2737 1017 3057 1075 Matutinum
3115 1036 3326 1090 semper
3374 1031 3428 1076 et
3477 1022 3850 1092 vespertinum
3909 1023 4074 1080 offert

2471 1109 2698 1166 Domino
2709 1111 3060 1178 sacrificium,
3077 1113 3166 1184 qui
3193 1115 3539 1184 semetipsum
3557 1131 3586 1169 a
3605 1117 3959 1173 szeculnribns
3978 1135 4073 1174 ne-

2471 1205 2631 1278 gotiis
2662 1215 2930 1268 mactans,
2958 1216 3208 1262 versatur
3232 1208 3446 1263 assidue
3479 1209 3532 1262 in
3586 1225 3850 1264 novarum
3882 1226 3946 1266 ac
3980 1228 4074 1267 ve-

2473 1305 2648 1351 terum
2711 1296 3151 1351 meditationibus
3199 1295 3604 1368 Scripturarum
3641 1317 3654 1353 :
3685 1301 3802 1354 sive
3848 1302 4078 1355 matuti-

2471 1402 2599 1442 num
2627 1399 2691 1440 ac
2715 1386 3083 1456 vespertinum
3120 1385 3348 1442 Domino
3376 1388 3702 1445 sacrificium
3735 1389 3941 1462 jugiter
3968 1393 4073 1446 im-

2471 1475 2758 1540 molemus,
2791 1491 2912 1530 cum
2970 1487 3023 1529 et
3052 1476 3242 1546 dignas
3281 1478 3329 1533 ei
3359 1481 3658 1548 gratiarum
3709 1483 3955 1539 actiones
4006 1486 4073 1540 de

2471 1576 2657 1622 nostra
2686 1566 3056 1635 redemptione
3090 1565 3393 1634 referimus,
3413 1568 3637 1640 ejusque
3663 1572 3913 1650 terribile.
3927 1572 4073 1642 judi-

2473 1672 2614 1712 cium
2642 1657 3020 1715 formidantes.
3041 1657 3150 1725 jam
3185 1659 3339 1728 quasi
3371 1659 3734 1718 tribunalibus
3760 1664 4072 1733 praisidenti

2474 1756 2766 1801 trementes
2794 1755 3053 1801 astatnus.

786 1849 994 1918 itaque,
1027 1845 1387 1908 dilectissimi,
1429 1846 1554 1915 quia
1594 1845 1939 1901 festivitatem
1978 1847 2115 1901 beati
2147 1845 2370 1900 Joannis
2397 1842 2449 1904 Β
2546 1837 2670 1892 Ροεί
2701 1838 2827 1908 Ιυϐθ
2881 1853 3010 1891 νεξΓο
3055 1838 3380 1894 “criminin
3439 1839 3737 1897 Sabballllll
3794 1848 4018 1915 ponitur
4055 1886 4074 1915 ,

787 1939 1061 2008 Baptistae,
1115 1946 1275 2006 prout
1331 1937 1549 2006 dignum
1586 1949 1688 2000 est,
1737 1937 1950 2006 quidem
1997 1936 2375 1990 venerabiliter

788 2033 985 2094 colitis,
1029 2033 1120 2083 sed
1169 2030 1375 2083 octavis
1425 2028 1540 2097 ejus
1581 2030 1739 2082 trium
1778 2029 2070 2083 lectionum
2110 2030 2374 2082 brevitate

785 2121 1044 2182 contenti,
1074 2135 1177 2174 non
1218 2135 1358 2181 eam,
1385 2134 1489 2189 qua
1513 2120 1686 2189 dignae
1711 2128 1857 2182 sunt,
1891 2121 2248 2174 reverentiam
2280 2135 2377 2173 ex-

787 2213 1005 2268 hibetis.
1036 2211 1167 2266 Nam
1193 2213 1235 2268 si
1267 2213 1516 2267 lectionis
1536 2213 1860 2282 evangelicae
1906 2221 2062 2268 tenor
2089 2213 2375 2283 diligenter

789 2305 1111 2367 attenditur,
1145 2303 1342 2357 nullius
1373 2305 1545 2358 sancti
1592 2305 1857 2359 festivitas
1881 2305 1933 2358 in
1976 2305 2222 2360 Ecclesia
2245 2306 2374 2360 coli-

788 2410 894 2458 tur,
952 2397 1104 2466 cujus
1149 2397 1354 2450 octavis
1408 2404 1554 2450 tanta
1605 2398 1905 2452 reverentia
1960 2398 2236 2450 debeatur.
2286 2399 2374 2452 Ait

783 2493 924 2543 cnim
969 2489 1192 2559 angelus
1218 2487 1498 2541 Zacharias
1533 2506 1542 2539 :
1581 2505 1595 2538 I
1626 2487 1740 2541 Erit
1768 2487 1861 2542 tibi
1885 2487 2162 2558 gaudium,
2197 2499 2249 2540 et
2275 2504 2373 2540 ev-

787 2581 1041 2644 sultatio,
1097 2589 1152 2632 et
1213 2578 1366 2633 multi
1423 2579 1476 2632 in
1528 2578 1810 2633 nativitate
1880 2580 1997 2649 ejus
2063 2580 2376 2650 gaudebunt

786 2677 938 2738 (Luc.
983 2670 1042 2739 i).
1085 2690 1101 2720 ι
1147 2669 1299 2735 Quod
1339 2667 1523 2737 procul
1564 2667 1725 2723 dubio
1781 2684 1883 2722 non
1913 2670 2028 2738 ipso
2078 2670 2376 2722 nativitatis

787 2760 894 2822 die,
939 2759 1030 2812 sed
1068 2771 1259 2812 oetavo
1286 2757 1466 2828 potius
1500 2773 1604 2812 non
1641 2758 1932 2827 ambigitur
1955 2757 2120 2814 fuisse
2147 2758 2376 2828 comple-

790 2863 923 2900 tum.
957 2851 1159 2904 Octavo
1204 2849 1404 2918 quippe
1441 2848 1547 2912 die,
1587 2863 1694 2917 quo
1734 2849 2088 2903 circumcisus
2122 2859 2228 2914 est,
2266 2865 2372 2904 non

791 2951 869 2992 est
902 2941 1020 2992 sine
1068 2939 1358 2992 multorum
1399 2940 1594 3008 gaudio
1633 2939 1911 2994 Zacharia:
1939 2940 2207 3010 angelitus
2241 2957 2377 2994 nun-

788 3034 1001 3094 tiatum,
1040 3041 1095 3085 et
1124 3031 1399 3085 Elisabetb
1432 3031 1690 3086 divinitus
1716 3033 2057 3102 inspiratum,
2089 3047 2258 3102 puero
2280 3049 2375 3087 no-

787 3140 910 3180 men
935 3123 1250 3194 imponitur,
1291 3138 1350 3176 os
1389 3124 1559 3193 patris
1591 3123 1732 3192 quod
1771 3122 1860 3177 diu
1900 3122 2145 3178 clausum
2173 3123 2370 3188 fuerat,

2479 1929 2727 1982 videlicet
2751 1939 2806 1982 ut
2835 1931 2900 1982 ab
2927 1931 3073 1983 ornni
3091 1932 3269 1998 operis
3294 1931 3509 1986 servilis
3529 1936 3881 1991 exsecutione
3912 1953 4075 1993 vace-

2478 2034 2585 2077 tur.
2609 2022 2922 2079 Christiano
2945 2041 3072 2080 vero
3101 2028 3378 2096 spirituale
3396 2027 3688 2085 Sabbatum
3719 2047 3903 2104 agere,
3933 2044 4016 2089 cst
4043 2052 4077 2091 a

2477 2113 2742 2168 laboriosa
2778 2131 2958 2169 rerum
3005 2120 3383 2185 temporalium
3435 2122 3732 2189 cupiditate
3764 2125 4074 2192 quiescere,

2475 2204 2605 2259 solis
2633 2207 2939 2260 orationum
2971 2222 3035 2262 ac
3062 2207 3352 2264 lectionum
3375 2212 3569 2267 studiis
3598 2213 3874 2278 insudare,
3900 2231 4076 2271 stt-crto

2477 2295 2669 2349 larium
2709 2297 3045 2366 negotiorum
3091 2301 3304 2367 pondus
3331 2301 3398 2356 de
3427 2304 3626 2357 mentis
3658 2305 3874 2359 cervice
3904 2304 4076 2376 proji-

2479 2400 2623 2447 cere,
2668 2385 2732 2439 ad
2767 2387 3177 2458 contemplanda
3223 2389 3462 2445 caelestia
3519 2401 3627 2446 tota
3659 2396 3839 2449 cordis
3904 2397 4085 2453 inten-

2477 2478 2626 2532 tione
2665 2493 2886 2541 vacare;
2936 2480 3117 2533 carnis
3165 2481 3562 2537 oblectamenta
3614 2487 4084 2555 contemnere,“

2478 2569 2588 2623 sola
2638 2584 2732 2638 spe
2782 2569 3083 2624 cmlestium
3144 2572 3777 2642 spiritualijucunditate
3823 2578 4082 2647 gaudete.

2480 2663 2552 2716 De
2584 2663 2684 2716 hoc
2711 2664 2855 2717 enim
2905 2665 3032 2717 dicit
3061 2666 3348 2733 Apostolus
3372 2683 3386 2722 :
3418 2665 3779 2738 Relinquetur
3798 2685 3933 2742 ergo
3959 2671 4088 2728 ab.

2477 2753 2738 2806 batismus
2762 2753 2957 2822 populo
2989 2753 3080 2806 Dei
3114 2751 3302 2822 (Hebr.
3333 2758 3430 2824 tv).
3467 2757 3556 2811 llle
3588 2774 3749 2826 porro
3781 2759 4086 2817 Sabbatum

2478 2843 2704 2897 Domino
2732 2846 3000 2898 veraciter
3021 2845 3279 2910 celebrat,
3307 2849 3396 2918 qui
3428 2849 3508 2904 sic
3534 2849 3602 2904 ab
3639 2851 3743 2915 his,
3775 2867 3897 2921 quae
3932 2869 4091 2907 mun-

2478 2935 2527 2986 di
2560 2944 2686 2988 sunt
2719 2934 2994 3005 operibus,
3051 2948 3226 3001 vacat,
3273 2949 3327 2991 ut
3386 2957 3414 2992 a
3467 2941 3843 3010 spiritualibus
3899 2952 4090 3000 tamen

2477 3025 2686 3079 actibus
2728 3042 2832 3081 non
2862 3029 3127 3096 quiescat.
3166 3028 3317 3086 Unde
3347 3029 3561 3086 Veritas
3592 3033 3669 3086 ait
3705 3050 3716 3086 :
3755 3052 3773 3085 ι
3829 3036 3941 3089 Aut
3972 3050 4091 3092 non

2479 3118 2705 3188 legistis,
2756 3121 2883 3190 quia
2914 3124 3232 3177 sacerdotes
3265 3125 3317 3178 in
3373 3125 3573 3196 templo
3622 3125 3922 3181 Sabbatum
3963 3129 4091 3183 vio-

785 3215 1050 3287 aperitur.
1090 3213 1155 3269 Et
1179 3214 1268 3283 qui
1295 3225 1520 3268 eatenus
1568 3214 1876 3269 communia
1907 3213 2097 3268 saltem
2125 3214 2372 3283 proferre
2399 3199 2445 3262 C
2477 3209 2610 3275 lant,
2633 3222 2686 3265 et
2705 3214 2819 3268 sine
2841 3215 3068 3268 crimine
3090 3217 3249 3269 sunt?
3281 3235 3299 3268 ι
3323 3215 3515 3270 Matth.
3550 3233 3715 3282 xvtu;
3743 3217 3905 3273 Joan.
3936 3219 4091 3290 vtxt.)

785 3307 952 3362 verba
998 3321 1103 3362 non
1134 3317 1366 3377 poterat,
1400 3307 1624 3378 mystica
1666 3304 1779 3376 jam
1810 3307 2139 3378 prophetalis
2163 3307 2372 3363 oraculi

787 3409 1127 3456 sacramenta
1182 3399 1459 3454 fundebat.
1513 3399 1709 3452 Totum
1753 3413 1884 3469 ergo
1924 3399 2200 3468 gaudium,
2229 3399 2374 3468 quod

786 3491 1029 3564 angelica
1053 3491 1226 3547 fuerat
1256 3493 1662 3547 denuntiatione
1685 3493 2032 3561 promissum,
2057 3504 2248 3548 octavo
2279 3509 2379 3548 na-

789 3587 1019 3642 tivitatis
1055 3585 1142 3640 die
1162 3587 1422 3653 probatur
1449 3585 1771 3638 exhibitum.
1806 3583 2070 3638 Nativitas
2107 3585 2286 3654 itaque
2312 3585 2372 3638 Β.

785 3675 1013 3734 Joannis
1036 3691 1139 3729 non
1172 3686 1279 3730 tam
1310 3677 1481 3747 gratia
1522 3675 1754 3744 propriae
1783 3676 2062 3745 dignitatis
2085 3678 2373 3744 attollitur,

787 3787 947 3843 quam
997 3770 1174 3825 octavi
1231 3770 1313 3824 sui
1363 3752 1644 3840 privilegio
1692 3770 2000 3823 decoratur.
2034 3769 2378 3840 Quapropter

790 3862 1063 3931 aequitatis
1086 3860 1226 3915 ratio
1253 3861 1440 3924 dictat,
1467 3861 1688 3914 utsicut
1721 3860 1834 3928 ipsa
1866 3859 2140 3920 nativitas.
2181 3869 2234 3914 et
2257 3859 2374 3928 ejus

787 3962 976 4008 octava
1002 3950 1350 4019 nihilominus
1394 3952 1709 4013 bonoretur,
1743 3963 1808 4003 ex
1850 3964 1954 4018 qua
1983 3951 2234 4004 videlicet
2259 3952 2373 4021 ipsa

789 4043 1048 4096 nativitas
1083 4042 1404 4106 illustratur,
1435 4051 1488 4095 et
1515 4042 1583 4095 ab
1603 4057 1664 4094 ea
1690 4040 1938 4110 percipit,
1976 4041 2116 4096 unde
2145 4041 2375 4098 celebris

788 4142 842 4187 et
889 4133 1116 4202 insignis
1163 4131 1410 4186 habetur.
1459 4130 1614 4202 133
1643 4132 1722 4183 Ab
1754 4141 1940 4184 octava
1983 4131 2250 4200 siquidem
2277 4148 2373 4188 sua

790 4225 1115 4280 venerabilis
1171 4223 1284 4278 haec
1339 4225 1592 4277 nativitas
1624 4224 1844 4291 accipit,
1879 4223 2020 4276 unde
2065 4233 2374 4278 sanctorum

786 4317 1029 4372 omnium
1061 4316 1431 4369 nativitatibus
1458 4315 1749 4368 antecellit.
1774 4313 1951 4389 Atque
1975 4314 2094 4369 ideo
2118 4330 2221 4368 non
2247 4331 2373 4385 sup-

787 4425 974 4481 parem
1005 4410 1071 4461 ab
1094 4425 1155 4461 ea
1188 4419 1426 4461 meretur
1451 4409 1730 4466 honorem,
1763 4407 1847 4459 cui
1875 4407 2078 4474 praebet
2107 4421 2172 4458 ex
2200 4422 2256 4460 se
2281 4407 2371 4460 bo-

793 4503 943 4557 noris
971 4517 1032 4554 ac
1059 4500 1290 4554 celebris
1317 4501 1631 4554 reverentiae
1657 4499 1998 4568 dignitatem.
2036 4497 2144 4552 Nec
2177 4500 2372 4554 mirum

2477 3301 2579 3369 Qui
2627 3318 2756 3373 ergo
2781 3303 2848 3357 ab
2873 3304 3148 3358 actionum
3176 3305 3518 3362 saecularium
3559 3307 3835 3363 laboribus
3880 3321 4091 3376 cessat,

2477 3401 2532 3446 et
2551 3393 2746 3446 divina‘
2759 3396 3036 3449 servitutis
3050 3397 3302 3462 operibus
3321 3409 3499 3462 vacat,
3515 3399 3602 3455 ille
3622 3398 3944 3456 Christiana:
3964 3402 4097 3458 reli-

2477 3483 2651 3552 gionis
2670 3485 2965 3539 Sabbatum
2989 3487 3246 3542 celebrat.
3273 3487 3376 3543 Iste
3400 3506 3508 3544 non
3537 3493 3733 3546 servile
3763 3508 3900 3564 opus
3925 3495 4094 3562 facit,

2480 3577 2606 3645 quia
2642 3591 2700 3630 se
2741 3578 2945 3645 peccati
2974 3581 3379 3647 perpetratione
3405 3583 3662 3636 custodit.
3696 3584 3796 3652 Qui
3828 3586 3977 3640 enim
4003 3585 4094 3642 fa-

2480 3668 2556 3721 cit
2612 3679 2892 3736 peccatum
2926 3683 3116 3725 servus
3163 3681 3245 3726 est
3285 3673 3514 3742 peccati.
3558 3672 3664 3728 lste
3694 3690 3796 3728 non
3827 3675 3881 3730 in
3917 3676 4094 3734 domo

2480 3775 2574 3813 sua
2609 3760 2787 3830 ignem
2838 3762 3109 3827 accendit,
3143 3764 3266 3832 quia
3317 3779 3508 3820 omnes
3538 3767 3793 3821 vitiorum
3841 3767 4092 3839 fomites,

2478 3863 2530 3906 et
2560 3853 2672 3917 irae,
2699 3863 2753 3907 et
2777 3852 3070 3909 simultatis
3102 3855 3366 3926 igniculos
3391 3871 3459 3911 ex
3484 3857 3761 3913 domicilio
3798 3875 3908 3914 suae
3932 3878 4095 3918 men—

2480 3945 2545 3996 tis
2570 3944 2887 4014 exstinguit,
2920 3946 2986 3996 ab
3015 3945 3106 4000 illo
3133 3961 3332 4001 cavens
3381 3947 3526 4018 igne,
3562 3949 3628 4004 de
3683 3966 3792 4020 quo
3819 3953 4095 4022 scriptum

2479 4046 2560 4089 cst
2593 4053 2602 4088 :
2637 4057 2652 4086 ι
2679 4035 2755 4089 lte
2787 4037 2838 4089 in
2876 4037 3076 4091 lumine
3104 4038 3244 4107 ignis
3267 4039 3451 4104 vestri,
3483 4048 3539 4095 et
3567 4039 3620 4096 in
3652 4039 3888 4106 ﬂamma,
3917 4059 4095 4114 quam

2479 4128 2804 4182 accendistis
2854 4127 2990 4197 (Iw.
3025 4145 3056 4183 ι.
3086 4131 3126 4197 ).
3160 4148 3176 4179 ι
3240 4129 3338 4184 llic
3391 4132 3624 4201 denique
3668 4133 3876 4201 pondus
3910 4133 3965 4188 in
3999 4135 4092 4190 via

2480 4234 2587 4272 non
2631 4230 2832 4288 portat,
2877 4223 3131 4288 quoniam
3194 4223 3597 4276 incnrvantiurn
3628 4239 3686 4278 se
3737 4225 4093 4294 iniquitatutn

2481 4310 2783 4374 ruderibus,
2822 4327 2916 4364 cor
2946 4327 3042 4380 per
3095 4315 3469 4382 paenitentiam
3529 4314 3747 4386 levigat.
3781 4316 3856 4371 De
3887 4319 4093 4387 quibus

2481 4416 2575 4469 per
2601 4400 2921 4471 Proplietam
2946 4404 3141 4458 dicitur
3162 4425 3171 4457 :
3196 4426 3211 4454 ι
3234 4407 3497 4471 QuOuiam
3518 4407 3832 4479 iniquitates
3849 4425 3983 4464 mete
4002 4426 4092 4466 su-

2479 4510 2774 4563 pergressa:
2792 4506 2910 4548 sur"
2938 4505 3098 4564 caput
3127 4497 3286 4570 135
3309 4514 3509 4564 meum,
3526 4510 3579 4554 et
3602 4500 3899 4558 sicutonus
3919 4519 4092 4574 grave

791 4596 833 4651 si
862 4595 1059 4649 clarior
1081 4602 1135 4646 et
1157 4593 1381 4661 insignis
1401 4607 1627 4661 quaeque
1656 4592 1920 4644 festivitas
1949 4600 2142 4644 octavo
2166 4592 2373 4646 dierum
2409 4572 2455 4630 ί)
2481 4599 2716 4656 gravata
2763 4601 2888 4642 sunt
2939 4605 3100 4658 Super
3147 4607 3230 4644 me
3274 4589 3445 4657 (Paul.
3472 4594 3707 4662 xxxvii).
3748 4612 3766 4644 ι
3817 4594 3886 4648 Et
3925 4572 4088 4663 paulo

790 4686 992 4742 circqu
1015 4700 1156 4738 nunc
1187 4685 1238 4738 in
1274 4683 1513 4737 Ecclesia
1547 4683 1859 4752 proteletur,
1890 4699 2008 4737 cum
2034 4694 2156 4738 octo
2181 4686 2371 4753 praeci-

791 4795 921 4848 puas
951 4777 1321 4832 solemnitates
1352 4789 1444 4844 per
1482 4789 1922 4843 unumquemque
1952 4776 2074 4828 anni
2107 4775 2371 4830 circulum

794 4872 845 4922 in
877 4871 988 4939 lege
1018 4869 1184 4922 veteri
1212 4867 1469 4920 Dominus
1502 4866 1800 4919 instituisse
1827 4865 2053 4933 legatur.
2084 4865 2213 4933 Quae
2244 4883 2370 4937 pro—

796 4962 935 5016 fecto
969 4961 1286 5015 festivitates
1320 4968 1374 5012 et
1406 4960 1560 5014 nobis
1607 4971 1752 5022 sunt,
1794 4969 1847 5014 et
1884 4960 1987 5014 illis
2038 4976 2136 5031 pro
2169 4970 2377 5031 tempo-

797 5071 912 5107 rum
963 5052 1280 5105 diversitate
1344 5063 1682 5104 communes.
1738 5050 1952 5104 lllorum
2007 5043 2204 5122 quippe
2254 5064 2379 5107 sunt

795 5163 889 5217 per
918 5145 1152 5201 carnalis
1180 5141 1544 5198 observantia
1565 5143 1752 5204 ritum,
1785 5152 1983 5196 nostra:
2006 5158 2221 5212 quoque
2245 5143 2379 5199 nihi-

794 5241 1027 5295 lominus
1079 5248 1207 5295 sunt
1260 5251 1421 5309 super
1445 5238 1744 5307 spiritualis
1790 5236 2163 5308 intelligentia:
2193 5253 2376 5294 sacra-

795 5347 915 5387 men
926 5344 1054 5386 tum.

864 5422 1040 5478 Prima
1080 5422 1348 5492 siquidem
1374 5435 1556 5475 eorum
1608 5421 1875 5476 festivitas
1902 5430 1982 5476 est
2007 5420 2138 5493 juge
2168 5421 2377 5477 sacrifi-

793 5519 959 5580 cium,
989 5519 1128 5585 qnod
1163 5517 1349 5584 utique
1382 5529 1478 5583 per
1508 5516 1791 5568 continuos
1836 5514 1950 5568 dies
1987 5515 2267 5568 matutinis
2316 5531 2376 5570 ac

796 5610 1117 5675 vespertinis
1150 5605 1539 5675 horisjubetur
1567 5604 1746 5659 offerri
1771 5603 1958 5674 (Lerit.
2001 5619 2172 5670 mu;
2214 5605 2373 5658 .V'um.

797 5709 986 5756 umr.
1016 5707 1185 5764 utri.
1217 5698 1307 5751 ille
1336 5698 1590 5750 nimirum
1617 5696 1761 5765 jugis
1792 5696 2046 5751 sacrificii
2072 5697 2381 5752 solemnita-

797 5802 901 5844 tem
935 5790 1156 5846 Dmuino
1187 5787 1443 5852 celebrat,
1468 5790 1555 5860 qui
1587 5791 1642 5848 in
1665 5788 1901 5845 celestis
1926 5790 2124 5861 eloquii
2157 5791 2381 5847 medita-

2480 4689 2598 4746 post
2635 4697 2646 4731 :
2683 4699 2698 4730 ι
2743 4679 3059 4734 lncurvatus
3088 4697 3227 4747 sum,
3281 4692 3334 4736 et
3365 4681 3682 4738 humiliatus
3707 4698 3826 4739 sum
3880 4701 4084 4757 usque-

2479 4788 2691 4843 quaque
2718 4772 2928 4841 (Ibid.).
2965 4794 2978 4822 ι
3017 4773 3119 4827 lstc
3149 4786 3412 4844 pncterea
3443 4777 3495 4830 in
3528 4777 3648 4832 loco
3686 4794 3785 4833 suo
3815 4782 4081 4848 residens,

2478 4867 2692 4937 longius
2716 4883 2818 4920 non
2863 4868 3122 4934 procedit,
3153 4869 3277 4937 quia
3309 4869 3588 4927 Christum
3619 4872 3719 4927 sibi
3753 4869 4083 4930 fundamen-

2480 4970 2592 5014 tum
2620 4960 2792 5030 ponit,
2835 4961 2887 5013 in
2926 4976 3032 5030 quo
3068 4962 3275 5017 scilicet
3328 4963 3703 5020 firmissimum
3735 4982 3846 5021 sua:
3882 4945 4091 5037 quietis

2486 5052 2850 5106 habitaculum
2883 5054 3172 5107 construit.
3214 5055 3330 5125 Ipse
3361 5057 3560 5126 quippe
3590 5057 3738 5113 locus
3767 5067 3853 5113 est
3887 5061 3956 5114 de
3978 5079 4091 5132 quo

2480 5146 2743 5214 scriptum
2778 5156 2899 5200 est:
2940 5165 2955 5195 ι
3017 5145 3134 5200 Filii
3176 5163 3456 5203 servorum
3491 5159 3704 5206 tuorum
3754 5152 4092 5212 habitabant

2483 5237 2552 5290 ibi
2581 5234 2753 5302 (Paul.
2784 5239 2909 5291 ω.»
2947 5236 3065 5306 Ipse
3118 5239 3530 5295 fundamentum
3563 5242 3630 5297 de
3668 5258 3778 5313 quo
3834 5244 4086 5302 dicitur:

2487 5347 2503 5378 ι
2535 5328 2669 5395 Quia
2695 5327 3107 5385 fundamentum
3132 5331 3273 5384 aliud
3303 5348 3458 5387 nemo
3485 5343 3664 5403 potest
3689 5350 3912 5404 ponere,
3945 5354 4092 5408 pra.

2483 5428 2563 5473 ter
2588 5420 2637 5472 id
2660 5421 2798 5491 quod
2825 5425 3056 5490 positum
3073 5420 3665 5487 cst,ChristumJesum
3687 5423 3742 5494 (Ι
3763 5424 3887 5478 Cor.
3919 5429 4028 5497 nt).
4063 5449 4084 5484 ι

2553 5509 2730 5566 Tertia
2758 5529 2887 5568 vero
2927 5511 3191 5569 festivitas
3229 5525 3310 5569 est
3343 5513 3670 5581 Neomenite,
3706 5517 3757 5572 id
3786 5528 3892 5584 est,
3925 5537 4090 5579 noun

2483 5602 2640 5658 lunae.
2687 5605 2836 5660 Tunc
2863 5616 3046 5660 autem
3081 5608 3322 5662 innovari
3374 5608 3497 5662 luna
3547 5609 3766 5674 dicitur,
3808 5627 3932 5664 cum
3979 5614 4088 5671 soli

2485 5694 2844 5766 conjungitur,
2878 5708 2930 5751 et
2973 5698 3038 5751 ab
3090 5714 3155 5752 eo
3185 5699 3250 5752 ad
3282 5700 3696 5769 concipiendum
3729 5701 4090 5770 splendorem

2485 5787 2631 5846 velut
2659 5791 2841 5846 amissi
2874 5791 3092 5848 luminis
3121 5803 3424 5864 reparatur.
3453 5792 3545 5850 Sol
3564 5793 3795 5862 justitia
3822 5794 4089 5856 Christus

3846 6327 4260 6357 ““““’“““
