4260 6380
247 402 336 464 εδδ

1420 394 1629 457 LIBER
1668 392 2032 467 QUARTUS,
2073 394 2300 455 EPIST.
2340 395 2482 457 XVI.

3456 406 3567 465 554

244 519 464 598 (Infecit.
502 515 607 589 tv),
645 515 774 573 luna
824 525 1008 574 autem
1044 516 1225 588 primo
1257 524 1449 575 sancta
1487 513 1818 574 universalis
1848 520 1890 577 Α
1923 520 2115 585 postea
2156 512 2397 571 aedifices
2426 515 2649 572 domum
2678 523 2828 573 tuam
2868 516 3063 591 (Ibid.)
3104 538 3124 575 ι
3163 520 3273 579 Sed
3308 522 3564 598 quisquis

242 614 467 678 Ecclesia,
496 609 700 667 deinde
726 625 957 683 quaeque
985 609 1161 669 fidelis
1209 621 1297 671 est
1320 612 1506 668 anima
1538 610 1681 681 eius,
1714 610 1811 683 qui

238 706 461 784 splendor
504 714 592 760 est
616 704 825 776 gloria,
853 712 911 760 et
962 705 1138 778 ligura
1169 705 1492 763 substantia
1521 704 1715 777 (Hebr.
1745 702 1811 777 ι),

237 803 292 856 de
317 796 463 853 radiis
487 794 785 851 illustrata.
807 794 944 851 Cum
972 811 1106 869 ergo
1124 808 1312 855 sancta
1338 798 1598 871 qualibet
1626 798 1812 855 anima

232 886 548 959 itedemptori
575 902 677 943 suo
707 888 1051 945 veracitcrin
1066 904 1255 947 amotte
1277 892 1654 964 coniungitur,
1684 906 1811 949 cum

231 984 270 1039 ei
295 982 505 1053 denique
538 979 689 1036 velut
711 978 765 1036 in
792 981 1033 1052 sponsali
1065 982 1308 1040 thalamo
1334 999 1434 1055 per
1469 984 1806 1042 oblectatio-

228 1078 297 1134 nis
336 1075 527 1131 intima
569 1072 840 1145 glutinum
894 1075 1217 1148 copulatur;
1267 1086 1396 1134 tunc.
1418 1078 1610 1151 procul
1640 1077 1809 1137 dubio

226 1166 598 1225 solemnitatem
633 1164 945 1224 Ncomeniat
979 1168 1247 1234 celebrat,
1286 1170 1416 1228 dum
1445 1170 1809 1229 reformatam

223 1277 271 1317 tte
294 1277 321 1316 a
347 1274 578 1331 superno
608 1258 813 1317 lumine
838 1258 1072 1317 fratrum
1098 1278 1323 1321 suorum
1373 1266 1688 1336 aspectibus
1720 1282 1808 1323 re-

223 1362 501 1427 praesentat,
528 1352 677 1409 sicut
699 1352 831 1409 dicit
866 1354 1160 1425 Apostolus
1189 1374 1202 1411 :
1243 1374 1264 1409 ι
1293 1354 1397 1424 Qui
1426 1356 1673 1413 adhaeret
1696 1358 1805 1415 Do-

220 1449 363 1511 mino,
389 1459 523 1501 unus
560 1444 791 1516 spiritus
824 1454 911 1503 est
937 1445 992 1519 (1
1016 1446 1142 1503 Cor.
1172 1446 1274 1520 vt).
1310 1467 1329 1501 ι
1373 1446 1512 1505 Nam
1541 1449 1587 1504 si
1632 1449 1688 1504 in
1719 1450 1806 1507 bis

220 1539 442 1595 omnibus
467 1537 643 1593 solum
684 1538 928 1595 exterior
953 1537 1045 1594 ille
1091 1538 1502 1596 solemnitatum
1538 1542 1677 1596 ritus
1711 1556 1805 1597 ac-

214 1632 405 1703 cipitur,
433 1645 535 1687 non
556 1630 676 1699 jam
702 1646 768 1686 ex
804 1631 889 1687 his
918 1630 1171 1688 utilitatis
1224 1631 1431 1705 aliquid
1461 1633 1622 1690 nobis
1643 1633 1799 1690 vide-

216 1735 291 1781 tur
329 1738 479 1797 posse
523 1723 790 1791 conferri,
823 1725 918 1781 sed
972 1726 1357 1797 superstitiosa
1388 1727 1575 1797 potius
1625 1728 1796 1799 exigi,

212 1835 267 1876 ac
293 1817 475 1875 frivola
523 1814 787 1885 iudicari.
821 1818 960 1875 Hinc
987 1832 1073 1876 est
1126 1820 1271 1891 quod
1325 1820 1623 1892 Apostolus
1673 1823 1793 1881 ait:

1921 604 2245 662 interiorem
2270 606 2550 664 hominem
2577 622 2738 665 suum
2765 609 2831 665 de
2861 609 2949 666 die
2982 610 3039 667 in
3068 612 3214 670 diem
3253 617 3561 676 secundum

1917 698 2167 771 Apostoli
2186 701 2523 780 sententiam
2554 699 2639 771 (Il
2660 700 2784 757 Cor.
2813 704 2891 772 tv)
2909 715 3162 772 renovat,
3188 707 3443 780 quisquis
3462 726 3564 770 cor

1920 806 2079 851 suum
2113 793 2285 851 divini
2312 774 2543 851 terroris
2568 795 2845 868 ligonibus
2868 796 3082 867 sulcat;
3117 800 3221 857 iste
3246 816 3357 859 non
3389 819 3563 876 super

1916 887 2126 959 spinas,
2151 889 2248 945 sed
2280 903 2447 961 super
2468 890 2683 945 novalia
2718 890 2979 961 seminat,
3005 900 3067 947 ut
3107 889 3397 952 centesimi
3422 912 3558 969 pro-

1917 987 2116 1035 ventus
2142 990 2388 1051 segetem
2423 991 2616 1037 metat.
2649 980 2805 1039 Unde
2828 984 2965 1065 dicit
2987 984 3287 1057 Apostolus
3316 1006 3332 1044 :
3365 1007 3385 1043 ι
3415 990 3559 1059 Quia

1913 1072 2009 1144 qui
2037 1073 2277 1129 seminat
2307 1075 2361 1129 in
2389 1076 2612 1148 spiritu,
2647 1078 2714 1133 de
2741 1077 2939 1148 spiritu
2972 1088 3144 1137 metet
3183 1081 3361 1139 vitam
3388 1094 3559 1142 teter.

1914 1182 2042 1223 nam
2073 1166 2220 1239 (Gal.
2257 1166 2357 1240 Vl).
2401 1188 2420 1222 ι
2453 1170 2557 1240 Qui
2586 1187 2717 1228 vero
2747 1171 2959 1229 fructus
2988 1183 3043 1231 et
3094 1176 3149 1231 in
3194 1176 3301 1234 hac
3329 1179 3443 1236 vita
3483 1180 3557 1239 de

1912 1258 2111 1330 spiritu
2139 1259 2496 1333 colligantur.
2529 1262 2674 1318 idem
2705 1264 2835 1322 alibi
2894 1266 3189 1340 diligenter
3228 1282 3552 1341 enumerat.

1914 1350 2107 1407 dicens
2136 1370 2149 1407 :
2190 1372 2208 1405 ι
2246 1352 2485 1411 Fructus
2508 1366 2690 1411 autem
2716 1358 2946 1429 spiritus
2976 1369 3084 1427 est,
3115 1362 3390 1433 charitas,
3412 1381 3552 1437 gau-

1910 1443 2086 1512 dium,
2143 1462 2273 1517 pax,
2314 1447 2604 1519 patientia,
2642 1449 3057 1523 longanimitas,
3090 1455 3335 1527 bonitas,
3380 1459 3546 1517 heni-

1906 1542 2109 1612 gnitas,
2168 1550 2555 1616 mansuetudo,
2612 1549 2766 1616 lides,
2828 1550 3130 1619 modestia,
3178 1555 3545 1629 continentia,

1905 1635 2138 1692 castitas
2179 1634 2327 1708 (Gal.
2360 1641 2438 1709 v).
2473 1660 2491 1692 ι
2524 1640 2787 1712 Quisquis
2814 1644 2980 1716 igitur
3002 1644 3102 1702 hos
3132 1644 3349 1707 fructus
3391 1650 3543 1709 intra

1904 1738 2019 1780 sua:
2049 1729 2249 1785 mentis
2278 1730 2537 1787 horreum
2568 1732 2794 1804 colligit,
2824 1735 2914 1789 hic
2936 1737 3315 1805 proculdubio
3336 1740 3545 1799 solem-

1906 1819 2139 1875 nitatem
2175 1819 2452 1877 Novorum
2482 1825 2779 1881 salubriter
2805 1828 2957 1886 colit.

216 1910 410 1967 inemo
430 1908 697 1981 dijudicet
718 1925 815 1967 vos
842 1912 897 1966 in
927 1913 1073 1979 cibo,
1104 1923 1202 1969 aut
1244 1923 1397 1986 potu,
1434 1924 1532 1971 aut
1559 1916 1612 1971 in
1639 1926 1799 1987 parte
1826 1911 1877 1973 Β
1980 1910 2187 1969 Deinde
2240 1915 2494 1985 sequitur
2537 1917 2812 1973 festivitas
2856 1922 3061 1977 mensis
3105 1924 3351 1996 septimi,
3413 1943 3539 1998 qua)

206 2006 297 2061 diei
320 2002 456 2067 festi,
493 2012 589 2060 aut
610 2005 923 2071 necmenia,
954 2016 1046 2061 aut
1080 2005 1346 2074 Sabbato,
1371 2023 1492 2079 quae
1523 2019 1651 2066 sunt
1680 2027 1796 2066 um-

210 2097 290 2151 bra
316 2095 622 2151 futurorum
648 2094 879 2167 (Colon.
911 2098 1000 2169 ιι).
1033 2117 1053 2151 ι
1090 2097 1245 2168 Quod
1304 2104 1439 2173 ergo
1488 2107 1619 2157 tunc
1673 2111 1796 2160 erat

208 2188 372 2245 umbra
420 2187 733 2245 futurorum
779 2188 989 2255 Iudaeo,
1030 2202 1191 2246 nunc
1223 2200 1309 2247 est
1335 2192 1604 2249 exhibitio
1646 2210 1791 2265 prae-

204 2279 413 2335 sentium
449 2277 767 2336 Christiano
801 2298 814 2334 :
855 2287 912 2337 et
939 2280 1085 2352 quod
1151 2281 1257 2339 illis
1310 2285 1499 2340 datum
1553 2296 1642 2341 est
1688 2287 1792 2345 sub

202 2369 541 2426 exterioribus
593 2370 963 2437 caeremoniis,
1020 2371 1180 2428 nobis
1218 2370 1423 2429 factum
1453 2384 1539 2432 est
1589 2375 1793 2433 instru-

202 2472 417 2518 mentum
464 2462 842 2535 intelligentia
893 2465 1213 2536 spiritualis.
1278 2468 1431 2525 Tunc
1471 2472 1618 2526 enim
1660 2488 1790 2529 neo-

200 2555 433 2621 meniam,
463 2556 571 2612 hoc
630 2567 738 2623 est,
769 2571 925 2613 nova
960 2558 1102 2615 luna
1146 2559 1379 2618 colimus
1425 2573 1631 2632 ortum,
1661 2581 1787 2622 cum

200 2655 409 2702 veterem
443 2647 771 2718 deponimus
800 2649 1100 2717 hominem,
1146 2660 1203 2707 et
1240 2662 1447 2711 sancta:
1490 2671 1791 2715 conversa-

200 2738 337 2795 tionis
364 2740 645 2797 induimus
668 2743 992 2801 novitatem.

251 2831 443 2901 Quarto
464 2834 591 2891 loco
620 2834 903 2894 Paschalis
923 2839 1066 2909 apud
1090 2838 1211 2897 illos
1242 2840 1514 2899 festivitas
1535 2846 1781 2915 ponitur,

196 2923 239 2979 ia
263 2940 356 2996 qua
387 2943 532 2984 nunc
564 2929 711 2999 apud
744 2944 842 2986 nos
868 2930 1061 3004 Agnus
1096 2933 1206 2999 ille,
1242 2936 1335 3005 qui
1380 2934 1521 2992 tollit
1549 2949 1781 3008 peccata

192 3019 372 3083 mundi.
412 3034 515 3091 pro
545 3021 717 3076 totius
743 3022 926 3078 θεαιιὶ
980 3023 1158 3080 salute
1189 3036 1464 3083 mactatur
1491 3028 1676 3098 (Joan.
1716 3032 1781 3101 t).

188 3107 304 3165 Nam
329 3113 528 3181 pascha
559 3122 811 3168 nostrum
848 3115 1158 3172 immolatus
1189 3126 1273 3173 est
1299 3118 1555 3175 Christus
1576 3120 1630 3186 (1
1651 3119 1779 3177 Cor.

186 3201 251 3267 ι).
274 3200 401 3259 Huic
424 3205 786 3259 continuatur
823 3204 1114 3274 festivitas,
1152 3224 1274 3279 quae
1312 3210 1513 3268 dicitur
1539 3212 1782 3285 Azymo~

1902 2004 2109 2061 dicitur
2135 2006 2444 2079 Clangoris,
2471 2012 2587 2066 sive
2611 2010 2914 2067 Tubarum.
2944 2013 3036 2070 Sic
3060 2018 3208 2071 enim
3241 2018 3388 2074 inter
3420 2020 3541 2077 dics

1898 2102 2171 2172 septimus
2192 2104 2432 2175 quisque
2469 2107 2673 2161 dicitur
2704 2108 3029 2177 Sabbaltttn,
3072 2110 3143 2165 ita
3177 2112 3537 2172 nihilominus

1896 2201 1954 2248 et
1984 2194 2126 2250 inter
2161 2210 2400 2263 nienses,
2435 2199 2526 2269 qui
2557 2200 2823 2269 septimus
2858 2211 2965 2266 est,
2996 2204 3203 2259 dicitur
3225 2204 3534 2266 Sabbatutn

1896 2286 2196 2352 mensium,
2242 2298 2299 2343 ιιι
2332 2290 2502 2345 etiam
2531 2290 2835 2347 Sabbatum
2866 2294 3248 2350 sabbatorum.
3287 2298 3423 2366 Quis
3445 2307 3535 2356 est

1897 2388 2079 2434 autem
2097 2380 2324 2454 clangor
2340 2382 2432 2440 ille
2448 2385 2728 2450 tubarum,
2747 2388 2835 2442 cui
2856 2388 3159 2446 debeamus
3187 2406 3372 2447 annua
3394 2392 3533 2451 festa

1893 2470 2230 2540 persolvere,
2250 2474 2354 2529 nisi
2370 2476 2691 2548 evangelica
2708 2487 2764 2533 et
2788 2480 3091 2550 apostolica
3112 2483 3389 2553 doctrina,
3410 2505 3534 2559 qtae

1896 2574 2161 2635 tanquam
2184 2567 2411 2625 catleste
2440 2572 2765 2635 tonitruum,
2794 2588 2858 2629 ac
2885 2575 3149 2631 terribilis
3171 2577 3405 2634 buccina
3434 2599 3533 2639 nos

1893 2661 1961 2713 ad
1986 2661 2327 2731 ptocinctum
2364 2664 2895 2735 spiritualtsmilitize
2923 2682 3183 2740 provocat
3213 2692 3225 2726 :
3276 2684 3443 2745 atque
3472 2683 3533 2731 ut

1893 2766 1993 2821 pro
2007 2754 2207 2809 castris
2226 2754 2579 2825 imperatoris
2595 2761 2788 2813 aeterni
2807 2771 3001 2815 contra
3023 2764 3284 2834 nequitia:
3299 2769 3531 2838 spiritus

1892 2846 2347 2903 infmderabiliter
2382 2850 2733 2935 dttnicetntts,
2769 2855 3029 2927 instigat?
3056 2858 3191 2924 Quis
3244 2874 3329 2915 est
3372 2878 3527 2933 ergo,

1891 2939 1982 3009 qui
2025 2939 2281 2996 tubarum
2308 2943 2425 2998 sive
2448 2944 2722 3015 clangoris
2750 2946 2952 3004 festum
2985 2950 3227 3020 legitime
3256 2956 3530 3024 celebret,

1891 3032 1996 3087 nisi
2020 3034 2113 3103 qui
2140 3032 2457 3106 Scripturas
2480 3036 2697 3093 Veteris
2720 3056 2785 3095 ac
2813 3041 2948 3096 Novi
2976 3045 3311 3104 'l‘estamenti
3345 3051 3531 3107 studet

1891 3126 1945 3182 in
1978 3130 2222 3185 armario
2249 3146 2361 3185 sua:
2410 3134 2613 3187 mentis
2649 3134 2949 3202 includere,
3006 3155 3071 3194 ac
3105 3153 3380 3213 praecepta
3410 3159 3528 3200 cte-

1890 3218 2047 3276 leStia
2102 3223 2277 3277 tenaci
2338 3239 2557 3295 semper
2602 3229 2882 3282 memoria!
2934 3233 3367 3289 connuendarc?
3401 3234 3533 3295 lbec

188 3307 305 3358 rum,
332 3294 383 3351 in
408 3311 516 3367 qua
548 3297 888 3369 praecipitur,
943 3306 1002 3353 ut
1030 3314 1062 3355 e
1097 3302 1316 3357 cunctis
1364 3303 1619 3359 domibus
1646 3306 1783 3379 abji-
1810 3293 1860 3360 C
1891 3313 2077 3384 itaque
2090 3313 2228 3370 festa
2253 3293 2664 3375 celebrantibus
2692 3322 2797 3377 rite
2814 3337 2913 3393 per
2933 3323 3263 3394 Pmphetam
3290 3329 3525 3385 dicitur:

186 3386 340 3442 ciatur
364 3404 528 3445 omne
558 3388 919 3447 fermentum.
947 3392 1122 3461 Quam
1179 3395 1368 3467 utique
1399 3396 1778 3469 festivitatem,

182 3493 284 3548 quae
310 3482 563 3539 videlicet
594 3499 704 3539 una
736 3500 859 3540 cum
888 3485 1097 3544 Pascha
1122 3487 1362 3546 dicenda
1392 3500 1499 3558 est,
1534 3508 1635 3549 nos
1688 3509 1779 3550 ve-

182 3572 361 3625 raciter
388 3573 767 3643 celebramus,
803 3577 849 3633 si
874 3575 1205 3635 fermentum
1240 3580 1464 3639 malitia:
1500 3592 1555 3639 et
1586 3586 1780 3655 nequi-

182 3661 253 3716 tia:
290 3664 352 3720 de
378 3667 742 3725 tabernaculo
781 3672 953 3726 nostri
1001 3674 1186 3731 cordis
1234 3675 1544 3746 abjicimus,
1578 3690 1633 3733 et
1663 3680 1778 3735 sin-

177 3754 393 3812 ceritatis
429 3773 497 3813 ac
527 3758 786 3815 veritatis
814 3776 1005 3831 azyma
1040 3764 1403 3821 custodimus.
1456 3766 1776 3827 Cavendum

178 3854 406 3918 estergo,
430 3865 503 3905 ne
530 3850 610 3905 sit
640 3851 697 3906 in
726 3853 1002 3910 mentibus
1026 3858 1229 3912 nostris
1260 3858 1613 3918 adumbratio
1638 3862 1771 3933 fuci,

176 3940 454 4010 wrruptela
480 3940 775 4011 fermenti,
802 3960 1035 4003 caverna
1059 3951 1358 4017 mendacii;
1390 3954 1486 4010 sed
1510 3958 1693 4026 potius
1719 3961 1772 4017 in

178 4024 312 4085 domo
331 4033 504 4088 nostri
534 4036 783 4105 pectoris
802 4037 981 4110 vigeat
1008 4048 1065 4096 et
1084 4041 1345 4112 puritatis
1376 4024 1683 4118 integritas,
1717 4062 1774 4106 et

174 4119 390 4180 soliditas
416 4127 700 4183 veritatis.

231 4212 344 4270 Post
370 4220 535 4287 hanc,
562 4220 662 4275 illa
695 4219 965 4281 festivitas
991 4228 1259 4298 sequitur,
1291 4245 1414 4300 qtue
1440 4232 1645 4288 dicitur
1666 4234 1770 4290 No-

171 4319 353 4373 veram,
392 4327 521 4367 cum
554 4312 824 4384 primitias
856 4315 1069 4375 scilicet
1118 4320 1185 4375 de
1214 4322 1369 4377 novis
1409 4322 1659 4396 frugibus
1685 4327 1768 4381 of-

174 4394 409 4457 fenmtnr.
436 4402 579 4460 Cum
614 4408 769 4462 enim
792 4408 860 4463 ad
890 4414 1263 4470 maturitatem
1292 4394 1538 4489 segetum
1573 4438 1766 4491 perve-

170 4490 312 4555 nitur,
336 4505 462 4553 tunc
488 4498 547 4553 in
575 4500 917 4569 perfectione
950 4503 1215 4561 bonorum
1243 4507 1517 4565 fructuum
1550 4490 1763 4569 auctori

171 4581 403 4647 bonorum
435 4594 552 4650 Deo
574 4595 854 4654 festivitas
878 4600 1077 4671 agitur.
1108 4600 1459 4673 Nos'quoque
1487 4602 1762 4662 Novorum

169 4682 398 4743 solemnia
434 4692 718 4762 gerimus.
746 4693 791 4749 si
830 4694 983 4765 prius
1012 4712 1205 4767 agrum
1262 4699 1435 4754 nostri
1467 4702 1651 4756 cordis
1684 4703 1766 4758 di-
1792 4675 1849 4737 D

172 4774 379 4843 tciplinz
418 4795 656 4838 vomere
706 4776 1141 4853 proscindeutes,
1197 4790 1458 4845 virtutum
1514 4794 1761 4863 germina

169 4872 461 4941 Ipargimus,
495 4888 558 4929 ιιι
598 4876 733 4931 boui
761 4879 1106 4947 postmodum
1132 4882 1316 4951 cperis
1340 4881 1615 4939 frumenta
1651 4901 1764 4940 me-

172 4964 337 5016 tamus.
367 4961 519 5021 Unde
548 4982 658 5036 per
687 4968 1003 5039 prophetam
1029 4972 1231 5027 dicitur
1261 4991 1272 5027 :
1304 4992 1322 5025 ‹
1362 4972 1567 5030 Novate
1602 4976 1761 5050 135

168 5048 297 5107 vobis
312 5058 521 5122 novale,
552 5071 611 5113 et
636 5058 808 5113 nolite
838 5075 1021 5115 serere
1044 5077 1209 5133 super
1236 5064 1427 5135 spinas
1453 5066 1588 5137 (Jer.
1622 5048 1753 5136 lvii

172 5138 230 5196 De
252 5145 379 5200 bono
403 5151 627 5207 scilicet
656 5153 896 5223 agricola
924 5153 1183 5213 Salomon
1220 5160 1299 5214 ait
1327 5176 1340 5213 :
1377 5178 1394 5211 ι
1433 5159 1535 5229 Qui
1566 5178 1762 5233 opera-

171 5242 239 5288 tur
260 5246 446 5296 terram
488 5258 686 5307 suam,
740 5245 991 5301 inaltabit
1039 5263 1295 5305 acervum
1358 5251 1575 5325 frugum
1618 5259 1759 5328 :qui

170 5338 393 5423 operatur
439 5338 752 5406 justitiam,
796 5340 910 5410 ipse
960 5344 1291 5401 exaltabitur
1347 5348 1543 5417 (Eccli.
1573 5351 1693 5423 xx).
1734 5371 1753 5404 ι

170 5413 231 5471 De
274 5427 555 5499 negligenti
614 5446 843 5501 quoque
880 5436 1132 5502 operario
1182 5438 1323 5493 idem
1356 5413 1521 5496 vdicit
1551 5457 1563 5495 :
1598 5461 1615 5494 ι
1652 5413 1760 5499 Per

171 5524 327 5579 ιιι-ιιω
376 5521 626 5579 hominis
686 5524 826 5596 pigri
877 5529 1126 5595 transivi,
1169 5542 1224 5585 et
1253 5548 1348 5601 per
1381 5534 1593 5588 vineam
1655 5536 1757 5591 viri

168 5604 321 5674 stulti;
349 5623 402 5668 et
422 5630 554 5673 ecce
581 5626 767 5671 totum
799 5619 1140 5689 repleverunt
1172 5626 1381 5689 urticae,
1422 5642 1759 5697 operuerunt.

170 5701 471 5768 superﬁciem
505 5709 633 5779 ejus
663 5712 930 5781 spina:,et
955 5719 1191 5772 maceria
1218 5719 1453 5791 lapidum
1483 5726 1762 5785 destructa

170 5793 442 5865 eratU’ros.
466 5806 653 5875 utr).
689 5821 710 5855 ι
748 5803 1051 5863 Etiterum:
1086 5810 1764 5887 «Prmparaanuithris

172 5902 278 5959 (Wa
321 5905 484 5968 tuum,
510 5910 571 5958 et
624 5900 929 5973 diligenter
991 5920 1189 5966 exerce
1228 5925 1420 5986 agrum
1475 5922 1649 5985 tuum,
1701 5928 1762 5974 ut

1894 3422 1914 3456 ι
1945 3403 2139 3460 Canite
2172 3406 2331 3461 initio
2361 3409 2567 3465 mensis
2594 3410 2721 3465 tuba
2755 3412 2807 3466 itt
2837 3413 2925 3467 die
2953 3413 3151 3486 insigni
3196 3416 3527 3475 solemnita-

1887 3498 1958 3553 tis
1982 3508 2180 3554 vestra:
2213 3497 2389 3571 (f’sal.
2423 3504 2615 3574 Lxxx).
2656 3524 2673 3557 ι

1958 3590 2092 3647 Post
2139 3592 2282 3647 hanc
2315 3604 2399 3649 cst
2432 3604 2487 3650 ct
2536 3594 2625 3650 illa
2671 3594 2965 3663 festivitas,
3028 3616 3151 3671 qua:
3207 3602 3526 3663 celebratur

1884 3684 2096 3740 decima
2141 3686 2229 3741 die
2258 3690 2467 3745 mensis
2493 3692 2735 3761 septimi,
2772 3693 2827 3748 in
2875 3710 2981 3764 qua
3016 3698 3274 3763 videlicet
3304 3704 3525 3762 animas

1884 3794 2013 3835 suas
2064 3779 2239 3835 Judtci
2292 3786 2688 3855 praecipiuntur
2715 3787 2980 3861 allligere.
3033 3790 3140 3848 Nos
3168 3796 3338 3859 etiam
3372 3799 3518 3857 hanc

1886 3874 1990 3929 rite
2043 3876 2449 3932 solemnitatem
2512 3880 2765 3945 colimus,
2800 3900 2927 3940 cum
2983 3902 3208 3943 carnem
3269 3904 3523 3950 nostram

1884 3970 2254 4023 maceratione
2309 3971 2648 4043 castigamus
2690 3975 2909 4041 inedita,
2967 3993 3091 4032 cum
3149 3985 3523 4055 nosmetipsos

1882 4060 2236 4128 repritnitnus
2271 4062 2375 4117 sub
2416 4074 2587 4120 arctae
2618 4069 2864 4123 custodia
2899 4070 3242 4142 disciplinte;
3273 4092 3399 4131 cum
3430 4079 3523 4135 de-

1879 4152 2044 4223 nique
2100 4154 2415 4226 petulantes
2486 4161 2791 4215 carnalium
2848 4165 3166 4233 passionum
3227 4169 3519 4231 illecebras

1876 4246 2270 4319 crucifigitnus,
2314 4266 2437 4304 cum
2470 4267 2671 4321 corpus
2722 4265 2973 4311 nostrum
3016 4273 3113 4328 pre
3174 4259 3408 4319 Domino
3442 4264 3521 4319 la-

1875 4336 2101 4394 boribus
2130 4350 2185 4394 et
2216 4343 2484 4398 :rrumuis
2518 4345 2833 4410 atterimus,
2866 4363 2992 4403 cum
3037 4351 3357 4410 interiorem
3419 4356 3519 4413 ho-

1875 4430 2080 4485 minem
2112 4448 2210 4501 per
2243 4437 2689 4504 contpunctimtis
2719 4454 2782 4492 ac
2814 4438 3041 4496 ﬂetuum
3097 4442 3336 4502 lamenta
3390 4465 3513 4506 ma-

1874 4532 2106 4580 ctanms.
2141 4526 2293 4582 Hanc
2325 4528 2492 4599 igitur
2520 4530 2678 4586 nobis
2706 4530 2809 4587 hoc
2844 4535 3005 4591 modo
3038 4534 3398 4598 festtvitatem
3425 4557 3520 4599 ce-

1875 4614 2216 4673 lebrantibus
2256 4621 2651 4689 repronitiatur
2703 4623 2814 4691 ille,
2845 4641 3008 4697 quem
3056 4633 3341 4702 proposuit
3369 4634 3516 4693 Deus

1874 4708 2291 4777 propitiatoretu
2327 4726 2425 4779 per
2456 4710 2705 4769 lidcnt'in
2739 4720 3006 4788 sanguine
3037 4736 3156 4777 suo.

1947 4797 2153 4855 Octava
2188 4817 2337 4867 vero,
2370 4820 2493 4873 qua:
2524 4815 2577 4861 et
2604 4807 2793 4862 ultima
2829 4810 3155 4870 solemnitas
3175 4825 3285 4883 est,
3308 4818 3515 4879 dicitur

1876 4892 2238 4966 Scenopegia,
2275 4897 2377 4951 hoc
2404 4908 2509 4961 est,
2546 4900 3055 4975 tabernaculorum,
3082 4924 3206 4978 qua:
3252 4913 3516 4973 videlicet

1873 4986 2285 5077 quintodecimO
2316 4990 2403 5043 die
2429 4991 2676 5061 ejusdem
2711 4998 2931 5065 septimi
2960 5002 3168 5058 mensis
3193 5004 3388 5077 incipit
3417 5024 3513 5066 ce-

1872 5078 2095 5135 lebrari.
2114 5057 2515 5138 Liciatttrettim
2534 5085 2676 5141 Deus
2700 5087 2753 5141 in
2776 5098 2849 5154 te,
2868 5106 2995 5145 cum
3017 5090 3063 5148 t'e
3086 5098 3241 5165 quasi
3260 5057 3512 5174 peregri»

1872 5187 2001 5226 num
2020 5173 2217 5237 cernit,
2237 5175 2549 5231 etexsulem
2574 5196 2585 5231 :
2607 5188 2661 5233 et
2681 5195 2788 5235 non
2823 5182 2878 5237 in
2895 5186 3093 5253 patriae
3108 5173 3511 5258 domibus,sed

1871 5264 1924 5317 in
1958 5265 2135 5321 exsilii
2187 5268 2556 5325 tabernaculis
2607 5274 2877 5343 conspicit
2931 5277 3300 5339 habitantem.
3344 5306 3361 5338 ι
3389 5283 3519 5352 Nati

1875 5357 2038 5430 136
2072 5362 2215 5413 enim
2250 5362 2337 5416 hic
2383 5363 2650 5420 habemus
2701 5382 3017 5427 manentem
3051 5375 3360 5445 civitatem.
3408 5383 3508 5439 sed

1870 5446 2112 5503 futuram
2154 5451 2484 5523 inquirimus
2546 5455 2736 5527 (Hebr.
2777 5460 2921 5531 xm).
2974 5485 2990 5516 ι
3028 5466 3164 5523 Cum
3220 5471 3369 5526 enim
3412 5472 3504 5530 hic

1868 5544 2146 5599 cernimus
2176 5559 2275 5615 per
2320 5546 2518 5603 molem
2558 5553 2830 5620 corporis,
2863 5556 3179 5617 habitamus
3210 5572 3398 5619 autem
3442 5567 3505 5623 in

1866 5635 2006 5690 cmlo
2020 5652 2119 5706 per
2146 5639 2383 5692 studium
2415 5640 2760 5709 intentionis,
2800 5662 2923 5701 cum
2961 5659 3219 5721 tanquam
3253 5654 3500 5715 viatores

1868 5731 2126 5801 quidam,
2160 5742 2209 5787 et
2235 5734 2487 5801 advenae,
2515 5752 2613 5807 per
2642 5738 2963 5809 despectum
3012 5745 3210 5798 mentis
3252 5762 3497 5816 praesen-

1870 5826 1940 5881 tia
1967 5836 2164 5883 cuncta
2200 5831 2654 5893 transcurrimus,
2680 5834 2747 5887 ad
2776 5850 3071 5904 supernam
3099 5854 3228 5893 vero
3254 5844 3489 5911 patriam

1867 5922 2047 5977 anxiis
2078 5921 2475 5981 desideriorum
2507 5924 2765 5999 gradibus
2797 5926 3140 5997 festinamus,
3177 5940 3305 5987 tunc
3330 5949 3359 5989 a
3392 5950 3490 5990 no-
