4260 6412
713 5561 762 5578 “-ι.

767 5576 794 5586 ’.δ
803 5587 806 5590 .

839 376 950 434 535

1387 373 1443 428 s.
1486 370 1692 428 PETRI
1730 356 2210 426 DAMIANI‘OPP.
2253 368 2435 427 rans
2473 368 2609 428 seu
2650 367 2891 428 TOMUS
2929 369 2972 424 ι.
3010 397 3082 424 ρ-
3117 363 3337 424 EPIST.
3376 363 3509 422 LIB.
3555 364 3690 424 vnt.

4067 371 4177 430 336

838 490 929 547 bis
987 485 1350 559 spiritualiter
1395 485 1732 556 Scenopegia
1790 484 1987 539 colitur
2010 525 2023 548 ,
2081 499 2202 555 qua:
2253 485 2456 540 dudum
2489 490 2536 550 Α
2569 499 2663 541 sex
2691 486 2808 540 dies
2831 500 2891 540 :a
2917 492 3186 554 conceptu
3209 498 3342 538 vero
3356 479 3590 539 Joannis
3623 497 3798 555 usque
3821 484 3893 540 ad
3912 485 4181 542 nativita.

841 582 986 652 apud
1011 580 1136 637 illos
1173 595 1268 652 per
1292 580 1520 650 legitimi
1582 579 1716 632 ritus
1765 577 2122 633 caeremonias
2165 577 2462 632 carnaliter

843 676 1128 748 agebatur.
1197 674 1322 730 Haec
1353 691 1517 742 porro
1582 673 1852 728 festivitas
1912 671 2317 741 quintodecimo
2375 671 2462 727 die

843 769 1066 839 septimi
1095 769 1297 823 mensis
1323 768 1545 838 incipit;
1580 775 1634 822 et
1655 767 1781 836 quia
1814 780 1912 835 per
1937 775 2062 821 octo
2092 765 2210 820 dies
2239 765 2458 830 colitur,

845 862 1063 917 decimo
1094 861 1464 915 Kalendarum
1508 859 1762 916 Octobris
1791 859 1980 930 procul
2012 859 2178 915 dubio
2200 859 2460 915 termina-

841 963 955 1009 tur.
995 952 1207 1007 Dicitur
1233 953 1379 1008 enim
1406 953 1461 1007 in
1485 953 1626 1007 libro
1651 950 1871 1006 Numeri
1903 970 1916 1005 :
1963 970 1981 1002 ‹
2017 950 2214 1018 Quinta
2249 952 2458 1007 decima

844 1045 935 1100 die
961 1047 1167 1102 mensis
1205 1047 1446 1116 septimi,
1475 1062 1598 1116 qua:
1627 1045 1782 1100 vobis
1817 1046 1925 1100 erit
1950 1055 2158 1108 sancta,
2189 1062 2253 1102 ac
2296 1062 2462 1103 vene-

841 1139 1058 1204 rabilis,
1087 1156 1252 1197 omne
1281 1156 1419 1211 opus
1440 1141 1640 1196 servile
1674 1155 1779 1194 non
1810 1139 2024 1196 facietis
2049 1140 2213 1206 inea,
2245 1141 2339 1196 sed
2370 1156 2462 1196 ce-

843 1230 1131 1288 lebrabitis
1154 1231 1556 1287 solemnitatem
1573 1231 1800 1286 Domino
1821 1241 2029 1301 septem
2053 1231 2245 1286 diebus
2263 1229 2455 1301 (Num.

840 1323 1018 1395 xxvr).
1054 1344 1072 1375 ι
1111 1325 1178 1379 Ει
1220 1325 1502 1396 aliquanto
1533 1336 1655 1396 post
1695 1324 1915 1394 subjicit
1962 1343 1973 1378 :
2014 1344 2033 1378 ι
2090 1325 2188 1380 Die
2235 1335 2457 1393 octavo,

841 1416 936 1489 qui
961 1425 1047 1473 est
1081 1416 1496 1481 celeberrimus,
1523 1429 1683 1472 omne
1709 1431 1846 1486 opus
1875 1415 2074 1471 servile
2103 1431 2210 1471 non
2243 1415 2458 1472 facietis

839 1509 900 1568 in
924 1524 990 1565 eo
1021 1508 1216 1581 (Ibid.)
1245 1528 1265 1562 ι
1295 1508 1415 1578 Quo
1442 1507 1694 1564 videlicet
1715 1507 1802 1563 die
1832 1517 2046 1573 sancto,
2073 1522 2138 1562 ac
2156 1504 2458 1564 'celeberri-

845 1616 960 1666 mo,
992 1599 1054 1654 Β.
1099 1599 1340 1656 Joannes
1366 1599 1612 1670 Baptista
1655 1608 1954 1668 conceptus
1981 1600 2265 1664 asseritur,
2299 1599 2456 1670 cujus

839 1692 1043 1748 intuitu
1070 1707 1260 1748 sumus
1301 1691 1544 1761 impulsi,
1572 1699 1632 1745 ut
1662 1693 1805 1746 hanc
1846 1691 2134 1760 epistolam
2182 1691 2453 1748 scribere-

841 1800 965 1840 mus
994 1802 1006 1838 :
1035 1793 1094 1840 ut
1141 1785 1194 1839 in
1243 1800 1309 1840 eo
1333 1800 1601 1854 ponamus
1643 1774 1826 1851 finem,
1861 1785 2003 1840 unde
2031 1785 2255 1855 scriptio
2286 1787 2456 1841 traxit

839 1877 1132 1948 originem.
1164 1875 1264 1932 Ubi
1295 1892 1402 1932 non
1427 1875 1600 1932 facilis
1626 1877 1876 1932 oboritur
1897 1878 2146 1946 quaestio,
2175 1875 2451 1948 quomodo
2479 1905 2530 1966 Β

840 1970 1036 2025 beatus
1073 1967 1314 2025 Joannes
1360 1970 1657 2024 festivitate
1701 1971 1933 2027 necdum
1973 1969 2184 2038 elapsa,
2225 1971 2319 2025 sed
2349 1970 2450 2023 ad-

841 2061 953 2118 huc
990 2061 1247 2126 durante,
1281 2069 1577 2129 conceptus
1600 2060 1706 2126 sit;
1741 2075 1864 2115 cum
1905 2059 2081 2116 Lucas
2121 2059 2452 2130 evangelista

839 2153 1031 2209 dicat:
1099 2171 1118 2204 ‹
1159 2152 1224 2207 Ει
1253 2152 1458 2207 factum
1506 2161 1620 2217 est,
1650 2161 1710 2206 ut
1737 2151 1942 2222 impleti
1986 2160 2114 2208 sunt
2139 2151 2258 2208 dies
2291 2149 2453 2207 oilicii

842 2248 983 2319 ejus,
1008 2245 1162 2310 abiit,
1205 2266 1222 2298 ι
1257 2246 1401 2301 haud
1423 2245 1647 2300 dubium
1683 2245 1814 2313 quin
1842 2245 2158 2310 Zacharias,
2211 2263 2228 2294 ε
2263 2245 2316 2298 in
2360 2244 2454 2298 (Io-

847 2356 997 2396 mum
1015 2354 1170 2398 suam
1205 2355 1218 2392 :
1249 2338 1486 2406 posthos
1517 2346 1698 2392 autem
1726 2335 1843 2390 dies
1884 2334 2138 2405 concepit
2173 2333 2451 2389 Elisabeth

846 2447 989 2488 uxor
1011 2430 1129 2500 ejus
1151 2430 1304 2501 (Luc.
1330 2430 1390 2497 ι).
1416 2445 1434 2480 ι
1469 2428 1754 2495 Quomodo
1780 2425 2184 2496 autemimpleti
2202 2424 2456 2481 suntdies

843 2523 1030 2590 oﬂicii,
1063 2541 1188 2579 cum
1245 2524 1362 2592 ipsa
1395 2521 1665 2578 festivitas
1711 2521 1943 2576 necdum
1997 2529 2143 2574 esset
2197 2518 2455 2588 impleta?

843 2615 1269 2685 Quintodecilno
1321 2613 1521 2684 quippe
1565 2611 1653 2668 die
1684 2611 1894 2683 praefati
1935 2611 2136 2666 mensis
2162 2607 2456 2680 incipiebat

839 2709 963 2766 haec
986 2707 1277 2772 festivitas,
1307 2721 1428 2778 quae
1476 2705 1672 2761 dicitur
1714 2704 2074 2774 Scenopegia,
2111 2712 2166 2758 et
2189 2712 2314 2758 octo
2340 2701 2456 2756 die-

835 2799 951 2856 'bus
975 2799 1201 2867 integris
1223 2795 1527 2860 colebatur,
1555 2806 1616 2849 ut
1642 2804 1870 2850 octavus
1897 2792 2266 2848 Kalendarum
2291 2789 2456 2846 Octo.

844 2888 984 2953 bris,
1007 2902 1115 2956 quo
1139 2887 1331 2942 beatus
1359 2885 1602 2941 Joannes
1619 2893 1916 2954 conceptus
1941 2891 2042 2948 est,
2071 2883 2213 2937 inter
2226 2891 2456 2937 caeteros

843 2979 1088 3050 ejusdem
1141 2977 1457 3033 festivitatis
1506 2977 1624 3032 dies
1682 2976 1946 3040 festivior,
2008 2982 2192 3045 atque,
2235 2982 2294 3027 ut
2346 2971 2456 3027 illic

844 3075 1072 3138 dicitur,
1104 3072 1491 3128 celeberrimus
1516 3071 1833 3126 haberetur.
1867 3067 2023 3135 Quod
2063 3068 2111 3122 si
2151 3065 2289 3121 forte
2315 3065 2452 3120 dici-

842 3175 934 3221 tur
981 3163 1126 3234 qnod
1185 3163 1406 3219 traditio
1452 3161 1670 3218 fallatur
1724 3163 2007 3226 Ecclesize,
2075 3171 2344 3232 quatenus
2401 3161 2454 3215 in

2568 588 2678 633 tem
2711 577 2832 648 ejus
2861 577 3083 631 ducenti
3117 575 3464 647 septuaginta
3521 585 3758 647 quatuor
3786 575 3909 633 dies
3939 588 4184 635 tantum-

2567 670 2731 725 modo
2780 671 3151 740 reperiuntur.
3187 667 3324 723 Nam
3368 683 3491 725 cum
3524 670 3789 726 Dominus
3837 680 4043 728 octavo
4079 671 4185 727 Ka-

2566 764 2854 820 lendarum
2881 762 3086 834 Aprilis
3111 772 3436 835 conceptus,
3463 772 3662 819 octavo
3690 762 4072 820 Kalendarum
4092 763 4186 818 Ja-

2567 856 2745 911 nuarii
2775 865 2938 911 natus
2965 857 3070 923 sit;
3099 855 3341 914 Joannes
3373 867 3557 914 autem
3588 865 3782 914 octavo
3809 857 4185 914 Kalendarum

2565 951 2819 1008 Octobris
2863 951 3106 1023 genitus,
3159 963 3355 1010 octavo
3385 951 3754 1007 Kalendarum
3779 949 3912 1007 Julii
3962 952 4035 1011 de
4062 967 4184 1007 ma-

2566 1047 2739 1103 ternis
2769 1046 3079 1103 visceribus
3103 1049 3176 1104 sit
3217 1063 3498 1119 egressus,
3525 1046 3736 1103 duobus
3757 1054 3945 1102 tamen
3988 1047 4186 1102 diebus

2563 1136 2783 1194 excedit
2819 1154 3080 1194 numerus
3129 1139 3434 1196 Salvatoris
3463 1155 3750 1196 numerum
3802 1138 4062 1195 Joannis.
4119 1138 4186 1194 Et

2565 1232 2670 1288 hoc
2701 1241 2926 1303 propter
2969 1231 3336 1290 Februarium
3372 1249 3642 1299 mensem,
3683 1234 3775 1304 qui
3806 1231 4006 1303 viginti
4059 1239 4185 1284 tan-

2567 1324 2850 1378 tummodo
2893 1332 2950 1378 et
2998 1334 3125 1381 octo
3180 1324 3393 1380 dierum
3450 1323 3839 1396 supputatione
3886 1321 4185 1378 Contentus

2561 1424 2686 1481 est;
2718 1430 2842 1470 cum
2861 1429 3054 1471 omnes
3088 1414 3178 1470 alii
3209 1428 3426 1490 menses
3452 1417 3540 1472 vel
3567 1415 3812 1487 triginta,
3840 1412 3930 1469 vel
3957 1412 4184 1485 triginta

2561 1515 2621 1562 et
2641 1521 2810 1560 unum
2835 1505 2952 1561 dies
2995 1505 3298 1562 includant.
3326 1506 3466 1574 Quia
3495 1507 3663 1580 igitur
3693 1507 3797 1562 hoc
3825 1520 4021 1562 mense
4052 1505 4186 1559 bea-

2561 1609 2652 1656 tus
2676 1598 2918 1656 Joannes
2941 1599 2995 1654 in
3026 1603 3291 1656 maternis
3317 1600 3623 1656 visceribus
3665 1599 3846 1665 latuit,
3882 1612 3998 1669 quo
4026 1597 4183 1653 vide-

2562 1697 2694 1754 licet
2716 1697 2831 1767 jam
2862 1711 3109 1764 emenso,
3142 1697 3404 1756 Dominus
3434 1705 3756 1768 conceptus,
3794 1704 3854 1751 et
3878 1702 4182 1765 antequam

2560 1803 2661 1859 per
2689 1802 2886 1844 annua:
2919 1787 3273 1844 revolutionis
3301 1786 3538 1843 orbitam
3569 1786 3914 1857 impleretur,
3957 1792 4045 1839 est
4073 1781 4182 1837 edi-

2559 1888 2678 1946 tus;
2718 1879 2828 1934 duo
2857 1878 2996 1946 dies,
3030 1879 3230 1950 quibus
3257 1879 3472 1937 mensis
3491 1878 3594 1932 iste
3651 1877 3946 1942 minuitur,
3975 1888 4178 1932 conce-

2558 1974 2680 2046 ptui
2711 1973 2871 2044 137
2900 1973 3044 2028 beati
3088 1971 3317 2029 Joannis
3344 1972 3538 2027 deesse
3585 1969 3964 2039 reperiuntur.
4009 1965 4180 2036 Hujus

2560 2080 2694 2136 ergo
2742 2065 2947 2120 mensis
2997 2064 3240 2120 brevitas
3277 2063 3443 2118 habet
3475 2075 3579 2116 cur
3613 2072 3908 2114 numerum
3948 2054 4180 2112 Joannis

2559 2159 2792 2218 excedat
2818 2171 3081 2214 numerus
3104 2155 3428 2214 Salvatoris.
3452 2153 3568 2210 Hac
3596 2153 3782 2222 itaque
3805 2151 4030 2206 ratione
4059 2149 4178 2204 red-

2560 2255 2697 2318 dita,
2745 2252 3014 2308 credibile
3052 2259 3161 2317 est,
3198 2252 3345 2322 quod
3383 2249 3619 2306 necdum
3674 2246 4039 2318 Scenopegiae
4091 2257 4178 2299 so-

2561 2343 2850 2400 lemnitate
2903 2343 3162 2408 decursa,
3195 2342 3392 2397 beatus
3420 2339 3660 2396 Joannes
3691 2337 3944 2408 Baptista
3983 2347 4178 2392 conce-

2557 2444 2686 2507 ptus
2727 2443 2829 2489 CSl.
2863 2434 3018 2500 Quod
3058 2442 3238 2488 autem
3281 2434 3428 2488 inter
3456 2441 3705 2487 materna
3735 2431 3951 2486 viscera
3993 2428 4182 2485 Domi-

2563 2542 2681 2580 nus'
2711 2525 2915 2580 diutius
2960 2525 3183 2586 mansit,
3217 2525 3458 2578 Joannes
3510 2521 3746 2578 celerius
3787 2519 4018 2590 prodiit,
4069 2536 4179 2576 non

2560 2632 2721 2677 casus
2752 2625 2838 2672 est
2871 2617 3256 2682 accidentium,
3294 2615 3392 2670 sed
3420 2613 3756 2684 dispensatio
3787 2625 4178 2684 personarum.

2559 2710 2654 2766 Ille
2683 2709 2941 2764 nimirum
2976 2716 3237 2778 tanquam
3267 2715 3501 2763 metator
3543 2705 3766 2775 hospitii
3797 2704 3962 2760 domo
3990 2712 4178 2759 matu-

2560 2805 2674 2859 rius
2731 2802 2896 2867 exiit,
2955 2809 3014 2854 ut
3066 2800 3419 2870 subsequeuti
3472 2813 3598 2853 mox
3649 2797 3972 2868 imperatori
4027 2797 4179 2853 viam

2559 2903 2849 2960 sterneret,
2885 2893 3180 2946 adventum
3209 2891 3328 2961 ejus
3359 2891 3561 2962 regnis,
3590 2887 3893 2959 provinciis
3925 2896 3984 2944 et
4024 2889 4183 2943 urbi-

2560 2990 2663 3044 bus
2717 2990 3038 3053 nuntiaret,
3109 2986 3501 3042 confluentium
3557 2983 3882 3055 populorum
3948 2982 4181 3053 agmina

2561 3091 2729 3137 tantae
2761 3081 2923 3152 138
2950 3065 3224 3149 majestati
3275 3079 3562 3136 obviatura
3604 3077 3889 3147 dirigeret,
3939 3075 4179 3145 ejusque

2563 3175 2803 3245 receptui
2831 3188 3064 3244 quinque
3107 3171 3415 3227 necessaria
3454 3170 3780 3239 quantocius
3805 3175 4177 3237 praepararet.

846 3257 967 3326 ipso
996 3256 1084 3309 die
1116 3263 1409 3323 conceptus
1455 3254 1552 3316 sit,
1588 3254 1681 3307 sed
1707 3253 2073 3322 postmodum,
2120 3260 2232 3307 tota
2260 3249 2455 3305 videli-

2561 3267 2862 3337 Imperator
2911 3274 3095 3321 autem
3141 3272 3329 3318 noster
3369 3264 3424 3318 in
3465 3260 3750 3332 virginalis
3807 3259 3999 3330 palatii
4053 3260 4183 3313 tha-

847 3354 937 3402 eet
961 3345 1306 3400 solemnitate
1335 3345 1586 3408 decursa,
1621 3344 1814 3398 lioc....
1855 3341 1990 3414 (90).

919 3435 1056 3491 Illud
1108 3445 1368 3506 praeterea
1405 3435 1844 3490 consideratione
1881 3435 2106 3504 dignum
2156 3441 2263 3499 est,
2304 3430 2451 3503 quod

850 3529 895 3585 si
926 3529 1116 3598 utique
1145 3527 1352 3580 dierum
1395 3540 1678 3589 numerus,
1718 3525 1803 3579 vel
1827 3540 1934 3592 quo
1960 3524 2224 3579 Dominus
2245 3524 2300 3577 in
2333 3532 2452 3576 ute-

849 3635 912 3676 ro
936 3617 1210 3692 virginali,
1258 3615 1340 3669 vel
1366 3629 1475 3685 quo
1514 3615 1706 3669 beatus
1732 3613 1971 3669 Joannes
2022 3614 2079 3690 in,
2103 3613 2223 3666 alvo
2249 3611 2452 3665 mansit

852 3711 1005 3772 anili,
1032 3710 1321 3779 diligenter
1348 3707 1654 3777 inspicitur,
1696 3707 1909 3761 duobus
1950 3705 2142 3761 diebus
2185 3703 2452 3760 excedere

853 3799 1069 3854 Domini
1123 3812 1379 3854 numerus
1411 3796 1701 3851 invenitur.
1753 3798 1798 3852 A
1849 3796 2204 3868 conceptione
2250 3795 2452 3866 quippe

854 3889 1256 3958 Dominiusque
1280 3887 1346 3940 ad
1371 3887 1713 3943 nativitatem
1737 3888 1852 3958 ejus
1866 3889 2086 3943 ducenti
2107 3889 2451 3959 septuaginta

929 4043 1042 4117 (90)
1073 4043 1187 4101 Hoc
1224 4044 1342 4101 loco
1367 4059 1467 4100 ms.
1513 4044 1736 4102 mutilus
1763 4045 2018 4103 habetur.

2561 3359 2707 3416 lamo
2753 3358 3020 3422 residens,
3070 3355 3467 3426 aliquantulum
3513 3353 3784 3419 subsistit,
3823 3361 3880 3407 et
3911 3350 4006 3422 qui
4058 3365 4180 3407 πηο-

2563 3460 2840 3516 tatorem,
2905 3461 3363 3518 (nconomumque
3420 3446 3799 3516 praemiserat,
3864 3443 4180 3513 procedere

2564 3533 3147 3614 morosiusjudicavit.
3183 3539 3292 3595 Sed
3327 3578 3341 3592 .
3373 3577 3388 3592 .
3421 3577 3437 3593 .
3463 3577 3478 3592 .
3509 3537 3624 3608 (91)

3089 3670 3425 3729 EPISTOLA
3462 3669 3623 3726 XVII.

3096 3803 3166 3843 AD
3206 3805 3257 3842 Α.
3300 3799 3613 3843 EPISCOPUI.

2703 3884 2968 3956 (Habetur
3007 3893 3134 3936 tom.
3162 3878 3284 3946 III,
3309 3889 3487 3950 estque
3516 3879 3572 3931 in
3605 3875 3861 3947 opusculo
3900 3875 4024 3948 ιο.)

2629 4039 2743 4110 (9|)
2784 4035 2956 4106 Hujus
2989 4031 3233 4105 epistola:
3271 4031 3398 4089 ﬁnis
3435 4030 3778 4088 desideratur
3823 4031 3881 4086 in
3923 4044 4032 4085 ms.

863 4223 4169 4266 Μ

2008 4429 2370 4520 LIBER
2445 4421 3028 4536 QUINTUS.

1226 4649 1316 4706 AD
1363 4640 2103 4710 ARCHIPRESBYTBROS,
2143 4634 2729 4703 ARCHIDIACONOS,
2774 4627 3285 4693 PRESBYTEROS
3322 4626 3412 4687 ET
3451 4623 3808 4687 CLERICOS.

2274 4815 2694 4835 ιι*

1136 4976 1531 5054 139-1ω
1567 4971 1902 5032 EPISTOLA
1940 4969 2173 5027 PRIMA.

1030 5095 1098 5132 AD
1135 5082 1668 5130 ARCEIPRESBYTEBOS
1707 5078 1991 5128 ANDRBAI,
2032 5079 2084 5115 V.
2124 5077 2195 5116 Ετ
2232 5071 2283 5114 C.

844 5176 1265 5229 :Ascuusuruu.
1289 5195 1359 5206 -—-
1381 5161 1633 5219 Graviter
1666 5157 1941 5229 invehitur
1970 5163 2161 5210 contra
2185 5151 2450 5229 quosdam

932 5224 1229 5297 maledicos
1280 5235 1558 5296 homines,
1621 5239 1675 5285 et
1722 5228 2022 5298 imperitos,
2092 5227 2233 5298 quod
2289 5224 2451 5298 verba

932 5295 1182 5382 quaedam
1206 5320 1273 5360 ex
1309 5304 1478 5382 ipsius
1507 5295 1764 5382 sermone.
1796 5295 2077 5382 desumpta
2113 5295 2452 5382 calumniose

933 5368 989 5438 i'n
1020 5378 1276 5436 invidiam
1305 5368 1576 5428 adducere
1611 5369 1978 5425 conabantur.
2002 5368 2329 5438 Asseruerat
2359 5381 2457 5419 an.

939 5463 1046 5508 tem
1092 5448 1197 5504 illis
1233 5444 1432 5506 verbis,
1463 5442 1649 5510 quales
1683 5441 1884 5510 CXVIIQC
1910 5437 2128 5510 saeculo
2174 5437 2451 5510 hominum

935 5507 1135 5577 animae
1166 5507 1538 5592 egrediuntur,
1579 5511 1716 5565 tales
1753 5507 2106 5596 judiciogisti
2139 5526 2150 5560 :
2184 5509 2327 5596 quod
2366 5507 2451 5587 di-

809 5589 836 5604 “
887 5601 1083 5648 --ctum
1130 5577 1236 5644 non
1270 5602 1300 5640 a
1352 5600 1410 5640 se
1454 5583 1712 5651 primum,
1756 5578 1849 5651 sed
1899 5592 1927 5630 a
1969 5577 2158 5648 Magno
2189 5577 2454 5647 Gregorio

923 5663 1239 5776 litigatum,
1306 5666 1358 5711 et
1404 5650 1597 5710 divina:
1664 5650 1960 5719 Scriptura:
2025 5658 2452 5703 consentaneum

929 5737 992 5776 OS
1049 5733 1189 5776 hdil.

929 5733 1189 5785 OSwhdit.

933 5811 1272 5885 Winei-andi:
1305 5822 1371 5890 .in
1412 5817 1632 5875 Christo
1675 5813 1935 5870 fratribus
1969 5809 2456 5883 arcliipresbvteris

2562 4963 2822 5028 Mones,
2853 4960 2916 5016 V.
2946 4967 3002 5016 et
3030 4959 3119 5028 C.,
3147 4957 3366 5015 Penus
3405 4962 3664 5028 peccator
3697 4958 4013 5018 monachus
4053 4961 4165 5018 frao

2565 5063 2732 5110 ternae
2753 5053 3041 5110 charitatis
3062 5050 3339 5108 aﬂectttm.

2633 5167 2771 5223 Dum
2799 5181 2929 5239 ergo
2960 5183 3066 5225 non
3109 5167 3333 5251 minimo
3364 5166 3625 5240 languore
3662 5167 3962 5239 depressus
3994 5169 4050 5226 in
4086 5171 4166 5228 le-

2561 5259 2708 5315 ctulo
2728 5259 2860 5330 jam,
2889 5269 2962 5326 et,
2990 5259 3136 5330 quod
3165 5259 3336 5322 dicto,
3371 5257 3510 5314 alter
3539 5258 3710 5335 frater
3737 5253 4009 5329 excipiat,
4053 5279 4164 5319 non

2559 5355 2631 5410 sit
2665 5354 2884 5419 mirum,
2916 5354 2960 5408 si
3005 5369 3114 5408 non
3163 5352 3518 5419 luculentum,
3549 5352 3664 5409 sive
3694 5350 3924 5422 politum
3969 5355 4164 5429 digere

2558 5443 2797 5515 languidi
2827 5441 3097 5498 sermonis
3140 5437 3431 5498 articulum
3464 5461 3478 5496 :
3506 5441 3637 5506 imo,
3663 5441 3792 5511 quia
3838 5454 4040 5501 contra
4070 5463 4164 5502 ru‘

2558 5535 2734 5590 sticos
2761 5543 2816 5590 et
2866 5534 3168 5603 imperitos,
3215 5549 3279 5590 ac
3309 5534 3618 5589 litterarum
3659 5547 3884 5602 prorsus
3931 5535 4160 5607 ignaros

2560 5629 2773 5707 loquor,
2808 5627 3032 5698 dignum
3073 5636 3182 5692 est,
3217 5637 3277 5682 ut
3314 5628 3395 5682 eis
3426 5641 3755 5699 congruens,
3781 5630 3994 5687 rustice
4035 5648 4159 5703 pro-

2561 5720 2754 5790 loquar
2786 5736 2798 5772 :
2828 5731 2904 5782 et,
2932 5729 2990 5772 ut
3031 5719 3130 5790 ipsi
3163 5719 3371 5785 dicunt,
3403 5719 3666 5790 quidquid
3697 5718 3751 5774 in
3794 5721 4026 5778 buccam
4059 5737 4157 5778 ve-

2562 5816 2742 5874 nerit,
2795 5811 3132 5880 negligenter
3193 5810 3488 5868 effundam.
3547 5812 3937 5868 Verumtamen
3997 5823 4156 5869 ante—
