4260 6416
248 436 339 496 537

1470 419 1680 484 LIBER
1714 414 2049 491 QUINTUS,
2079 419 2304 479 EPIST.
2345 420 2387 477 Ι.

3450 412 3560 475 538

246 568 390 626 quam
434 551 502 610 ad
537 565 656 608 rem
698 547 935 614 veniam,
959 547 1110 620 quod
1155 559 1311 603 mens
1354 545 1622 617 suggerit,
1673 556 1822 599 com—
1852 539 1913 604 Δ
1937 539 2064 596 tatis
2088 556 2254 612 opera
2277 557 2417 598 vana
2448 540 2560 598 sint
2584 556 2836 613 prorsus,
2885 555 2950 597 ac
2975 539 3196 606 frivola,
3227 538 3475 612 nullique
3503 539 3563 597 in

245 647 479 721 pendiose
505 645 858 718 pramittam.
884 641 1247 713 Philosophus
1268 641 1493 714 quidam
1519 639 1635 714 (92)
1665 646 1828 696 nocte

247 743 360 797 dum
398 738 677 796 stellarum
703 754 918 806 cursus,
953 749 1012 807 et
1038 747 1251 795 meatus
1278 736 1522 793 siderum
1553 735 1828 792 subtiliter

247 837 540 900 rimaretur,
588 835 645 891 in
691 846 916 908 puteum
968 843 1193 905 repente
1241 834 1473 901 corruit,
1514 844 1573 890 et
1626 833 1825 899 hianti,

244 928 370 984 sicut
413 926 643 994 dicitur,
696 926 1040 984 immanitate
1087 926 1420 998 profundum
1472 934 1527 982 et
1570 926 1828 983 obscenis

243 1017 496 1074 sordidum
552 1016 902 1090 squaloribus
945 1017 1167 1090 plenum
1219 1016 1354 1090 (93).
1407 1017 1507 1074 Cui
1563 1019 1828 1072 nimirum

241 1110 542 1183 philosopho
581 1110 884 1168 domestica
928 1119 1050 1168 erat
1107 1109 1308 1168 ancilla
1364 1112 1589 1167 nomine
1628 1110 1826 1177 lumbi,

242 1217 349 1272 qua:
375 1202 429 1258 in
456 1201 738 1259 dominum
773 1217 932 1261 suum
979 1201 1172 1278 libere,
1223 1220 1291 1261 ac
1319 1205 1623 1275 prudenter
1669 1205 1826 1260 inve-

243 1308 338 1364 cta,
373 1315 470 1372 per
516 1307 762 1356 metrum
810 1297 1134 1366 lambicum,
1167 1300 1312 1370 quod
1358 1315 1428 1355 ex
1472 1315 1538 1356 ea
1591 1307 1831 1370 postmo-

1932 632 2027 689 illo
2071 635 2274 692 steculo
2323 635 2673 707 postmodum
2723 626 3037 706 profutura.
3090 633 3351 705 Nunquid
3404 632 3558 690 enim

1931 727 2242 784 divinorum
2271 728 2617 800 eloquiorum
2649 729 2858 785 strenui
2897 735 3240 784 scrutatores
3266 724 3566 798 quamplu-

1932 839 2021 879 res
2051 838 2150 893 per
2181 823 2493 880 divinarum
2554 822 2970 894 Scripturarum
3014 835 3242 892 campos
3291 835 3403 876 non
3431 835 3569 892 pos-

1930 923 2060 969 sunt
2086 915 2392 973 sententias
2437 915 2719 987 reperire,
2773 913 2977 986 quibus
3023 922 3087 968 ut
3127 912 3376 968 haeretici
3404 911 3562 978 fiant,

1929 1007 2150 1063 valeant
2196 1008 2300 1065 sibi
2360 1008 2743 1080 museipulas,
2810 1007 3148 1080 pedicasque
3197 1006 3570 1064 substruere?

1929 1100 2104 1158 Porro
2143 1102 2189 1158 si
2221 1101 2463 1159 delectat
2489 1118 2607 1170 eos,
2660 1111 2724 1158 ut
2761 1118 2792 1157 a
2824 1101 3254 1159 Christianismo
3278 1098 3567 1164 recedant,

1929 1194 2240 1250 occasionis
2273 1194 2561 1251 materiam
2600 1195 2871 1262 invenire,
2906 1193 3213 1264 dijudicent
3235 1191 3391 1260 illud,
3419 1189 3569 1262 quod

1933 1288 2198 1344 Dominus
2225 1287 2280 1342 in
2325 1287 2624 1360 Evangelio
2663 1288 2841 1345 dicit:
2885 1305 2905 1339 r
2936 1289 3016 1344 De
3062 1285 3152 1342 die
3173 1285 3287 1352 illa,
3320 1305 3340 1338 ι
3397 1283 3452 1339 id
3476 1298 3566 1339 est

244 1391 357 1447 dum
404 1391 511 1448 tale
563 1407 767 1450 nomen
818 1393 1069 1464 accepit,
1127 1408 1294 1465 super
1341 1408 1406 1449 eo
1466 1391 1830 1462 plausibililer
1923 1383 2156 1454 judicio,
2191 1404 2210 1438 ι
2248 1399 2430 1456 neque
2454 1384 2635 1457 angeli
2666 1385 2854 1440 sciunt
2895 1384 2952 1439 in
2978 1383 3145 1449 cmlo,
3175 1397 3282 1438 nec
3315 1381 3433 1452 ipse
3475 1377 3569 1434 Fi‘

239 1486 362 1541 dixit
392 1504 406 1541 :
443 1506 462 1540 ι
494 1485 781 1553 Dominus,
822 1485 1030 1557 inquit,
1055 1501 1211 1544 meus
1241 1487 1529 1557 ignorabat
1556 1495 1824 1550 stercora,

240 1592 347 1648 qua:
381 1579 479 1636 sub
522 1577 643 1649 ejus
671 1579 900 1650 pedibus
944 1588 1126 1647 erant,
1173 1587 1232 1636 et
1268 1594 1432 1636 nosse
1478 1581 1727 1636 tentabat
1755 1579 1830 1636 si-

239 1672 374 1727 dera.
406 1691 426 1726 ι
458 1672 574 1730 Hoc
623 1673 809 1744 itaque
854 1673 1017 1729 modo
1068 1672 1128 1729 lit
1173 1673 1227 1728 in
1256 1673 1451 1729 diebus
1498 1673 1723 1738 nostris,
1769 1673 1831 1730 fit

241 1766 409 1822 rustici
435 1776 491 1824 et
520 1767 842 1839 insipientes
879 1768 1104 1840 quique,
1133 1767 1225 1838 qui
1259 1768 1335 1824 nil
1367 1783 1508 1839 pene
1535 1776 1827 1834 noverunt,

239 1860 329 1916 nisi
354 1861 666 1918 vomeribus
692 1842 823 1917 arv‘a
854 1861 1230 1932 proscindere,
1259 1877 1459 1932 porcos
1486 1877 1552 1918 ae
1578 1862 1828 1918 diverso-

240 1969 344 2008 rum
375 1969 636 2026 pecorum
685 1955 974 2027 captabula
1006 1956 1303 2023 custodire,
1333 1972 1481 2012 nunc
1531 1957 1585 2011 in
1615 1957 1828 2027 compi-

239 2044 298 2100 tis
325 2059 385 2102 ac
411 2045 586 2102 triviis
616 2054 746 2102 ante
774 2045 1145 2113 mulierculas,
1175 2055 1231 2103 et
1254 2047 1646 2104 combubuleos
1673 2063 1826 2115 suos,

240 2151 332 2192 non
361 2140 687 2196 erubescant
712 2140 780 2197 de
817 2137 1229 2212 Scripturarum
1257 2152 1572 2198 sanctarum
1611 2151 1831 2199 senten-

240 2231 319 2288 tiis
353 2232 635 2305 disputare
667 2250 684 2290 :
719 2233 848 2299 imo,
898 2235 1044 2304 quod
1075 2243 1236 2306 turpe
1265 2248 1351 2291 est
1380 2237 1582 2303 dicere,
1615 2238 1668 2292 in
1715 2245 1832 2292 tota

241 2336 384 2383 nocte
408 2327 610 2384 subaut
641 2325 709 2401 [Ι.
745 2328 838 2399 qui
872 2336 985 2384 tota
1015 2337 1175 2385 nocte
1202 2330 1427 2404 cubant]
1454 2332 1597 2387 inter
1625 2332 1832 2387 femora

240 2419 539 2487 mulierum,
570 2421 660 2476 die
699 2437 806 2477 non
835 2429 1097 2478 verentur
1127 2431 1366 2480 tractare
1389 2425 1456 2481 de
1481 2426 1833 2482 sermonibus

241 2514 565 2587 angelorum,
594 2525 652 2572 et
679 2516 782 2573 hoc
803 2515 968 2573 modo
996 2525 1312 2574 sanctorum
1336 2519 1636 2592 dijudicant
1663 2520 1833 2578 verba

240 2605 528 2665 doctorum.

303 2700 641 2774 Significavit
667 2703 815 2760 enim
834 2703 969 2760 mihi
992 2720 1091 2776 per
1107 2705 1318 2762 litteras
1340 2708 1605 2764 Sanctitas
1626 2719 1832 2776 vestra,

239 2793 369 2862 quod
406 2809 506 2866 pro
534 2794 810 2851 sententia
859 2795 973 2862 illa,
1020 2811 1184 2868 quam
1235 2812 1334 2854 nos
1370 2800 1423 2854 in
1467 2799 1529 2853 Β.
1569 2798 1834 2869 Stephani

242 2901 478 2944 sermone
534 2887 854 2959 posuimus,
925 2889 1055 2962 quia
1095 2889 1351 2947 videlicet
1404 2894 1836 2964 uniuscujusque

240 2976 403 3033 anima
431 2979 614 3050 qualis
644 2979 714 3036 de
744 2980 849 3038 hoc
877 2981 1082 3038 saeculo
1105 2983 1406 3054 egreditur,
1434 2985 1560 3042 talis
1585 2974 1834 3057 postmo-

241 3073 356 3128 dum
392 3073 610 3144 judicio
664 3085 1050 3148 prasentatur,
1101 3087 1314 3134 tantum
1368 3081 1512 3152 apud
1562 3081 1834 3153 quosdam

239 3169 540 3227 scandalum
567 3177 655 3227 est
695 3183 971 3239 exortum,
1002 3181 1062 3228 ut
1105 3172 1312 3240 dicant,
1352 3176 1654 3242 orationes,
1683 3175 1835 3232 obla-

240 3263 420 3364 tiones,
471 3265 767 3333 sacriﬁcia,
820 3280 943 3336 qua:
979 3280 1080 3338 pro
1119 3265 1501 3324 defunctorum
1544 3269 1834 3328 animabus
1860 3297 1910 3364 ο

235 3351 548 3423 oderantur,
575 3355 656 3412 nil
685 3355 790 3413 sibi
820 3357 1091 3429 prolicere
1134 3357 1568 3428 antejudicium.
1606 3360 1674 3416 Et
1700 3361 1834 3432 quid

239 3450 446 3520 mirum,
483 3452 533 3507 si
580 3451 684 3508 hoc
721 3451 864 3508 idem
911 3453 1046 3509 mihi
1079 3454 1315 3525 contigit
1353 3439 1652 3526 peccatori,
1687 3457 1838 3528 quod

235 3542 474 3601 evenisse
492 3543 847 3615 cognoscitur
871 3543 977 3615 ipsi
1009 3545 1176 3602 totius
1203 3545 1532 3605 Christiana:
1556 3551 1837 3624 religionis

237 3637 472 3693 auctori?
526 3636 623 3693 Ait
665 3637 815 3695 enim
840 3655 855 3693 :
885 3657 904 3689 ι
936 3636 1053 3696 Nisi
1095 3642 1562 3702 manducaveritis
1609 3661 1838 3705 carnem

235 3727 350 3787 Filii
383 3731 644 3800 hominis,
674 3741 732 3788 et
768 3720 1022 3790 biberitis
1047 3735 1166 3806 ejus
1196 3739 1548 3810 sanguinem,
1580 3755 1691 3797 non
1730 3741 1835 3816 ha-

236 3824 425 3882 bebitis
455 3826 629 3883 vitam
661 3826 719 3882 in
764 3826 920 3882 vobis
944 3826 1128 3898 (Iona.
1159 3829 1260 3898 vt).
1297 3847 1314 3881 ι
1347 3829 1502 3900 Quod
1551 3834 1839 3892 audientes

236 3920 576 3990 septuaginta
623 3917 796 3975 ferme
847 3918 950 3974 viri
993 3919 1288 3976 dixerunt:
1329 3941 1348 3975 σ
1381 3923 1558 3980 Durus
1612 3937 1700 3982 est
1747 3927 1838 3985 hic

237 4024 431 4076 sermo,
457 4020 518 4066 et
544 4011 667 4081 quis
691 4018 875 4082 potest
901 4023 1026 4067 eum
1050 4011 1244 4069 audire
1270 4011 1500 4085 (lbid.)?
1529 4036 1546 4069 ι
1581 4016 1666 4080 Ει,
1701 4027 1841 4077 teste

235 4099 541 4174 Scriptura,
563 4105 679 4174 jam
711 4118 820 4159 non
849 4118 974 4160 eum
1013 4098 1106 4160 illo
1134 4105 1512 4162 ambulabant.
1549 4106 1700 4165 Ussit
1734 4111 1843 4167 ita-

234 4209 334 4263 que
359 4210 456 4250 eos
487 4194 574 4251 sol
594 4193 847 4251 Christus
877 4215 889 4250 :
914 4203 1000 4253 est
1028 4196 1177 4252 enim
1201 4195 1294 4254 Sol
1311 4199 1539 4270 justitia:
1569 4200 1835 4268 (Malaclt.

233 4291 325 4357 tv),
350 4289 492 4344 istos
521 4297 704 4346 autem
734 4290 871 4346 ussit
903 4290 1052 4346 luna.
1078 4290 1191 4363 Ego
1219 4293 1364 4349 enim
1401 4296 1468 4350 ad
1493 4295 1702 4365 lunam,
1730 4299 1836 4358 hoc

235 4390 331 4445 est,
364 4381 434 4438 ad
463 4397 669 4454 corpus
694 4383 897 4440 Christi
941 4385 1209 4455 pertineo,
1241 4387 1387 4458 quod
1431 4398 1518 4444 est
1544 4390 1792 4448 Ecclesia
1820 4407 1836 4448 :

234 4487 327 4529 vos
359 4485 545 4532 autem
577 4491 608 4532 e
632 4477 914 4533 contrario
942 4478 1334 4536 benedicentes
1367 4480 1502 4536 tnibi
1534 4483 1838 4555 dignatnini

233 4566 453 4626 dicere:
489 4589 508 4624 ι
537 4568 646 4626 Per
667 4571 810 4628 diem
839 4570 920 4628 sol
957 4587 1065 4628 non
1099 4581 1218 4628 uret
1255 4581 1330 4639 te,
1363 4589 1544 4645 neque
1583 4575 1712 4631 luna
1740 4591 1838 4647 per

1933 1476 2062 1545 lius,
2103 1479 2209 1535 nisi
2241 1480 2392 1537 solus
2445 1479 2615 1537 Pater
2639 1470 2867 1553 (Matth.
2897 1479 3076 1551 xxrv).
3120 1499 3140 1533 ι
3189 1478 3258 1534 Ει
3285 1475 3579 1550 quomoda.

1931 1568 2107 1626 Filius
2156 1570 2301 1627 diem
2344 1570 2540 1640 judicii
2599 1572 2857 1643 ignorare
2914 1573 3110 1642 possit,
3158 1572 3254 1642 qui
3307 1568 3570 1626 videlicet

1934 1663 2137 1736 ipsum,
2161 1665 2533 1735 eumdemque
2556 1664 2729 1732 diem,
2767 1675 2824 1721 et
2850 1667 3037 1722 omnia
3073 1673 3345 1736 tempora,
3401 1672 3571 1731 atque

1937 1759 2193 1815 universa
2243 1759 2483 1816 visibilia
2537 1771 2593 1815 et
2641 1759 2938 1816 invisibilia
2998 1759 3165 1815 simul
3219 1773 3349 1814 cum
3407 1755 3573 1811 Patre

1936 1855 2292 1910 condiderit?
2324 1854 2683 1911 Detestentur
2736 1855 2907 1910 etiam
2950 1853 3105 1917 illud,
3141 1853 3291 1924 quod
3321 1849 3454 1906 alibi
3488 1847 3573 1904 di-

1938 1947 2052 2004 cit:
2093 1966 2112 1998 t
2149 1945 2270 2004 Mea
2296 1946 2550 2004 doctrina
2589 1963 2704 2004 non
2738 1957 2825 2004 est
2853 1962 2997 2016 mea,
3050 1933 3307 2016 sed'ejus
3336 1944 3432 2016 qui
3461 1940 3571 2000 mi-

1937 2047 2008 2105 sit
2039 2063 2126 2104 me
2153 2046 2340 2120 (Joan.
2368 2047 2491 2121 vtt).
2529 2068 2547 2102 ι

2009 2142 2055 2200 Ο
2079 2141 2313 2199 Domine
2355 2142 2510 2210 Jesu,
2543 2159 2644 2201 nos
2687 2144 2912 2217 quidem
2951 2143 3233 2216 simplices
3261 2151 3319 2199 et
3347 2141 3576 2198 hebetes

1939 2237 2084 2292 servi
2112 2236 2214 2304 tui,
2269 2236 2536 2308 quidquid
2565 2236 2796 2304 dixeris,
2845 2236 3127 2293 credimus
3158 2235 3259 2290 tibi
3293 2252 3306 2287 :
3362 2233 3576 2291 scimus

1932 2330 2106 2396 enim,
2157 2330 2288 2400 quia
2335 2331 2540 2388 veritas
2567 2345 2628 2387 es
2664 2330 2852 2402 (Joan.
2903 2331 3046 2403 xrv),
3102 2339 3158 2386 et
3189 2329 3414 2386 mentiri
3463 2345 3574 2386 non

1938 2431 2114 2492 potes.
2146 2423 2254 2479 Sed
2282 2424 2559 2494 quomodo
2607 2417 2890 2495 sapientes
2922 2424 3087 2480 istius
3119 2433 3304 2487 terrae.
3357 2433 3414 2479 et
3435 2423 3577 2478 divi-

1939 2531 2138 2571 norum
2166 2516 2510 2573 voluminum
2557 2519 2994 2576 tenebrosissimi
3046 2535 3112 2575 ac
3151 2516 3582 2590 profundissimi

1939 2616 2280 2666 scrutatores
2301 2609 2467 2666 fidem
2483 2619 2748 2681 poterunt
2770 2612 2878 2666 tuis
2893 2611 3159 2668 adhibere
3185 2611 3538 2668 sermonibus
3551 2609 3580 2664 ἲ

1940 2701 2205 2758 Poterunt
2252 2703 2402 2758 enim
2435 2719 2466 2758 a
2502 2713 2574 2769 te,
2629 2705 2935 2761 secundum
2976 2704 3329 2776 prudentiam
3391 2718 3577 2771 suam,

1939 2803 2165 2850 versuta
2187 2794 2557 2852 mordacitate
2585 2795 2892 2867 requirere,
2925 2797 3205 2869 quomodo
3231 2811 3425 2852 verum
3451 2809 3578 2851 esse

1939 2891 2164 2959 poterit,
2188 2891 2335 2960 quod
2358 2889 2584 2946 dixisti:
2625 2909 2644 2942 ι
2678 2889 2943 2947 Doctrina
2966 2907 3088 2947 mea
3117 2908 3226 2948 non
3254 2901 3340 2948 est
3369 2890 3529 2948 mea?
3551 2908 3573 2944 ι

1942 2979 2002 3036 Si
2031 2991 2121 3037 tua
2149 2989 2256 3049 est,
2298 2983 2577 3053 quomodo
2630 2998 2739 3039 non
2776 2985 2912 3038 tua?
2965 2983 3024 3040 Si
3080 2994 3270 3040 autem
3315 2999 3428 3040 non
3484 2993 3583 3040 tua

1940 3084 2044 3139 est,
2077 3075 2356 3145 quomodo
2410 3076 2520 3131 erit
2547 3076 2687 3131 tua?
2737 3076 2933 3132 Restat
2973 3092 3106 3147 ergo
3157 3087 3220 3132 ut
3261 3076 3582 3134 doctrinam

1943 3176 2114 3234 tuam,
2149 3179 2246 3223 aut
2287 3178 2436 3225 tuam
2461 3184 2588 3226 esse
2637 3170 3021 3229 indubitanter
3050 3187 3303 3237 asseras,
3346 3179 3404 3228 et
3427 3181 3581 3227 tuam

1942 3276 2051 3316 non
2073 3275 2198 3317 esse
2233 3261 2380 3318 ultra
2412 3279 2520 3320 non
2553 3263 2747 3320 dicas:
2777 3273 2874 3318 aut
2909 3264 2958 3319 si
2991 3280 3099 3320 non
3135 3273 3286 3320 tuam
3319 3279 3446 3321 esse
3478 3264 3580 3319 lir-
3675 3308 3678 3311 η

1942 3355 2203 3422 maveris,
2239 3365 2388 3411 tuam
2419 3355 2537 3426 jam
2579 3372 2703 3414 esse
2743 3359 2970 3415 omnino
3005 3357 3312 3415 dillitearis.
3373 3357 3509 3429 Sicq
3528 3372 3585 3414 te

1946 3450 2248 3506 timendum
2273 3460 2378 3519 est,
2430 3467 2499 3508 ne
2525 3451 2973 3525 syllogismorum
3006 3467 3230 3509 suorum
3261 3459 3490 3509 versuta
3523 3463 3581 3510 to

1943 3546 2422 3616 argumentatione
2472 3546 2833 3612 concludant,
2873 3554 2929 3602 et
2968 3556 3254 3603 auctorem
3287 3547 3581 3620 sapientia:

1943 3635 2196 3694 cassibus
2219 3638 2481 3708 captiosae
2507 3637 2875 3694 cavillationis
2906 3638 3210 3696 involvant.

2017 3728 2192 3786 Porro
2221 3739 2430 3795 autem,
2458 3737 2519 3787 ut
2540 3731 2710 3786 etiam
2733 3730 2803 3785 ad
2827 3729 2952 3786 libri
2979 3729 3192 3802 Regum
3226 3745 3583 3792 recurramus

1943 3823 2254 3890 historiam,
2283 3823 2549 3880 Dominus
2581 3823 2731 3880 misit
2759 3822 2828 3879 ad
2862 3821 3071 3882 Josiam
3098 3841 3286 3899 regem
3307 3825 3447 3884 Juda
3483 3843 3587 3900 per

1943 3912 2176 3969 Holdam
2204 3928 2431 3969 uxorem
2474 3912 2620 3970 Sellu
2651 3933 2664 3969 :
2704 3933 2723 3968 ι
2760 3911 2869 3971 Pro
2905 3929 2973 3973 eo
3010 3916 3157 3988 quod
3180 3916 3387 3974 audisti
3414 3919 3587 3975 verba

1944 4005 2261 4072 voluminis,
2300 4016 2356 4063 et
2386 4007 2739 4076 perterritum
2777 4017 2864 4063 est
2891 4023 2990 4064 cor
3020 4017 3196 4075 tuum,
3236 4020 3293 4066 et
3321 4011 3583 4068 humilia-

1947 4109 2035 4156 tus
2058 4116 2118 4156 es
2147 4114 2335 4156 coram
2370 4100 2605 4156 Domino
2632 4099 2836 4156 auditis
2885 4102 3236 4158 sermonibus
3272 4114 3468 4158 contra
3500 4102 3586 4160 lo-

1945 4211 2070 4251 cum
2104 4195 2294 4260 istum,
2344 4204 2401 4251 et
2432 4195 2774 4252 habitatores
2818 4197 2961 4268 ejus,
3007 4197 3154 4268 quod
3191 4197 3445 4256 videlicet
3483 4198 3584 4256 lie-

1947 4299 2072 4347 rcnt
2108 4291 2166 4347 in
2198 4299 2501 4361 stuporem,
2548 4291 2687 4346 etin
2736 4291 3115 4358 maledictum,
3165 4300 3223 4347 et
3245 4292 3466 4351 scidisti
3492 4309 3589 4350 ve-

1945 4385 2205 4440 stimenta
2233 4394 2342 4446 tua,
2369 4393 2426 4442 et
2447 4383 2644 4440 licvisti
2670 4398 2859 4440 coram
2889 4398 3000 4451 me,
3034 4392 3090 4440 et
3117 4400 3220 4455 ego
3256 4386 3465 4451 audivi.
3507 4387 3590 4442 ait

1946 4479 2210 4534 Dominus
2241 4496 2253 4532 :
2291 4478 2500 4534 idcirco
2531 4477 2784 4549 colligam
2811 4485 2863 4534 te
2893 4478 2961 4533 ad
2994 4486 3184 4549 patres
3210 4489 3353 4544 tuos,
3390 4489 3446 4536 et
3473 4480 3589 4538 col-

1948 4569 2137 4641 ligeris
2164 4573 2232 4628 ad
2265 4572 2584 4644 sepulcrum
2617 4581 2771 4628 tuum
2816 4573 2872 4628 iu
2927 4588 3084 4644 pace,
3134 4584 3196 4629 ut
3218 4590 3329 4631 non
3360 4575 3589 4631 videant

237 4675 446 4727 noctem
486 4666 667 4740 (Psal.
699 4667 852 4736 cxx).
884 4687 904 4722 ι
949 4667 1092 4724 Ecce
1135 4669 1190 4724 in
1223 4678 1435 4726 tantum
1487 4673 1845 4742 profecerunt
1870 4678 1925 4741 ι)
1951 4665 2095 4722 oculi
2135 4667 2210 4721 tui
2240 4665 2428 4722 omnia
2482 4665 2623 4719 mala
2658 4680 2780 4737 qua:
2805 4665 3135 4722 indueturus
3160 4681 3283 4723 sum
3312 4681 3482 4736 super
3509 4666 3590 4724 Ιο⁴

234 4763 525 4830 sapientes,
580 4769 636 4817 et
691 4765 988 4832 prudentes
1037 4763 1265 4818 istarum
1310 4765 1551 4834 partium
1603 4768 1728 4835 viri,
1784 4779 1845 4824 ut

234 4855 412 4910 omnia
458 4853 705 4912 caelestis
753 4854 956 4925 eloquii
996 4855 1270 4925 profunda
1315 4871 1668 4928 cognoscant,
1721 4861 1846 4918 uni-

234 4965 385 5006 versa
429 4949 747 5006 divinorum
789 4947 1127 5005 voluminum
1170 4951 1435 5020 mysteria
1479 4955 1844 5024 comprehen-

233 5043 385 5104 dant,
455 5051 516 5097 et
595 5042 648 5098 in
710 5041 827 5098 sola
894 5057 1002 5097 una
1067 5044 1340 5098 sermonis
1398 5044 1503 5100 mei
1568 5049 1841 5104 sententia

233 5138 522 5206 caliginem
561 5137 824 5194 caecitatis
864 5137 1170 5192 incurrant.
1225 5137 1295 5192 Et
1329 5138 1373 5194 si
1413 5152 1510 5195 eos
1552 5139 1840 5198 haereticos

234 5251 352 5291 esse
398 5235 681 5300 delectat,
727 5233 973 5306 nunquid
1006 5234 1059 5289 in
1090 5243 1301 5303 tantum
1348 5235 1511 5291 amici
1567 5235 1673 5291 tnci
1722 5236 1847 5292 dili-

235 5339 388 5398 gunt,
417 5337 485 5384 ut
505 5329 626 5384 sine
650 5341 736 5384 me
765 5327 820 5382 in
849 5325 1103 5383 hmresim
1131 5327 1370 5382 transire
1397 5342 1508 5384 non
1528 5325 1683 5401 141
1714 5344 1844 5398 pos-

237 5423 378 5477 sint?
428 5420 691 5492 Quisquis
741 5421 887 5476 enim
933 5417 1186 5490 perhibet
1231 5418 1512 5475 orationes
1542 5461 1555 5482 .
1609 5419 1843 5475 oblatio-

235 5528 354 5581 nes,
397 5511 672 5571 sacriﬁcia
702 5526 803 5583 pro
828 5509 1102 5568 defunctis
1147 5511 1408 5583 prodesse
1436 5525 1544 5566 non
1570 5525 1730 5582 posse
1749 5550 1766 5578 ,
1789 5518 1846 5566 et

238 5609 336 5666 hoc
392 5609 775 5680 imprudenter
817 5605 1093 5674 animare
1139 5615 1371 5663 conatur
1396 5647 1412 5673 ,
1465 5607 1556 5663 hic
1599 5605 1849 5679 profecto

236 5703 656 5760 Aerianusesse
690 5701 1056 5759 convincitur.
1107 5700 1305 5758 Acrius
1357 5701 1506 5758 enim
1538 5701 1643 5758 hoc
1672 5701 1727 5756 in
1763 5715 1850 5756 er-

240 5795 378 5854 roris
405 5795 493 5853 sui
522 5795 986 5869 disputationibus
1005 5795 1361 5869 dogmatizat,
1414 5796 1562 5868 quod
1592 5795 1707 5851 haec
1739 5794 1853 5866 pie-

307 5934 428 6012 (Ol)
463 5935 665 5998 Thales
683 5935 1068 6012 philosophus,
1101 5935 1168 5997 de
1183 5949 1297 6010 quo
1326 5934 1483 6032 Plato
1509 5933 1568 5995 in
1600 5933 1848 5994 Theano.

1951 4776 2074 4818 cum
2122 4760 2285 4816 istum
2338 4758 2391 4832 (Ι
2409 4757 2445 4812 ιν
2474 4757 2606 4832 Reg.
2639 4759 2799 4830 xm).
2838 4779 2857 4812 ι
2924 4756 2990 4815 Et
3017 4759 3180 4831 paulo
3227 4769 3354 4829 post
3391 4762 3589 4818 eadem

1952 4858 2232 4929 subiungit
2262 4857 2492 4913 historia
2527 4876 2539 4911 :
2591 4878 2608 4910 ι
2650 4857 2920 4913 Ascendit
2961 4857 3180 4914 Pharao
3217 4857 3444 4915 Nechao
3489 4873 3591 4912 rex

1947 4953 2172 5027 Egypti
2222 4961 2412 5009 contra
2465 4965 2649 5024 regem
2701 4952 3059 5023 Assyriorum
3106 4951 3175 5007 ad
3226 4950 3431 5008 ﬂumen
3484 4951 3595 5007 Eu-

1946 5050 2222 5122 phratem,
2275 5057 2329 5104 et
2382 5049 2516 5103 abiit
2547 5047 2718 5104 Jolias
2747 5064 2844 5104 rex
2876 5048 2931 5103 in
2975 5063 3272 5106 occursum
3324 5046 3465 5117 ejus,
3535 5055 3593 5101 et

1949 5141 2166 5197 occisus
2196 5148 2284 5196 est
2314 5141 2366 5196 in
2393 5141 2677 5213 Mageddo,
2714 5157 2839 5196 cum
2869 5141 3101 5198 vidisset
3151 5155 3278 5197 cum
3309 5138 3421 5209 (IV
3455 5137 3588 5211 Reg.

1951 5233 2137 5304 χχιιι).
2171 5253 2189 5286 ι
2231 5232 2331 5288 Hic
2358 5248 2619 5290 censores
2643 5234 2950 5290 alienorum
2976 5249 3231 5305 operum,
3266 5231 3361 5289 hic
3399 5232 3590 5288 detra-

1948 5339 2133 5385 ctorcs
2167 5326 2424 5392 fratrum,
2484 5327 2574 5383 hic
2613 5328 2773 5398 plane
2807 5326 3006 5384 dentes
3057 5335 3356 5384 exacuaut.
3407 5343 3426 5378 ι
3459 5321 3593 5380 Filii

1948 5422 2094 5476 enim
2131 5421 2432 5483 hominum.
2457 5440 2475 5473 ι
2507 5431 2565 5476 ιιι
2591 5421 2668 5476 ait
2693 5419 2887 5486 David,
2923 5437 2942 5473 r
2963 5420 3160 5476 dentes
3183 5434 3380 5476 eorum
3403 5433 3588 5485 arma,

1949 5524 2005 5572 et
2033 5517 2284 5587 sagittm;
2327 5524 2382 5572 et
2428 5515 2627 5587 lingua:
2674 5529 2866 5575 eorum
2902 5515 3179 5572 machaera
3212 5522 3378 5570 acuta
3400 5511 3584 5585 (Paul.

1954 5611 2132 5683 L\'t).t
2193 5610 2316 5678 Hic,
2360 5610 2619 5682 inquam,
2673 5611 3028 5681 crepantibus
3084 5606 3277 5666 buccis
3330 5607 3587 5665 :ethneas

1953 5703 2205 5760 flammas
2243 5710 2533 5766 eructent,
2568 5703 2747 5760 intimi
2789 5703 2931 5760 fellis
2974 5702 3405 5758 amaritudinem
3449 5714 3586 5758 evo-

1957 5772 2128 5864 ruant,
2169 5795 2505 5854 clamoribus
2540 5796 2656 5852 suis
2707 5795 2908 5852 cmlum
2968 5805 3286 5867 terramque
3339 5793 3580 5853 coniun-

2029 5929 2145 6007 (93)
2187 5928 2458 6000 Diogenes
2483 5928 2578 5993 lib.
2607 5928 2684 5988 De
2715 5929 2853 5987 Vitis
2883 5929 3197 6002 philusopb.
