4260 6440
928 414 1032 472 539

1461 416 1519 472 S.
1562 414 1766 470 PETRI
1806 414 2088 471 DAMIANI
2126 412 2276 469 OPP.
2314 412 2495 467 PARS
2536 412 2667 469 SEU
2704 408 2941 466 TOMUS
2981 408 3022 463 ι.
3063 436 3132 450 -
3170 405 3390 462 EPIST.
3434 404 3563 461 LIB.
3610 402 3745 460 Vill.

4095 397 4191 457 διο

928 530 1082 591 dant.
1122 528 1363 586 dicentes
1387 546 1399 583 ι
1436 528 1716 596 Quomodo
1761 529 1938 584 divina
1962 544 2061 584 vox
2106 528 2387 584 mendacio
2433 543 2521 583 ca-
2548 534 2596 591 Α
2627 527 2685 580 Β.
2712 526 3023 597 Gregorius.
3051 523 3374 592 conspicuus
3402 521 3701 593 etinsignis
3724 521 3913 576 doctor
3939 516 4196 582 Ecclesiae,

926 622 1061 685 ruit,
1084 622 1224 692 quod
1243 623 1353 691 regi
1381 622 1724 691 promiserat,
1749 620 2037 676 efﬁcaciter
2061 622 2338 691 implevit?
2366 620 2523 693 142

930 712 1211 781 Quomodo
1250 713 1507 768 nimirum
1548 712 1726 769 Josias
1777 716 1827 768 iu
1879 715 2130 783 sepulcro
2162 729 2258 769 suo
2304 713 2355 767 in
2392 727 2524 783 pace

927 804 1154 875 quievit,
1193 804 1285 873 qui
1317 803 1626 876 Egyptiaci
1675 806 1815 873 regis
1864 806 2043 874 gladio
2074 804 2326 859 bellicosa
2375 813 2525 859 sorte

924 895 1243 965 subjacuit?
1302 895 1502 966 Sicque
1567 896 1671 951 illis
1735 896 2108 966 propheticum
2174 896 2300 949 illud
2354 895 2525 966 possit

923 988 1102 1055 aptari
1138 1006 1151 1040 :
1190 1005 1209 1038 ι
1246 986 1551 1042 Posuerunt
1583 987 1636 1041 in
1682 988 1879 1039 coelum
1910 999 1975 1040 os
2028 1001 2206 1047 suum,
2248 993 2303 1040 et
2339 984 2521 1055 lingua

922 1094 1111 1135 eorum
1141 1079 1388 1134 transivit
1408 1094 1572 1149 super
1597 1086 1795 1133 terram
1826 1076 1997 1148 (Psal.
2027 1080 2216 1145 run).
2252 1097 2268 1129 ι

1002 1170 1103 1225 Vos
1128 1179 1330 1235 autem,
1379 1170 1741 1236 dilectissimi,
1774 1180 1827 1223 et
1854 1170 2140 1224 unanimes
2169 1168 2361 1223 fratres
2392 1170 2516 1233 mei,

918 1263 1119 1331 quibus
1141 1261 1522 1317 occultandum
1550 1261 1679 1316 nihil
1712 1270 1817 1321 est.
1852 1260 2221 1314 indubitanter
2245 1261 2518 1331 agnoscite

921 1355 1248 1409 sententiain
1302 1354 1444 1409 illaut
1497 1353 1884 1423 Gregorianam
1936 1370 2077 1417 csse,
2116 1371 2219 1408 non
2254 1365 2512 1408 nostram.

921 1446 1184 1511 Quarttttt:
1202 1460 1331 1516 ergo
1354 1444 1694 1514 Dialogorum
1720 1445 1911 1500 librum
1936 1446 2176 1501 studiose
2199 1446 2513 1514 perquirite,

920 1546 973 1589 et
999 1536 1107 1590 illic
1131 1536 1271 1589 inter
1309 1546 1501 1591 caetera
1531 1538 1608 1590 sic
1636 1537 1918 1591 invenietis
1947 1552 1959 1589 :
1993 1537 2046 1591 ln
2082 1536 2374 1606 Evangelia
2415 1538 2518 1592 Do-

919 1628 1099 1680 minus
1129 1627 1294 1681 dicit:
1333 1647 1349 1677 ι
1373 1626 1679 1691 Ambulate,
1714 1629 1838 1681 dum
1884 1629 2054 1682 lucem
2085 1629 2294 1681 habetis
2331 1628 2511 1695 (Joan.

918 1720 1041 1785 vn).
1079 1735 1099 1767 ι
1136 1715 1239 1771 Per
1264 1717 1577 1786 prepbetam
1609 1732 1825 1793 quoque
1857 1718 1931 1770 ait
1962 1736 1970 1767 :
2016 1732 2032 1766 ι
2070 1716 2335 1786 Tempore
2360 1731 2509 1770 acce-

919 1814 1013 1874 pto
1060 1806 1306 1859 exaudiri
1356 1815 1446 1869 te,
1491 1818 1544 1860 et
1577 1807 1629 1860 in
1664 1809 1747 1861 die
1802 1808 1990 1861 salutis
2037 1806 2212 1874 adjuvi
2270 1817 2318 1860 te
2375 1806 2508 1877 (Isa.

2628 618 2709 672 vel
2742 633 2839 671 nos
2880 616 3111 671 humiles
3158 625 3212 668 et
3242 613 3455 685 exigui,
3500 614 3589 683 qui
3646 614 3699 667 in
3749 624 4009 683 quantum
4062 610 4197 675 licet,
4258 598 4260 629 '

2627 725 2722 779 per
2754 707 2895 761 illius
2923 706 3168 774 cupimus
3204 705 3429 774 vestigia
3467 718 3779 773 properare,
3840 702 4201 772 prohibeamus
4258 702 4260 725 '

2626 798 2913 859 sacrilicia,
2964 796 3045 851 vel
3074 796 3356 850 orationes
3401 810 3498 863 pro
3546 794 3876 863 quibuslibet
3926 782 4199 855 defunctis,
4256 788 4260 823 ¹

2625 890 2724 943 etsi
2758 888 2993 959 graviter
3020 898 3335 956 peccatores
3364 885 3695 948 exstiterint,
3727 884 4074 954 omnipotenti
4106 884 4202 937 Deo
4257 880 4260 917 '

2625 979 2988 1033 indesinenter
3017 974 3221 1038 oli‘erri,
3270 986 3322 1029 et
3356 976 3433 1030 sic
3481 991 3574 1029 eos
3607 992 3634 1028 a
3668 976 3952 1030 devotione
3984 974 4204 1028 lldelium
4257 974 4260 1007 ¹

2620 1072 2914 1126 viventium
2962 1068 3116 1141 153
3166 1067 3428 1136 adjuvari.
3488 1067 3777 1121 Enimvero
3832 1067 3920 1136 qui
3958 1066 4032 1120 sic
4071 1065 4204 1118 illam
4257 1066 4260 1103 ¹

2624 1165 2947 1218 sententiam
3002 1161 3349 1228 intelligunt,
3389 1171 3646 1226 tauquam
3692 1156 3940 1213 nocturni
3987 1156 4207 1209 viatores
4257 1162 4260 1195 ι

2620 1260 2893 1319 oberrant,
2923 1266 2978 1309 et
3008 1270 3155 1308 more
3192 1254 3591 1307 cmentientium
3622 1235 3781 1305 man'n
3808 1251 4065 1321 parietem
4097 1248 4207 1317 pal-
4257 1256 4260 1291 I

2621 1365 2768 1423 pani.
2828 1352 3033 1417 Quibus
3076 1351 3127 1403 in
3158 1349 3257 1401 hac
3290 1346 3547 1400 solvenda
3593 1344 3891 1414 qumStione
3921 1357 4017 1396 nos
4063 1338 4209 1395 noln—
4252 1350 4260 1389 ι

2620 1461 2739 1498 ιιιιιδ
2769 1459 2888 1497 esse
2934 1442 3195 1509 magistri,
3242 1440 3366 1507 quia
3402 1437 3475 1491 illi
3509 1450 3604 1507 per
3638 1434 4005 1506 arrogantiam
4034 1430 4211 1486 cordis
4252 1444 4260 1481 ι

2619 1537 2985 1603 dedignantur
3009 1548 3131 1586 esse
3168 1526 3437 1599 discipuli.

2690 1628 2797 1681 Vos
2825 1634 3028 1685 autem,
3076 1624 3438 1689 dilectissimi,
3485 1637 3583 1692 pro
3610 1637 3695 1676 me
3729 1634 3891 1675 servo
3922 1627 4097 1674 vestro
4120 1615 4214 1672 Dei
4254 1630 4260 1669 t

2618 1720 3005 1789 oninipotentis
3034 1716 3459 1771 miscricordiam
3507 1713 3812 1783 implorate.
3866 1709 4090 1765 Domino
4120 1724 4217 1762 au-

2619 1818 2724 1863 tem
2757 1809 2985 1871 Drudro,
3018 1818 3071 1862 et
3100 1806 3249 1859 fratri
3285 1806 3421 1872 ejus,
3454 1820 3517 1859 ac
3541 1802 3871 1867 vicecomiti,
3901 1800 4219 1869 caeterisque
4252 1830 4255 1835 ι

916 1901 1088 1965 xm).
1123 1919 1139 1948 ι
1177 1898 1329 1967 Quod
1359 1898 1553 1952 Paulus
1583 1902 1857 1969 exponens
1910 1900 2079 1952 dii-it:
2127 1924 2139 1947 ι
2184 1899 2319 1953 Ecce
2369 1914 2512 1953 nunc
2542 1896 2586 1955 Β
2617 1902 2887 1956 nobilibus
2942 1901 3071 1953 viris
3127 1908 3369 1953 nostrum
3438 1894 3830 1951 monasterium
3872 1901 3927 1947 et
3973 1905 4219 1947 eremum
4250 1918 4260 1955 -ι

919 1999 1129 2058 tempus
1157 1989 1514 2060 acceptabile,
1556 2006 1683 2045 ecce
1732 2008 1872 2045 nunc
1902 1992 2019 2044 dies
2058 1990 2247 2044 salutis
2276 1989 2357 2057 (Il
2388 1990 2510 2044 Cor.

917 2082 993 2149 v).
1028 2102 1044 2133 )
1076 2079 1330 2136 Salomon
1357 2096 1568 2151 quoque
1598 2082 1709 2135 ait:
1746 2103 1760 2133 ι
1801 2084 2171 2150 Quodcunque
2204 2090 2379 2149 potest
2402 2097 2514 2133 ma-

917 2186 1021 2225 nus
1075 2179 1162 2224 tua
1194 2172 1393 2233 facere,
1452 2173 1717 2225 instanter
1744 2188 2003 2243 Operare;
2063 2174 2187 2240 quia
2225 2187 2323 2226 nec
2354 2186 2509 2239 opus,

918 2280 1019 2318 nec
1040 2267 1196 2328 ratio,
1223 2280 1321 2319 nec
1348 2265 1571 2319 scientia
1598 2276 1759 2319 erunt
1777 2267 1913 2335 apud
1942 2265 2289 2332 inferos,quo
2312 2272 2364 2317 tu
2389 2280 2512 2333 pro.

916 2368 1073 2427 peras
1127 2357 1323 2427 (Ecde.
1364 2364 1459 2427 ts).
1499 2377 1513 2407 ι
1571 2358 1736 2411 David
1772 2373 1987 2427 quoque
2020 2357 2095 2411 ait
2137 2376 2146 2407 :
2188 2376 2204 2407 ι
2243 2356 2510 2422 Quoniam

917 2453 971 2505 in
1003 2450 1261 2506 saeculum
1304 2450 1673 2505 misericordia
1698 2449 1814 2519 ejus
1845 2448 2017 2521 (Psal.
2067 2465 2224 2513 eva,
2256 2450 2456 2517 cum).
2488 2464 2505 2498 ι

916 2540 994 2593 Ex
1029 2541 1226 2609 quibus
1254 2540 1510 2595 nimirum
1558 2542 1843 2596 sententiis
1894 2550 2127 2605 constat,
2183 2542 2306 2609 quia
2337 2540 2514 2609 qualis

916 2634 1041 2687 hinc
1071 2634 1300 2702 quisque
1327 2635 1624 2703 egreditur,
1654 2633 1855 2689 talis-in
1884 2632 2090 2701 judicio
2133 2641 2510 2702 praesentatur.

916 2722 1016 2777 Ubi
1054 2727 1218 2777 etiam
1255 2724 1413 2793 paulo
1451 2733 1570 2793 post
1602 2724 1876 2779 subdidit:
1922 2746 1939 2776 ι
1978 2724 2087 2779 Hoc
2123 2734 2301 2778 tamen
2333 2724 2511 2778 scien-

915 2817 1041 2867 tlttm
1072 2825 1173 2877 est,
1213 2816 1340 2883 quia
1378 2814 1482 2868 illic
1505 2814 1732 2868 salutem
1766 2816 1831 2869 de
1856 2816 2095 2869 minimis
2120 2815 2250 2869 ttiltil
2284 2815 2513 2885 quisque

917 2907 1253 2977 purgationis
1294 2906 1577 2971 obtinebit,
1613 2908 1714 2961 nisi
1745 2907 1901 2962 bonis
1942 2908 2042 2963 hoc
2068 2910 2281 2963 actibus
2321 2909 2375 2963 in
2411 2910 2511 2963 hac

915 2997 1091 3051 adhuc
1115 2998 1223 3049 vita
1263 2999 1488 3065 positus,
1522 3008 1578 3051 ttt
1614 2998 1723 3052 illic
1759 2998 2018 3063 obtineat,
2050 2998 2463 3069 promerebitur.
2488 3018 2507 3049 ι

915 3086 983 3139 Et
1042 3096 1095 3139 ιιι
1150 3086 1233 3139 isti
1288 3086 1576 3141 rabidioris
1639 3089 1931 3143 iracundia:
1979 3090 2161 3145 furore
2206 3090 2509 3156 vesaniam,

915 3176 1159 3244 audiant,
1204 3176 1348 3247 quod
1394 3177 1534 3232 idem
1560 3178 1855 3249 Gregorius
1912 3181 1964 3233 in
1997 3180 2288 3235 Moralibus
2331 3182 2505 3236 dicit:

920 3286 939 3320 ι
968 3270 1104 3335 Quia
1137 3284 1334 3336 pravus
1361 3269 1589 3339 quisque
1618 3286 1743 3325 mox
1790 3278 1847 3325 ut
1880 3279 2127 3326 mortuus
2164 3270 2345 3335 fuerit,
2386 3287 2512 3342 pro-
2541 3251 2586 3313 C
2691 3266 2823 3320 Nolo
2857 3276 2907 3320 te
2940 3264 3123 3328 lateat,
3149 3264 3462 3319 dulcissime
3486 3263 3614 3317 mihi
3643 3263 3693 3317 in
3718 3262 3936 3319 Christo
3960 3260 4164 3331 Pater,
4190 3274 4229 3321 ε

914 3362 1060 3413 tinus
1117 3362 1344 3425 invenit,
1400 3364 1542 3431 quod
1594 3363 1820 3419 ulterius
1870 3375 2080 3419 mutare
2130 3381 2234 3420 non
2264 3367 2454 3435 possit.
2486 3383 2506 3419 ι

915 3451 1238 3507 Exclament
1262 3467 1413 3523 ergo,
1456 3454 1841 3526 vociferentur,
1878 3464 1933 3511 et
1965 3456 2148 3511 dicant
2180 3474 2192 3510 :
2227 3457 2284 3512 Si
2316 3460 2513 3513 mutari

914 3558 1020 3597 non
1050 3556 1085 3613 p
1108 3558 1295 3605 ussum,
1327 3544 1455 3613 quid
1488 3546 1617 3599 milii
1662 3546 1968 3602 oblationes
1989 3588 2003 3611 ,
2036 3548 2165 3617 quid
2213 3550 2511 3616 orationes,

916 3634 1047 3704 quid
1083 3636 1396 3690 sacriﬁcia?
1442 3636 1668 3691 Claudat
1714 3652 1845 3709 ergo
1890 3639 2001 3708 jant
2034 3639 2275 3694 Ecclesia
2320 3642 2516 3711 januas

914 3741 1061 3791 suas,
1104 3736 1159 3781 et
1187 3741 1289 3795 ego
1337 3725 1591 3799 deinceps
1622 3740 1916 3785 contentus
1962 3748 2058 3787 ero
2088 3733 2386 3803 parietibus
2420 3737 2517 3791 tio-

913 3835 1034 3874 mus
1069 3835 1221 3873 mete.
1263 3819 1401 3886 Quid
1442 3823 1587 3893 enim
1638 3823 1769 3875 mihi
1794 3823 1881 3877 hic
1915 3824 2176 3878 ecclesias
2201 3824 2427 3895 ingredi,
2467 3827 2512 3881 si

914 3912 1022 3968 illic
1051 3913 1197 3968 nulla
1240 3929 1459 3984 possunt
1506 3915 1717 3969 ratione
1769 3916 2005 3969 mutari?
2051 3915 2169 3969 Jam
2206 3932 2335 3987 ergo
2364 3919 2513 3972 desi-

914 4015 1042 4060 nant
1065 4008 1347 4075 parvulum
1376 4007 1649 4062 hominem
1691 4009 2019 4063 mordaciter
2048 4011 2320 4079 persequi,
2358 4022 2412 4064 rt
2457 4011 2510 4065 ιιι

914 4113 1003 4153 me
1034 4114 1139 4153 non
1169 4103 1184 4120 ‘
1226 4110 1481 4169 tanquam
1513 4102 1684 4165 verbi,
1733 4102 1899 4156 velint
1930 4104 2187 4157 invidiam
2211 4105 2508 4172 concitari;

912 4188 1234 4262 Gregorium
1286 4191 1567 4255 lacerent,
1620 4192 1941 4263 Gregorium
1995 4199 2307 4261 mordeant,
2354 4208 2408 4251 ct
2459 4200 2511 4251 in

912 4297 1037 4338 eum
1065 4283 1256 4337 dentes
1284 4283 1605 4338 amarissimi
1636 4283 1821 4338 livoris
1859 4286 2120 4356 inﬂigunt.
2161 4285 2308 4341 lllmn
2335 4289 2514 4358 legant

909 4376 1097 4432 ethoc
1123 4377 1263 4446 apud
1301 4377 1447 4430 illum
1474 4378 1775 4442 inveniant,
1822 4390 1983 4448 atque
2025 4398 2188 4449 super
2215 4383 2362 4436 illum
2388 4400 2514 4437 cen-

912 4470 1114 4526 soriam
1142 4469 1329 4535 iudicii
1360 4470 1567 4541 virgam
1596 4480 1860 4535 tenentes,
1908 4474 2294 4542 damnationis,
2350 4492 2508 4545 quam

913 4569 1171 4624 meretur,
1230 4562 1281 4615 in
1311 4577 1437 4616 eum
1492 4564 1681 4617 dentes
1731 4574 2029 4628 exacuunt,
2080 4582 2312 4636 eumque
2363 4571 2508 4627 velut

910 4653 1146 4709 scabiosi
1208 4668 1370 4709 canes
1430 4663 1687 4722 tanquam
1750 4656 2025 4711 mordicus
2074 4660 2501 4727 apprehendunt.

912 4744 1151 4809 Audiant
1197 4746 1342 4815 quod
1392 4746 1525 4799 alias
1557 4746 1697 4801 idem
1750 4746 2043 4818 Gregorius
2076 4751 2151 4803 ait
2183 4765 2197 4803 :
2232 4769 2249 4803 ι
2284 4752 2505 4819 Quoties

908 4854 1006 4907 per
1038 4839 1452 4893 immoderatum
1504 4853 1653 4894 esum
1688 4855 1879 4895 manus
1917 4841 1983 4895 ad
2015 4842 2195 4897 cibum
2238 4846 2498 4910 tenditur,

913 4928 1075 4985 toties
1102 4928 1260 4999 primi
1298 4929 1538 4998 parentis
1562 4928 1745 4997 lapsus
1773 4932 2020 4986 iteratur.
2056 4952 2072 4984 ι
2122 4934 2272 5001 Quod
2318 4938 2503 5007 utique

910 5035 1073 5089 quam
1118 5018 1310 5072 durum
1360 5018 1461 5081 sit,
1514 5035 1617 5073 non
1646 5033 1956 5091 exaggero;
2018 5024 2141 5092 quia
2198 5028 2502 5096 quibusque

910 5110 1211 5182 legentibus
1256 5110 1599 5181 perspicuum
1657 5127 1778 5167 esse
1823 5130 1927 5168 non
1981 5115 2209 5170 dubito:
2258 5128 2311 5171 et
2339 5135 2501 5187 quam

911 5204 1081 5259 multa
1126 5203 1317 5258 scribit
1342 5202 1669 5273 hujusmodi,
1706 5220 1825 5273 quae
1874 5224 1972 5261 nos
2000 5210 2178 5262 studio
2219 5211 2503 5267 brevitatis

912 5293 1253 5359 omittimus;
1314 5304 1599 5375 neOmetatn
1646 5297 1952 5366 epistolaris
1996 5301 2324 5369 compendii,
2358 5304 2499 5372 quod

909 5386 1252 5444 fastidiosum
1278 5396 1381 5456 est,
1412 5390 1755 5445 excedamus.
1814 5389 1923 5446 Sed
1952 5392 2051 5461 ipsi
2087 5394 2138 5447 in
2168 5403 2376 5451 nultum
2411 5412 2499 5453 me

912 5481 1164 5553 diligunt,
1192 5489 1250 5536 ut
1282 5497 1365 5537 me
1410 5481 1583 5537 solum
1622 5482 1818 5552 legant,
1864 5499 2055 5552 meque
2081 5486 2194 5540 solo
2234 5490 2495 5555 contenti,

911 5584 1192 5627 sacrarum
1221 5571 1621 5640 Scripturartun
1674 5574 1943 5628 volumina
1974 5577 2221 5632 universa
2251 5589 2493 5634 contem-

910 5674 1093 5721 nant:
1148 5673 1204 5720 et
1256 5666 1347 5736 qui
1402 5665 1493 5719 vix
1546 5675 1813 5721 noverunt
1877 5666 2182 5737 syllabatim
2229 5670 2495 5727 elementa

909 5767 1255 5827 percurrere,
1288 5770 1450 5827 super
1490 5772 1574 5811 me
1600 5755 1813 5824 judices
1852 5756 1978 5811 facti
2011 5775 2115 5813 non
2150 5770 2402 5814 verentur
2441 5762 2493 5815 in

910 5860 1000 5905 me
1050 5848 1351 5906 Denteritias
1400 5847 1765 5921 promulgare.
1819 5848 1975 5908 Absit
2045 5860 2226 5909 autem
2284 5862 2345 5909 ut
2402 5854 2490 5913 vel

2617 1992 3011 2047 commendate.
3054 1990 3195 2044 Deus
3238 1989 3582 2056 omnipotens
3628 2002 3723 2041 sua
3760 2000 3857 2041 vos
3881 1981 4225 2056 protectione

2617 2085 2921 2147 custodiat,
2971 2092 3025 2137 et
3061 2098 3181 2137 cum
3214 2081 3404 2136 electis
3431 2077 3808 2135 sacerdotibus
3858 2078 3970 2134 suis
4008 2082 4225 2148 partem
4256 2110 4260 2145 ι

2618 2193 2713 2232 vos
2749 2178 2949 2232 habere
2980 2178 3261 2230 concedat.

3202 2282 3532 2339 EPISTOLA
3575 2282 3618 2337 ll

2616 2398 2683 2437 AD
2739 2396 3014 2437 DAIIANUI
3075 2394 3357 2440 FRATREN,
3415 2385 3964 2432 ARCBIPRESBYTERUI
4018 2386 4260 2428 “VIN-I

3323 2462 3524 2503 ΝΔΤΕΙ.
4257 2488 4260 2523 1

2617 2547 3019 2618 Assenserunt.
3043 2574 3109 2618 έ-
3134 2543 3360 2597 Peccata
3389 2556 3484 2593 sua
3507 2550 3563 2618 et
3584 2537 3940 2618 negligentias
3964 2550 4072 2590 non
4104 2536 4260 2618 sinel

2691 2630 2886 2685 magno
2921 2616 3086 2669 animi
3139 2628 3373 2667 interere
3426 2610 3757 2685 conﬁtetur,
3809 2617 3864 2685 et
3914 2610 4239 2677 praesertim

2689 2672 2909 2739 niniiam
2941 2685 3329 2745 urbanitatem,
3358 2698 3451 2736 seu
3485 2682 3664 2750 potius
3693 2680 3760 2734 ad
3791 2672 3958 2750 visunt
3991 2672 4260 2747 propeno‘

2688 2757 2902 2811 silatem
2934 2756 3171 2827 graviter
3194 2763 3416 2807 accusat
3442 2748 3499 2805 et
3523 2759 3813 2827 exaggerat
3841 2767 3853 2801 :
3885 2748 4260 2827 fratrentquei

2688 2844 2844 2881 suum
2878 2816 3219 2886 Damianum,
3265 2834 3318 2875 ut
3350 2839 3445 2892 pro
3473 2837 3531 2876 sc
3562 2816 3829 2876 ad'Deum
3860 2832 4060 2892 preces
4096 2816 4237 2892 [tin-

2689 2900 2799 2960 dat,
2842 2907 3053 2952 exorat.
3086 2889 3411 2948 Praeclarum
3466 2895 3518 2946 in
3554 2893 3639 2947 his
3668 2889 3915 2961 praebens
3939 2889 4237 2946 modestia

2687 2979 2739 3023 et
2771 2968 3092 3022 humilitatis
3126 2965 3455 3034 exemplum.

2690 3080 2896 3135 Domno
2925 3080 3169 3135 Damno
3200 3076 3354 3131 fratri
3383 3075 3723 3137 charissima,
3771 3073 3988 3129 Penus
4016 3087 4232 3144 pecce-
4257 3056 4260 3089 ¹

2617 3182 2701 3227 tor
2729 3170 3025 3227 monachus
3048 3168 3307 3239 quidquid
3334 3183 3547 3233 servus,
3576 3177 3629 3222 et
3661 3166 3821 3222 ﬁlius.
4257 3150 4260 3281 i

2692 3266 2732 3281 ι.
2773 3266 2785 3281 .
2858 3276 2895 3281 ,κ
2940 3264 3097 3281 .
3168 3264 3309 3281 .
3508 3260 4131 3281 _,-._n,.__
4194 3274 4222 3281 Α

2618 3357 2855 3419 domine,
2894 3356 3018 3425 quia
3062 3354 3320 3409 continuo
3360 3369 3513 3408 mens
3540 3367 3658 3408 utea
3689 3368 3927 3408 marore
3961 3342 4260 3423 deprimi'

2618 3458 2728 3513 tur,
2764 3450 2889 3501 dum
2918 3448 3059 3502 diem
3094 3447 3295 3517 proprii
3351 3447 3533 3501 exitus
3560 3447 3787 3517 jamjam
3835 3446 4066 3517 propius
4135 3448 4228 3504 im
4258 3442 4260 3471 ⁵

2618 3542 2939 3604 mittentem,
2988 3550 3042 3593 et
3075 3548 3329 3608 tanquam
3382 3553 3491 3609 pra:
3521 3538 3693 3595 oculis
3734 3540 3970 3609 positum
4002 3539 4225 3595 assidu
4248 3544 4260 3567 "

2616 3631 3036 3700 contemplatur.
3072 3629 3204 3684 Nam
3243 3631 3371 3685 dum
3416 3640 3525 3685 tam
3557 3629 3833 3699 longaevos
3862 3643 4043 3685 annos
4093 3644 4226 3686 eno
4248 3634 4260 3671 ἰ

2619 3740 2795 3789 mero,
2823 3725 2949 3780 dum
2980 3724 3160 3795 spargi
3203 3739 3290 3778 me
3326 3724 3481 3779 canis
3510 3721 3766 3789 attendo;
3805 3730 3970 3793 atque
3998 3722 4053 3776 in
4092 3738 4260 3794 queri

2618 3832 2832 3887 cunque
2855 3827 3125 3874 conventu
3168 3817 3449 3873 hominum
3482 3816 3713 3885 positus,
3742 3829 3936 3871 omnes
3966 3830 4128 3884 pene
4167 3818 4223 3873 ir
4257 3838 4260 3871 l

2617 3916 2702 3967 ira
2733 3928 2907 3968 meam
2936 3922 3153 3968 atatem
3199 3928 3321 3968 esse
3350 3912 3659 3981 considero,
3706 3912 4029 3982 postpositis
4050 3927 4220 3971 omn
4246 3934 4260 3963 -ι

2618 4008 2716 4061 bus
2742 4005 2909 4069 curis,
2941 4006 3007 4059 de
3032 4004 3145 4058 sola
3177 4013 3352 4059 morte
3380 4005 3580 4075 cogito,
3618 4004 3928 4075 sepulcrum
3955 4004 4223 4063 meditO'
4257 4028 4260 4061 ι

2618 4114 2645 4149 a
2673 4098 2919 4165 sepulcro
2953 4097 3149 4151 mentis
3171 4095 3357 4153 oculos
3379 4112 3484 4152 non
3510 4096 3704 4153 avello.
3750 4095 3937 4168 Neque
3978 4097 4091 4153 hoc
4126 4115 4260 4157 so-i

2619 4187 2799 4243 infelix
2847 4203 2999 4243 mens
3036 4204 3154 4243 mea
3185 4202 3386 4258 pavore
3415 4196 3695 4253 contenta,
3738 4188 3792 4243 in
3823 4198 4000 4243 morte
4030 4202 4217 4263 corp
4258 4220 4260 4249 |

2619 4282 2693 4334 ris
2746 4282 3203 4336 considerationis
3254 4297 3365 4337 suae
3412 4281 3639 4337 limitem
3668 4280 3825 4352 ﬁgit:
3870 4281 3963 4337 sed
4001 4297 4159 4341 mox
4196 4303 4239 4342 rt

2610 4372 2875 4441 judicium
2920 4376 3149 4445 rapitdr,
3189 4378 3317 4447 quid
3358 4378 3460 4433 sibi
3485 4378 3646 4449 objici
3683 4378 3879 4442 valeat,
3917 4378 4058 4447 quid
4106 4384 4215 4453 ‘ip:
4258 4424 4260 4433 .

2619 4466 2949 4523 defensionis
3002 4470 3283 4534 obtendat,
3351 4486 3455 4527 nou
3506 4472 3623 4527 sine
3676 4488 3869 4543 magna
3926 4470 4215 4534 formidit

2619 4559 2926 4614 meditatur.
2968 4559 3073 4614 Sed
3107 4562 3206 4615 heu
3242 4576 3327 4615 me
3357 4562 3639 4628 miserum,
3690 4571 3855 4633 atque
3884 4562 4210 4625 inexhaus
4258 4612 4260 4637 ,

2616 4649 2972 4721 larrytnat‘nm
3006 4651 3153 4707 route
3189 4653 3479 4725 lugendum
3507 4656 3519 4708 l
3552 4656 3643 4725 qui
3671 4656 3854 4710 omnia
3886 4655 4035 4710 mala
4075 4674 4227 4717 cor
4257 4702 4260 4723 ι

2615 4745 2756 4805 misi,
2814 4754 2867 4799 et
2909 4762 3004 4815 per
3034 4755 3142 4799 tam
3183 4762 3404 4802 annosae
3454 4749 3581 4803 vita:
3609 4748 3784 4818 spatia
3820 4747 4037 4803 nullum
4094 4769 4195 4823 pe

2614 4835 2926 4890 mandatum
2956 4839 3150 4891 divinae
3180 4838 3312 4909 legis
3354 4838 3569 4909 implevi
3598 4840 3610 4893 !
3659 4839 3803 4907 Qua
3829 4840 3999 4903 enim.
4053 4847 4210 4904 mis
4257 4896 4260 4930 Ι

2611 4929 2799 4992 homo,
2838 4932 2980 4985 mala
3012 4948 3115 4986 non
3153 4932 3297 4987 feci?
3324 4932 3531 5001 Quibus
3559 4949 3646 4990 me
3672 4934 3841 4999 vitiis,
3892 4935 4126 5004 quibus
4176 4962 4203 4999 ι
4257 4992 4260 5005 .

2611 5023 2929 5078 criminibus
2960 5044 3064 5080 non
3108 5027 3345 5081 involvi?
3373 5028 3649 5084 Conﬁteor
3680 5048 3693 5082 :
3731 5048 3751 5082 ι
3780 5029 3999 5085 (ἱροίιιίι
4051 5033 4135 5091 in
4187 5040 4209 5094 1

2612 5131 2734 5171 cum
2766 5119 2997 5173 miseria:
3042 5120 3151 5173 vita
3178 5136 3293 5176 mea
3326 5140 3337 5174 ε
3392 5133 3670 5193 perempta
3698 5132 3783 5178 est
3812 5124 3864 5177 in
3908 5123 4207 5195 iniquita
4238 5104 4239 5107 Ἴ

2615 5207 2715 5262 bus
2744 5210 2877 5263 meis
2916 5211 3094 5263 anima
3136 5210 3497 5279 tnea(Thren.
3532 5212 3607 5282 v).
3638 5230 3659 5265 ι
3698 5210 3984 5283 Superbia,
4024 5214 4199 5279 ΠΜ(

2615 5298 2717 5364 ira,
2769 5300 3125 5368 impatientia,
3181 5301 3431 5366 malitia,
3484 5301 3707 5367 invidia,
3769 5303 3914 5373 gula,
3944 5302 4199 5367 ebrier;

2612 5393 3093 5460 concupiscentia,
3150 5395 3382 5463 rapina,
3436 5395 3821 5462 mendacium,
3876 5394 4191 5467 periuriu
4257 5378 4260 5409 Ι

2608 5485 3045 5555 stultiloquium,
3094 5486 3427 5551 scurrilitas,
3466 5488 3809 5555 ignorantia,
3854 5488 4221 5561 negligengp
4258 5490 4260 5495 ’

2606 5591 2700 5632 seu
2730 5586 2939 5633 canem:
2967 5588 3148 5647 pestes
3173 5579 3661 5649 supplantaverunt
3687 5596 3797 5647 me,
3834 5591 4001 5650 atque
4028 5598 4217 5657 om},
4238 5564 4260 5599 ’⁵

2603 5670 2757 5732 vitia,
2794 5669 2939 5725 velut
2976 5669 3266 5726 frementes
3294 5674 3501 5739 bcstim,
3533 5674 3933 5728 devoraverunt
3963 5676 4209 5738 anim.
4257 5670 4260 5699 ¹

2606 5778 2802 5817 meant.
2836 5763 3102 5820 Pollutum
3141 5775 3225 5820 est
3250 5779 3345 5820 cor
3368 5781 3546 5820 meum
3588 5775 3642 5820 et
3691 5766 3830 5821 labia
3868 5781 4017 5823 mea.
4108 5776 4203 5835 2.,
4258 5766 4260 5797 ¹

2605 5856 2903 5915 taminatus
2932 5873 3052 5922 sum
3097 5859 3153 5917 in
3193 5859 3345 5929 visu,
3394 5860 3617 5930 auditu,
3651 5869 3811 5934 gusta
3837 5898 3854 5928 ,
3882 5859 4185 5929 odor-tu
4258 5890 4260 5897 -
