4260 6396
173 292 262 351 3“

181 507 287 614 sire
321 514 563 573 actione
598 524 879 593 perditus
921 545 1059 587 sum.
1116 534 1185 590 Et
1233 538 1351 596 haec
1372 507 1612 614 Eiidem
1656 551 1846 608 omnia

189 602 319 658 mala
358 613 668 670 commisi.
729 616 848 675 Sed
877 622 1022 678 heu!
1078 630 1218 697 proh
1248 602 1440 690 dolori
1481 638 1681 710 dignos
1728 657 1849 715 pae-

192 700 434 761 nitentiae
460 704 705 769 fructus
750 732 1033 789 nunquam
1089 725 1270 782 attuli.
1321 727 1503 786 Unum
1538 700 1688 793 inter
1727 700 1846 795 haec

198 796 437 853 amarius
469 799 689 871 deﬂeo,
735 823 850 878 quo
880 826 965 867 me
1017 818 1377 885 perniciosius
1408 824 1736 899 obligatum,
1768 843 1846 887 te-

204 894 281 937 ste
328 893 729 963 ceuscientia,
795 915 1172 973 recognosco:
1226 893 1549 972 scurrilitas
1583 917 1843 976 nimirum

208 979 335 1035 mihi
370 998 604 1057 semper
631 989 929 1049 familiam
962 995 1081 1063 fuit,
1123 1017 1246 1073 quas
1275 1015 1330 1060 et
1353 1018 1580 1081 propter
1615 1027 1846 1068 conver-

206 1072 414 1129 sionem
450 1094 743 1151 nunquam
780 1100 869 1143 me
898 1089 1138 1159 perfecte
1186 1095 1451 1155 deseruit.
1509 1098 1661 1158 Licet
1687 1106 1838 1161 cnim

205 1176 403 1223 contra
433 1170 543 1227 hoc
580 1172 755 1231 ferale
789 1193 1093 1239 monstrum
1123 1201 1267 1259 saepe
1295 1198 1678 1264 pugnaverim,
1712 1198 1843 1255 licet

206 1259 372 1329 huius
405 1264 603 1324 bestiae
635 1274 1004 1343 nequissimos
1034 1279 1226 1338 dentes
1274 1259 1482 1342 malleo
1527 1293 1846 1348 severitatis
1874 1296 1877 1299 ’

202 1354 546 1427 attriverim,
612 1363 681 1418 ad
719 1374 937 1437 tempus
974 1371 1193 1440 quidem
1227 1378 1546 1447 reprimere,
1592 1385 1685 1437 sed
1712 1402 1846 1441 nun-

197 1460 374 1515 quam
417 1464 487 1504 ex
513 1464 579 1506 ea
608 1455 759 1525 potui
800 1456 1015 1527 plenam
1055 1464 1342 1521 victoriam
1379 1483 1687 1541 reportare.
1726 1477 1843 1533 lno-

201 1535 303 1591 lita
334 1554 579 1612 namque
610 1545 908 1615 cujuslibet
956 1551 1073 1611 vitii
1102 1535 1477 1629 consuetudo,
1536 1564 1665 1621 licet
1693 1570 1840 1624 omni

198 1631 393 1687 studio
441 1636 511 1690 ab
557 1638 721 1694 animi
753 1644 1122 1710 penetralibus
1148 1650 1222 1706 sit
1248 1654 1490 1725 repulsa,
1524 1659 1733 1715 assistit
1764 1672 1845 1717 ta—

200 1740 336 1781 men
360 1742 509 1798 sape
545 1733 695 1799 quasi
729 1750 840 1804 pra:
865 1732 1075 1797 furibus
1115 1743 1466 1817 importuna:
1502 1761 1557 1806 et
1592 1754 1674 1808 vel
1708 1754 1844 1810 lam-

196 1822 343 1877 bere
366 1839 744 1905 summotenus
777 1833 989 1902 nititur,
1023 1839 1065 1892 si
1114 1843 1393 1902 mordicus
1422 1846 1837 1917 apprehendere
1866 1861 1915 1922 B

196 1916 556 1983 prohibetur.
610 1922 722 1979 Sub
765 1928 947 1996 specie
998 1947 1234 2003 namque
1285 1916 1592 2008 spiritualis
1638 1942 1841 2001 ltelitiae

196 2008 341 2063 dum
371 2027 462 2067 me
502 2012 761 2072 fratribus
788 2019 1014 2078 hilarem
1042 2028 1337 2084 ostendere
1376 2032 1563 2102 cupio,
1612 2034 1663 2090 iu
1692 2037 1841 2093 vani—

196 2103 345 2156 tatis
399 2106 569 2161 verba
618 2109 832 2168 declino
874 2132 889 2168 :
946 2124 1001 2172 et
1044 2118 1172 2174 dum
1221 2138 1251 2177 a
1297 2124 1461 2180 solito
1516 2129 1696 2201 rigore
1747 2131 1841 2188 de-

194 2199 480 2254 scendere
529 2200 786 2260 fraterne
834 2208 1121 2269 charitatis
1173 2232 1337 2272 causa
1402 2199 1832 2291 quasivdiscrete

196 2285 480 2351 delibero.
517 2293 585 2347 ad
620 2295 829 2353 inutilia
859 2301 1183 2371 proferenda
1215 2285 1559 2368 diﬂ'renatam
1598 2314 1837 2388 linguam

196 2377 515 2453 indiscrete
545 2384 774 2441 resolvo.
812 2388 919 2446 Sed
948 2392 1073 2449 dum
1107 2395 1371 2454 Dominus
1402 2400 1550 2458 dicat
1576 2422 1588 2457 :
1630 2426 1646 2457 ι
1675 2377 1836 2463 ᾖειιιί

195 2468 300 2535 qui
329 2469 543 2542 lugent.
564 2478 822 2545 quoniam
852 2478 954 2551 ipsi
979 2487 1411 2547 consolabuntur
1435 2492 1652 2562 (Matth.
1692 2498 1783 2569 v);
1810 2520 1829 2553 ι

197 2562 501 2630 qualeillis
513 2564 775 2635 judicium
800 2572 1295 2650 imminet,quinon
1320 2587 1481 2641 modo
1495 2586 1712 2645 ﬂetibus
1727 2609 1831 2648 non

197 2652 515 2723 insistunt;
544 2660 637 2715 sed
664 2661 808 2719 ultro
836 2667 1000 2723 etiam
1031 2673 1339 2741 cachinnis,
1373 2690 1425 2735 et
1448 2681 1600 2737 vanis
1631 2684 1833 2743 risibus

196 2745 543 2805 histrionum
599 2769 749 2811 more
805 2760 1160 2821 deserviunt?
1234 2768 1480 2843 Cumque
1532 2778 1832 2837 consolatio

197 2853 309 2893 non
347 2842 735 2913 gaudentibus,
776 2850 873 2907 sed
907 2857 1270 2916 intercutibus
1310 2842 1498 2933 utique
1542 2867 1829 2939 debeatur,

198 2947 377 3001 quam
424 2936 855 2997 consolationem
911 2958 1235 3017 exspectare
1274 2969 1303 3008 a
1360 2967 1593 3015 venturo
1640 2960 1831 3030 judice

199 3036 509 3094 poterunt,
556 3031 646 3102 qui
701 3049 762 3090 se
793 3052 939 3092 nunc
988 3039 1183 3112 inepta:
1219 3044 1423 3104 lwtitiai
1480 3052 1826 3113 malcblanda

192 3114 547 3197 iucunditate
578 3124 899 3183 resolvunt?
946 3128 1181 3190 Rursum
1211 3152 1333 3193 cum
1376 3141 1568 3198 eadem
1610 3145 1825 3205 Veritas

196 3196 349 3269 dicat
382 3231 397 3267 :
434 3234 454 3267 ι
485 3213 580 3273 νε
606 3219 757 3277 vobis
776 3222 868 3294 qui
897 3224 1106 3293 ridetis,
1145 3232 1406 3300 quoniam
1434 3196 1636 3294 ﬂebitis
1854 3250 1899 3313 ι]

202 3306 313 3372 ri);
350 3326 373 3359 ι
417 3308 550 3377 quid
604 3310 657 3367 in
708 3318 994 3374 tremendo
1024 3318 1234 3389 judicio
1289 3326 1489 3385 dicturi
1521 3306 1683 3398 sunt,
1730 3337 1823 3404 qui

200 3412 305 3454 non
336 3401 521 3457 solum
554 3404 653 3477 ipsi
680 3407 880 3477 rident,
910 3414 1006 3470 sed
1038 3415 1262 3490 insuper
1291 3423 1541 3491 quaedam
1566 3428 1823 3486 scurrilia

199 3494 582 3579 proferentes,
609 3502 776 3560 risum
802 3506 1148 3569 audientibus
1163 3514 1432 3574 violenter
1458 3530 1825 3594 extorquent?

270 3598 383 3657 Ubi
417 3604 737 3675 notandum,
785 3609 910 3680 quia
944 3628 1067 3669 cum
1099 3616 1383 3675 inimicum
1417 3624 1615 3680 animae
1644 3626 1715 3681 sit
1748 3627 1825 3683 ri-

198 3692 353 3759 dere,
385 3698 745 3767 perniciosius
776 3711 958 3761 tamen
990 3716 1079 3763 est
1110 3711 1467 3769 scurrilitatis
1487 3716 1652 3771 verba
1685 3734 1818 3789 pro-

198 3782 369 3842 ferre.
400 3786 731 3846 Scurrilitati
760 3794 957 3865 quippe
984 3795 1321 3866 deserviens,
1365 3813 1420 3859 et
1467 3804 1604 3862 alios
1630 3782 1821 3866 secum

198 3890 293 3947 per
327 3894 532 3935 ranam
558 3880 798 3939 laetitiam
835 3888 1087 3956 destruit,
1136 3902 1192 3947 et
1220 3893 1274 3948 in
1310 3896 1414 3951 hoc
1444 3897 1670 3969 insuper
1691 3916 1819 3959 reus

196 3977 299 4033 est,
334 3972 486 4041 quod
537 3974 705 4030 otiosa
738 3979 905 4035 verba
936 3980 1205 4040 inutiliter
1251 3986 1453 4055 fundit,
1508 4007 1632 4067 cum
1673 3995 1817 4050 scri-

194 4070 347 4129 ptum
404 4063 520 4118 sit:
572 4083 590 4116 ι
634 4064 806 4126 Omne
855 4072 1081 4130 verbum
1132 4078 1392 4151 otiosum,
1456 4063 1817 4154 quod'locuti

196 4151 407 4209 fuerint
430 4154 699 4227 homines,
727 4162 955 4219 reddent
978 4166 1044 4222 de
1071 4183 1135 4223 eo
1162 4171 1429 4229 rationem
1474 4151 1532 4230 in
1562 4177 1649 4233 die
1665 4176 1815 4247 judi-

192 4247 261 4301 cii
288 4247 514 4311 (Mattio.
547 4251 665 4323 xu).
696 4273 715 4305 ι
742 4254 1030 4316 Enimvero
1051 4260 1178 4318 dum
1200 4264 1315 4321 haec
1336 4267 1615 4340 Evangelii
1646 4274 1812 4331 verba

192 4343 522 4407 considero.
578 4348 701 4417 quid
723 4349 886 4419 aliud,
931 4370 1091 4425 quam
1120 4361 1395 4430 quoddam
1439 4365 1598 4421 nobis
1650 4384 1803 4425 com-

194 4438 465 4493 mercium
496 4443 828 4512 propositum
872 4461 993 4504 esse
1022 4455 1348 4523 perpendo?
1380 4458 1506 4527 quia
1546 4462 1807 4518 nimirum

189 4538 243 4583 et
264 4545 656 4591 momntaneo
684 4536 790 4593 risu
814 4551 1106 4612 perpetuus
1136 4545 1294 4604 ﬂetus
1321 4553 1542 4619 emitur,
1577 4564 1634 4610 et
1664 4565 1804 4613 temo

1487 327 1697 389 LIBER
1737 334 2073 407 QUINTUS,
2116 342 2341 401 EPIST.
2388 348 2490 423 HL:

180 406 339 513 tactu.
396 413 475 473 Et
522 424 926 496 omnimodis,
965 433 1318 505 cogitatione,
1372 440 1533 520 ιω
1559 447 1855 518 locutione,
1884 456 1935 519 Α

3488 367 3601 427 342

1965 479 2054 536 ubi
2082 497 2204 554 quae
2253 497 2510 543 emuncta
2570 492 3186 565 suutexstinguantur,
3223 495 3291 553 de
3318 510 3458 555 auro
3495 516 3595 571 pu-

1956 576 2198 633 rissimo.
2234 581 2375 647 Quid
2399 583 2545 637 enim
2577 599 2673 652 per
2701 596 2911 656 septem
2945 585 3352 662 lncernagnisi
3380 602 3593 666 septem

1952 670 2128 722 sancti
2171 668 2414 741 Spiritus
2440 674 2801 745 intelligimus
2822 678 3004 734 dona?
3034 677 3191 736 Tunc
3218 682 3362 737 enim
3380 693 3595 756 septem

1953 759 2210 817 lucernas
2246 765 2296 818 in
2334 766 2690 824 tabernaculo
2722 768 2982 836 facimus,
3022 772 3067 827 si
3103 772 3156 827 in
3190 785 3371 831 mente
3394 790 3586 835 nostra

1952 854 2125 909 sancti
2165 854 2408 927 Spiritus
2439 861 2792 933 charismata
2832 878 2899 920 ex
2955 865 3147 922 divino
3177 883 3410 927 munere
3436 887 3591 929 com-

1951 960 2237 1015 ponamus.
2262 951 2535 1025 1455ed
2552 956 2679 1027 quia
2712 958 2764 1012 in
2788 958 2922 1031 ipsis
2940 962 3151 1017 sanctis
3164 964 3448 1035 operibus,
3467 967 3596 1037 qui-

1954 1041 2052 1098 bus
2066 1058 2162 1113 pcr
2184 1043 2517 1104 aﬂlationem
2533 1053 2709 1125 sancti
2730 1053 2970 1124 Spiritus
2985 1054 3245 1112 ardentes
3261 1058 3589 1128 insistimus,

1951 1138 2202 1205 qumdam
2228 1141 2499 1211 superﬂua
2536 1153 2776 1203 terrenae
2809 1150 3189 1221 corruptionis
3222 1152 3585 1223 interserunt,

1953 1246 2077 1285 cum
2140 1232 2383 1290 lucernis
2437 1239 2604 1293 etiam
2663 1245 3008 1299 emunctoria
3059 1248 3374 1301 necessario
3426 1250 3586 1306 liunt.

1953 1324 2090 1391 Quid
2124 1328 2272 1381 enim
2316 1345 2413 1399 per
2445 1334 2822 1401 emunctoria,
2857 1337 2965 1393 nisi
3001 1337 3281 1394 districtio
3311 1343 3591 1413 paeniten-

1954 1420 2041 1474 tia:
2100 1422 2456 1493 designatur?
2498 1426 2857 1485 Emunctorio
2914 1447 3153 1504 namque
3192 1436 3337 1505 quod
3392 1452 3590 1510 snper-

1952 1528 2185 1569 vacuum
2218 1525 2301 1571 est
2348 1517 2401 1572 in
2434 1518 2681 1588 lucerna,
2728 1524 3080 1595 deccrpitur;
3134 1538 3189 1581 et
3238 1529 3588 1591 districtione

1952 1608 2294 1676 poenitentia:
2323 1611 2577 1669 humanae
2630 1617 2919 1685 pravitatis
2952 1620 3111 1689 culpa
3148 1621 3383 1678 deletur.
3430 1622 3587 1681 Unde

1950 1707 2004 1751 et
2036 1697 2233 1755 Petrus
2278 1703 2607 1769 quibusdam
2647 1708 2921 1777 superﬂua
2974 1716 3422 1781 perpetrantihus
3472 1718 3583 1772 ait:

1957 1807 1973 1838 ι
2012 1789 2364 1848 Pwnitemini
2407 1796 2592 1865 igitur,
2627 1808 2682 1852 et
2722 1804 3131 1870 convertimini,
3186 1816 3241 1858 nt
3297 1806 3586 1865 deleantur

1946 1896 2123 1940 vestra
2152 1898 2374 1955 peccata
2407 1890 2546 1959 (Act.
2577 1894 2683 1963 ιιι).
2721 1914 2737 1944 ι
2760 1896 2837 1949 Ac
2854 1896 2899 1949 si
2922 1908 3113 1966 aperte
3138 1898 3303 1953 dicat:
3341 1900 3583 1960 Emunc—

1948 1977 2145 2033 torium
2175 1981 2445 2052 stringite,
2483 1994 2537 2039 et
2568 2001 2829 2043 excessus
2864 1990 3019 2058 pravi
3062 1993 3247 2061 operis
3271 2005 3579 2065 amputate.

1945 2068 2114 2126 Recte
2148 2089 2281 2143 ergo
2314 2091 2438 2131 cum
2482 2078 2724 2135 lucernis
2750 2091 2806 2134 ct
2849 2085 3191 2139 cnﬁmctoria
3229 2088 3394 2154 linnt;
3449 2090 3581 2159 quia

1944 2166 2034 2232 qui
2064 2169 2241 2224 sancti
2276 2169 2517 2239 Spiritus
2540 2175 2773 2244 gratiam
2809 2176 3079 2231 bonorum
3108 2195 3337 2249 operum
3367 2182 3577 2237 lumine

1944 2259 2296 2329 resplendere
2335 2266 2745 2332 contendimus,
2773 2270 2903 2324 dum
2938 2280 3120 2328 tamen
3154 2275 3395 2330 humana
3446 2293 3577 2331 cer-

1943 2352 2126 2419 ruptio
2168 2354 2443 2424 superﬂua
2476 2368 2726 2429 generat,
2762 2364 3103 2431 ptrnitentiac
3135 2370 3398 2424 remediis
3434 2370 3578 2427 indi-

1941 2458 2153 2515 genius.
2186 2446 2292 2503 Sed
2322 2452 2588 2521 quoniam
2624 2454 2742 2510 haec
2769 2456 2886 2526 ipsa
2918 2458 3217 2527 superﬂua,
3263 2478 3383 2533 quae
3412 2465 3580 2521 disci-

1940 2539 2145 2609 plinam
2179 2545 2522 2612 pmnitentite
2555 2556 2788 2613 resecat,
2826 2553 3203 2607 necessarium
3227 2564 3312 2611 est
3352 2564 3410 2611 ut
3440 2573 3577 2613 con-

1942 2634 2055 2689 triti
2091 2636 2276 2693 cordis
2312 2636 2471 2695 ﬂetus
2512 2642 2853 2715 exsduguat,
2899 2661 3006 2702 non
3046 2648 3326 2707 immerito
3357 2650 3578 2724 Moyses

1939 2739 2063 2799 post
2097 2729 2381 2798 lucernas,
2429 2744 2486 2791 et
2547 2739 2917 2805 emunctoria,
2975 2742 3143 2798 etiam
3200 2761 3329 2801 vasa
3370 2745 3579 2804 fecisse

1938 2834 2303 2893 memoratur,
2335 2827 2449 2895 ubi,
2487 2846 2609 2901 quae
2634 2843 2894 2890 emuncta
2944 2846 3093 2904 sunt,
3126 2841 3577 2911 exstingnantur.

1940 2915 2080 2972 Vasa
2138 2929 2322 2975 autem
2378 2930 2568 2978 nostra
2626 2935 2755 2980 sunt
2800 2928 2989 2994 corda,
3031 2946 3154 2999 quae
3193 2930 3571 3005 lacrymarum

1937 3032 2156 3091 semper
2183 3030 2238 3078 et
2271 3022 2433 3079 ﬂetus
2465 3024 2668 3082 debent
2695 3042 2820 3083 esse
2850 3028 3211 3090 inundatione
3253 3035 3479 3107 repleta.
3511 3036 3571 3095 In

1934 3111 2135 3181 quibus
2168 3112 2425 3169 nimirum
2460 3118 2609 3172 vasis
2633 3128 2689 3175 et
2713 3119 2894 3175 oleum
2945 3120 3075 3178 illud
3107 3126 3450 3195 reconditur,
3500 3128 3570 3187 de

1936 3222 2045 3278 quo
2105 3209 2157 3264 in
2224 3211 2522 3283 Evangelio
2571 3215 2948 3285 perhibetur:
2980 3217 3120 3287 Quia
3181 3239 3202 3274 ι
3261 3223 3568 3294 prudentes

1934 3300 2177 3369 virgines
2205 3314 2537 3373 acceperunt
2560 3306 2743 3362 oleum
2774 3309 2827 3363 in
2864 3311 3010 3365 vasis
3043 3312 3161 3369 suis
3196 3329 3325 3369 eum
3353 3316 3566 3389 lampa-

1932 3393 2092 3449 dibus
2132 3394 2354 3467 (Mattlt.
2387 3400 2539 3470 xxv).
2577 3418 2595 3452 ι
2635 3399 2692 3455 Si
2745 3417 2877 3473 ergo
2906 3413 2963 3459 et
3000 3404 3059 3470 ii,
3104 3405 3274 3463 claris
3305 3411 3571 3480 operibus

1929 3487 2241 3558 splendent,
2278 3492 2458 3549 adhuc
2499 3504 2682 3552 tamen
2715 3496 2935 3554 ﬂetibus
2975 3501 3257 3571 indigent;
3314 3506 3447 3575 quid
3499 3504 3572 3562 de

1930 3580 2153 3646 misero,
2181 3584 2430 3654 meisque
2456 3586 2728 3643 similibus
2750 3592 3125 3658 sentiendum,
3151 3595 3244 3664 qui
3272 3595 3569 3652 tenebrosa

1928 3674 2099 3730 multa
2152 3680 2535 3736 commisimus
2596 3691 2704 3736 :et
2754 3683 2919 3751 bona,
2969 3702 3094 3757 quae
3146 3686 3393 3754 luceant,
3452 3705 3564 3745 non

1929 3767 2233 3825 habemus?
2260 3770 2434 3840 Quam
2478 3773 2746 3832 uberibus
2776 3778 3149 3851 lacrymarum
3207 3783 3339 3838 rivis
3393 3784 3570 3841 debe-

1926 3877 2049 3918 mus
2079 3879 2299 3935 semper
2328 3866 2573 3935 aﬂluere,
2599 3885 2766 3940 quam
2797 3874 3061 3929 continuo
3092 3875 3309 3932 maerori
3332 3885 3569 3935 necesse

1926 3953 2333 4030 fueratjngiter
2364 3960 2659 4029 insudare;
2691 3973 2749 4019 et
2778 3980 2887 4020 non
2918 3966 3057 4021 alios
3090 3967 3143 4024 in
3171 3968 3344 4024 risum
3375 3967 3563 4027 faceta

1925 4052 2163 4120 quadam
2194 4053 2402 4110 dicacis
2434 4072 2641 4114 scurrae
2678 4058 2996 4118 urbanitate
3046 4062 3407 4132 compellere,
3459 4062 3560 4120 sed

1925 4143 2026 4215 ipsi
2059 4147 2239 4216 potius
2263 4147 2504 4205 demisso
2531 4166 2751 4222 semper
2777 4152 2929 4209 vultu
2954 4153 3217 4227 lugubres
3248 4171 3555 4229 apparere:

1922 4251 2197 4307 quatenus
2235 4242 2491 4311 perfectae
2524 4247 2868 4316 paenitentia:
2919 4247 3155 4306 formam
3186 4250 3306 4323 ipse
3335 4265 3561 4323 quoque

1919 4334 2163 4388 exterior
2194 4336 2371 4415 cultus
2431 4340 2791 4409 exprimeret,
2851 4358 2972 4415 qua:
3020 4345 3075 4400 in
3115 4346 3332 4403 occulta
3372 4346 3558 4405 cordis

1919 4412 2290 4484 amaritudine
2321 4430 2701 4501 principaliter
2739 4412 3037 4506 aestuaret;
3097 4447 3153 4496 et
3210 4454 3321 4497 non
3373 4439 3558 4498 solum

1919 4516 2076 4570 nobis
2104 4519 2364 4575 conferre
2399 4524 2707 4581 curationis
2761 4536 2965 4599 optata!
2997 4528 3331 4600 remedium,
3360 4533 3458 4589 sed
3499 4540 3558 4589 et

190 4625 359 4695 1m“
412 4624 545 4681 new
579 4606 835 4699 μετρεωέ
886 4606 1069 4691 meum
1120 4606 1810 4712 comparamh’ﬂil'm'lg‘
1836 4628 1889 4691 υ
1917 4606 2039 4663 aliis
2066 4607 2348 4667 fructuose
2375 4616 2679 4683 paenitendi
2712 4620 2962 4688 praebere
2987 4631 3184 4694 posset
3212 4623 3549 4696 exemplum.

187 4720 327 4789 quod
362 4721 553 4775 sancti
582 4720 679 4776 viri
710 4740 851 4781 nunc
875 4729 1023 4784 omni
1057 4733 1238 4791 studio
1261 4734 1420 4795 ﬂetus
1449 4749 1503 4795 et
1534 4740 1807 4813 lacrymas

188 4812 488 4878 minam,
513 4823 577 4868 ut
601 4818 786 4871 aeterni
819 4822 999 4892 gaudii
1035 4823 1216 4896 fruges
1247 4840 1487 4895 metant,
1526 4812 1804 4907 Propheta

184 4915 506 4970 attestante,
538 4905 634 4977 qui
662 4908 736 4963 ait
764 4924 779 4962 :
823 4929 841 4962 ι
871 4911 1077 4972 Euntes
1104 4918 1277 4986 ibant,
1310 4930 1367 4977 et
1414 4905 1787 4995 ﬂebant,mit>

183 5007 346 5069 mles
400 4996 629 5053 semina
658 5014 787 5067 sua;
842 5005 1124 5064 venientes
1173 5022 1354 5068 autem
1406 5017 1627 5073 venient
1672 5035 1797 5078 cum

180 5090 576 5158 n~attatione,
603 5102 884 5162 portantes
897 5100 1201 5171 manipulos
1220 5120 1350 5162 suos
1370 5094 1749 5185 (Pittheam).
1772 5132 1793 5167 ι

180 5184 442 5243 Datianus
471 5186 631 5243 enim
660 5186 715 5241 in
743 5202 876 5262 agro
924 5194 1102 5250 cordis
1154 5201 1327 5255 nostri
1358 5202 1589 5261 virentia
1625 5207 1799 5264 virtu-

174 5292 266 5333 ιω
306 5282 580 5352 germina
615 5281 773 5351 quasi
796 5285 1203 5356 propaginando
1228 5306 1579 5366 componere,
1598 5308 1652 5356 et
1678 5300 1797 5359 haec

170 5372 427 5446 Imq'ienti
450 5365 907 5444 competentiam
929 5374 1182 5437 imbrium
1208 5365 1564 5446 inundatione
1590 5392 1791 5463 rigare.

168 5466 376 5526 λτςεεκ
424 5478 520 5526 est
564 5466 845 5538 operibus
885 5467 1079 5529 lucidis
1116 5477 1374 5536 ardenter
1412 5482 1687 5554 insistere,
1737 5499 1795 5546 et

166 5576 314 5623 nam
342 5566 660 5625 salubrem
718 5560 884 5619 ﬂetus
912 5578 1139 5635 aquam,
1173 5572 1264 5628 ubi
1295 5576 1567 5646 superﬂua
1594 5582 1792 5653 quaeli-

160 5662 221 5713 bet
261 5663 783 5733 exstingnantur,
838 5670 1055 5727 semper
1106 5661 1331 5721 habere.
1390 5666 1546 5726 Unde
1592 5675 1793 5746 legitur

158 5758 313 5827 ,Exod.
344 5777 487 5829 xxv,
556 5750 834 5822 xxxvu),
878 5751 1003 5821 quia
1044 5753 1259 5829 Moyses
1287 5758 1417 5816 fecit
1448 5762 1502 5819 in
1537 5767 1792 5827 taberna-

150 5858 235 5917 ab
252 5871 467 5936 κριεηι
494 5853 813 5917 lucernas
852 5857 989 5909 cum,
1006 5851 1363 5919 emunctoriis
1392 5856 1531 5927 suis,
1580 5868 1635 5919 et
1657 5876 1791 5924 vasa

1920 4701 2073 4758 Unde
2102 4720 2235 4776 rogo
2264 4709 2619 4766 sanctitatem
2645 4722 2911 4781 vestram,
2951 4716 3310 4774 dilectissime
3358 4716 3550 4787 Pater,

1913 4805 1969 4849 et
1994 4796 2222 4865 pedibus
2253 4799 2360 4855 tuis
2394 4817 2482 4857 me
2515 4813 2827 4873 prostratus
2858 4805 3115 4878 advolvo,
3176 4818 3237 4866 ut
3280 4810 3550 4870 adversus

1912 4888 2017 4945 hoc
2048 4887 2220 4948 ferale
2251 4903 2582 4962 monstrauit,
2618 4908 2840 4956 scutum
2872 4902 3005 4958 mihi
3036 4912 3244 4960 sanctae
3273 4913 3381 4962 tua:
3409 4920 3543 4963 ora-

1908 4982 2075 5038 tionis
2102 4982 2353 5053 objicias,
2377 4997 2431 5043 et
2453 4992 2838 5061 serpentinnm
2868 4995 3022 5051 virus
3048 5010 3118 5052 ex
3147 5011 3237 5053 me
3266 4998 3547 5071 sapienter

1908 5076 2246 5133 incantando
2274 5080 2542 5150 depellas:
2578 5094 2633 5139 et
2662 5101 2773 5141 non
2814 5087 2993 5143 solum
3024 5105 3127 5161 pro
3158 5090 3284 5157 hoc,
3339 5094 3438 5151 sed
3490 5101 3549 5151 et

1906 5183 2007 5239 pro
2028 5171 2269 5237 cunctis,
2297 5188 2419 5243 quae
2437 5176 2531 5230 tibi
2559 5192 2723 5249 supra
2747 5180 3039 5239 confessus
3061 5199 3206 5252 sum,
3251 5187 3544 5245 continuas

1905 5260 2021 5319 Deo
2043 5278 2237 5335 preces
2264 5266 2516 5336 lutulere,
2546 5282 2711 5341 atque
2745 5276 2891 5346 apud
2924 5275 3147 5334 divinas
3177 5292 3348 5340 aures
3373 5280 3542 5340 mise-

1907 5356 2161 5414 ricordiae
2200 5360 2333 5417 mihi
2372 5360 2551 5418 locum
2588 5364 2813 5423 studeas
2844 5367 3165 5441 impetrare.

2478 5520 2817 5580 EPISTOLA
2854 5523 2940 5582 Ill.

2340 5630 2406 5670 AD
2436 5632 2485 5671 Ρ.
2513 5630 3085 5679 Αιιοιιιιιιιεειιῑτειιωι.

1898 5724 2305 5808 Attoniti-Paron.
2337 5761 2403 5771 —
2435 5730 2492 5787 lu
2518 5730 2686 5808 hujus
2714 5736 2955 5805 epistola:
3005 5738 3351 5808 fragmentis,
3384 5744 3527 5801 duo-

1972 5799 2351 5886 bus'Jcrctnintc
2374 5799 2655 5875 propheta:
2676 5799 2812 5863 locis
2840 5810 3034 5886 allatis,
3064 5799 3523 5886 ostenditiquant

1972 5873 2043 5928 sit
2079 5873 2259 5929 futura
2295 5873 2547 5935 luctuosa
2572 5882 2960 5951 peccatoribus
2992 5882 3187 5939 anima:
3221 5900 3250 5937 ιι
3283 5873 3521 5957 corpore
