4260 6430
635 385 742 445 345

701 498 962 582 egressio,
982 491 1307 565 quantisque
1329 494 1454 558 post
1480 491 1710 540 mortem
1731 473 2064 536 cruciatibus
2085 468 2220 526 ailli-
2245 476 2297 539 Α
2324 463 2630 528 conclusos,

710 683 869 758 ιω
887 681 950 738 Ρ.
973 675 1568 749 archipresbytero....,
1584 668 1799 724 Psrnus
1819 668 2070 736 peccator
2105 669 2220 712 mo-

636 778 866 836 naclius.

708 887 731 921 ι
760 867 899 925 Ecce
919 878 1019 937 ego
1053 859 1368 918 convocabo
1392 869 1585 914 omnes
1639 848 1992 920 cognationes
2021 855 2219 914 regno-

634 977 756 1019 rum
777 955 1070 1031 aquilonis,
1099 955 1177 1013 ait
1213 951 1503 1015 Dominus;
1535 956 1588 1002 ct
1614 945 1859 1006 venient,
1912 948 1969 994 et
2017 942 2224 1007 ponent

632 1029 1002 1127 unusquisque
1021 1050 1216 1108 solium
1243 1063 1397 1104 suum
1428 1046 1481 1100 in
1513 1041 1731 1096 introitu
1763 1046 2036 1108 portarum
2068 1029 2222 1085 Ieru-

633 1125 828 1217 salem,
856 1155 914 1204 et
940 1159 1105 1217 super
1133 1155 1323 1198 omnes
1367 1149 1553 1194 muros
1595 1133 1712 1205 ejus
1761 1133 1812 1184 in
1869 1125 2123 1186 circuitu,
2167 1130 2222 1176 et

632 1258 798 1314 super
828 1241 1116 1314 universas
1143 1237 1304 1290 urbes
1329 1229 1489 1286 Juda.
1530 1227 1598 1283 Et
1631 1226 1822 1294 loquar
1847 1218 2048 1292 judicia
2099 1229 2220 1270 mea

632 1309 758 1393 cuin
786 1335 866 1391 eis
890 1310 1055 1403 super
1080 1327 1227 1384 omni
1259 1323 1466 1380 malitia
1513 1334 1722 1383 eorum,
1771 1315 1863 1385 qui
1914 1309 2220 1379 derelique-

633 1433 762 1480 runt
793 1434 879 1479 me
908 1421 1044 1492 (Jer.
1078 1420 1140 1490 l).
1192 1437 1210 1470 ι
1264 1413 1394 1484 Qua
1430 1409 1676 1484 profecto
1721 1407 1883 1462 verba
1932 1403 1976 1458 si
2028 1409 2223 1471 praeter

633 1518 754 1574 illos
780 1526 1011 1572 terrenae
1047 1509 1351 1569 Jerusalem
1381 1507 1532 1562 cives
1578 1504 1645 1558 ad
1675 1502 1809 1557 alios
1847 1513 1952 1552 non
1987 1496 2224 1565 rcSpice-

631 1621 778 1674 rent,
814 1620 1158 1678 nequaquam
1197 1600 1358 1657 hodie
1394 1600 1447 1652 in
1481 1604 1668 1652 sancta
1721 1590 1959 1646 Ecclesia
1997 1602 2220 1641 resona-

631 1710 774 1758 rent.
812 1699 943 1767 Qua
974 1705 1100 1752 sunt
1155 1694 1319 1764 igitur
1372 1689 1473 1743 illa:
1533 1685 1881 1757 cognationes
1933 1691 2221 1749 regnorum

632 1788 926 1862 aquilonis,
966 1785 1070 1842 nisi
1119 1783 1480 1853 malignorum
1518 1777 1804 1847 spirituum
1854 1769 2224 1826 multitudines

633 1859 702 1938 in_
745 1881 958 1954 frigidis
1007 1879 1142 1933 adeo
1179 1874 1452 1931 mentibus
1496 1870 1728 1939 superbe
1786 1862 2111 1936 regnantes?
2158 1859 2223 1914 ili

631 1951 1009 2030 solium—suum
1050 1965 1420 2035 unusquisque
1447 1963 1500 2017 in
1527 1959 1750 2015 introitu
1772 1964 2048 2029 portarum
2071 1951 2227 2006 Jeru-

633 2062 803 2118 salem
832 2068 1065 2132 ponunt,
1097 2071 1221 2111 cum
1259 2052 1632 2125 egredientem
1677 2050 1741 2103 de
1790 2059 2015 2114 corpore
2051 2040 2228 2097 infeli-

633 2169 754 2210 cem
794 2131 1032 2208 animam
1062 2145 1472 2217 circumposita,
1513 2157 1581 2197 ne
1605 2141 1771 2195 libera
1803 2136 2045 2206 prodeat,
2077 2131 2226 2187 obsi-

635 2247 798 2302 dione
811 2242 1154 2305 custodiunt;
1176 2247 1238 2294 ut
1259 2252 1379 2294 eam
1401 2250 1587 2291 secum
1608 2247 1752 2287 nunc
1772 2231 1838 2285 ad
1862 2227 2002 2299 ignis
2030 2223 2230 2296 suppli-

636 2336 786 2390 cium
818 2332 1158 2404 pertrahant,
1192 2329 1246 2384 in
1278 2325 1432 2397 cujus
1465 2333 1625 2379 antea
1655 2321 1854 2393 irigida
1914 2327 2097 2374 mente
2143 2329 2229 2370 re-

637 2426 894 2497 gnabant.
921 2424 996 2481 0!
1024 2437 1185 2495 quam
1210 2421 1478 2485 luctuosa,
1515 2432 1680 2488 quam
1725 2411 1972 2485 lugubris
2003 2419 2084 2466 est
2106 2423 2228 2464 sera

636 2530 695 2577 ct
718 2518 1055 2574 infructuosa
1083 2515 1173 2570 illa
1201 2512 1552 2584 pmnitcntia,
1583 2525 1706 2565 cum
1732 2503 2233 2579 peccatrix’anima

633 2608 750 2678 jam
774 2609 1037 2678 incipiens
1056 2606 1238 2664 carnis
1265 2618 1508 2668 carcere,
1532 2617 1641 2672 quo
1667 2599 1875 2655 inclusa
1906 2597 2195 2652 tenebatur
2213 2634 2230 2661 ,

637 2699 867 2766 absolvi,
887 2699 1246 2767 respicitpost
1274 2710 1351 2760 se,
1383 2694 1570 2764 dirigit
1598 2691 1786 2747 oculos
1814 2698 1937 2745 ante
1962 2703 2043 2744 sc.
2075 2686 2232 2742 Videt

637 2799 763 2862 post
807 2805 866 2846 se
909 2788 1056 2844 velut
1111 2785 1577 2859 angustissimum,
1638 2791 1801 2854 atque
1848 2780 2228 2836 brevissimum

639 2888 876 2944 stadium
901 2885 1028 2939 vita:
1051 2882 1296 2940 mortalis
1315 2895 1628 2946 emensum;
1656 2877 1804 2932 videt
1827 2886 1954 2931 ante
1975 2891 2032 2932 se
2065 2876 2232 2929 inter—

643 2979 986 3037 minabilium
1047 2974 1436 3048 longitudinem
1517 2969 1859 3026 smculorum.
1939 2965 2234 3038 Perpcndit

640 3070 796 3142 quasi
813 3075 1146 3125 momentum
1178 3064 1441 3135 temporis
1467 3062 1722 3120 celeriter
1751 3058 2058 3122 advolasse,
2085 3057 2228 3128 quod

1172 375 1232 432 S.
1272 367 1481 430 PETRI
1518 359 1802 424 DAMIANI
1843 353 1996 416 OPP.
2039 349 2219 410 PARS
2257 344 2391 409 SEU
2427 343 2668 408 TOMUS
2701 341 2745 400 I.
2781 369 2854 388 ο·-
2890 333 3110 396 EPIST.
3146 331 3277 389 LIB.
3319 325 3453 385 VIII.

3815 314 3927 376 δυ

2679 459 2807 530 quia
2836 454 3139 512 destinatos
3167 448 3234 505 ad
3280 461 3340 503 se
3386 439 3621 500 famulos
3675 446 3927 530 contem-

2323 564 2574 629 pserunt;
2605 561 2660 610 et
2697 529 2967 623 quomodo
3012 542 3357 601 Christianos
3386 536 3590 599 audiet.
3624 529 3928 629 qui‘missa

2322 619 2420 721 per
2453 646 2646 702 Filium
2701 619 3010 714 evangelica
3057 643 3331 708 praecepta
3383 622 3750 721 spreverunt?
3783 619 3928 676 Nam

2310 716 2416 814 qui
2437 757 2543 796 non
2575 737 2723 793 audit
2757 734 2946 798 Deum,
2978 743 3084 785 non
3111 725 3337 782 auditur
3357 739 3388 776 a
3435 722 3566 776 Deo.
3601 716 3786 774 Unum
3818 719 3928 814 est,

2323 805 2464 908 quod
2488 847 2639 888 mens
2652 830 2911 901 cujusque
2925 823 3098 880 ﬁdelis
3125 819 3282 892 15,7
3297 816 3459 873 debet
3499 811 3740 908 assidue,
3755 805 3932 865 solet»

2326 906 2406 984 ter
2433 925 2732 986 attendere,
2788 929 2846 976 et
2879 919 3022 974 intra
3050 912 3401 982 semetipsum
3427 906 3658 964 sollicita
3709 913 3934 972 semper

2325 1015 2673 1087 inquisitione
2703 1023 2954 1072 versare;
3013 1004 3262 1061 scilicet:
3313 1008 3496 1054 ulrmn
3545 995 3763 1067 placeat
3818 989 3934 1047 Deo

2322 1086 2462 1180 quod
2484 1107 2614 1178 egit,
2653 1120 2720 1160 an
2745 1113 2798 1159 ct
2827 1104 2880 1158 in
2905 1101 3022 1172 ejus
3054 1098 3162 1153 vita
3195 1097 3338 1151 Dens
3361 1093 3446 1149 vel
3493 1091 3755 1162 operibus
3790 1086 3935 1144 dele-

2323 1176 2688 1264 ctetttr.quid
2711 1195 2854 1251 enim
2896 1191 3134 1264 prodest,
3165 1186 3430 1258 quidquid
3474 1182 3642 1239 faciat
3662 1183 3854 1245 homo,
3885 1176 3936 1236 si

2325 1289 2424 1344 hoc
2444 1304 2548 1343 non
2580 1285 2787 1356 placeat
2816 1282 2962 1340 Deo?
2994 1280 3086 1336 Sic
3112 1281 3180 1335 de
3198 1278 3367 1334 David
3395 1275 3634 1331 dicitur:
3666 1291 3684 1324 ι
3717 1269 3935 1340 Quzesi-

2324 1381 2400 1434 vit
2431 1378 2533 1433 sibi
2567 1379 2708 1432 Deus
2734 1377 2908 1430 virum
2937 1373 3092 1445 juxta
3125 1386 3220 1427 cor
3247 1385 3404 1426 suum
3427 1366 3478 1440 (Ι
3510 1365 3642 1437 Reg.
3667 1379 3788 1430 aut;
3811 1362 3933 1417 Ad.

2326 1471 2471 1541 aut).
2510 1491 2527 1523 ι
2560 1468 2695 1524 Nam
2735 1470 2781 1524 si
2812 1465 3248 1525 nunc.Conditor
3271 1478 3379 1519 non
3410 1461 3720 1517 delectatur
3746 1457 3802 1512 in
3836 1455 3939 1512 bo-

2327 1564 2504 1626 mine,
2539 1562 2703 1617 homo
2742 1557 3086 1632 postmodum
3132 1555 3392 1611 delectari
3445 1567 3554 1608 non
3617 1548 3830 1620 poterit
3877 1546 3935 1602 in

2325 1655 2638 1709 Conditorc.
2668 1651 2822 1708 Unde
2851 1651 3049 1720 legitur
3078 1650 3132 1704 in
3182 1647 3302 1703 Vita
3351 1645 3603 1708 Patrum,
3629 1641 3758 1712 quia
3806 1650 3935 1694 cum

2327 1748 2498 1803 falsus
2519 1747 2741 1818 quidam
2769 1745 3012 1799 famosus
3036 1753 3090 1798 et
3118 1741 3300 1811 magni
3360 1735 3598 1794 nominis
3649 1731 3940 1790 solitarius

2253 1841 2298 1901 B
2328 1840 2717 1909 propinquaret
2736 1838 2800 1891 ad
2829 1838 3056 1900 exitum,
3090 1844 3362 1888 tartareus
3412 1831 3485 1885 ad
3528 1843 3655 1885 eum
3709 1825 3939 1898 spiritus

2333 1933 2504 1998 venit,
2536 1930 2626 2001 qui
2659 1929 2948 1983 tridentem
2977 1926 3193 1997 igneum
3227 1924 3281 1978 in
3333 1921 3585 1977 manibus
3627 1915 3851 1982 attulit;
3884 1924 3940 1972 et

2330 2040 2459 2082 ecce
2481 2041 2582 2080 vox
2615 2024 2681 2078 ad
2709 2039 2832 2077 eum
2862 2020 3006 2075 facta
3039 2027 3152 2074 est:
3182 2017 3357 2082 Sicut,
3387 2013 3580 2084 inquit,
3613 2010 3803 2066 anima
3832 2009 3938 2066 ista

2332 2119 2418 2174 vel
2455 2134 2561 2173 una
2607 2118 2738 2174 hora
2770 2131 2856 2171 me
2915 2117 2968 2170 in
3017 2129 3076 2170 se
3112 2113 3456 2182 requiescere
3509 2122 3618 2163 non
3664 2102 3937 2176 permisit,

2332 2215 2412 2269 sic
2443 2226 2617 2283 neque
2649 2222 2702 2266 tu
2729 2208 3045 2269 miserearis
3067 2205 3307 2262 evellens
3331 2218 3472 2259 eam.
3512 2199 3668 2256 Tunc
3696 2209 3936 2268 nequam

2331 2307 2556 2378 spiritus
2585 2304 2873 2360 tridentem
2906 2304 3125 2374 igneum
3151 2297 3302 2354 cordi
3327 2293 3624 2351 morientis
3657 2290 3864 2360 inﬁxit,
3883 2296 3940 2349 et

2332 2397 2566 2452 animam
2595 2393 2734 2466 ejus,
2757 2393 2898 2450 sicut
2925 2400 3046 2448 erat
3068 2390 3274 2458 jussus,
3297 2382 3610 2444 cvulsi't.....

2892 2479 3226 2538 EPISTOLA
3259 2475 3349 2534 IV.

2767 2571 2841 2611 ω
2859 2572 2908 2610 P.
2934 2563 3504 2609 Λιιοιιιριιεειιῐτειιωί.

2333 2651 2737 2729 Διιοιιιιβιιτυιιι.
2786 2677 2856 2729 -_-
2905 2647 2962 2702 In
3000 2645 3174 2729 .hujus
3225 2642 3477 2729 epistolae
3522 2639 3837 2729 fragmento
3855 2651 3943 2729 ,οι

2403 2722 2639 2791 quodam
2666 2720 2786 2774 loco
2813 2718 3064 2774 Ieremia:
3089 2713 3349 2791 Ostendit,
3383 2728 3550 2785 quam
3577 2713 3650 2769 sit
3693 2713 3941 2768 detesta-

2403 2787 2530 2848 bilis
2553 2791 2876 2847 clericorum
2902 2787 3350 2857 intemperantia.

2403 2884 2465 2940 P.
2483 2883 3026 2954 archipresbytero...
3043 2880 3262 2936 Psrnus
3287 2877 3944 2951 peccatormonachus...

2410 2997 2430 3029 ι
2468 2975 2634 3043 Vade,
2659 2996 2676 3029 ι
2710 2976 2883 3047 inquit
2914 2974 3173 3030 Dominus
3199 2975 3267 3029 ad
3295 2971 3592 3029 Icremiam
3617 2969 3758 3043 (Jsr.
3791 2968 3944 3041 aut),

2340 3087 2359 3121 ι
2389 3078 2444 3124 et
2469 3068 2685 3138 posside
2709 3067 2803 3123 tibi
2832 3066 3046 3122 lumbar
3073 3064 3300 3132 lincum,
3331 3073 3386 3121 et
3413 3079 3585 3136 pones
3611 3062 3744 3119 illud
3775 3073 3946 3133 super

638 3163 806 3229 vixit;
829 3155 1512 3230 contemplaturinﬁnitam
1531 3153 1902 3226 prolixitatem
1924 3161 2230 3220 temporum
2259 3210 2305 3230 Α
2334 3160 2547 3217 lumbos
2577 3169 2728 3214 ωοςε
2771 3179 2789 3212 ,
2827 3159 2892 3215 de
2923 3173 3032 3230 quo
3075 3167 3132 3214 ει
3162 3156 3324 3229 paulo
3373 3164 3529 3228 ροειε
3588 3176 3606 3209 ι
3662 3155 3944 3226 ειη-μω,

638 3255 864 3319 inswrc.
901 3210 1075 3323 qua":
1103 3249 1294 3318 ἰοείιιὶι
1323 3266 1334 3300 =
1371 3246 1424 3302 id
1456 3210 1602 3302 enim
1631 3210 2053 3306 brevissimum;
2083 3237 2230 3311 quod
2257 3210 2311 3275 θ
2337 3210 2544 3322 ait};
2567 3210 2799 3309 eam
2822 3210 3582 3321 aspirati;“grassare
3621 3210 3755 3302 illud
3780 3210 3860 3302 ῖιιι
3887 3210 3946 3304 in

640 3357 724 3405 εει
752 3345 900 3400 velut
924 3344 980 3399 in
1010 3349 1230 3414 puncto,
1263 3337 1626 3402 transcurrit;
1679 3336 1807 3391 huic
1855 3343 2036 3389 autem
2067 3333 2216 3396 vitae,

639 3452 802 3510 quam
831 3449 974 3491 nunc
999 3431 1318 3506 ingreditur,
1346 3429 1522 3486 nullus
1546 3429 1768 3484 omnino
1815 3427 1940 3483 linis
1965 3424 2228 3481 occurrit.

716 3548 735 3582 ι
767 3528 925 3591 Ecce,
961 3545 980 3580 ι
1017 3525 1093 3580 ait
1115 3524 1396 3591 Dominus,
1426 3542 1445 3574 ι
1475 3522 1687 3577 mittam
1717 3521 1771 3574 in
1798 3534 1915 3582 eos,
1949 3537 1966 3568 ι
2001 3519 2054 3574 in
2086 3519 2231 3574 cives

640 3621 886 3677 videlicet
906 3617 1226 3683 Jerusalem,
1259 3635 1278 3668 ι
1308 3613 1566 3687 gladium,
1592 3622 1646 3670 et
1673 3612 1896 3678 famem,
1919 3621 1973 3668 ct
2003 3621 2233 3685 pestem,

641 3724 698 3772 et
723 3721 884 3770 erunt
906 3712 960 3766 in
977 3708 1432 3773 maledictioncm,
1457 3715 1820 3776 ctstuporem,
1845 3713 1898 3760 et
1914 3705 1968 3759 in
1992 3703 2232 3768 sibilum,

647 3818 705 3865 et
728 3807 779 3861 in
800 3803 1150 3876 opprobrium
1182 3801 1315 3871 (Jer.
1345 3801 1522 3871 xxix).
1567 3798 1725 3856 rCur
1763 3800 1835 3854 sit
1860 3799 1962 3854 hoc
2008 3795 2231 3862 factum,

648 3897 843 3969 aperit,
874 3911 996 3950 cum
1029 3879 1335 3962 subjungit:
1393 3911 1412 3943 ι
1457 3892 1534 3948 Eo
1583 3890 1730 3962 quod
1781 3904 1888 3948 non
1936 3888 2231 3953 audierint,

647 3990 842 4061 inquit,
865 3988 1030 4044 verba
1059 3999 1202 4050 mea,
1230 3999 1350 4056 qua:
1376 3983 1497 4041 misi
1526 3983 1595 4039 ad
1621 3998 1717 4040 eos
1742 3997 1840 4054 per
1869 3996 2056 4038 servos
2083 3995 2235 4037 meos

641 4081 956 4152 prophetas,
976 4079 1043 4134 de
1068 4087 1224 4134 nocte
1244 4090 1600 4148 consurgens,
1627 4085 1686 4131 et
1712 4076 1934 4130 mittens
1959 4073 2172 4146 (Ibid).
2207 4092 2228 4125 ι

643 4172 798 4240 Quod
829 4181 1012 4242 autem
1040 4170 1190 4232 dicit,
1231 4186 1251 4220 ι
1284 4167 1351 4222 de
1373 4177 1530 4222 nocte
1561 4180 1911 4237 consurgens,
1943 4185 1961 4217 ι
1985 4163 2232 4218 mittendi

641 4264 1063 4336 sollicitudinem
1085 4262 1290 4318 indicat
1307 4269 1363 4316 et
1382 4260 1751 4326 velocitatem;
1786 4268 1972 4314 utnon
2005 4258 2057 4311 in
2083 4255 2236 4312 verbi

643 4356 1109 4428 prmdicatoribus,
1168 4354 1266 4410 sed
1311 4352 1368 4408 in
1411 4351 1752 4409 auditoribus
1813 4349 1998 4420 potius
2046 4362 2236 4419 torpor

641 4451 864 4506 desidia:
897 4451 1080 4506 valeat
1116 4450 1367 4507 inveniri.
1391 4446 1528 4504 Cum
1563 4448 1748 4518 itaque
1785 4446 1930 4502 Deus
1982 4444 2234 4513 omnipo-

647 4550 770 4597 tens
807 4542 1048 4599 humano
1089 4555 1241 4599 more
1288 4541 1602 4599 hominibus
1654 4540 1902 4610 loquens,
1957 4539 2023 4594 dc
2073 4545 2234 4593 nocte

644 4635 1051 4690 consurrexisse
1072 4648 1151 4700 se,
1184 4650 1249 4691 ac
1277 4649 1374 4706 per
1399 4634 1504 4691 hoc
1525 4633 1684 4704 quasi
1711 4647 1959 4688 somnum
1979 4646 2038 4686 se
2068 4618 2234 4687 inter-

649 4725 861 4795 rupisse
887 4726 1275 4798 conqueritur;
1311 4726 1456 4798 quod
1493 4725 1650 4783 nobis
1706 4723 2055 4797 opprobrium
2094 4723 2237 4778 valet

649 4817 910 4887 OIijICCI‘C,
963 4820 1008 4872 si
1060 4819 1215 4874 nobis
1265 4819 1318 4874 in
1369 4819 1562 4876 ultimo
1602 4818 1946 4875 necessitatis
1992 4815 2237 4888 periculo

644 4912 974 4973 «antistitutis,
1005 4911 1150 4965 velut
1189 4912 1302 4967 lucc
1333 4913 1629 4981 permeritn
1677 4910 2032 4982 responderet
2064 4927 2076 4962 :
2120 4907 2236 4980 Ego

644 5013 863 5077 propter
876 5020 970 5059 vos
985 5020 1106 5060 cunt
1129 5019 1303 5060 essem
1329 5003 1576 5070 Creator,
1605 5003 1780 5059 factus
1802 5018 1922 5058 sum
1948 5009 2234 5068 creatura;

646 5112 747 5166 ego
775 5106 997 5168 pr0ptcr
1023 5111 1121 5151 vos
1143 5095 1426 5152 irrisiones
1455 5106 1511 5151 et
1538 5093 1830 5166 opprobria
1861 5093 2085 5164 pertuli,
2117 5108 2235 5149 cru-

653 5201 774 5243 cem
806 5186 970 5253 subii,
992 5198 1045 5242 et
1067 5195 1266 5242 cuncta
1294 5202 1415 5256 qua:
1437 5187 1587 5242 vobis
1600 5185 1934 5243 debebantur
1967 5193 2232 5240 tormenta

655 5280 932 5350 percurri;
966 5295 1062 5336 vos
1092 5289 1272 5335 tamen
1306 5295 1392 5335 me
1439 5297 1542 5334 non
1574 5279 1824 5345 audistis,
1856 5288 1912 5334 et
1940 5277 2075 5348 legis
2103 5291 2236 5334 mea

647 5372 1003 5430 cercnmnias
1031 5383 1084 5427 et
1117 5372 1370 5428 mandata
1399 5373 1712 5442 sprevistis?
1741 5371 1912 5426 Porro
1933 5371 1979 5427 si
2003 5369 2111 5425 illis
2137 5371 2236 5424 im-

650 5463 968 5535 properabat
1019 5477 1208 5518 servos
1242 5477 1270 5515 a
1301 5477 1360 5517 sc
1403 5462 1622 5528 missos,
1682 5472 1888 5516 quanto
1938 5459 2236 5517 terribilius

656 5553 808 5610 nobis
857 5554 1248 5624 improperabit
1303 5554 1693 5625 semetipsum?
1745 5556 1790 5608 si
1839 5555 1944 5609 illis
1984 5571 2234 5610 somnum

652 5644 1057 5714 impropct'abat
1081 5645 1462 5717 interruptum,
1487 5657 1693 5717 quanto
1722 5649 1894 5717 magis
1925 5649 2080 5702 nobis
2097 5647 2238 5704 valet

651 5738 888 5808 ohjicerc
913 5757 970 5795 se
1014 5757 1114 5812 pro
1147 5743 1304 5798 nobis
1342 5754 1612 5798 mortuum
1657 5759 1720 5799 ac
1770 5742 2078 5813 sepultum?
2115 5742 2234 5802 Non

652 5832 849 5891 liberat
877 5833 1017 5893 Dens
1041 5833 1256 5892 Iudaeos
1285 5834 1600 5896 vallantium
1650 5835 1893 5898 ItOStiutu
1945 5835 2229 5897 obsidione

2256 4588 2310 4650 D

2336 3344 2605 3399 loramine
2626 3351 2814 3414 petrae.
2850 3361 2868 3393 ι
2895 3339 3050 3408 Quod
3075 3356 3198 3397 cum
3216 3340 3454 3407 fecisset,
3470 3349 3525 3396 et
3547 3339 3605 3393 in
3631 3337 3944 3409 Euphrate,

2337 3439 2477 3494 sicut
2493 3435 2682 3506 jussus
2715 3433 2917 3501 fuerat,
2942 3432 3344 3499 abscondisset,
3372 3441 3496 3504 post
3522 3431 3795 3503 plurimos
3823 3427 3947 3485 dies

2339 3531 2417 3586 ait
2447 3529 2711 3585 Dominus
2740 3528 2810 3583 ad
2851 3543 2974 3583 eum
3000 3546 3014 3583 :
3046 3546 3065 3580 ι
3103 3525 3295 3599 Surge,
3328 3535 3384 3582 et
3414 3527 3549 3580 vade
3577 3525 3645 3580 ad
3693 3523 3948 3594 Euphra-

2339 3631 2449 3684 ten,
2479 3633 2536 3676 et
2554 3620 2679 3677 tolle
2704 3620 2829 3675 inde
2857 3619 3090 3676 lumbar.
3116 3619 3182 3674 Et
3211 3618 3344 3684 abii,
3375 3617 3574 3688 inquit,
3603 3615 3671 3671 ad
3698 3614 3947 3685 Euphra-

2340 3725 2448 3780 ten,
2482 3724 2536 3770 et
2564 3714 2658 3769 tuli
2685 3713 2897 3768 lumbar
2917 3713 2984 3770 de
3033 3711 3173 3774 loco,
3204 3710 3293 3768 ubi
3334 3709 3733 3766 absconderam
3769 3708 3940 3766 illud:

2339 3817 2392 3863 et
2413 3806 2983 3879 eccccomputruerat,
3009 3807 3080 3861 ita
3107 3817 3162 3860 ιιι
3192 3804 3321 3860 nulli
3341 3804 3461 3859 usui
3495 3813 3684 3874 aptum
3714 3811 3891 3858 esset.
3916 3819 3937 3857 ι

2339 3898 2407 3954 Et
2438 3898 2516 3953 ait
2542 3898 2804 3954 Dominus
2840 3916 2851 3951 :
2891 3917 2908 3950 ι
2940 3897 3033 3953 Sic
3058 3907 3369 3966 putrescere
3397 3895 3594 3951 faciam
3622 3894 3943 3966 superbiam

2339 3990 2497 4056 Iuda,
2557 4000 2612 4045 et
2662 3989 2976 4061 superbiam
3028 3986 3330 4043 Jerusalem
3381 3987 3629 4055 multam,
3678 3986 3944 4058 populum

2339 4083 2503 4138 istum
2547 4082 2866 4152 pessimum,
2906 4081 2996 4150 qui
3031 4080 3220 4136 nolunt
3267 4078 3459 4134 audire
3506 4079 3675 4134 verba
3707 4093 3855 4144 mea,
3886 4085 3946 4135 et

2340 4173 2621 4230 ambulant
2684 4174 2737 4228 in
2793 4172 3065 4244 pravitate
3109 4172 3292 4228 cordis
3325 4171 3440 4234 sui;
3489 4179 3544 4224 et
3578 4178 3742 4226 erunt
3797 4168 3947 4226 sicut

2339 4267 2554 4322 lnmbar
2590 4267 2754 4332 istud,
2781 4266 2924 4336 quod
2949 4265 3078 4320 nulli
3108 4264 3228 4320 usui
3252 4274 3438 4335 aptum
3466 4271 3569 4319 est.
3604 4281 3623 4315 ι
3671 4261 3814 4331 Quid
3845 4261 3943 4320 hic

2337 4357 2588 4413 Ieremia:
2611 4372 2867 4428 persona,
2895 4357 2997 4411 nisi
3029 4355 3361 4411 Dominum?
3392 4355 3532 4422 Quid
3558 4354 3797 4422 lumbar,
3830 4353 3945 4411 nisi

2339 4449 2586 4506 ordinem
2613 4447 2884 4520 signiﬁcat
2909 4445 3274 4504 clericorum?
3309 4444 3504 4502 Omnis
3545 4443 3794 4500 Ecclesia
3849 4458 3946 4502 ve-

2338 4544 2437 4599 stis
2467 4557 2550 4598 est
2575 4540 2802 4607 Christi,
2831 4541 2896 4596 de
2923 4540 3079 4611 cujus
3131 4539 3234 4595 sibi
3267 4537 3527 4595 membris
3554 4552 3655 4609 per
3700 4537 3944 4609 prophe-

2337 4644 2447 4690 tam
2480 4635 2708 4690 dicitur:
2747 4651 2763 4684 ι
2799 4631 3061 4690 Omnibus
3088 4632 3175 4688 bis
3204 4630 3354 4687 velut
3379 4638 3708 4686 ornamento
3736 4631 3940 4688 vestie-

2338 4727 2416 4782 ris
2443 4725 2654 4798 (Ibid).
2694 4745 2713 4780 ι
2755 4724 2862 4779 Sed
2892 4725 3035 4779 sicut
3061 4723 3274 4780 lumbar
3303 4722 3555 4778 intimum
3584 4731 3670 4778 est
3697 4722 3942 4783 humano

2342 4821 2578 4892 corpori,
2607 4829 2661 4873 et
2691 4819 2894 4874 arctius
2925 4817 3167 4872 adhaeret
3221 4830 3384 4887 quam
3441 4815 3666 4887 reliqua:
3731 4827 3938 4884 vestes,

2339 4915 2412 4970 ita
2466 4913 2735 4970 clericalis
2764 4913 2897 4968 ordo
2938 4910 3261 4968 familiarius
3309 4911 3510 4968 divinis
3566 4911 3943 4984 agglutinatur

2336 5007 2632 5077 obsequiis,
2663 5021 2827 5077 quam
2852 5003 3033 5060 caueri
3065 5004 3333 5060 homines.
3363 5002 3520 5059 Sicut
3542 5003 3653 5059 illic
3683 5005 3752 5059 de
3771 5003 3944 5060 Israe-

2336 5098 2489 5156 litico
2539 5098 2742 5169 populo
2767 5096 2947 5153 divina
2985 5109 3087 5152 vox
3117 5095 3221 5150 ait:
3257 5115 3274 5148 ι
3331 5093 3485 5150 Sicut
3513 5095 3660 5150 enim
3694 5097 3942 5152 nutaret

2340 5189 2556 5245 lumbar
2584 5189 2652 5244 ad
2681 5187 2893 5242 lumbos
2931 5185 3057 5251 viri,
3089 5185 3169 5240 sic
3187 5183 3522 5256 agglutinavi
3552 5184 3684 5240 mihi
3718 5201 3940 5243 omnem

2339 5282 2525 5348 Israel,
2556 5292 2613 5340 et
2634 5297 2850 5338 omnem
2875 5281 3092 5337 domum
3128 5277 3286 5346 Juda,
3325 5288 3382 5334 ut
3408 5288 3556 5336 esset
3582 5279 3714 5334 mihi
3750 5281 3806 5336 in
3839 5296 3938 5353 po-

2341 5377 2545 5449 pulum,
2572 5385 2628 5431 et
2649 5376 2704 5431 in
2734 5389 2955 5439 nomen,
2985 5381 3042 5429 et
3071 5373 3124 5427 in
3153 5371 3392 5440 laudem,
3417 5381 3472 5428 et
3497 5372 3549 5426 in
3576 5371 3835 5442 gloriam,
3887 5380 3941 5428 et

2339 5486 2445 5524 non
2475 5469 2766 5524 audierunt
2795 5464 3010 5533 (Ibid.).
3053 5484 3070 5515 ι
3098 5463 3324 5532 Quibus,
3374 5478 3581 5536 quaeso,
3641 5472 3753 5518 tam
3793 5473 3939 5536 apte,

2342 5574 2448 5618 tam
2478 5577 2756 5634 expresse,
2793 5561 2934 5614 sicut
2961 5559 3193 5619 clericis.
3224 5568 3448 5628 possunt
3478 5557 3580 5611 ista
3611 5571 3940 5630 congruere,

2335 5655 2426 5724 qui
2445 5668 2639 5708 nomen
2667 5652 2781 5715 Dei,
2797 5651 3005 5706 tandem
3023 5659 3077 5703 et
3089 5649 3314 5720 gloriam
3329 5645 3638 5718 specialiter
3651 5646 3941 5704 constituti

2336 5754 2463 5800 sunt
2489 5743 2819 5815 pmdicare?
2844 5742 2995 5796 Sicut
3022 5742 3169 5796 enim
3199 5739 3382 5807 lsrael,
3403 5749 3460 5796 et
3481 5738 3618 5797 Iuda
3643 5739 3940 5811 peculiaris

2336 5846 2455 5894 erat
2476 5835 2703 5909 populus
2736 5832 2899 5915 148
2930 5833 3042 5896 Deo
3067 5828 3210 5896 inter
3231 5846 3422 5894 omnes
3441 5841 3634 5908 gentes
3657 5844 3845 5905 terrae,
3864 5833 3939 5894 ita
