4260 6440
362 362 470 428 385

1637 359 1844 424 LIBER
1882 357 2220 434 QUINTUS,
2261 357 2488 421 EPIST.
2527 356 2596 418 ν.

3590 356 3699 425 348

366 497 516 541 nunc
546 477 734 537 clerici
760 475 1075 548 specialiter
1097 475 1378 535 adhaerent
1412 473 1637 534 Christo
1663 493 1779 551 prie
1835 493 1977 535 cun-
2003 482 2058 545 Α
2085 477 2446 536 demonstrat.
2471 478 2554 534 Ad
2581 477 2757 536 instar
2782 491 2916 551 ergo
2936 475 3205 534 lumbaris
3225 475 3559 536 inbumecto
3579 477 3701 535 loco

367 573 474 629 etis
499 569 770 628 membris
797 567 1075 627 Ecclesiae.
1115 567 1208 625 isti
1248 563 1446 642 nempe
1483 577 1614 627 sunt
1667 567 1885 628 lumbar
1911 568 1977 626 ll-

367 680 533 723 neum
557 663 781 722 arctiori
794 663 978 720 divino
1000 663 1218 736 corpori
1235 662 1609 722 familiaritate
1629 679 1974 725 connexum:

366 757 540 822 linum
578 755 850 830 siquidem
899 755 1172 813 laboriose
1225 758 1476 829 pervenit
1507 756 1577 814 ad
1634 757 1973 826 candorem;

365 858 423 908 et
447 848 641 908 clerici
680 849 844 908 modo
870 849 1178 907 litterarum
1206 851 1403 908 studiis
1430 850 1762 919 insudando,
1816 853 1980 911 modo

365 958 468 1018 per
491 943 781 1002 intervalla
818 953 1120 1017 temporum
1147 943 1477 1018 quibusdam
1506 946 1766 1018 gradibus
1789 960 1984 1004 ascen-

367 1039 572 1110 dendo,
605 1038 821 1098 difﬁcile
848 1051 1243 1112 promoventur
1270 1043 1339 1100 ad
1387 1043 1532 1101 sacri
1560 1043 1774 1101 ordinis
1802 1043 1982 1116 digni-

366 1139 542 1192 tatem
569 1152 586 1189 :
617 1134 858 1209 alioquin
884 1135 930 1193 si
977 1136 1102 1208 quis
1149 1137 1529 1196 contentiosus
1584 1147 1822 1208 astruat,
1875 1139 1982 1197 hoc

361 1225 520 1298 juxta
563 1225 864 1299 Scriptura:
914 1228 1116 1286 seriem
1168 1229 1528 1288 historialiter
1591 1229 1822 1300 factum,
1877 1245 1983 1288 nec

365 1315 703 1388 spiritaliter
730 1318 1174 1392 intelligendum;
1198 1324 1474 1393 quomodo
1502 1321 1776 1380 Jeremias
1796 1323 1978 1396 potuit

364 1407 516 1466 inter
575 1409 1004 1470 innumerabiles
1056 1414 1428 1487 Assyriorum,
1488 1414 1982 1488 Cbaldaeorumque

364 1502 624 1560 nationes
653 1504 842 1561 urbem
863 1503 1166 1564 Jerusalem
1196 1508 1520 1581 constipatis
1542 1508 1852 1583 agminibus
1881 1509 1979 1567 ob-

365 1593 633 1663 sidentes,
668 1595 898 1654 lumbari
928 1600 1257 1672 praecinctus
1285 1602 1441 1660 exire
1480 1620 1495 1659 :
1536 1602 1704 1675 idque
1760 1603 1818 1661 in
1865 1603 1981 1662 Eu-

360 1684 584 1755 phrate,
611 1686 706 1759 qui
745 1698 852 1745 tam
882 1685 1044 1763 longe
1090 1693 1358 1762 decurrit,
1411 1694 1792 1754 abscondere?
1823 1695 1980 1754 Post-

360 1778 585 1834 modum
613 1795 832 1852 quoque
862 1782 1149 1856 proﬂigato
1184 1786 1430 1842 diuturni
1462 1787 1730 1859 temporis
1785 1805 1973 1859 cursu,

359 1883 466 1940 quo
488 1881 655 1944 pacto
678 1874 836 1945 quasi
861 1889 1088 1932 securus
1103 1878 1283 1943 rediit,
1315 1877 1556 1952 illudque
1581 1879 1971 1951 putrefactum,
2003 1862 2054 1925 Β

356 1963 501 2018 sicut
545 1962 834 2037 Scriptura
884 1977 1135 2038 testatur,
1188 1972 1430 2040 invenit;
1483 1989 1610 2030 cum
1666 1973 1970 2033 Jerusalem

355 2053 615 2113 videlicet
652 2056 818 2124 fossa,
851 2059 1013 2128 vallo,
1038 2062 1304 2132 castellis,
1349 2075 1406 2121 et
1437 2074 1549 2121 tam
1579 2067 1776 2124 crebra
1813 2068 1974 2125 undi-

355 2160 461 2217 que
474 2157 627 2206 esset
657 2151 960 2210 munitione
976 2155 1352 2214 circumdata?
1380 2156 1516 2214 Nam
1532 2174 1659 2216 cum
1673 2161 1970 2234 aliquando

357 2239 502 2296 idem
522 2243 792 2316 propheta
815 2247 884 2302 ad
906 2247 1186 2305 Anatliotli
1217 2245 1460 2307 vicnium
1494 2268 1656 2310 suum
1688 2255 1743 2311 in
1798 2258 1968 2314 tertio

353 2331 617 2392 milliaria
643 2335 715 2392 ab
752 2340 886 2395 urbe
910 2340 1078 2398 situm
1131 2353 1428 2402 conaretur
1469 2347 1647 2414 exire,
1699 2347 1756 2404 in
1807 2357 1966 2420 porta

352 2425 611 2496 protinus
671 2431 909 2501 capitur,
961 2433 1032 2490 ad
1074 2434 1350 2509 principes
1405 2439 1664 2506 trahitur,
1723 2443 1968 2513 graviter

351 2517 700 2587 verberatur,
730 2531 784 2578 et
809 2530 1065 2596 tanquam
1095 2527 1402 2602 transfuga,
1431 2531 1551 2588 sive
1598 2533 1791 2604 patriae
1839 2551 1969 2606 pro-

352 2609 568 2668 ditorin
603 2629 880 2673 carcerem
909 2619 1308 2695 truditar(Jer.
1355 2627 1589 2694 xxxvn).
1649 2625 1789 2696 Quia
1832 2644 1966 2702 ergo

351 2715 457 2759 non
479 2703 858 2776 wnsequitur,
888 2720 950 2764 ut
974 2709 1312 2784 intelligatur
1340 2715 1702 2774 bistorialiter
1726 2719 1956 2786 factum,

354 2806 567 2854 constat
589 2799 776 2868 procul
805 2800 969 2860 dubio
995 2804 1192 2875 typicae
1215 2805 1404 2880 figura
1418 2824 1526 2867 non
1549 2811 1742 2870 deesse
1765 2824 1968 2887 myste-

355 2888 509 2947 rium.
549 2892 698 2950 Bene
723 2908 854 2967 ergo
880 2910 978 2967 per
1003 2897 1220 2956 lumbar
1239 2901 1467 2968 lineum,
1491 2903 1648 2975 juxta
1679 2907 1816 2974 haec,
1842 2923 1963 2980 quin

359 2985 607 3055 superius
628 2988 776 3046 dicta
807 3001 958 3058 sunt,
989 2993 1193 3051 chorus
1243 2998 1576 3068 exprimitur
1609 2999 1959 3059 clericorum.

353 3076 504 3148 Quod
540 3091 729 3140 autem
785 3085 1132 3144 boclumbar
1176 3088 1232 3144 in
1264 3089 1568 3162 Euphrate,
1624 3093 1728 3150 hoc
1772 3103 1860 3152 est
1906 3096 1962 3153 in

353 3187 558 3246 aquom
577 3176 724 3244 loco,
753 3187 809 3234 et
836 3179 892 3235 in
913 3178 1185 3238 foramine
1213 3191 1402 3253 petrae,
1434 3185 1488 3240 id
1518 3193 1604 3242 est
1629 3186 1685 3242 in
1709 3187 1964 3244 obscuri-

2082 573 2270 644 positi,
2288 572 2474 631 clerici
2503 582 2974 643 compntrescunt,
3005 572 3136 629 dum
3161 573 3421 630 bumidos
3449 572 3697 646 crapula,

2084 674 2141 721 et
2179 664 2450 723 ebrietate
2485 664 2651 739 149
2676 673 2900 722 ventres
2932 666 3299 738 ingurgitent,
3336 666 3467 723 dum
3491 666 3699 724 illuviei

2080 775 2145 817 se
2173 759 2416 818 libidinis
2449 769 2506 817 et
2555 775 2795 817 cenasse
2849 760 3079 818 luxuriae
3120 759 3341 818 ﬂuentis
3397 761 3696 819 inundant:

2084 851 2275 923 sicque
2311 851 2525 909 cunctis
2553 852 2747 910 usibus
2801 852 3106 909 redduntur
3135 851 3376 916 inutiles,
3426 852 3554 922 quia
3591 865 3703 924 quo

2083 944 2262 1016 magis
2291 944 2548 1001 videntur
2576 945 2632 1000 in
2667 959 2837 1002 carne
2862 946 3160 1011 virescere,
3192 952 3260 1000 eo
3284 930 3530 1000 deterius
3553 959 3700 1000 mar-

2083 1045 2368 1094 cescentes
2395 1037 2752 1094 obsolescunt
2774 1037 2828 1093 in
2861 1037 3170 1109 squalentis
3202 1037 3403 1094 animm
3428 1034 3700 1094 fmditate.

2083 1127 2163 1185 De
2187 1129 2386 1202 quibus
2413 1129 2468 1185 in
2498 1129 2742 1201 psalmo:
2776 1149 2795 1183 ι
2815 1129 3073 1201 Corrupti
3102 1138 3248 1194 sunt,
3277 1127 3477 1200 inquit,
3495 1136 3555 1186 et
3573 1129 3705 1186 abo-

2082 1221 2371 1281 minabiles
2389 1220 2736 1280 factisuntin
2763 1221 3138 1293 voluptatibus
3152 1221 3269 1280 suis
3291 1217 3472 1296 (Psal.
3501 1218 3698 1294 xm)»

2670 1337 3014 1398 EPISTOLA
3056 1338 3124 1396 ν.

2426 1449 2496 1491 Αἰ)
2535 1449 2850 1490 Αιιεηιοωί
2891 1445 3355 1492 Αιιαιιιοιλοοηυη.

2078 1525 2483 1585 Aneuusuruu.
2522 1559 2594 1568 —
2627 1526 2964 1582 Almericum
3005 1524 3457 1597 archidiaconum
3494 1533 3705 1597 quanta

2149 1599 2530 1670 benevolentia
2555 1609 2942 1670 prosequatur,
2962 1597 3223 1670 ostendit,
3251 1595 3378 1670 dum
3400 1595 3527 1652 eum
3553 1597 3706 1670 plus-

2151 1685 2315 1741 quam
2350 1667 2611 1727 fratres'a
2653 1686 2714 1726 se
2740 1667 2922 1741 amari
2963 1669 3114 1726 dicit.
3156 1667 3370 1741 Laudat
3404 1667 3657 1741 eumdem
3683 1708 3703 1735 ,

2153 1739 2418 1813 rogatque
2455 1752 2517 1798 ut
2553 1758 2714 1798 suum
2753 1740 2956 1813 librum
2998 1741 3066 1794 ad
3103 1754 3183 1813 se.
3207 1739 3450 1796 remittat
3480 1757 3493 1793 :
3536 1739 3700 1813 item-

2152 1811 2262 1885 que
2283 1815 2465 1884 pisces
2491 1813 2700 1885 aliquot
2721 1811 2790 1867 ad
2817 1811 3140 1870 monasterii
3167 1827 3324 1870 usum
3351 1811 3701 1871 necessarios

2153 1884 2222 1942 ad
2249 1900 2308 1941 se
2339 1884 2701 1942 transniittat.

2149 1977 2362 2034 Domno
2401 1977 2689 2036 Aurunco
2724 1977 3149 2045 archidiacono,
3179 1975 3404 2034 PITRUS
3441 1984 3704 2053 peccator

2076 2072 2383 2128 monachus
2409 2071 2669 2128 fraternae
2697 2071 2988 2128 charitatis
3020 2068 3304 2128 aﬂ‘eotum.

2144 2163 2398 2232 Quantus
2443 2179 2573 2236 erga
2628 2174 2679 2219 te
2709 2206 2724 2228 ,
2771 2163 2845 2219 illi
2890 2162 3256 2228 cbarissime,
3310 2176 3449 2219 mea;
3497 2161 3699 2220 mentis

2072 2273 2228 2314 amor
2257 2255 2732 2330 iuferveat,quam
2759 2266 2922 2313 tenax
2953 2271 3020 2313 ac
3041 2255 3303 2328 pervicax
3329 2255 3404 2312 tui
3432 2256 3701 2313 memoria

2071 2346 2140 2407 de
2186 2358 2375 2406 nostro
2410 2358 2638 2421 pectore
2675 2365 2784 2406 non
2828 2350 3090 2417 recedat,
3134 2349 3184 2406 is
3209 2390 3225 2416 ,
3266 2349 3362 2421 qui
3407 2349 3699 2410 cbaritatis

2070 2453 2268 2500 auctor
2295 2453 2413 2512 est,
2461 2443 2841 2507 sincerissimo
2879 2443 3034 2500 cordi
3068 2451 3165 2501 tuo
3199 2452 3429 2500 sanctus
3459 2442 3701 2514 Spiritus

2072 2539 2402 2596 innotescat.
2429 2538 2779 2596 Conscientia
2809 2538 3084 2610 siquidem
3109 2545 3274 2604 teste,
3299 2551 3408 2595 non
3437 2537 3699 2606 mentior,

2070 2634 2194 2691 illos
2221 2635 2389 2690 etiam
2420 2633 2563 2706 apud
2592 2649 2678 2690 me
2704 2634 2787 2690 vis
2810 2644 2917 2690 tua:
2945 2634 3256 2692 dilectionis
3286 2633 3525 2698 excedit,
3558 2645 3699 2702 quos

2069 2725 2204 2781 mibi
2244 2725 2591 2782 necessitudo
2627 2740 2904 2798 germana:
2946 2723 3444 2796 consanguinitatis
3486 2723 3698 2780 astrin-

2068 2819 2165 2890 git.
2209 2817 2276 2874 Et
2305 2828 2457 2875 certe
2487 2818 2714 2890 dignum
2749 2826 2837 2874 cst
2865 2826 2927 2873 ut
2955 2816 3180 2874 dilectio
3208 2815 3514 2886 spiritualis
3541 2829 3698 2872 amo—

2066 2925 2184 2967 rem
2226 2920 2448 2982 superet
2486 2911 2694 2967 carnis.
2729 2911 3123 2967 Verumtamen
3163 2909 3354 2972 doleo,
3385 2908 3535 2978 quod
3573 2921 3698 2963 aro-

2068 3002 2270 3057 matica
2310 2999 2522 3074 virgula
2579 3002 2725 3057 inter
2775 3000 2980 3057 littorei
3031 2999 3207 3056 sabuli
3260 2999 3475 3071 glareas
3521 3011 3698 3070 nuper

2066 3103 2284 3160 exorta,
2315 3093 2371 3148 in
2396 3094 2590 3151 eodem
2620 3093 2920 3148 subsicicio
2949 3092 3197 3149 cernitur
3229 3090 3394 3146 altius
3423 3090 3692 3146 radicata.

2069 3184 2202 3255 Quae
2233 3186 2492 3242 nimirum
2531 3187 2576 3242 si
2614 3186 2681 3242 de
2714 3184 3030 3251 sterilibus,
3067 3183 3125 3240 in
3174 3183 3376 3256 quibus
3415 3192 3697 3256 utcunque

352 3272 477 3332 tate,
511 3277 678 3340 atque
697 3270 890 3326 umbra
925 3274 1052 3344 poni
1074 3248 1325 3343 iubetur,
1357 3277 1491 3347 quid
1515 3292 1615 3350 per
1643 3278 1749 3337 hoc
1776 3280 1961 3351 expri-
1991 3248 2038 3313 ο
2069 3248 2206 3334 vivit
2231 3279 2434 3344 arenis,
2468 3277 2969 3351 trausplantaretur
2997 3248 3052 3334 in
3091 3248 3314 3334 hortum
3347 3275 3555 3332 militiae
3581 3248 3696 3348 supi-

354 3358 534 3426 mitur,
565 3359 673 3416 nisi
705 3361 796 3417 illa
823 3361 1149 3422 clericorum
1177 3381 1324 3438 pars,
1359 3382 1482 3438 quae
1519 3369 1626 3427 sub
1654 3371 1960 3430 voluntatis

355 3447 416 3524 [Ῑ.
452 3453 772 3528 voluptatis]
818 3455 1030 3524 umbra,
1059 3467 1118 3515 et
1161 3459 1217 3515 in
1247 3458 1397 3516 ﬂuxu
1430 3461 1661 3519 luxuriae
1707 3479 1957 3523 commo-

353 3544 538 3600 ratur?
567 3545 646 3601 De
666 3562 901 3618 quorum
929 3549 1068 3607 duce
1093 3550 1148 3608 in
1179 3549 1322 3609 libro
1345 3551 1448 3611 Job
1471 3553 1741 3613 Dominus
1787 3557 1952 3615 dicit:

358 3651 376 3686 ι
417 3633 530 3693 Sub
557 3639 751 3695 umbra
805 3641 1025 3710 dormit,
1073 3642 1127 3698 in
1185 3653 1400 3701 secreto
1454 3645 1677 3716 calami,
1731 3658 1789 3705 et
1819 3649 1960 3708 locis

353 3724 704 3787 humentibus
733 3733 880 3802 (Job.
905 3743 1020 3807 ac).
1057 3755 1078 3788 a
1114 3735 1410 3809 Protegunt
1443 3739 1652 3798 umbrae
1707 3743 1958 3801 umbram

351 3823 484 3896 ejus,
513 3826 861 3883 circumdant
913 3845 1040 3886 eum
1069 3830 1262 3888 salices
1316 3835 1608 3904 torrentis;
1657 3846 1845 3908 atque,
1897 3847 1958 3895 ut

350 3919 594 3976 ostendat
615 3930 880 3991 quantum
910 3937 1032 3978 cum
1089 3924 1202 3981 suis
1255 3924 1621 3983 familiaribus
1668 3928 1958 3986 inhabita-

354 4011 494 4070 tione
521 4011 764 4072 ﬂuminis
801 4015 1125 4082 delectetur,
1157 4019 1410 4089 pretinus
1443 4020 1681 4077 addidit:
1730 4042 1749 4076 ε
1811 4023 1956 4081 Ecce

350 4105 658 4167 absorbebit
675 4107 922 4178 ﬂuvium,
945 4119 1002 4168 et
1033 4126 1143 4166 non
1166 4112 1452 4167 mirabitur
1472 4113 1700 4187 (lbid.);
1733 4135 1752 4168 ι
1789 4117 1955 4173 habet

347 4200 487 4256 enim
520 4202 801 4270 ﬂduciam,
826 4205 976 4272 quod
1026 4201 1215 4260 inﬂuat
1277 4201 1532 4262 Jordanis
1581 4205 1637 4262 in
1693 4223 1757 4264 os
1809 4206 1949 4279 ejus.

350 4290 498 4362 Quod
528 4304 711 4352 autem
761 4297 980 4364 dicitur,
1016 4297 1184 4356 fuisse
1207 4299 1446 4372 positum
1471 4300 1526 4356 in
1556 4301 1824 4358 foramine
1852 4318 1949 4375 pe-

353 4393 465 4455 trae,
495 4398 676 4460 potest
715 4406 825 4447 non
868 4391 1319 4450 inconvenienter
1359 4394 1588 4469 intelligi
1619 4397 1758 4453 intra
1793 4406 1950 4469 septa

349 4478 618 4538 ecclesia:
651 4481 806 4554 quasi
838 4483 984 4540 enim
1017 4484 1071 4540 in
1098 4485 1366 4542 foramine
1389 4499 1556 4558 petr:c
1580 4487 1762 4546 clerici
1781 4489 1951 4547 reclu-

349 4569 566 4640 duntur,
589 4573 720 4630 dum
764 4575 908 4632 intra
957 4578 1206 4635 ecclesiae
1262 4579 1449 4635 limina
1507 4581 1623 4638 suis
1669 4583 1946 4640 excubare

2062 3372 2302 3438 ritualis,
2328 3371 2458 3428 illud
2474 3370 2665 3444 procul
2681 3369 2846 3427 dubio
2871 3385 3100 3443 germen
3121 3367 3368 3434 aﬂ‘erret,
3393 3366 3553 3437 cujus
3578 3383 3689 3425 non

2061 3467 2237 3526 dicam
2276 3467 2505 3534 fructus,
2546 3467 2640 3524 sed
2680 3482 2748 3523 ne
2790 3465 2982 3522 folium
3011 3465 3256 3537 quidem,
3296 3465 3456 3538 juxta
3492 3462 3693 3535 psalmi

2059 3559 2426 3631 praecedentis
2450 3558 2763 3621 oraculmn,
2784 3557 3083 3629 deperiret.
3115 3555 3351 3628 Semper
3371 3555 3520 3612 enim
3546 3554 3694 3612 sicut

2060 3651 2258 3710 cedrus
2298 3649 2525 3715 Libani,
2555 3647 2642 3704 vel
2673 3649 2818 3704 sicut
2858 3645 3039 3717 palma
3070 3646 3375 3703 viresceret
3397 3687 3412 3712 ,
3443 3653 3500 3702 et
3543 3645 3691 3704 sicut

2058 3741 2203 3798 oliva
2255 3739 2539 3797 fructifera
2589 3739 2644 3794 in
2697 3740 2860 3794 domo
2905 3736 3124 3794 Domini
3165 3737 3419 3810 perpetui
3467 3736 3689 3792 decoris

2057 3835 2208 3892 oleas
2245 3833 2602 3904 germinaret.
2654 3830 2761 3888 Sed
2795 3831 2915 3889 haec
2949 3831 3123 3899 satis,
3155 3845 3452 3902 superque.
3497 3827 3690 3888 Taedet

2057 3927 2204 3983 enim
2238 3926 2492 3982 laborare
2519 3925 2876 3992 scribentem,
2905 3925 3054 3998 quod
3081 3940 3193 3982 non
3220 3923 3459 3983 libenter
3490 3924 3689 3982 admit-

2059 4030 2175 4077 tere
2205 4019 2525 4091 cognoverit
2553 4018 2884 4074 auditorem.
2919 4015 2989 4074 Et
3015 4017 3110 4074 ubi
3140 4031 3238 4074 cor
3263 4015 3540 4072 audientis
3561 4031 3688 4072 ma-

2058 4113 2197 4169 teria
2228 4109 2497 4176 stimulat,
2535 4109 2765 4182 prolixa:
2791 4107 3111 4182 scriptionis
3154 4108 3423 4166 articulus
3453 4122 3567 4165 non
3595 4108 3690 4166 de-

2055 4204 2242 4262 lectat.
2289 4203 2565 4260 Caeterum
2608 4203 2654 4259 si
2704 4210 2757 4260 te
2793 4214 3189 4275 cognoscerem
3237 4202 3440 4259 talibus
3490 4215 3685 4258 aurem

2053 4299 2292 4356 libenter
2330 4313 2628 4370 apponere,
2660 4298 2948 4356 videretur
2983 4297 3155 4366 mihi,
3184 4299 3332 4370 quod
3359 4297 3684 4354 Demosthe-

2052 4406 2179 4447 nem
2212 4389 2302 4447 vel
2336 4376 2577 4446 Tullium
2603 4387 2763 4446 facile
2785 4405 3006 4460 possem
3031 4389 3087 4447 in
3109 4388 3383 4446 aiﬂuentia
3408 4389 3682 4448 sermonis

2052 4499 2290 4556 aequare.
2316 4483 2562 4539 Remitte
2585 4483 2721 4540 mihi
2750 4482 2996 4541 libellum
3026 4493 3301 4540 nostrum.
3330 4481 3398 4538 Et
3424 4481 3554 4554 quia
3580 4495 3682 4540 nos

2054 4589 2252 4632 carnes
2281 4574 2334 4630 in
2359 4577 2606 4632 secunda
2636 4573 2774 4631 feria
2803 4591 2914 4633 non
2943 4575 3288 4632 comedimus
3307 4617 3320 4638 .
3350 4574 3559 4646 aliquot
3581 4589 3682 4631 no-

351 4662 660 4723 ministeriis
683 4666 872 4725 sedula
896 4668 1642 4743 frequentationcjubeutur.
1699 4662 2140 4734 uinosi-"bis
2182 4668 2360 4740 pisces
2411 4667 2573 4741 dirigi
2621 4683 2724 4740 pro
2779 4668 3084 4726 Dominica
3132 4666 3449 4724 Nativitatis
3502 4666 3680 4738 gloria

348 4771 471 4829 ergo
490 4759 546 4815 in
571 4761 817 4818 bumenti
841 4761 960 4820 loco
987 4766 1221 4836 positum
1253 4769 1485 4839 putruit,
1543 4769 1672 4841 quia
1708 4769 1776 4826 de
1829 4771 1939 4840 bis,

2064 4761 2427 4831 postulamus;
2486 4770 2545 4816 ut
2597 4761 2746 4833 quod
2798 4759 3068 4817 fratribus
3117 4759 3391 4825 mittitur.
3448 4759 3501 4815 in
3554 4768 3681 4818 tuos

350 4851 433 4920 qui
462 4852 516 4910 in
535 4852 767 4912 luxuria:
798 4854 1034 4914 ﬂuxibus
1068 4858 1452 4925 immorantur,
1475 4861 1742 4932 pmpbeta
1773 4871 1944 4920 testa-
2050 4862 2346 4924 utrumque
2370 4851 2552 4910 valeat
2582 4852 2894 4909 redundare
2920 4861 3221 4924 parentes;
3247 4861 3521 4924 quatenus
3548 4853 3679 4910 dum

352 4952 463 5002 tur:
519 4966 539 5001 ι
599 4948 1068 5022 Computruerunt
1121 4951 1371 5024 jumenta
1432 4955 1487 5010 in
1541 4964 1785 5012 stercore
1841 4972 1942 5014 suo
2051 4946 2188 5004 istos
2223 4946 2453 5002 refectio
2479 4955 2698 5002 terrena
2725 4946 3191 5019 refrigerat,pro
3222 4946 3330 5004 illis
3359 4947 3678 5004 orationum

2046 5047 2174 5094 vota
2227 5037 2564 5111 persolvant.
2616 5037 3061 5106 Dilectissimos,
3113 5049 3282 5110 atque
3326 5036 3678 5096 dulcissimos

2047 5130 2249 5188 fratres
2280 5146 2434 5188 mws
2466 5128 2777 5198 lulianum,
2811 5139 2979 5202 atque
3017 5129 3392 5200 Fuscardum,
3418 5139 3479 5188 et
3519 5146 3677 5204 egre-

2045 5225 2196 5296 gium
2233 5223 2584 5292 Filomelam,
2612 5225 2818 5282 domini
2845 5223 2912 5298 Π.
2934 5224 3246 5299 dominum]
3278 5224 3672 5293 Corbulonem,

2047 5318 2141 5392 qui
2171 5333 2259 5373 tne
2288 5317 2496 5390 copiosi
2527 5325 2778 5389 sumptus
2808 5317 3156 5374 humanitate
3187 5318 3421 5385 refecit,
3453 5334 3522 5375 ex
3552 5333 3674 5376 mea

2044 5417 2202 5481 parte
2223 5408 2422 5478 saluta,
2451 5423 2650 5481 meque
2670 5423 2780 5465 non
2807 5406 3065 5482 frigidum
3094 5409 3366 5467 ineorum
3392 5410 3674 5468 cbaritate

2044 5501 2327 5558 denuntia.

2047 5594 2149 5652 Pio
2181 5599 2365 5653 lectori
2376 5597 2638 5670 _snlntem.
2673 5595 2791 5670 Ilua
2827 5599 2963 5654 duas
2976 5597 3252 5670 _epistolus
3283 5613 3404 5670 qua:
3435 5612 3670 5670 sequun-

2118 5680 2221 5731 tur,
2246 5671 2341 5723 sub
2363 5667 2556 5725 Lronis
2577 5680 2624 5724 et
2645 5669 2938 5724 Alexandri
2963 5666 3329 5724 Romanorum
3351 5666 3667 5736 pontiﬁcatus

2119 5743 2328 5796 nomine
2353 5741 2473 5795 ideo
2500 5743 2586 5794 hic
2618 5742 2966 5805 inaeruimna,
3000 5741 3252 5811 quoniam
3279 5758 3311 5794 α
3345 5740 3404 5796 S.
3447 5740 3666 5793 doctore

2113 5812 2327 5866 illorum
2354 5814 2564 5866 nomine
2593 5813 2819 5884 scriptas
2852 5812 3020 5886 stylus
3048 5811 3200 5872 docet
3224 5823 3273 5872 ιι
3301 5829 3428 5872 mu.
3451 5811 3663 5870 cadica

2116 5892 2292 5956 aperte
2317 5893 2596 5947 testantur,

351 5033 502 5104 (lost.
533 5042 594 5111 l).
631 5061 651 5094 ι
678 5038 931 5099 Jumenta
960 5043 1163 5116 quippe
1189 5045 1245 5100 in
1300 5055 1545 5102 stercore
1591 5062 1694 5104 suo
1719 5063 1943 5120 compu-

351 5137 599 5200 trescunt,
622 5133 753 5190 dum
777 5134 978 5206 quique
990 5137 1243 5194 carnales
1267 5153 1333 5193 ac
1360 5137 1568 5194 sordidi
1591 5140 1760 5196 vitam
1783 5155 1941 5197 suam

351 5219 403 5276 in
428 5221 650 5282 luxuriae
677 5225 873 5284 [αξιοι-θ
902 5227 1256 5285 concludunt.
1285 5228 1429 5284 Nulli
1469 5229 1635 5286 etiam
1666 5231 1788 5287 usui
1837 5246 1940 5303 ap-

352 5323 453 5372 tum
479 5329 750 5392 repertum
777 5329 882 5390 est,
908 5321 1036 5393 quia
1063 5330 1117 5377 et
1138 5320 1403 5380 Dominus
1417 5323 1527 5378 ait:
1559 5341 1581 5375 α
1608 5321 1781 5380 Nemo
1807 5325 1937 5382 mit-

353 5415 464 5468 lana
489 5428 708 5472 manum
734 5431 892 5472 suam
925 5415 992 5471 ad
1022 5426 1292 5482 aratrum,
1339 5426 1396 5473 et
1427 5418 1728 5489 respiciens
1762 5428 1932 5486 retro,

353 5511 496 5573 aptus
518 5518 601 5565 est
627 5524 797 5578 regno
824 5509 918 5565 Dei
952 5509 1105 5578 (an.
1141 5512 1241 5572 is).
1284 5530 1301 5562 ι
1341 5511 1420 5567 .-\c
1446 5511 1490 5566 si
1519 5521 1706 5582 aperte
1737 5512 1888 5568 dicat
1915 5529 1929 5568 :

354 5592 592 5668 Quisquis
610 5602 852 5657 dictante
882 5604 962 5658 sui
991 5604 1202 5658 ordinis
1235 5604 1421 5675 regula
1456 5604 1731 5675 pudicitia:
1762 5605 1933 5661 semel

352 5684 566 5756 arripuit
587 5691 809 5754 stivam,
841 5691 884 5745 si
913 5694 1254 5762 postmodum
1285 5707 1385 5762 per
1412 5693 1666 5748 ardorem
1695 5694 1934 5752 libidinis

353 5777 524 5835 oculos
553 5780 789 5838 reﬂectit
839 5783 906 5837 ad
963 5785 1279 5849 Sodomam,
1329 5786 1455 5856 quia
1500 5786 1615 5857 jam
1673 5797 1933 5845 montana

357 5869 612 5951 desperat,
637 5893 815 5951 regno
843 5878 935 5940 Del
959 5898 1016 5941 se
1044 5896 1268 5956 prorsus
1298 5879 1548 5940 inutilem
1572 5879 1777 5941 factum
1805 5898 1931 5943 esse
