4260 6346
545 306 649 366 ’547
1094 307 1151 364 8.
1198 307 1401 365 PETRI
1441 303 1728 365 DAMlANI
1751 304 1907 364 OPP.
1948 303 2131 362 PARS
2170 302 2304 361 SEU
2348 297 2584 359 TOMUS
2613 299 2657 357 Ι.
2700 330 2770 343 -—
2808 298 3032 357 EPIST.
3066 297 3193 355 LIB.
3238 295 3371 353 VIII.
3742 290 3849 347 348

1009 422 1169 496 150
1204 423 1537 481 EPISTOLA
1584 426 1665 481 vi.

546 528 732 569 LEONIS
768 525 913 566 PAPE
955 526 1006 565 IX
1048 527 1115 566 AD
1150 529 1359 569 ειειιωι
1404 530 1472 571 ΕΤ
1512 530 1756 572 Ρορυιιυι
1796 528 2130 573 Αυιιιιαυιι.

544 627 940 680 Anonasnruu.
967 653 1038 664 —
1066 623 1176 679 Leo
1204 624 1271 683 lx
1304 626 1492 681 scribit
1516 628 1586 691 ad
1616 628 1969 688 Auximanos,
2000 641 2134 695 pra:-

614 696 821 767 cipiens
854 696 955 750 sub
986 697 1349 751 anathematis
1378 711 1536 767 paena
1562 739 1574 757 ,
1606 713 1660 751 ut
1691 698 1979 766 pessimam
2011 712 2135 751 cou-

614 765 978 838 suetudinem,
1003 782 1125 835 qua:
1154 768 1204 821 in
1234 765 1416 822 eoruii
1445 765 1715 838 prtecipue
1741 768 1958 821 civitate
1983 768 2135 820 invac

613 836 804 898 luerat,
832 838 1186 907 corrigerent,
1212 846 1267 891 et
1290 836 1902 906 abrogareitt,defiincto
1926 840 2136 892 scilicet

614 908 1100 979 episcopog,rbona
1154 910 1519 963 ecclesiastica
1570 924 1836 965 concursu
1887 910 2135 979 populari

618 977 759 1031 facto
784 976 1096 1047 diripiendi.

618 1067 727 1122 Leo
765 1069 1078 1138 episcopus,
1127 1084 1314 1125 servus
1350 1085 1631 1125 servorum
1664 1071 1791 1137 Dei,
1829 1072 2041 1129 dilectis
2081 1074 2134 1129 in

546 1160 764 1216 Christo
805 1160 925 1214 tiliis
959 1161 1209 1217 omnibus
1249 1164 1599 1229 Auximanis,
1640 1165 1788 1219 clero
1814 1175 1867 1219 et.
1904 1166 2133 1235 populo,

544 1256 775 1310 salutem
808 1265 862 1309 et
891 1255 1243 1324 apostolicam
1278 1258 1728 1317 benedictionem.

614 1348 749 1415 Quia
789 1360 1011 1406 auclore
1055 1352 1191 1413 Deo,
1225 1354 1304 1407 sic
1336 1353 1489 1407 nobis
1528 1355 1686 1407 unius
1724 1354 1976 1409 Ecclesia:
2006 1370 2132 1409 cura

542 1440 849 1510 specialiter
878 1452 960 1497 est
991 1443 1277 1498 commissa
1298 1484 1312 1507 ,
1359 1453 1415 1497 ut
1448 1461 1545 1514 per
1571 1444 1886 1514 dignitatem
1923 1454 2133 1515 aposto-

542 1530 659 1588 Ιίωξ
695 1533 841 1589 sedis
876 1535 1039 1589 etiam
1080 1546 1399 1590 eteterarum
1449 1536 1814 1590 Ecclesiarum
1862 1538 2132 1607 generalis

542 1626 613 1678 sit
636 1624 874 1693 provisio
897 1625 1164 1696 delegata,
1191 1636 1378 1681 nostro
1400 1638 1706 1696 competere
1730 1628 1939 1680 videtur
1960 1625 2133 1681 ollicio

542 1732 647 1771 non
678 1716 850 1772 solum
888 1732 1006 1785 quae
1045 1717 1307 1772 hactenus
1336 1718 1593 1771 adversus
1620 1719 1836 1771 easdem
1860 1717 2133 1771 Ecclesias

2161 426 2213 486 Α
2239 420 2495 476 lutionem
2533 418 2671 473 felici
2704 417 3032 474 commercio
3071 421 3471 487 promerentur,
3504 425 3851 481 consequen-

2240 523 2323 568 ter
2349 511 2613 589 etiam‘illi
2635 552 2648 577 ,
2679 511 2766 581 qui
2801 510 3200 565 ecclesiasticas
3236 506 3524 562 facultates
3552 504 3848 559 barbarica

2239 606 2451 662 feritate
2483 605 2774 675 diripiunt,
2804 604 2856 658 in
2888 613 3104 659 aeterna
3135 602 3498 656 damnationis
3528 599 3847 670 voraginem

2240 696 2457 753 eadunt.
2490 695 2589 762 Qui
2626 696 2880 750 nimirum
2906 711 3046 750 novo
3074 705 3128 749 et
3155 691 3565 763 incomparabili
3596 691 3849 747 criminis

2239 805 2435 861 genere
2484 792 2563 844 sic
2606 788 2887 844 .ludaiCam
2941 788 3221 857 perlldiam
3273 794 3569 856 superant,
3626 793 3681 838 ut
3735 800 3848 839 non

2242 884 2399 937 modo
2425 881 2704 953 gentilium
2732 894 2973 934 errorem
2992 922 3005 943 ,
3041 880 3133 933 sed
3162 886 3217 933 et
3249 877 3631 932 haereticorum
3661 873 3855 945 pravl—'

2242 980 2406 1026 tatem
2448 972 2877 1026 detestabiliores
2930 970 3213 1024 excedant.
3263 969 3306 1022 Α
3354 968 3550 1034 quibus
3592 966 3851 1021 videlicet

2239 1064 2489 1119 Christus
2537 1065 2732 1119 iterum
2776 1063 3133 1134 crucifigitur,
3177 1069 3231 1116 et
3261 1074 3458 1129 corpus
3500 1059 3655 1129 ejus,
3698 1058 3847 1128 quod

2239 1167 2321 1211 cst
2362 1156 2624 1220 Ecclesia,
2658 1155 2945 1210 crudeliter
2992 1155 3281 1210 laceratur.
3322 1153 3675 1221 lteprimatur
3711 1165 3846 1221 ergo

2239 1262 2403 1303 ausus
2436 1249 2679 1311 illicitas,
2710 1258 2762 1302 ct
2793 1248 3031 1302 nefarius
3056 1247 3333 1301 diabolica:
3360 1243 3729 1315 instigationis
3756 1256 3849 1298 co-

2238 1338 2489 1393 hibeatur
2514 1354 2790 1393 excessus.
2828 1337 3110 1391 Abstineat
3143 1352 3335 1391 manus
3372 1338 3550 1389 audax
3582 1332 3849 1389 ecclesia-

2240 1434 2379 1486 stico
2428 1432 2789 1501 patrimonio,
2841 1448 2907 1485 ne
2952 1432 3126 1485 virtus
3172 1446 3468 1501 pauperum
3509 1437 3735 1498 pereat;
3774 1438 3848 1481 ne

2236 1525 2378 1593 quod
2420 1539 2481 1577 ex
2521 1524 2792 1577 oblatione
2839 1523 2884 1575 lli
2909 1524 3073 1578 elimn
3107 1522 3222 1591 jam
3258 1523 3365 1577 Deo
3402 1521 3604 1576 factum
3640 1528 3727 1575 est
3755 1532 3847 1575 sai

2237 1616 2503 1671 criﬁcium
2527 1657 2539 1670 .
2573 1618 2748 1685 prmda
2781 1626 3055 1686 raptorum
3090 1616 3199 1669 ﬁat.

2310 1707 2563 1776 Quisquis
2598 1718 2775 1760 autem
2822 1709 2978 1777 hujus
3021 1709 3190 1761 nostri
3221 1706 3424 1761 decreti
3458 1706 3738 1776 improbus
3766 1715 3848 1761 te-

542 1809 850 1864 [emcrarijs
892 1809 1113 1865 ausibus
1161 1821 1287 1864 sunt
1329 1820 1586 1880 usurpata
1613 1852 1625 1876 ’
1672 1812 1946 1880 corrigere
1980 1826 1993 1863 ε
2042 1810 2133 1865 sed
2169 1808 2208 1865 Β
2239 1812 2475 1855 ιιιωηηοτ
2519 1801 2823 1863 exstiterit,
2865 1818 2927 1854 CX
2978 1810 3128 1870 parte
3172 1801 3263 1854 DCI
3308 1799 3703 1869 οιιιιιίροῑεηιίς
3730 1840 3743 1863 ,
3790 1804 3846 1854 et

540 1901 705 1954 etiam
736 1915 801 1956 ne
831 1915 1019 1955 rursus
1046 1903 1236 1957 eadem
1268 1912 1596 1971 prasumant
1628 1904 1678 1956 in
1713 1913 1985 1972 posterum
2015 1920 2135 1972 pro-

540 1992 745 2045 videre.
789 1989 1105 2045 Perversam
1142 2001 1354 2057 autem,
1391 2003 1445 2047 et
1484 2010 1704 2063 prorsus
1744 1995 2132 2049 exsecrabilem

542 2083 898 2151 quorumdam
928 2082 1161 2152 plebium
1191 2087 1657 2149 consuetudinem,
1693 2085 1831 2139 fama
1860 2086 2131 2156 vulgante,

542 2175 916 2245 eognovlmus,
947 2186 1006 2230 ut
1043 2176 1295 2231 videlicet
1321 2192 1420 2233 suo
1445 2179 1698 2235 defuncto
1728 2181 2001 2249 episcopo,
2036 2183 2134 2234 do-

541 2281 689 2320 mum
712 2267 945 2337 episcopi
976 2268 1246 2325 boetiliter
1274 2270 1635 2341 irrumpentes
1668 2273 1941 2338 invadant,
1972 2272 2134 2330 facul-

538 2366 677 2414 tates
735 2355 851 2428 ejus
896 2360 1207 2430 prtedonum
1272 2379 1425 2421 more
1468 2366 1761 2435 diripiant,
1808 2367 2130 2437 praediorum

538 2448 729 2504 domos
770 2450 1093 2514 incendant,
1131 2452 1269 2507 vites
1308 2454 1527 2524 insuper
1567 2464 1619 2508 et
1665 2456 1879 2511 arbusta
1923 2457 2131 2512 bestiali

538 2540 894 2599 immaniores
928 2542 1147 2600 feritate
1190 2546 1489 2602 succidant.
1529 2547 1680 2614 Quod
1731 2550 1984 2604 nimirum
2028 2550 2132 2606 nisi

534 2636 891 2692 ecclesiastici
929 2638 1129 2707 vigoris
1164 2638 1325 2694 fuerit
1353 2655 1580 2695 censura
1615 2653 1917 2697 correctum
1939 2684 1953 2707 ,
1987 2642 2131 2697 haud

538 2726 759 2781 dubium
787 2727 917 2797 quin
950 2729 1262 2799 regionibus
1297 2730 1402 2784 illis
1431 2732 1695 2801 repentini
1733 2732 1931 2789 furoris
1960 2734 2133 2789 immi-

537 2826 666 2872 neat
695 2817 921 2889 gladius.
952 2818 1007 2875 Si
1035 2822 1177 2875 enim
1212 2822 1479 2878 honorare
1512 2832 1763 2893 parentes
1790 2825 2022 2894 primum
2052 2826 2134 2881 di-

537 2908 682 2961 citur
728 2908 781 2962 in
834 2912 1255 2979 repromissione
1305 2915 1653 2979 mandatum;
1708 2915 1751 2969 si
1808 2915 2133 2974 maledicens

534 3002 709 3073 patri,
752 3002 833 3055 vel
881 3004 1038 3059 matri
1086 3004 1333 3061 mulctari
1376 3016 1548 3081 morte
1591 3008 1903 3077 praecipitur
1935 3025 1948 3061 :
1981 3010 2134 3080 cujus

535 3092 1023 3150 animadversionis
1061 3098 1329 3151 sententia
1366 3098 1513 3169 digni
1562 3109 1719 3163 sunt,
1755 3103 1845 3170 qui
1875 3117 1979 3156 non
2005 3118 2125 3157 car-

532 3183 685 3237 nales
711 3184 981 3254 genitores
1006 3188 1254 3257 persequi
1281 3167 1538 3259 gestiunt,
1571 3190 1665 3244 sed
1700 3167 1866 3259 ipsam
1900 3202 2127 3249 matrem
2156 3167 2202 3231 C

533 3291 689 3332 suam
722 3276 1052 3344 Ecclesiam,
1102 3280 1154 3334 in
1195 3294 1297 3349 qua
1329 3296 1394 3336 ex
1428 3296 1566 3353 aqua
1610 3291 1666 3336 et
1696 3284 1897 3352 Spiritu
1941 3295 2129 3344 sancto

537 3370 842 3441 regenerati
880 3380 1006 3425 sunt
1041 3371 1092 3440 (Ι
1136 3371 1277 3426 Pelr.
1311 3376 1395 3443 ti),
1430 3374 1730 3445 viperintnn
1769 3392 1936 3448 genus
1968 3379 2130 3436 dissi-

532 3474 663 3529 pare
691 3461 1066 3517 contendunt?
1093 3462 1206 3518 Etsi
1237 3465 1379 3520 enim
1414 3466 1671 3523 sacerdos
1693 3468 1920 3539 quilibet
1939 3487 2006 3526 ex
2038 3472 2131 3529 de-

534 3548 648 3603 bito
698 3552 945 3607 humana:
988 3554 1312 3611 conditionis
1354 3557 1517 3623 obiit;
1563 3561 1657 3615 sed
1703 3561 1989 3628 Christus,
2037 3565 2128 3636 qui

536 3642 839 3697 animarum
878 3655 1188 3701 nostrarum
1218 3648 1505 3719 episcOpus
1531 3663 1635 3716 est,
1671 3668 1737 3709 ex
1768 3657 1967 3713 virtute
1990 3659 2125 3713 divi-

532 3734 722 3790 nitatis
764 3736 815 3789 in
858 3746 1118 3794 .eternum
1155 3740 1303 3795 vivit.
1351 3742 1501 3797 Sient
1539 3746 1681 3799 enim
1721 3746 1918 3804 Paulus
1954 3750 2123 3806 dicit:

537 3842 555 3875 ι
588 3824 776 3879 Plures
816 3826 940 3882 facti
981 3836 1107 3883 sunt
1146 3833 1458 3887 sacerdotes
1491 3836 1783 3890 secundum
1821 3838 2025 3909 legem,
2060 3856 2126 3895 eo

532 3918 673 3987 quod
708 3927 882 3974 morte
917 3921 1337 3991 prohiberentur
1368 3939 1719 3994 permanere;
1756 3927 1913 3986 Jesus
1944 3944 2121 3987 autem

532 4025 596 4065 eo
636 4013 779 4081 quod
824 4027 1039 4069 maneat
1086 4016 1136 4069 in
1182 4028 1483 4083 aeternum,
1524 4023 1910 4091 sempiternum
1962 4025 2123 4083 habet

531 4101 896 4159 sacerdmium
950 4103 1136 4175 (Hellr.
1192 4108 1306 4175 vit).
1342 4128 1357 4159 ι
1411 4111 1577 4166 Deum
1622 4130 1750 4183 ergo
1802 4116 2125 4174 inhonorare

531 4192 892 4259 convincitur,
935 4196 1027 4264 qui
1076 4198 1291 4251 mortali
1339 4200 1590 4271 episcopo
1638 4201 1876 4274 [vivente
1915 4204 2159 4280 addid.]‘

533 4291 748 4339 terrena
788 4299 1009 4356 pressus
1049 4284 1371 4356 formidine,
1418 4292 1483 4345 ab
1520 4292 1771 4349 Ecclesire
1804 4312 1861 4351 se
1910 4297 2126 4354 hesione

532 4376 811 4442 cohibuit;
846 4378 1099 4434 defuncto
1140 4390 1319 4437 autem
1363 4398 1459 4448 eo,
1490 4386 1556 4440 ad
1600 4386 1849 4455 injuriam
1888 4389 2121 4458 Christi,

532 4468 623 4537 qui
660 4468 979 4525 immortalis
1011 4470 1266 4528 Ecclesia:
1299 4489 1527 4543 sponsus
1555 4486 1657 4542 est,
1698 4477 1766 4534 fel
1799 4481 1925 4539 odii.
1964 4483 2116 4555 151

530 4570 583 4615 et
612 4562 759 4616 virus
798 4560 1048 4629 malitiae,
1093 4565 1233 4633 quod
1262 4574 1487 4621 eatenus
1522 4569 1865 4632 occultabat,
1914 4536 2117 4631 edi-udi:
2155 4536 2200 4595 θ

532 4651 596 4705 Et
623 4650 872 4708 fortassis
893 4655 1176 4723 episcopus
1210 4657 1262 4711 in
1292 4657 1398 4712 vita
1429 4674 1523 4713 sua
1555 4660 1789 4731 aliquem
1822 4662 1957 4719 lresit
1984 4681 1997 4718 :
2027 4668 2118 4722 sed

533 4740 806 4805 Christus,
834 4746 923 4813 qui
963 4744 1215 4821 Ecclesia:
1248 4760 1430 4806 custos
1454 4750 1673 4806 relictus
1702 4764 1803 4819 est,
1836 4757 1962 4825 quid
1996 4774 2119 4827 pec-

532 4833 712 4887 cavit?
750 4832 807 4888 Si
834 4848 962 4905 ergo
991 4836 1086 4902 illi,
1114 4839 1205 4907 qui
1242 4842 1455 4902 nocuit.
1490 4843 1688 4897 malum
1716 4863 1811 4915 pro
1842 4850 1979 4903 malo
2011 4866 2116 4904 non

532 4924 801 4990 redditur,
837 4940 937 4982 cur
977 4935 1182 4984 mterno
1206 4928 1490 4997 Pontifici,
1530 4934 1618 5002 qui
1660 4935 1815 4991 nobis
1856 4939 1991 4993 bona
2022 4956 2120 5011 pro

532 5016 691 5071 malis
730 5017 997 5084 reddidit,
1051 5023 1354 5077 reverentia
1392 5039 1496 5077 non
1546 5025 1815 5080 habetur?
1841 5027 2120 5086 Verumta-

533 5122 655 5163 men
682 5107 727 5163 si
758 5109 1012 5167 Ecclesiae
1038 5114 1217 5182 praedo
1248 5113 1340 5169 Dei
1375 5115 1569 5171 Filium
1601 5119 1955 5178 immortalem
1995 5142 2119 5194 pro-

530 5198 797 5255 culdubio
823 5201 1129 5270 pontiﬁcem
1157 5206 1424 5271 crederet,
1455 5209 1639 5263 sienm
1668 5212 1865 5282 ubique
1894 5230 2119 5283 praesen.

534 5297 673 5353 tem,
720 5291 900 5346 omnia
948 5308 1105 5349 nosse
1158 5312 1219 5350 ac
1263 5312 1421 5365 posse
1475 5302 1888 5365 consideraret,
1935 5322 2119 5362 coram

529 5381 650 5451 ejus
681 5382 850 5438 oculis
879 5385 1165 5441 admittere
1211 5397 1315 5441 tam
1361 5390 1611 5459 impium,
1651 5404 1758 5448 tam
1798 5400 2117 5470 sacrilegum

531 5473 741 5531 facinus
768 5493 872 5532 non
899 5480 1142 5535 auderet.
1172 5480 1276 5535 Sed
1302 5498 1427 5537 vere
1452 5483 1503 5537 in
1531 5485 1619 5538 illo
1646 5488 1945 5557 completur
1976 5494 2117 5563 quod

531 5580 628 5637 per
657 5566 996 5625 Psalmistam
1037 5573 1232 5628 dicitur
1268 5592 1281 5629 :
1323 5594 1341 5627 ‹
1377 5576 1522 5631 Dixit
1557 5578 1814 5649 insipiens
1857 5584 1906 5637 in
1956 5589 2117 5641 corde

532 5674 631 5715 suo
664 5679 675 5712 :
713 5661 823 5715 Non
866 5672 949 5717 est
991 5664 1125 5719 Deus
1163 5665 1332 5735 (Psal.
1386 5668 1528 5738 xui).
1566 5694 1581 5720 ι
1634 5672 1799 5728 l’orro
1841 5678 1882 5729 si
1916 5678 1949 5730 ii
1977 5719 1989 5737 .
2024 5680 2112 5749 qui

532 5755 673 5812 bona
709 5770 803 5808 sua
846 5755 1101 5815 Ecclesiae
1134 5759 1454 5829 conferunt,
1495 5765 1701 5835 proprii
1736 5775 1919 5823 reatus
1960 5773 2114 5825 aln‘ov

2239 1890 2559 1944 auctoritate
2611 1891 2892 1946 beatorum
2945 1892 3310 1960 apostolorum
3360 1890 3504 1945 Petri
3551 1902 3606 1945 et
3652 1888 3843 1955 Pauli,

2240 1982 2806 2034 anathematiramlum
2856 1998 2975 2037 esse
3022 1982 3395 2043 decernimus,
3439 1991 3493 2035 et
3544 1989 3604 2035 ttt
3655 1990 3846 2034 revera

2234 2074 2513 2142 putridum
2544 2074 2843 2127 membrum
2870 2073 3453 2128 excommunicationis
3486 2073 3632 2127 ferro
3661 2087 3689 2125 a
3717 2087 3849 2125 san-

2237 2174 2339 2218 cta:
2381 2163 2635 2219 Ecclesia:
2681 2181 2906 2235 corpore
2939 2167 3338 2219 dctruncmnns.
3382 2165 3467 2217 Sit
3512 2165 3697 2235 igitur,
3741 2162 3846 2220 nisi

2234 2257 2559 2328 resipiscat,
2605 2259 2891 2311 anathema
2939 2256 3257 2311 Maranatha
3304 2255 3353 2328 (I
3388 2255 3513 2310 Cor.
3561 2255 3844 2326 xvi),om-

2233 2362 2442 2418 nesque
2479 2348 2886 2403 maledictiones
2919 2347 3088 2403 Ilebal
3130 2347 3310 2419 (Deut.
3347 2348 3522 2415 xxvu)
3562 2362 3729 2417 super
3760 2360 3848 2400 ca-

2234 2447 2335 2509 put
2396 2453 2554 2492 suum
2616 2439 2961 2493 descendisse
3022 2446 3330 2507 cognoscat.
3390 2432 3850 2491 Observatoribus

2234 2536 2416 2583 autem
2464 2528 2690 2598 gloriam
2717 2569 2730 2592 ,
2773 2538 2827 2583 et
2872 2528 3134 2583 honorem
3163 2567 3178 2592 ,
3246 2535 3302 2582 et
3352 2524 3843 2594 incorruptionem,

2234 2620 2605 2689 quaerentibus
2633 2620 2801 2672 vitam
2833 2627 3116 2672 zeternam.
3150 2617 3348 2671 Amen.

2792 2735 3128 2793 EPISTOLA
3169 2735 3281 2792 VII.

2232 2846 2535 2888 ALEXAND!“
2585 2845 2732 2888 PAPB
2770 2844 2809 2885 II
2858 2844 2926 2883 λι)
2975 2842 3188 2883 ειειιωι
3238 2842 3310 2885 ετ
3351 2837 3599 2883 Ρονυιυι
3651 2837 3847 2880 κενεο-

2886 2914 3181 2955 ιΑΝεΝεειί.

2234 3013 2633 3071 Ancuussruu.
2663 3045 2734 3055 —
2756 3014 3062 3070 Alexander
3088 3012 3129 3067 11
3148 3053 3162 3079 ,
3194 3009 3615 3066 Mediolanensis
3643 3007 3843 3079 patria,

2310 3085 2588 3140 Romanus
2621 3086 2862 3157 pontifex
2896 3094 3132 3147 creatus,
3162 3082 3355 3138 scribit
3384 3083 3528 3137 hanc
3559 3079 3845 3151 epistolam

2307 3158 2374 3236 ad
2416 3172 2542 3211 suos
2570 3158 2748 3236 cives,
2784 3159 2835 3210 in
2867 3173 2970 3227 qua
3005 3166 3296 3236 postquam
3325 3163 3607 3236 paternam
3629 3165 3845 3236 ,‘quan

2306 3228 2371 3283 de
2420 3243 2606 3283 eorum
2651 3223 2826 3284 salute
2870 3223 3125 3299 gerebat,
3154 3223 3847 3299 sollicitudinem_hum_a-

2307 3299 2546 3377 nissimis
2571 3302 2751 3356 verbis
2770 3292 3034 3377 ostendit,
3065 3292 3844 3377 hortatur._utnihilhumilo,

2305 3370 2439 3442 nihil
2471 3378 2743 3426 terrenum
2778 3372 3113 3442 cogitantes,
3157 3369 3225 3423 ad
3252 3366 3497 3423 ctelcstia
3530 3373 3644 3421 toto
3675 3366 3844 3419 animi

2304 3439 2508 3509 impetu
2549 3452 2603 3496 et
2637 3443 2831 3497 ardore
2850 3439 2923 3497 'se
2951 3440 3232 3497 extollant.

2304 3553 2634 3610 Auximon
2664 3556 2952 3626 episcopus
2972 3596 2985 3621 ,
3018 3570 3209 3611 servus
3240 3569 3523 3610 servorum
3558 3552 3692 3618 Dei,
3724 3566 3846 3607 om-

2233 3642 2393 3698 nibus
2432 3643 2953 3709 Mediolanensibus,
2992 3644 3137 3700 clero
3169 3655 3222 3700 et
3256 3644 3485 3715 populo,
3525 3644 3759 3698 salutem
3789 3647 3846 3697 et

2231 3738 2584 3806 apostolicam
2619 3738 3070 3793 benedictionem.

2302 3832 2478 3888 Divini
2520 3832 2708 3903 judieii
2751 3831 3105 3901 dispositione
3148 3829 3424 3900 provisum
3466 3837 3585 3893 est,
3625 3838 3688 3882 ut
3733 3824 3845 3883 Me-

2229 3924 2558 3980 diolanensis
2606 3922 2861 3977 Ecclesiae
2911 3921 3091 3985 filius,
3144 3931 3199 3976 et
3248 3920 3626 3974 Ambrosianis
3680 3918 3843 3991 151

2228 4016 2488 4072 uberibus
2517 4014 2872 4079 sublactatus,
2904 4014 2971 4069 ad
3004 4012 3321 4067 famulatum
3348 4011 3662 4082 apostolica!
3693 4011 3843 4065 sedis

2227 4106 2480 4177 indignus
2508 4104 2879 4166 ascenderem,
2908 4118 2971 4158 ac
3000 4104 3161 4157 matri
3194 4101 3436 4157 omnium
3469 4099 3842 4156 Eeclesiarutn

2226 4198 2513 4267 pastoralis
2549 4213 2692 4253 cura:
2734 4195 3095 4250 sollicitudine
3127 4194 3477 4250 deservirem.
3521 4191 3675 4249 Unde
3712 4206 3839 4248 cum

2230 4291 2394 4344 totius
2436 4288 2755 4343 universalis
2797 4287 3054 4344 Ecclesia
3089 4302 3219 4341 cura
3251 4287 3407 4341 nobis
3450 4301 3555 4341 non
3580 4285 3718 4341 levis
3758 4286 3841 4342 in-

2228 4383 2478 4443 cumbat,
2522 4380 2843 4450 pr0pensius
2874 4379 3015 4435 circa
3059 4394 3153 4433 vos
3185 4379 3297 4449 ipsa
3332 4387 3525 4432 natura
3572 4394 3673 4434 nos
3714 4393 3839 4448 pro-

2226 4484 2385 4527 vocat
2424 4488 2544 4527 esse
2582 4472 2909 4543 pervigiles:
2953 4481 3010 4526 ut
3038 4472 3182 4527 unde
3221 4486 3320 4527 nos
3356 4480 3570 4526 constat
3608 4472 3837 4543 originis

2227 4564 2447 4619 duxisse
2481 4564 2856 4634 primordium,
2900 4561 2970 4617 ibi
3009 4563 3173 4617 etiam
3212 4562 3433 4634 majoris
3468 4562 3535 4618 ad
3573 4571 3836 4618 :eternam

2228 4657 2457 4711 salutem
2494 4656 2790 4712 habeamus
2832 4654 3211 4709 sollicitudinis
3244 4653 3664 4709 incrementum.
3701 4653 3835 4710 Nam

2226 4760 2282 4804 et
2313 4750 2449 4819 ignis
2487 4764 2547 4803 ea
2580 4751 2727 4818 prius
2756 4750 2897 4821 ligna
2930 4748 3225 4820 conﬂagrat
3246 4789 3260 4813 ,
3293 4765 3358 4803 ex
3394 4748 3594 4818 quibus
3621 4750 3833 4815 oritur;

2227 4852 2282 4897 et
2308 4843 2427 4898 fons
2456 4842 2573 4898 illas
2599 4853 2724 4898 ante
2746 4844 2929 4897 omnia
2958 4852 3116 4898 terra:
3143 4858 3306 4898 venas
3337 4843 3589 4909 infundit,
3620 4860 3686 4898 ex
3716 4842 3836 4913 qui-

2229 4938 2328 4992 bus
2383 4938 2654 5007 prolluens
2708 4938 3001 4991 derivatur.
3055 4935 3208 4992 Unde
3260 4951 3386 5001 vos,
3443 4935 3833 5005 dilectissimi,

2227 5039 2466 5097 paterna:
2488 5030 2795 5085 dilectionis
2828 5030 3007 5085 studio
3032 5030 3403 5093 cohortamur,
3434 5037 3495 5084 ut
3533 5030 3601 5088 ad
3632 5034 3833 5090 etelum

2227 5137 2287 5176 se
2327 5132 2505 5175 vester
2546 5123 2766 5193 spiritus
2794 5124 3002 5195 erigat,
3031 5123 3341 5193 deceptoria
3372 5132 3715 5184 lamnarum
3752 5145 3836 5185 re-

2229 5230 2347 5268 rum
2371 5255 2384 5277 ,
2415 5223 2468 5269 et
2506 5216 2707 5270 caduca
2750 5214 2901 5270 lucra
2929 5224 3263 5281 contemnat,
3303 5217 3372 5276 ab
3413 5236 3600 5276 amore
3625 5220 3833 5277 cenosl

2228 5304 2388 5375 hujus
2416 5310 2595 5362 mundi
2630 5325 2689 5363 se
2717 5309 3012 5379 prudenter
3039 5308 3313 5381 expediat,
3345 5317 3413 5371 ad
3444 5314 3725 5371 Creatoris
3750 5315 3833 5371 sul

2228 5399 2551 5454 desiderium
2593 5400 2899 5455 medullitus
2928 5402 3255 5465 inardescat.
3303 5408 3447 5465 Estis
3480 5408 3629 5463 enim
3650 5449 3666 5473 ,
3694 5408 3836 5465 sicut

2226 5492 2414 5548 beatus
2436 5494 2567 5548 dicit
2610 5495 2902 5563 eposlolus,
2936 5513 2953 5546 ι
2987 5494 3134 5557 Gens
3162 5512 3368 5564 sancta,
3395 5501 3626 5572 populus
3648 5500 3834 5572 acqui-

2226 5585 2457 5643 sitinnis,
2495 5594 2551 5638 ut
2581 5586 2809 5640 virtutes
2840 5594 3177 5647 annuntietis
3203 5593 3338 5663 ejus,
3368 5593 3459 5663 qui
3492 5594 3558 5647 de
3588 5592 3831 5648 tenebris

2225 5693 2319 5731 vos
2371 5679 2580 5731 vocavit
2611 5680 2662 5732 in
2691 5678 3008 5740 admirabile
3040 5684 3216 5740 lumen
3251 5701 3407 5741 suum
3446 5683 3499 5757 (I
3525 5682 3678 5739 Pctr.
3711 5688 3823 5755 11).»

2223 5769 2428 5836 Quibus
2440 5786 2570 5842 ergo
2584 5769 2871 5835 hereditas
2884 5778 3336 5847 incontaminata,
3355 5777 3831 5838 immarcescibilis
