4260 6440
532 370 637 428 549

535 492 894 542 conservatur
929 484 983 539 in
1027 479 1221 547 ctelis,
1267 480 1446 545 absit,
1499 488 1557 536 ut
1606 495 1797 537 eorum
1848 497 2003 539 mens
2053 496 2153 555 per
2176 517 2228 580 Α

537 594 777 638 amorem
816 580 978 635 rebus
1007 578 1079 634 sit
1107 576 1348 633 involuta
1383 576 1634 632 terrenis.

604 674 803 739 Plane,
827 674 955 744 quia
996 672 1163 726 etiam
1195 669 1509 741 vulgaribus
1538 670 1836 741 loquimur,
1869 669 2149 742 vulgatum

536 766 832 838 Scriptum
855 764 1225 820 testimonium
1252 763 1512 818 libentius
1534 763 1879 818 adhibemus.
1910 762 2149 818 Memen-

536 870 646 917 tote
685 860 901 929 itaque,
930 856 1128 913 fratres
1163 856 1290 920 mei,
1319 856 1461 926 quod
1498 856 1551 912 in
1577 856 1827 911 oratione
1862 855 2146 911 Dominica

534 953 754 1008 dicitis:
788 968 806 1001 ι
839 948 1001 1004 Pater
1035 958 1241 1013 noster,
1282 946 1374 1019 qui
1409 962 1471 1003 es
1516 947 1570 1003 in
1604 945 1757 1002 caelis
1788 944 2005 1017 (Matth.
2049 961 2140 1014 vr;

532 1045 661 1101 Luc.
701 1043 798 1116 xl).
830 1064 848 1097 ι
894 1046 1064 1114 Quem
1105 1045 1288 1113 itaque
1328 1052 1541 1113 patrem
1577 1056 1878 1107 vocamus,
1916 1040 1984 1095 ad
2027 1039 2145 1111 ejus

531 1135 902 1190 haereditatem
961 1143 1071 1187 tota
1132 1133 1330 1188 mentis
1381 1132 1827 1205 concupiscentia
1878 1130 2145 1189 festinare

529 1228 807 1286 debemus.
836 1228 910 1283 De
938 1238 1150 1284 terrena
1184 1244 1345 1300 porro
1377 1229 1695 1285 haereditate
1723 1229 1991 1302 scriptum
2014 1238 2139 1286 est:

532 1338 552 1375 ι
588 1319 905 1385 Hzereditas,
934 1322 1002 1377 ad
1032 1337 1194 1391 quam
1226 1322 1275 1376 in
1306 1322 1576 1392 principio
1603 1321 1919 1388 festinatur,
1950 1323 2005 1378 in
2038 1323 2142 1379 no-

528 1414 750 1469 vissimo
779 1415 1158 1472 benedictione
1194 1416 1403 1472 carebit
1442 1414 1630 1487 (Prov.
1664 1416 1777 1489 xx).
1813 1436 1831 1469 ι
1867 1415 1982 1473 Cur
2008 1431 2142 1490 ergo

524 1522 647 1562 cum
673 1508 928 1577 dicimus,
958 1531 976 1563 ‹
1014 1510 1175 1566 Pater
1204 1521 1413 1577 noster,
1444 1532 1462 1563 ι
1500 1523 1699 1583 praesto
1734 1512 2137 1584 subjungimus,

529 1616 547 1648 ι
581 1600 669 1669 qui
701 1614 760 1656 es
795 1602 848 1656 in
878 1602 1071 1657 caelis?
1105 1623 1123 1655 ι
1160 1612 1215 1657 et
1248 1619 1354 1659 non
1393 1604 1598 1675 potius,
1634 1605 1725 1676 qui
1754 1620 1815 1661 es
1854 1608 1907 1661 in
1940 1607 2133 1674 terris;

520 1689 773 1748 videlicet
810 1710 930 1763 qua:
963 1695 1119 1749 nobis
1168 1697 1408 1753 notiores
1452 1697 1618 1753 sunt?
1655 1700 1802 1766 sive,
1840 1700 1933 1769 qui
1979 1714 2040 1755 es
2081 1700 2135 1754 in

520 1785 699 1852 aquis,
729 1795 819 1840 aut
851 1786 904 1841 in
935 1788 1166 1860 abyssis,
1196 1806 1319 1844 cum
1350 1792 1552 1861 ubique
1582 1792 1726 1847 Deus
1757 1793 1847 1856 sit,
1892 1792 2136 1863 nihilque

520 1876 587 1930 ab
611 1875 727 1945 ejus
756 1880 1149 1951 omnipotentia
1186 1900 1414 1939 vacuum
1439 1885 1552 1941 sit?
1583 1887 1677 1941 sed
1708 1890 1831 1941 cum
1864 1886 2129 1953 dicimus,
2164 1910 2210 1970 Β

523 1988 539 2021 ι
565 1969 727 2026 Pater
749 1984 955 2036 uoster,
990 1994 1008 2027 ι
1042 1975 1244 2032 idcirco
1269 1978 1542 2043 addimus,
1576 1998 1595 2030 ι
1626 1980 1716 2049 qui
1740 1994 1802 2034 es
1826 1981 1879 2035 in
1903 1980 2077 2046 cmlis,
2108 2001 2126 2033 ι

515 2075 573 2120 ut
602 2067 668 2121 ad
702 2066 845 2122 illam
887 2069 1168 2126 ctrlestem
1216 2072 1587 2128 hacreditatem
1629 2088 1750 2129 sese
1798 2080 1983 2130 noster
2017 2074 2131 2130 ani-

514 2172 634 2214 mus
659 2158 834 2231 erigat
864 2178 877 2213 :
912 2170 1078 2231 atque
1109 2162 1159 2216 in
1203 2171 1314 2217 tam
1352 2163 1583 2218 sublime
1616 2178 1838 2236 germen
1887 2166 2127 2231 ascitus,

514 2259 570 2303 ot
614 2251 685 2305 sit
713 2250 888 2308 haeres
927 2253 1067 2321 Dei,
1113 2265 1325 2311 terrena
1376 2256 1631 2326 quaelibet
1668 2258 1981 2324 ignobiliter
2019 2276 2126 2316 non

513 2344 773 2412 requirat.
802 2345 1114 2404 Enimvero
1146 2359 1299 2420 pater
1330 2349 1453 2406 fidei
1487 2351 1764 2407 Abraham
1808 2356 1991 2425 plures
2024 2357 2124 2412 ha-

511 2435 627 2491 buit
654 2437 817 2504 ﬁlios,
845 2442 939 2494 sed
966 2441 1114 2496 solus
1144 2443 1232 2497 ille
1259 2441 1477 2508 nobilis,
1506 2448 1598 2515 qui
1630 2444 1730 2500 fuit
1761 2449 1952 2504 uxoris
1983 2467 1995 2503 :
2031 2451 2124 2519 qui

509 2544 637 2585 vero
688 2545 751 2585 ex
807 2534 1239 2592 concubinarum
1296 2548 1420 2593 sunt
1479 2540 1822 2610 ignobilitate
1880 2547 2123 2615 suscepti

508 2635 745 2695 paterna:
802 2625 1139 2684 hereditatis
1186 2633 1534 2688 successione
1583 2633 1837 2706 leguntur
1884 2637 2115 2695 exclusi.

508 2714 676 2771 Porro
708 2726 889 2773 autem
920 2720 1045 2775 dum
1079 2736 1174 2778 eos
1206 2723 1374 2780 aleret
1410 2726 1711 2795 Abraham,
1746 2745 1937 2787 omnes
1969 2732 2120 2788 dice-

507 2806 703 2862 bantur
737 2807 830 2864 filii
869 2811 1137 2879 Abrahae;
1182 2824 1236 2869 at
1281 2832 1412 2872 vero
1455 2833 1578 2874 cum
1618 2821 1685 2877 ad
1730 2830 2119 2880 testamentum

505 2900 740 2965 venitur,
786 2904 876 2973 qui
911 2906 983 2958 sit
1024 2905 1301 2978 legitimus
1347 2911 1551 2976 haeres,
1582 2914 1674 2984 qui
1721 2914 1840 2971 fieri
1887 2917 2121 2973 debeant

506 2991 776 3063 haeredes,
821 3006 1072 3066 patenter
1109 3002 1438 3058 ostenditur.
1487 3005 1657 3072 Nam,
1707 3006 1991 3077 Scriptura
2040 3020 2121 3066 te-

503 3097 702 3152 Stante,
757 3109 775 3143 ‹
808 3092 965 3148 Dedit
993 3093 1273 3152 Abraham
1318 3115 1537 3155 omnem
1583 3103 1961 3160 hcereditatem
2005 3105 2118 3162 filio

504 3192 599 3232 suo
631 3179 777 3237 Isaac
807 3199 823 3239 :
854 3182 980 3239 filiis
1010 3196 1192 3243 autem
1228 3193 1657 3249 concubinarum
1685 3197 1831 3253 dedit
1866 3215 2114 3268 munera,

1766 367 1972 426 LIBER
2010 366 2348 438 QUINTUS,
2388 366 2614 425 EPIST.
2658 368 2796 425 VIII.

3772 366 3880 423 350

2334 480 2566 553 Dignum
2594 492 2699 549 est,
2729 490 2788 539 ut
2817 490 2870 539 et
2900 497 3007 538 non
3035 480 3390 555 poscentibus
3415 495 3681 537 innocens
3714 482 3879 539 satis—

2256 573 2443 640 faciat,
2478 590 2601 631 cum
2643 576 2847 648 passim
2880 576 3045 632 etiam
3092 574 3286 631 audire
3332 574 3643 630 nolentibus
3680 572 3879 631 lividus

2254 666 2535 722 detractor
2560 678 2823 723 accusat:
2866 683 2965 723 nec
3004 668 3243 723 otiosum
3271 675 3376 731 est,
3411 666 3457 721 si
3486 664 3692 721 eisdem
3725 664 3875 720 auri-

2252 760 2377 824 bus,
2421 762 2621 833 quibus
2669 764 3019 819 mendacium
3067 762 3395 833 falsiloquus
3442 763 3669 833 ingerit,
3708 761 3877 817 libera

2249 856 2593 910 conscientia
2646 856 2899 911 ordinem
2954 858 3260 928 perspicua:
3309 857 3561 912 veritatis
3609 855 3873 923 exponit;

2250 955 2521 1016 quatenus
2563 957 2618 1003 et
2667 948 2887 1005 auditor
2919 950 3151 1004 vanitati
3200 950 3360 1005 fidem
3408 950 3721 1004 adhibendo
3769 965 3873 1005 non

2247 1050 2458 1107 peccet.
2494 1048 2553 1095 et
2580 1042 2826 1097 accusati
2863 1040 3009 1096 fama
3040 1042 3109 1097 ad
3150 1042 3385 1097 aliorum
3423 1040 3726 1112 perniciem
3771 1055 3874 1094 non

2246 1132 2481 1189 laboret.
2531 1133 2688 1202 Quod
2720 1134 2889 1205 igitur
2915 1134 2985 1190 de
3014 1134 3325 1190 monachiei
3356 1134 3569 1189 ordinis
3596 1132 3877 1188 exercitiis

2247 1224 2469 1294 scripsi,
2504 1234 2560 1281 et
2593 1240 2882 1297 scoparum
2930 1228 3203 1298 praecipue
3243 1226 3550 1297 disciplinis
3576 1226 3878 1281 monachus

2245 1321 2515 1375 monacho
2548 1320 2863 1393 specialiter
2907 1322 3053 1387 misi,
3094 1337 3196 1378 nec
3241 1322 3528 1382 laicorum,
3564 1321 3679 1375 sive
3708 1320 3874 1374 etiam

2246 1412 2574 1469 clericorum
2608 1414 2818 1470 notitia:
2844 1415 3122 1486 prodenda
3162 1414 3453 1478 mandavi;
3489 1412 3663 1467 urbici
3693 1419 3875 1467 autem

2244 1507 2524 1573 eremitze,
2568 1506 2848 1571 forenses,
2884 1508 3145 1564 videlicet
3176 1508 3431 1574 solitarii,
3468 1506 3724 1562 monachi
3758 1504 3877 1560 uni-

2241 1599 2486 1655 versales
2519 1600 2571 1655 id
2601 1600 2777 1656 solum
2811 1601 3113 1657 machinati
3142 1611 3273 1657 sunt
3301 1602 3368 1656 de
3398 1600 3577 1655 medio
3604 1598 3728 1671 styli
3754 1613 3878 1653 cur-

2242 1695 2415 1749 rentis
2443 1710 2765 1767 excerpere,
2797 1696 2944 1767 quod
2977 1696 3301 1753 scandalum
3336 1704 3524 1767 posset
3563 1692 3875 1749 monachici

2241 1783 2473 1842 fervoris
2523 1803 2726 1844 arcana
2784 1788 3159 1844 nescientibus
3212 1804 3497 1861 generare.
3548 1785 3655 1843 Sed
3706 1796 3875 1844 testes

2241 1880 2372 1935 tnihi
2406 1890 2534 1935 sunt
2565 1880 2787 1947 fratres,
2821 1884 2915 1953 qui
2939 1884 3039 1937 sub
3065 1883 3414 1939 institutione
3438 1892 3645 1938 sancta:
3670 1880 3874 1950 regula:

2241 1974 2571 2043 regulariter
2604 1978 2813 2040 vivunt,
2846 1978 2949 2033 hoc
2980 1992 3070 2033 me
3101 1978 3349 2048 apicibus
3378 1977 3693 2041 tradidisse,
3726 1975 3872 2043 quod

2238 2068 2340 2138 ipsi
2373 2070 2617 2139 quotidie
2667 2080 2925 2141 satagunt
2954 2071 3213 2141 operibus
3251 2086 3532 2127 exercere.
3578 2068 3690 2125 Nec
3726 2067 3871 2125 aliud

2236 2162 2520 2216 relationis
2553 2164 2727 2218 series
2756 2163 3005 2234 protulit,
3038 2180 3203 2236 quam
3236 2165 3381 2234 quod
3413 2164 3553 2217 tritae
3579 2170 3635 2218 et
3664 2161 3869 2215 inclita:

2233 2257 2577 2325 Operatirmis
2626 2258 2966 2312 consuetudo
3007 2258 3257 2311 dictavit.
3298 2256 3453 2323 Quod
3488 2253 3552 2327 [Ῑ.
3603 2252 3729 2326 Qui]
3767 2267 3871 2307 au-

2233 2355 2344 2401 tem
2397 2345 2499 2401 sub
2550 2346 2888 2403 monachicae
2937 2346 3297 2417 professionis
3347 2346 3574 2401 nomine
3618 2341 3870 2415 plebibus

2232 2438 2524 2508 imperant,
2567 2440 2659 2509 qui
2696 2440 2749 2494 in
2782 2441 3001 2512 angulis
3030 2440 3350 2507 constituti,
3381 2450 3644 2511 tanquam
3680 2440 3731 2493 in
3767 2439 3867 2493 tri-

2229 2531 2522 2586 bunalibus
2553 2532 2667 2587 sive
2710 2534 2988 2603 prtetoriis
3032 2533 3387 2604 pragmatica:
3414 2530 3718 2588 sanctionis
3744 2529 3864 2598 jura

2228 2624 2600 2695 promulgant,
2640 2624 2732 2694 qui
2763 2624 2902 2680 alios
2927 2625 3243 2693 lacerando,
3284 2636 3337 2681 et
3368 2623 3692 2690 mordendo,
3733 2622 3867 2679 solis

2227 2715 2451 2772 sibimet
2483 2717 2925 2790 rigidaejustitiaa
2953 2719 3299 2790 privilegium
3333 2728 3615 2790 arrogant,
3648 2718 3779 2788 quid
3808 2719 3865 2773 in

2227 2808 2539 2863 humilitate
2593 2812 2774 2866 crucis
2814 2810 3021 2867 Christi
3078 2813 3224 2867 inter
3278 2813 3582 2867 monachos
3631 2820 3862 2882 agatur,

2225 2901 2514 2973 ignorant:
2542 2913 2597 2958 et
2618 2904 2722 2959 hoc
2745 2905 3056 2977 prodigium
3081 2905 3368 2977 deputant,
3392 2905 3538 2977 quod
3562 2905 3652 2961 alii
3676 2906 3862 2975 quoti-

2225 2994 2370 3048 diani
2423 3010 2555 3050 usus
2603 2996 2932 3053 assiduitate
2974 2996 3348 3069 frequentant.
3390 2999 3550 3065 Ecce,
3581 2997 3862 3070 inquiunt,

2221 3087 2630 3158 peregrinando
2655 3090 2868 3156 earina,
2898 3104 3033 3147 ecce
3060 3106 3199 3146 nova
3223 3092 3572 3163 pmnitentia,
3597 3100 3651 3147 et
3682 3100 3860 3146 trans-

2223 3180 2363 3234 actis
2410 3189 2486 3235 tot
2530 3182 2750 3237 smculis
2792 3183 3061 3239 hactenus
3105 3186 3373 3240 inaudita.
3430 3183 3485 3239 Si
3536 3185 3640 3241 hoc
3686 3185 3858 3241 semel

500 3283 554 3328 οι
582 3278 887 3347 segregavit
913 3294 1007 3336 eos
1034 3296 1063 3336 ε
1096 3282 1205 3339 quo
1233 3300 1333 3342 δυο
1358 3286 1506 3344 Isaac
1535 3288 1692 3360 (αξη,
1729 3292 1881 3364 Ην),
1917 3313 1933 3343 ,
1971 3294 2113 3351 Ecce
2141 3288 2189 3352 α
2222 3272 2550 3339 admittitur,
2580 3275 2626 3329 si
2659 3284 2835 3330 ratum
2872 3277 3111 3344 ducitur,
3146 3280 3189 3333 si
3222 3287 3470 3344 tenetur,
3504 3295 3699 3356 omnes
3729 3292 3857 3349 pro-

498 3366 679 3438 itaque
707 3386 897 3428 omnes
928 3374 1250 3433 dicebantur
1280 3378 1377 3436 filii
1399 3423 1413 3445 ,
1451 3383 1545 3439 sed
1578 3398 1685 3440 non
1716 3402 1910 3443 omnes
1940 3390 2115 3446 haere-

498 3461 685 3519 ditatis
724 3474 964 3535 paterna:
994 3478 1123 3527 sunt
1160 3470 1285 3540 jura
1317 3476 1517 3531 sortiti.
1555 3476 1647 3534 Sic
1688 3480 1969 3549 profecto,
2002 3482 2115 3539 fra-

497 3564 627 3621 tres,
656 3558 1008 3631 quamplures
1037 3575 1165 3620 sunt
1199 3565 1359 3623 hodie
1388 3567 1717 3627 Christianae
1750 3574 2110 3643 professionis

498 3647 651 3703 titulo
690 3648 971 3720 decorati,
1012 3658 1102 3726 qui
1138 3658 1388 3715 videlicet
1435 3662 1488 3716 in
1534 3663 1736 3720 Christi
1787 3667 2110 3725 haereditate

496 3755 833 3814 nequaquam
870 3760 1155 3806 merentur
1208 3754 1410 3809 ascribi
1443 3773 1457 3810 :
1491 3765 1542 3811 et
1583 3774 1725 3813 nunc
1760 3760 1981 3828 quidem
2014 3776 2110 3831 pa-

495 3843 650 3890 terno
680 3839 943 3896 vocabulo
971 3842 1293 3914 gloriantur,
1328 3849 1424 3904 sed
1456 3864 1800 3921 nequaquam
1832 3856 1899 3909 ad
1936 3856 2107 3912 luere-

492 3926 710 3984 ditanda
748 3942 976 4003 paterna
1006 3938 1147 3993 bona
1178 3943 1547 4011 perveniunt,
1590 3952 1717 4016 quia
1753 3949 1899 4005 velut
1930 3953 2104 4020 spurii

491 4033 599 4075 non
627 4022 894 4091 ccclestia,
927 4027 1021 4084 sed
1051 4038 1272 4088 terrena
1303 4034 1619 4106 ignobiliter
1647 4042 2062 4111 concupiscunt.

565 4111 670 4169 Vos
714 4125 913 4182 autem,
958 4117 1336 4194 dilectissimi,
1385 4130 1630 4185 membra
1684 4147 1804 4187 mea
1831 4174 1844 4197 ,
1892 4135 2100 4192 viscera

490 4206 686 4260 animae
714 4222 870 4273 meae,
909 4210 991 4267 sic
1019 4216 1253 4286 satagite
1283 4230 1382 4286 per
1405 4219 1548 4273 viam
1584 4224 1827 4279 mandati
1860 4227 2100 4283 cmlestis

490 4298 758 4365 incedere,
796 4311 855 4357 ut
881 4318 1038 4361 mens
1060 4316 1246 4362 nostra
1263 4310 1458 4367 merito
1483 4312 1642 4385 153
1660 4329 1876 4387 semper
1904 4317 2101 4376 debeat

488 4390 555 4446 de
597 4399 781 4448 sancta
834 4398 1369 4466 consanguineorum
1402 4418 1623 4460 suorum
1680 4413 2100 4470 conversatione

485 4486 737 4556 gaudere.
766 4486 1255 4559 Speramusautem
1285 4495 1339 4552 in
1358 4499 1555 4568 eo,qui
1584 4501 1651 4556 de
1677 4499 1897 4573 Virgine
1918 4506 2100 4577 digna-

489 4588 572 4633 tus
598 4588 682 4635 est
711 4581 883 4648 nasci,
921 4584 1049 4654 quia
1091 4589 1263 4644 nostri
1298 4589 1588 4647 ministerii
1632 4603 1879 4666 tempore
1908 4608 2097 4657 sancta

2222 3361 2371 3418 fecto
2400 3366 2545 3420 sacri
2577 3382 2818 3423 canones
2841 3371 3223 3436 destruuntur,
3253 3372 3608 3441 mitiquorum
3634 3372 3859 3428 Patrum

2219 3470 2495 3532 praecepta
2521 3461 2849 3533 depereunt,
2875 3474 2931 3519 et
2950 3505 2963 3531 ,
2993 3474 3051 3519 ut
3081 3464 3304 3521 Iudaeus
3331 3467 3579 3532 dixerat,
3616 3476 3859 3539 paternae

2220 3554 2547 3610 traditiones
2596 3554 2663 3609 ad
2715 3556 2950 3613 nihilum
3016 3556 3360 3628 rediguntur.
3419 3552 3568 3625 ριιώ
3608 3556 3859 3629 profecto

2216 3648 2381 3701 verba
2417 3664 2526 3703 non
2556 3664 2586 3703 a
2618 3650 2910 3716 charitatc,
2946 3651 3094 3721 quod
3134 3663 3219 3707 est
3249 3650 3498 3707 funditus
3523 3652 3727 3716 aliena,
3760 3651 3858 3709 sed

2214 3751 2243 3791 a
2272 3738 2453 3806 bruta,
2480 3754 2546 3795 ac
2569 3740 2782 3795 bestiali
2808 3742 3114 3813 probantur
3140 3742 3370 3809 ebullire
3398 3744 3677 3799 vecordia.
3702 3741 3859 3800 Nun-

2215 3833 2348 3902 quid
2398 3835 2544 3889 enim
2597 3834 2936 3906 Redemptor
2990 3847 3180 3891 noster
3228 3836 3498 3903 verbera,
3552 3836 3854 3909 Evangelia

2213 3936 2370 3993 teste,
2405 3943 2513 3983 non
2550 3926 2713 4001 154
2744 3928 2997 3999 protulit!
3044 3928 3230 4001 (Joan.
3264 3931 3405 4002 χιι.)
3450 3929 3706 4001 Nunquid
3741 3945 3851 3985 non

2212 4018 2418 4075 Paulus
2464 4023 2762 4093 quinquies
2810 4022 3194 4095 quadragenas
3224 4040 3332 4080 una
3372 4025 3554 4080 minus
3592 4026 3851 4097 accepit?

2210 4112 2295 4185 (ll
2330 4113 2456 4167 Cor.
2493 4115 2594 4185 χι.)
2637 4113 2893 4186 Nunquid
2941 4130 3051 4171 non
3094 4116 3327 4188 apostoli
3379 4132 3571 4174 omnes
3619 4116 3851 4190 ﬂagellis

2207 4205 2381 4259 caesi?
2415 4206 2557 4277 (Act.
2586 4205 2665 4277 v.)
2699 4205 2956 4279 Nunquid
2986 4224 3092 4265 non
3128 4219 3182 4266 et
3203 4212 3380 4268 sancti
3410 4223 3685 4285 martyres
3709 4213 3849 4270 ludi-

2204 4300 2343 4367 bria,
2376 4310 2428 4356 et
2462 4302 2695 4357 verbera
2729 4312 2859 4359 sunt
2904 4305 3162 4375 experti?
3203 4305 3395 4378 (Hebr.
3440 4308 3543 4379 χι.)
3583 4306 3843 4379 Nunquid

2205 4412 2312 4451 non
2341 4395 2557 4467 Moyses
2589 4399 2917 4454 verberibus
2947 4396 3085 4455 allici
3126 4414 3249 4454 reos
3292 4402 3344 4456 in
3388 4401 3507 4471 lege
3538 4403 3846 4473 praecepit?

2206 4487 2387 4556 (Deut.
2422 4498 2575 4559 xxv.)
2609 4487 2868 4559 Nunquid
2918 4508 3027 4547 non
3074 4490 3136 4545 Β.
3188 4490 3587 4564 Hieronymus,
3642 4504 3699 4548 et
3750 4494 3842 4549 alii

2207 4581 2451 4635 nonnulli
2482 4580 2713 4654 ﬂagellis
2743 4586 2993 4651 mactati,
3036 4584 3149 4642 Deo
3186 4586 3444 4655 praeside,
3478 4586 3845 4643 referuntur?

483 4672 803 4730 clericorum
856 4680 1087 4737 castitas
1130 4682 1480 4752 exaltabitur,
1526 4697 1580 4744 et
1630 4690 2091 4751 incontinentiam

2221 4674 2285 4729 In
2314 4675 2601 4740 eamdem,
2627 4691 2791 4746 quam
2819 4687 2873 4731 et
2902 4678 2972 4731 ab
3012 4678 3200 4733 invitis
3236 4678 3512 4733 interdum
3547 4678 3693 4734 Deus
3725 4696 3844 4734 ont-

481 4764 697 4822 luxuria
722 4783 845 4825 cum
870 4772 1082 4829 caeteris
1123 4774 1426 4834 haeresibus
1455 4779 1844 4838 confundetur.

551 4857 906 4931 Omnipotens
956 4864 1131 4933 Deus,
1184 4868 1526 4928 dilectissimi
1584 4875 1787 4932 fratres
1835 4878 1974 4944 mei,
2021 4880 2091 4937 ab

479 4951 625 5005 omni
653 4965 747 5008 vos
772 4957 1039 5026 pravitate
1067 4962 1361 5030 custodiat,
1388 4973 1445 5021 et
1468 4981 1565 5038 per
1584 4967 1810 5039 justitia:
1835 4972 2088 5030 semitam

477 5042 546 5098 ad
580 5045 825 5105 calentia
849 5065 945 5107 vos
975 5066 1140 5124 regna
1169 5056 1456 5128 perducat.

1024 5168 1367 5229 EPISTOLA
1407 5174 1539 5230 VIII.

878 5275 949 5318 AD
984 5277 1242 5320 CLIRICOS
1280 5281 1672 5327 FLORENTINOS.

473 5344 873 5437 Αιᾳυιςξιετυι.
898 5387 967 5397 -—
990 5357 1111 5421 Eos,
1143 5360 1232 5429 qui
1270 5358 1497 5433 ﬂagellis
1526 5380 1725 5437 corpus
1754 5377 1947 5437 sponte
1974 5382 2083 5426 ca:-

546 5423 705 5480 dcudi
730 5442 935 5502 morem
963 5423 1219 5501 tanquam
1243 5423 1467 5502 novitm,
1496 5446 1548 5490 et
1577 5423 1751 5495 sacris
1778 5423 2085 5499 ianonibus

541 5500 878 5639 gggriqm
927 5500 1256 5569 irridebant,
1311 5500 1666 5565 vehementer
1703 5513 1804 5567 hac
1850 5513 2082 5584 epistola

749 5584 799 5623 ut
832 5610 846 5624 .

546 5678 837 5754 Religiosis
880 5682 1139 5743 fratribus
1188 5700 1395 5747 sanctae
1441 5693 1773 5754 Florentium
1819 5700 2079 5759 Ecclesia:

470 5773 709 5843 clericis,
740 5774 960 5836 Plz-rans
993 5796 1245 5852 peccator
1286 5790 1588 5849 monachus
1635 5794 1864 5853 sincera:
1895 5798 2077 5853 chari-

468 5870 598 5927 tatis
624 5869 973 5944 obsequium.

2202 4770 2457 4842 nipotens
2485 4772 2675 4843 exigit,
2700 4774 2769 4828 ab
2800 4772 2946 4827 ultro
2968 4773 3331 4828 offerentibus
3356 4774 3639 4845 suscipere
3661 4777 3841 4843 pinni-

2202 4866 2429 4921 tentiam
2465 4866 2787 4921 recusabit?
2828 4866 2935 4921 Sed
2970 4865 3114 4922 forte
3138 4866 3391 4922 dicturus
3412 4878 3496 4923 est
3520 4868 3838 4936 oblocutor,

2198 4958 2325 5028 quia
2361 4958 2454 5029 qui
2486 4968 2710 5015 sanctos
2738 4974 2844 5013 non
2875 4975 2903 5013 a
2937 4975 3018 5024 se,
3042 4960 3147 5027 sed
3174 4960 3245 5015 ab
3275 4962 3401 5016 aliis
3430 4976 3605 5018 caesos
3630 4962 3835 5030 fuisse,

2199 5048 2483 5120 Scriptura
2516 5059 2672 5116 teste,
2708 5052 3085 5123 cognovimus,
3129 5054 3504 5124 nosmetipsos
3538 5064 3698 5111 extra
3738 5073 3838 5114 eo-

2195 5159 2318 5199 rum
2348 5159 2601 5199 normam
2635 5143 2908 5215 castigare
2935 5146 3175 5217 propriis
3202 5148 3462 5204 manibus
3513 5166 3621 5206 non
3665 5152 3834 5209 debe-

2194 5252 2336 5293 mus.
2368 5237 2466 5293 Cui
2494 5236 2749 5295 videlicet
2774 5236 3069 5310 objectioni
3105 5238 3289 5308 facile,
3315 5244 3465 5314 quod
3494 5248 3831 5318 respondea-

2193 5338 2303 5397 tur,
2336 5332 2610 5397 occurrit;
2645 5333 2773 5402 quia
2795 5348 2921 5389 cum
2948 5349 3048 5390 nos
3074 5334 3291 5391 Domini
3319 5351 3545 5395 crucem
3572 5339 3828 5398 ultronea

2191 5424 2617 5481 mortificatione
2647 5426 2967 5491 deferimus,
3006 5427 3110 5483 nisi
3146 5429 3214 5484 ad
3244 5430 3558 5501 exemplum
3608 5434 3728 5505 ejus
3768 5436 3824 5492 in

2189 5519 2369 5574 crucis
2406 5520 2592 5591 stipite
2623 5535 2653 5575 a
2685 5521 3130 5589 persecutoribus
3170 5521 3557 5595 conﬁgamur;
3599 5537 3657 5583 et
3695 5544 3821 5584 cum

2183 5614 2365 5685 sopito
2387 5615 2502 5684 jam
2530 5615 2933 5685 persecutionis
2957 5616 3193 5672 articulo
3216 5617 3581 5676 crucifixores
3612 5621 3813 5687 desint,

2182 5708 2460 5765 incassum
2504 5711 2569 5765 de
2609 5719 2815 5765 caetero
2844 5726 2977 5765 crux
3014 5712 3251 5769 tollenda
3284 5713 3636 5785 praecipitur,
3687 5732 3810 5773 cum

2181 5803 2391 5858 nullum
2427 5802 2709 5857 dimicanti
2747 5802 3075 5875 supplicium
3106 5822 3134 5860 a
3170 5808 3469 5864 tortoribus
3509 5810 3813 5889 iungi-iur.

2180 5900 2334 5967 Quod
2371 5898 2419 5957 si
2451 5911 2719 5956 vesanum
2771 5905 2825 5955 et
2877 5896 3177 5960 absurdum
3228 5909 3313 5957 est
3366 5902 3629 5977 credere,
3678 5909 3810 5972 illud
