5428 6552
342 1031 430 1168 e
469 1120 559 1149 ,η

367 1151 406 1170 ⁸..
479 1148 567 1177 “1*!

479 1224 563 1257 ’.ζ’

467 1275 543 1308 ’τ
569 1307 574 1312 Ι

465 1313 531 1345 ς’

467 1354 576 1403 :t,

465 1399 569 1421 )l\,

477 1426 574 1457 -11

502 1500 547 1515 λης

469 1546 555 1585 Vb;

488 1592 537 1627 5".

465 1628 505 1654 35‘
566 1638 569 1645 ’

453 1667 470 1676 .,
510 1654 578 1680 ,.

445 1687 454 1696 ι
504 1680 515 1691 ⁵
567 1677 578 1700 Ι

471 1710 499 1733 .

465 1768 505 1784 1-.
540 1748 578 1784 ὼγ

463 1789 474 1810 θ
546 1788 561 1849 ἒξ

373 1881 406 1912 ’ἔτ
445 1880 505 1916 1.,

1559 407 1656 468 351

2061 405 2124 462 S.
2154 403 2357 463 PETRI
2397 395 2684 460 DAMIANI
2717 400 2867 459 OPP.
2910 396 3094 458 PARS
3131 390 3264 451 SEU
3301 390 3540 451 TOMCS
3576 392 3614 448 1.
3658 421 3728 438 -
3767 390 3982 448 EPIST.
4024 389 4154 447 LIB.
4197 388 4330 449 VIII.

4724 389 4836 448 35!

1552 522 1880 595 ρωηίιωυω
1906 533 2074 592 genus
2103 520 2394 575 Dominum
2430 522 2483 574 in
2519 518 2803 573 afﬂictione
2832 525 3014 571 nostra
3046 514 3136 568 de-
3163 510 3216 570 Α
3241 506 3347 562 Sed
3374 507 3497 577 quia
3529 508 3641 562 lucc
3670 509 3909 575 pecunia:
3936 508 4235 578 redemptio
4265 510 4315 564 in
4345 509 4585 579 antiquis
4609 506 4834 564 Patrum

1549 616 1788 682 spicere,
1835 613 1976 682 quod
2018 613 2070 668 in
2117 614 2408 681 semetipsa
2438 613 2688 681 dignatus
2722 621 2802 666 est
2828 627 2927 681 pro
2959 620 3144 663 nostra

1551 705 1722 760 salute
1751 703 2028 776 perferre;
2061 705 2191 775 quid
2223 705 2442 769 mirum,
2471 707 2514 759 si
2548 704 2814 773 puniendo
2851 703 3142 756 commissa

1547 796 1740 850 suimet
1768 811 1827 851 se
1853 797 2109 852 exhibeat
2136 798 2295 850 homo
2324 805 2603 858 tortorem,
2628 806 2679 849 et
2707 795 2771 848 ad
2801 794 3143 849 evadendum

1546 884 1804 952 iudicium
1818 888 1920 943 sibi
1942 903 2000 943 se
2021 888 2314 943 constituat
2329 887 2604 957 judicent?
2626 888 2777 942 dicen
2788 898 2835 940 te
2849 885 3136 955 Apostolo:

1552 997 1572 1029 1
1621 977 1679 1033 Si
1713 981 2072 1050 nosmetipsos
2090 979 2481 1048 iudicaremus,
2524 996 2628 1035 non
2664 981 2848 1048 utique
2863 976 3142 1045 judicare-

1548 1085 1670 1124 mur
1699 1070 1751 1140 (1
1778 1071 1900 1127 Cor.
1933 1072 2032 1141 ιι).
2085 1089 2105 1123 1
2153 1070 2308 1127 Sicut
2353 1072 2497 1125 enini
2540 1087 2642 1125 non
2687 1069 3010 1125 temeritatis
3054 1083 3140 1120 ar-

1547 1162 1789 1231 guendus
1815 1171 1919 1227 est,
1949 1163 2038 1232 qui
2071 1178 2177 1218 non
2199 1163 2357 1217 modo
2385 1160 2706 1217 sacerdotali
2729 1171 3023 1230 ρηεςρριο,
3046 1158 3141 1213 sed

1546 1259 1603 1304 et
1629 1263 1822 1322 sponte
1857 1251 2101 1322 jejunat;
2147 1253 2219 1307 ita
2250 1267 2464 1322 quoque
2498 1266 2603 1305 non
2648 1250 2848 1304 frustra
2892 1250 3141 1304 laborare

1546 1346 1851 1400 censendus
1877 1355 1989 1411 est,
2026 1346 2116 1415 qui
2161 1361 2220 1401 se
2250 1361 2354 1400 non
2400 1344 2590 1399 alienis
2625 1345 2916 1408 duntaxat,
2950 1343 3041 1396 sed
3086 1352 3142 1397 et

1547 1439 1781 1508 propriis
1808 1439 2058 1495 manibus
2093 1437 2375 1495 adiciendo
2401 1440 2646 1509 castigat.
2677 1436 2828 1504 Quod
2856 1437 2900 1490 si
2929 1435 3135 1502 Achab,

1543 1531 1756 1598 reprobi
1789 1530 2041 1586 videlicet
2085 1532 2263 1603 regis,
2314 1531 2547 1587 cilicium
2580 1532 2759 1585 divina
2813 1532 2985 1600 pietas
3030 1546 3136 1585 non

1542 1622 1867 1692 contempsit
1913 1620 2036 1692 (ΙΙΙ
2072 1621 2200 1693 Reg.
2252 1627 2409 1693 nn),
2458 1639 2620 1693 quam
2667 1623 2926 1694 benigne,
2976 1639 3136 1692 quam

1543 1719 1974 1774 misericorditer
2026 1719 2174 1775 illum
2224 1720 2454 1790 desuper
2504 1730 2783 1788 aspectare
2835 1719 3136 1775 credendus

1542 1818 1644 1874 est,
1671 1810 1762 1880 qui
1789 1825 1848 1866 se
1877 1810 2022 1866 velut
2045 1811 2098 1864 in
2123 1810 2466 1865 atrocissimo
2489 1810 2715 1864 crimine
2738 1809 3132 1878 deprehensum

3244 599 3538 653 carionibns
3569 599 3790 652 minimc
3821 601 4111 665 reperitur,
4144 598 4436 654 absurdum
4465 615 4617 664 esse,
4653 609 4707 655 et
4731 597 4834 653 fri-

3245 688 3816 756 volumjudicabitur?
3855 689 4005 754 Quod
4054 691 4097 743 si
4150 691 4252 744 lioc
4288 690 4441 744 Iaicis
4490 691 4833 763 indulgetur,

3245 791 3299 835 ut
3332 793 3546 849 peccata
3576 797 3670 835 sua
3702 780 4060 852 electiiosynis
4086 782 4376 847 redimam,
4409 797 4476 837 ne
4499 782 4836 853 subripiente

3244 873 3434 927 mortis
3478 873 3727 934 articulo,
3773 889 3835 925 ea
3873 874 3972 926 liac
4017 875 4124 927 vita
4165 875 4281 928 sine
4331 884 4513 929 reatus
4543 875 4656 938 sui,
4690 872 4838 946 quod

3245 965 3413 1030 absit,
3463 965 3801 1019 absolutione
3845 966 4137 1028 recedant,
4177 968 4306 1035 quid
4343 966 4611 1022 monacho
4639 967 4836 1036 praci-

3242 1057 3496 1123 pienduni
3525 1057 3648 1117 erit,
3676 1057 3764 1124 qui
3791 1067 3840 1112 et
3873 1057 4084 1126 longam
4115 1057 4255 1112 forte
4283 1059 4684 1128 penitentiam,
4709 1073 4836 1128 pee-

3243 1147 3379 1200 catis
3407 1148 3774 1217 eiigentibus,
3820 1149 4054 1217 accipit:
4094 1159 4148 1201 et
4188 1151 4445 1217 pecunias
4482 1149 4612 1204 olim
4655 1149 4836 1205 fundi-

3245 1246 3346 1302 tus,
3379 1241 3574 1308 quibus
3609 1242 3926 1301 redimatur,
3961 1241 4197 1310 abiecit?
4238 1240 4489 1312 Nunquid
4529 1242 4573 1296 si
4608 1258 4708 1312 pro
4736 1243 4835 1298 1111·

3241 1346 3413 1384 mana:
3461 1333 3764 1404 fragilitatis
3813 1333 4003 1386 intuitu
4037 1343 4315 1402 peccatum
4359 1333 4551 1387 redimi
4583 1348 4836 1388 nummo-

3242 1438 3357 1476 rum
3391 1441 3600 1479 sumnia
3633 1429 3962 1495 prrciiiitur,
4005 1441 4103 1495 pro
4150 1437 4372 1496 peccato
4408 1428 4591 1482 carnis
4617 1424 4837 1486 afﬂictio

3241 1517 3431 1568 merito
3485 1519 3816 1584 i-i-spuetnr?
3852 1518 3990 1583 Quid
4021 1520 4165 1571 enim
4207 1521 4406 1572 mirum
4435 1519 4479 1574 si
4510 1534 4673 1584 caro,
4713 1535 4834 1590 qua

3240 1623 3335 1659 nos
3373 1609 3424 1660 iii
3470 1610 3720 1661 exsilium
3769 1609 3885 1661 Ia-ta
3917 1609 4129 1674 dejecit,
4161 1626 4314 1665 versa
4342 1611 4460 1664 vice
4496 1611 4561 1665 ad
4601 1612 4838 1682 patriam

3240 1700 3430 1752 afﬂicta
3468 1701 3672 1755 reducit
3695 1707 3714 1750 2'
3755 1702 3816 1755 Et
3863 1719 3954 1770 per
3987 1703 4085 1756 hoc
4120 1705 4281 1768 idem,
4319 1707 4403 1758 cui
4436 1705 4638 1759 dudum
4672 1705 4837 1761 noxio

3238 1797 3625 1848 COIISL‘IIIICIHIU
3656 1799 4029 1865 peccavimus,
4080 1799 4310 1868 idipsum
4351 1815 4491 1853 nunc
4523 1799 4838 1868 castigando

1541 1873 1745 1956 ηυάιιξη
1773 1901 1969 1956 divinis
1991 1901 2300 1973 “pedibus
2322 1901 2514 1958 οιηιιίι
2538 1873 2907 1957 “mauu-em
2932 1902 3134 1971 ρπίιει-
3163 1873 3212 1938 Β
3239 1886 3530 1937 salubriter
3556 1889 3905 1940 t‘iiii-tidctiius
3934 1893 3949 1938 .’
3989 1889 4184 1956 Atque,
4212 1900 4269 1942 ut
4305 1891 4376 1942 ila
4407 1889 4617 1959 loquar,
4643 1891 4835 1944 eadem

1541 2003 1596 2048 et
1624 2004 1924 2061 tortorem;
1962 2011 2113 2051 reum
2139 1997 2299 2052 simul
2327 2007 2381 2052 et
2423 2006 2653 2052 testem:
2685 2013 2965 2052 censorem
2994 1999 3103 2051 nilii

1542 2080 1809 2150 lominns,
1858 2095 1915 2141 et
1939 2086 2249 2142 carnificem
2294 2086 2466 2142 fecit?
2499 2086 2715 2158 Optime
2745 2090 2970 2157 penitet
2993 2131 3006 2152 ,
3041 2090 3129 2158 qui

1542 2175 1668 2229 dum
1693 2190 1914 2232 carnem
1939 2178 2256 2232 verberibus
2294 2187 2515 2242 mactat,
2550 2178 2779 2244 lucrum,
2815 2182 2954 2249 quod
2988 2181 3130 2235 dele-

1540 2267 1778 2324 ctatione
1798 2267 1981 2323 carnis
2011 2268 2288 2333 amiserat,
2319 2267 2699 2325 afﬂictionibus
2723 2281 3127 2340 rccompensat:

1539 2367 1595 2414 et
1625 2359 1896 2416 salubrem
1943 2360 2016 2415 1111
2066 2377 2205 2416 nunc
2235 2362 2651 2418 amaritudinem
2703 2364 2932 2432 ingerit,
2979 2364 3132 2433 cujus

1540 2448 1669 2505 olim
1703 2450 1866 2504 noxia
1893 2449 2254 2506 delectatione
2279 2451 2544 2520 peccavit.
2570 2449 2714 2507 Nibil
2736 2451 2913 2506 differt
2936 2454 3132 2522 quibus

1540 2540 1717 2610 poenis
1743 2555 1873 2596 caro
1901 2541 2216 2610 pcenitentis
2241 2542 2523 2604 addicitur,
2559 2543 2850 2599 dummodo
2889 2545 3134 2612 voluptas

1540 2633 1900 2701 praecedentis
1930 2635 2195 2690 illecebrae
2223 2636 2422 2690 vicaria
2454 2637 2688 2706 repressi
2720 2638 2963 2707 corporis
2993 2636 3130 2690 ami-

1539 2723 1720 2781 ctione
1766 2735 2026 2781 mutetur.
2077 2726 2232 2794 Quod
2281 2728 2327 2782 si
2373 2743 2480 2782 non
2509 2727 2833 2784 facientibus
2866 2745 3036 2791 nova,
3069 2744 3131 2783 ac

1538 2816 1763 2883 proinde
1799 2817 2242 2887 reprehensibilis
2269 2818 2483 2874 videtur
2520 2819 2801 2888 disciplina
2831 2821 3126 2888 virgarum,

1538 2917 1591 2963 et
1621 2908 1688 2964 ad
1718 2908 1896 2965 lividae
1929 2910 2300 2980 persuasionis
2337 2911 2594 2981 ineptiam
2620 2911 2894 2980 iudicatur
2918 2914 3129 2966 destru-

1535 2999 1643 3053 ctio
1671 3014 1960 3067 canonum,
1995 2999 2216 3056 abolitio
2245 3001 2620 3067 decretorum;
2672 3002 2914 3072 nunquid
2969 3017 3128 3056 tene—

1536 3089 1720 3146 rabilis
1765 3091 1907 3147 Beda
1948 3094 2354 3164 redarguendus
2385 3109 2507 3150 esse
2535 3093 2836 3159 videbitur,
2884 3096 2975 3164 qui
3007 3105 3125 3163 post

1535 3183 1875 3254 antiquorum
1900 3186 2224 3240 sententiam
2255 3201 2543 3251 canonum,
2569 3188 2829 3257 quosdam
2854 3190 3123 3257 1111εηὶ11111-

3239 1978 3405 2030 Iiestia
3432 1979 3544 2043 jam
3579 1979 3795 2030 litiniiiis
3826 1980 3892 2031 fat
3915 1991 3986 2040 ta,
4018 1982 4317 2034 curandum
4347 1982 4558 2036 medico
4585 1980 4837 2036 collisum

3239 2074 3509 2126 lioniint-m
3539 2075 3719 2134 \cliat,
3753 2092 3910 2142 qni-ni
3950 2077 4200 2145 primitus
4230 2076 4508 2136 iufrunita.
4543 2086 4704 2146 atque
4744 2088 4838 2130 ve-

3235 2167 3451 2218 saniens
3483 2168 3780 2232 impatienti
3825 2169 3970 2220 calce
4009 2172 4394 2237 percusserat?
4430 2170 4541 2225 Iino
4577 2172 4708 2240 quid
4737 2185 4837 2226 no-

3235 2277 3384 2324 vum,
3417 2263 3459 2316 si
3495 2274 3660 2320 terra.
3695 2281 3812 2332 qua:
3845 2267 4024 2333 spinas
4060 2277 4204 2328 ante,
4249 2266 4330 2321 vel
4362 2267 4603 2337 paliuros
4633 2268 4836 2321 attule-

3235 2365 3337 2413 t'at,
3370 2358 3569 2407 eisdem
3605 2358 3813 2409 tribulis
3848 2360 4285 2425 putrescentilius
4311 2360 4546 2424 exculta,
4587 2369 4836 2430 postmo-

3249 2447 3358 2497 Itlttt
3390 2457 3444 2498 t’t
3479 2447 3596 2498 Leta
3625 2449 3982 2515 pingui-scut?
4014 2453 4340 2504 Ubstruatur
4371 2451 4537 2520 Igitur
4561 2467 4622 2507 οι
4649 2453 4835 2522 iniqua

3240 2537 3598 2605 loquentium,
3648 2551 3698 2592 et
3743 2542 3831 2607 qui
3882 2543 4096 2609 propria
4145 2544 4392 2597 nesciunt
4433 2555 4612 2598 errata
4654 2543 4832 2598 corri-

3235 2645 3383 2698 gere,
3410 2632 3639 2683 alienam
3675 2635 3863 2683 saltem
3891 2633 4157 2696 justitiam
4195 2636 4373 2688 verbis
4412 2634 4662 2689 desinant
4687 2651 4835 2690 mor-

3235 2723 3456 2774 dacibus
3488 2723 3730 2775 lace'are
3759 2742 3768 2776 :
3804 2735 3854 2775 et
3884 2741 4002 2789 qna-
4033 2725 4128 2793 ipsi
4161 2728 4409 2780 nesciunt
4431 2743 4553 2782 cum
4576 2729 4831 2797 spiritua-

3234 2815 3370 2867 libus
3403 2831 3581 2884 agere,
3620 2827 3850 2885 paveant
3878 2817 4266 2873 obtrectatorie
4311 2835 4432 2875 cum
4479 2820 4834 2877 smculat'iblll

3234 2908 3479 2960 irridere.

3305 3001 3412 3054 Vos
3458 3013 3672 3060 autem,
3722 3005 4092 3064 ilili-i-iissiiiii,
4141 3021 4279 3074 quos
4320 3015 4373 3060 et
4421 3007 4669 3076 religiosa
4718 3007 4830 3062 vita

3232 3097 3570 3156 sanctificat.
3621 3108 3668 3148 et
3725 3098 3960 3149 urb-stis
4009 3099 4288 3167 sapientia:
4337 3099 4512 3168 fulgor
4561 3099 4827 3166 illustrat,

3230 3187 3501 3240 sibilantia
3552 3191 3881 3258 serpentium
3931 3205 4022 3240 fll'.i
4063 3191 4369 3256 reprimite,
4417 3201 4466 3244 ct
4511 3190 4828 3261 pestiferum

1535 3284 1615 3332 tes
1667 3275 1860 3332 ferreis
1909 3278 2104 3333 asserit
2149 3278 2371 3334 circulis
2413 3279 2834 3350 astringendos?
2870 3247 3196 3350 Nunquidc
3233 3278 3407 3338 virus,
3457 3295 3523 3332 nc
3569 3280 3632 3330 τιιι
3691 3281 3980 3331 multorum
4034 3281 4329 3346 perniciem
4382 3291 4530 3335 tanta
4574 3283 4827 3339 libertate

1534 3379 1845 3427 sanctorum
1886 3369 2111 3427 Patrum
2142 3372 2247 3426 vita
2289 3371 2412 3442 jure
2456 3374 2787 3444 conspuitur.
2833 3389 2952 3444 quae
2991 3374 3124 3432 alios

1535 3475 1632 3533 per
1678 3463 1987 3533 ogdoadas.
2029 3473 2085 3519 et
2122 3465 2448 3534 pentadecas
2495 3465 2549 3520 in
2602 3465 2857 3534 vepribus
2907 3467 3120 3532 stando,

1533 3553 1668 3610 alios
1702 3554 1770 3610 de
1799 3555 1914 3611 sole
1944 3556 1998 3610 in
2027 3555 2196 3612 solem
2225 3556 2425 3628 rigidas
2456 3557 2612 3613 ulnas
2644 3559 2698 3612 in
2727 3573 2852 3614 aera
2894 3572 3119 3628 suspen-

1535 3645 1732 3711 dendo,
1763 3645 1897 3701 alios
1931 3647 1984 3702 in
2029 3645 2258 3704 defossis
2293 3649 2559 3720 specubus
2599 3650 2800 3722 iugiter
2831 3651 3116 3716 latitando,

1533 3744 1718 3791 reatus
1748 3737 1829 3791 sui
1856 3739 2230 3806 paenitentiam
2260 3743 2533 3810 peregisse
2567 3745 2842 3797 testatur?
2869 3743 3121 3813 Nunquid

1531 3834 1586 3881 et
1614 3825 1805 3882 beatus
1831 3825 1920 3882 ille
1946 3827 2254 3902 Macharius
2284 3830 2442 3900 digne
2471 3832 2753 3894 ridebitur.
2787 3835 2877 3904 qui
2908 3835 3033 3888 dum
3063 3850 3120 3890 se

1531 3918 1812 3974 minimum
1839 3921 1970 3991 quid
2007 3921 2289 3978 admisisse
2325 3926 2596 3994 pinnituit,
2629 3928 2957 3982 acutissimis
2987 3927 3121 3982 culi-

1530 4008 1650 4067 cum
1692 4012 1907 4079 rostris,
1952 4029 2074 4083 qua:
2101 4014 2354 4070 videlicet
2377 4031 2537 4086 apros
2569 4017 2984 4086 transfigerent,
3024 4034 3121 4090 per

1532 4119 1624 4160 sex
1656 4121 1870 4162 menses
1899 4107 2139 4164 membra
2185 4124 2281 4163 sua
2323 4110 2497 4165 nudus
2525 4111 2812 4179 exposuit?
2847 4113 2862 4178 (
2882 4109 3114 4168 PALLAB.

1532 4193 1735 4251 Hister.
1768 4195 1873 4252 SS.
1910 4194 2090 4264 Patr.,
2113 4207 2246 4254 sect.
2275 4199 2386 4270 I7.)
2409 4198 2658 4271 Nunquid
2681 4209 2736 4256 et
2756 4200 3115 4256 Ninivitarum

1527 4277 1856 4356 ptenitentia‘
1875 4290 2263 4345 contemnenda
2291 4301 2391 4354 cst,
2437 4290 2595 4362 155
2623 4292 2716 4362 qui
2750 4307 2848 4347 nec
2872 4293 3117 4361 jiinienta

1529 4395 1624 4449 per
1652 4382 1888 4437 triduum
1932 4397 2154 4454 pascere
2188 4385 2595 4454 permiserunt?
2645 4384 2789 4454 (lori.
2826 4393 2933 4456 Ill.)
2982 4386 3116 4452 Quia

1528 4475 1691 4546 igitur
1735 4475 1852 4530 haec
1893 4485 1950 4531 et
1995 4476 2094 4530 alia
2133 4477 2302 4530 multa
2348 4478 2681 4546 pmuitentiie
2713 4493 2914 4548 genera
2946 4478 3118 4534 sacris

1529 4580 1634 4620 non
1667 4566 2014 4636 reperiuntur
2041 4567 2243 4621 inserta
2273 4568 2591 4633 canonibus,
2631 4569 2874 4638 nunquid
2902 4570 3115 4638 penitus

1525 4657 1860 4712 exsecranda
1886 4666 2034 4724 sunt,
2059 4667 2111 4712 et
2134 4656 2353 4713 Patrum
2383 4659 2755 4716 sanctionibus
2783 4661 3114 4730 perbibenda

1525 4758 1652 4804 sunt
1675 4764 1796 4810 esse
1825 4749 2137 4805 contraria?
2174 4749 2475 4807 Erubescat
2503 4766 2635 4822 ergo
2671 4752 2852 4824 lingua
2884 4754 3114 4822 phrene-

1528 4843 1632 4896 tica
1653 4851 1708 4899 et
1726 4858 1850 4912 quae
1869 4844 2042 4897 nescit
2066 4857 2184 4898 esse
2213 4843 2465 4908 facunda,
2483 4844 2659 4900 discat
2678 4861 2799 4901 esse
2823 4845 2905 4901 vel
2931 4855 3112 4901 mnta:

1527 4934 1699 4989 nescit
1724 4934 1933 4989 utiliter
1969 4936 2130 4991 verba
2175 4935 2532 5006 depromere,
2581 4939 2713 4994 sciat
2760 4939 2950 4995 saltem
2996 4941 3113 4995 sine

1524 5024 1742 5084 liesione
1779 5036 1978 5083 tacere.

1594 5117 1702 5174 Sed
1751 5119 1896 5175 dicat
1933 5121 2066 5176 mibi
2095 5134 2292 5177 censor
2327 5121 2430 5176 iste
2472 5120 2699 5176 fratrum
2721 5163 2736 5185 ,
2769 5133 2824 5177 et
2853 5123 3114 5180 doctrina:

1525 5213 1781 5282 magister
1832 5213 2068 5283 ignotze;
2104 5213 2209 5285 'qui
2256 5215 2513 5270 nimirum
2563 5217 2642 5271 sic
2687 5217 2903 5272 sibimet
2951 5234 3116 5288 super

1523 5305 1816 5376 discipulos
1862 5307 2296 5379 intempestivam
2341 5321 2562 5382 arrogat
2609 5311 2856 5376 ferulam,
2909 5325 2964 5368 ut
3014 5329 3114 5370 nec

1523 5390 1648 5453 dum
1669 5403 1993 5472 praeceptori
2021 5401 2311 5472 przbuerit
2331 5404 2662 5468 clientelam,
2681 5406 2841 5470 dicat,
2870 5406 3111 5476 inquam,

1523 5505 1644 5544 cum
1675 5491 1989 5548 sacerdotes
2016 5492 2272 5551 Ecclesia:
2304 5509 2566 5550 annosam
2606 5495 2854 5549 indicunt
2889 5495 3112 5565 quibus-

1521 5581 1643 5637 dam
1688 5586 2065 5652 peccatoribus
2113 5587 2519 5657 penitentiam,
2573 5589 2816 5657 nunquid
2863 5603 2968 5642 non
3014 5588 3111 5642 ali-

1522 5678 1737 5745 quando
1757 5687 1965 5732 certain
2005 5680 2247 5747 pecunia:
2289 5679 2573 5750 praeﬁgunt
2603 5695 2702 5748 pro
2729 5697 2992 5734 annorum
3024 5695 3112 5735 re-

1523 5768 1829 5836 demptione
1856 5783 2196 5835 mensuram;
2223 5779 2279 5825 ut
2305 5771 2560 5824 nimirum
2582 5770 2821 5827 facinora
2846 5787 2941 5827 sua
2969 5773 3111 5829 elec—

1525 5857 1766 5934 mosynis
1793 5860 2087 5928 redimam,
2115 5861 2208 5934 qui
2237 5860 2392 5933 longa
2422 5861 2621 5937 jejunis
2652 5864 3112 5935 perhorrescunt?

3231 3369 3534 3437 peremuat,
3588 3373 3779 3423 vestris
3828 3373 4244 3424 auctoritatibus
4285 3372 4540 3426 obviate:
4578 3383 4632 3427 et
4667 3375 4825 3442 quia,

3222 3461 3378 3530 juxta
3398 3461 3617 3513 verbum
3639 3460 3872 3520 Domini,
3899 3480 3915 3510 i
3938 3477 4034 3514 vos
4054 3461 4186 3514 estis
4209 3461 4286 3516 sal
4309 3460 4694 3528 terrm(llauli.
4715 3467 4822 3530 t),s

3228 3555 3490 3626 quidquid
3536 3557 3912 3610 amaritudinis
3945 3558 4319 3624 imperitorum
4352 3556 4628 3610 hominum
4668 3557 4830 3611 rusti-

3227 3647 3364 3701 citas
3391 3647 3629 3708 eabibct,
3663 3657 3830 3700 totum
3863 3648 4299 3717 prudentissima
4321 3649 4607 3718 gravitatis
4630 3658 4826 3704 vestr.

3225 3754 3387 3810 sapor
3437 3739 3706 3795 obdulcct.
3753 3740 3912 3794 Plura
3968 3741 4274 3809 scripturus
4319 3755 4503 3802 eram,
4552 3740 4645 3794 sed
4695 3739 4827 3794 dull

3226 3846 3418 3886 manus
3468 3832 3535 3885 ad
3582 3831 3862 3900 jaciendos
3911 3834 4092 3900 apices
4141 3841 4428 3904 properat,
4474 3831 4622 3884 finita
4673 3831 4830 3885 sche-

3225 3923 3373 3986 dnla,
3421 3925 3644 3979 nuntius
3692 3926 3855 3979 etiam
3910 3925 4158 3993 expedite
4206 3925 4532 3994 pmcinctus
4578 3922 4828 3993 equitare

3225 4013 3463 4072 festinat.

3777 4107 4114 4164 EPISTOLA
4167 4107 4258 4162 IX.

3681 4223 3708 4256 Δ
3718 4220 3745 4257 D
3785 4219 4041 4259 ειιιιεοε
4083 4215 4368 4259 μηκασ-

3452 4293 3726 4364 (Ηηὺειιιτ
3751 4307 3873 4347 (om.
3909 4293 4024 4356 Ill,
4054 4305 4229 4363 estque
4255 4309 4434 4361 opuse.
4462 4293 4581 4364 27.)

3693 4388 3852 4458 153
3897 4387 4228 4442 EPISTOLA
4280 4386 4344 4440 Χ.

3481 4495 3548 4533 AD
3578 4494 3786 4534 CLERL‘I
3818 4495 3885 4532 ετ
3919 4495 4034 4533 νυνι
4054 4494 4157 4532 ιιι
4193 4493 4556 4534 ηηκτικυι.

3222 4572 3542 4652 Δηαιῖιεκη
3564 4588 3618 4624 11.
3647 4603 3712 4611 -
3743 4570 3973 4624 Vocatus
4016 4587 4044 4623 a
4078 4571 4391 4652 Faventinis
4422 4580 4543 4652 post
4581 4575 4824 4652 ipsorum

3292 4642 3526 4711 episcopi
3560 4654 3817 4702 mortem.
3848 4653 4070 4697 excusat
4100 4659 4190 4704 se,
4236 4644 4376 4714 quod
4429 4642 4482 4714 in
4533 4642 4825 4714 prtsentia

3297 4716 3583 4783 prateritis
3627 4716 3974 4784 languoribus
3997 4755 4008 4772 ,
4043 4713 4360 4768 lassitudine
4389 4713 4543 4767 valde
4570 4715 4823 4768 debilita-

3297 4794 3403 4848 tus,
3433 4787 3498 4840 ad
3527 4801 3619 4840 eos
3647 4787 3904 4838 accedere
3937 4802 4040 4838 non
4065 4794 4268 4854 posset.
4303 4784 4520 4838 Interim
4557 4785 4676 4840 illos
4703 4787 4826 4839 bor-

3298 4865 3460 4918 tatiir,
3495 4868 3552 4910 ut
3580 4857 3815 4926 episcopi
3841 4858 4158 4910 electionem
4184 4871 4355 4924 usque
4382 4856 4448 4908 ad
4478 4856 4824 4925 imperatoris

3294 4928 3601 4988 adventum,
3636 4944 3662 4980 a
3692 4944 3798 4996 quo
3837 4930 3977 4980 illius
4010 4927 4264 4981 Ecclesia!
4295 4937 4467 4980 status
4497 4942 4824 4995 componen-

3293 5000 3393 5053 dus
3422 5010 3588 5059 esset,
3628 5015 3654 5050 a
3707 5000 3957 5067 pontiﬁce
3991 4999 4190 5053 differri
4229 5008 4456 5050 curent:
4498 5013 4560 5051 ac
4589 5000 4822 5068 presby-

3295 5081 3471 5125 terum
3505 5072 3736 5138 aliquem
3786 5073 4034 5123 iiloneuin
4069 5080 4288 5138 optent,
4333 5073 4423 5139 qui
4473 5069 4823 5141 episcopatus

3291 5143 3551 5195 vicariam
3583 5142 4106 5195 administrationem
4137 5152 4320 5212 gerat;
4355 5155 4412 5196 se
4438 5139 4824 5211 quoquc'aﬂuo

3293 5224 3476 5268 turum
3507 5213 3560 5266 iii
3594 5225 3834 5282 tempore
3864 5215 4166 5283 pollicetur.

3294 5305 3506 5359 Sanctis
3546 5321 3608 5359 ac
3648 5307 3968 5359 venerandis
3996 5305 4252 5358 fratribus
4289 5303 4597 5358 Faventiam
4627 5302 4820 5359 Ecde—

3221 5399 3316 5452 sia:
3346 5397 3488 5462 ﬁliis,
3521 5398 3667 5454 clero
3706 5409 3760 5451 et
3807 5397 4030 5467 populo,
4067 5396 4284 5452 Psncs
4332 5406 4586 5466 peccator
4627 5410 4820 5451 mona-

3220 5489 3354 5545 clins
3385 5492 3438 5544 in
3471 5489 3701 5545 Domino
3733 5489 3983 5542 salutem.

3285 5581 3420 5636 Cum
3454 5590 3655 5635 sancta:
3685 5583 3960 5635 memoria:
3989 5581 4268 5636 dominum
4299 5579 4356 5633 P.
4384 5580 4694 5649 episcopum
4723 5593 4821 5636 νδ

3215 5681 3386 5728 strum
3417 5674 3615 5728 obiisse
3643 5674 4012 5742 cognovimus,
4046 5689 4200 5726 mens
4228 5679 4409 5727 nostra
4441 5678 4659 5739 repente
4691 5679 4816 5728 tur-

3215 5765 3339 5820 bata
3369 5766 3680 5830 contabuit;
3721 5769 3882 5821 subiti
3914 5781 4075 5821 casus
4120 5781 4218 5821 nos
4254 5776 4442 5835 stupor
4489 5763 4710 5826 invasit,
4759 5771 4816 5819 es

3211 5855 3465 5915 fraterna
3509 5859 3901 5930 compassiouis
3947 5872 4150 5916 maror
4181 5858 4388 5916 viscera
4434 5864 4623 5912 nostra
4655 5872 4808 5915 como
