5428 6518
1067 322 1180 399 353

2351 338 2557 432 LiBER
2589 339 2930 414 QUINTUS,
2969 342 3192 405 EPIST.
3238 345 3337 406 Xl.

4300 354 4416 417 554

1066 449 1260 509 movit.
1287 448 1635 509 Veneraniiis
1661 456 1845 510 autem
1872 414 2017 510 iilius
2045 461 2254 522 noster,
2279 416 2450 512 abbas
2479 454 2693 514 scilicet
2718 467 2770 530 Α
2798 460 2943 531 quod
2970 464 3271 532 permissus
3288 463 3503 534 fuerat,
3531 441 3720 540 agere,
3747 468 4022 543 populum
4051 481 4271 546 quoque
4300 483 4410 533 neu

1065 556 1230 614 quem
1259 542 1329 599 ad
1368 558 1456 601 me
1499 539 1814 614 dii-existis,
1859 545 1937 602 ita
1980 562 2070 602 me
2118 547 2320 620 reperit
2373 562 2481 605 non
2526 550 2691 606 modo

1065 636 1362 709 praeteritis
1392 636 1767 711 languoribus,
1810 641 1907 698 sed
1949 651 2006 696 et
2034 642 2361 715 quibusdam
2407 643 2692 703 laboribus

1063 739 1496 803 conquassatum
1525 740 1693 805 atque
1723 734 2093 804 confractum,
2139 746 2202 794 ut
2244 753 2397 810 nunc,
2431 747 2550 794 tam
2578 740 2691 798 cito

953 881 960 888 ,
1036 824 1041 828 “
1071 822 1143 880 ad
1168 837 1270 881 vos
1295 824 1485 881 venire
1510 827 1879 899 nonpossim.
1907 827 2278 896 Quamobrem
2307 830 2484 890 donec
2504 845 2606 888 nos
2633 833 2689 889 in

1063 916 1351 973 servitium
1376 925 1624 975 vestrum
1655 919 1844 977 venire
1868 921 2170 994 contingat,
2207 923 2354 994 quod
2375 923 2535 994 juxta
2565 940 2689 982 mo-

1034 994 1255 1066 ‘dulum
1305 1020 1556 1068 nostrum
1604 1013 1761 1072 vobis
1797 1013 2111 1073 faciendum
2160 1031 2284 1074 esse
2330 1005 2686 1090 conjicimus,

1059 1117 1163 1177 per
1187 1104 1352 1178 hujus
1378 1107 1624 1179 epistolae
1653 1109 1968 1182 paginulam
1999 1111 2339 1169 brevissimae
2366 1112 2691 1185 prolationis

1059 1193 1279 1266 eloquia
1310 1196 1674 1255 destinamus.
1713 1199 1772 1256 in
1819 1211 2086 1272 quantum
2116 1218 2249 1260 vero
2277 1206 2690 1278 deprehendere

1059 1297 1389 1360 possumus,
1436 1307 1581 1348 unus
1623 1292 1852 1364 spiritus
1894 1293 2032 1364 fuit,
2079 1297 2174 1367 qui
2215 1306 2272 1354 et
2298 1297 2473 1355 nostri
2504 1299 2688 1356 cordis

1063 1381 1403 1454 ingenioium
1431 1383 1634 1457 tetigit,
1679 1394 1738 1442 et
1765 1395 2013 1443 sanctam
2058 1389 2406 1458 prudentiam
2443 1399 2689 1461 vestram

1060 1476 1120 1535 in
1147 1475 1225 1546 id,
1255 1478 1402 1550 quod
1446 1479 1591 1536 inter
1625 1495 1725 1537 vos
1759 1489 1977 1552 paetum
2008 1491 2095 1540 est
2121 1493 2288 1555 atque
2317 1493 2683 1552 conventum,

981 1558 988 1564 ’
1059 1570 1396 1628 unanimiter
1423 1570 1714 1629 incitavit:
1751 1573 2030 1641 videlicet,
2073 1585 2132 1635 ut
2177 1590 2286 1632 non
2322 1577 2540 1649 eligatis
2569 1578 2689 1648 epi-

1059 1663 1287 1732 scopum
1336 1677 1511 1734 usque
1558 1663 1630 1719 ad
1676 1664 1824 1738 regis
1871 1665 2192 1723 adventum.
2243 1666 2348 1736 Qui
2379 1667 2592 1726 scilicet
2631 1678 2690 1726 et

1021 1740 1308 1813 errorem
1348 1755 1526 1825 tollat,
1576 1764 1634 1813 et
1682 1771 1802 1825 vos,
1851 1766 2020 1830 atque
2071 1759 2373 1818 Ecclesiam
2420 1770 2685 1829 vestram,

2797 555 2853 611 in
2892 570 2979 611 me
3012 557 3304 614 charitatis
3342 558 3544 628 zelum,
3575 576 3686 616 non
3734 562 3788 618 iu
3818 578 3879 620 se
3913 564 4153 621 studium
4176 568 4413 640 proprie

2795 647 2992 706 salutis
3011 650 3238 717 habere,
3265 652 3544 722 pcenituit,
3564 652 3761 721 fateor,
3776 656 3905 727 quia
3921 656 4054 714 dum
4075 659 4413 718 vanitatibus

2795 742 3079 799 hominum
3135 745 3369 812 credidi,
3414 761 3445 801 a
3487 745 3688 805 divina:
3733 748 4040 807 voluntatis
4078 736 4247 823 linea,
4286 753 4444 814 licet»

2793 850 2938 903 sero,
2972 836 3264 909 perspicue
3303 847 3486 897 tamen
3537 855 3628 898 me
3670 840 3960 902 aberrasse
4014 848 4246 920 cognovi
4301 867 4316 906 :
4357 859 4443 915 et,
4482 911 4485 914 .

2794 927 2926 984 dum
2957 940 3346 1002 congestorum
3387 932 3654 992 aviditate
3688 935 3922 1015 piscium
3949 939 4224 998 vivarium
4253 944 4411 1015 petii,

2793 1035 2951 1078 raros
2985 1022 3202 1089 saltem,
3227 1039 3368 1097 quos
3395 1039 3498 1097 per
3530 1027 3730 1085 diffusa
3758 1011 3996 1090 marium
4023 1031 4227 1092 ﬂuenta
4256 1011 4413 1096 clad;-

2792 1111 2924 1170 dere
2964 1125 3388 1187 consueveram,
3415 1117 3716 1178 frustratus
3758 1121 3944 1180 amisi.
3975 1123 4192 1184 interea
4226 1135 4412 1188 tamen

2791 1205 3030 1276 quodam
3057 1206 3285 1266 fruebar
3313 1210 3709 1271 consolationis
3733 1215 3964 1284 auxilio,
4005 1219 4135 1291 quia
4158 1221 4414 1282 videlicet

2792 1297 2896 1354 etsi
2925 1298 2981 1354 in
3020 1298 3306 1359 lucrandis
3360 1303 3653 1362 animabus
3683 1321 3772 1364 me
3801 1321 4070 1368 exercere
4111 1327 4219 1370 non
4250 1323 4412 1387 pote-

2792 1402 2950 1456 ram,
3007 1391 3460 1453 molestissimum
3501 1404 3686 1455 tamen
3738 1402 3954 1472 pondus
3987 1405 4273 1477 popularis
4325 1423 4414 1466 re-

2791 1481 3056 1558 verentia:
3108 1499 3217 1541 non
3255 1484 3526 1546 ferebam.
3553 1487 3861 1563 Utrumque
3909 1493 4171 1552 nimirum
4213 1497 4269 1554 in
4298 1510 4414 1558 sta-
4463 1563 4467 1566 ,

2795 1584 2911 1630 tera
2963 1578 3166 1635 mentis
3217 1594 3354 1635 mea:
3400 1596 3556 1655 aqua
3607 1598 3748 1655 pene
3793 1585 3956 1644 lance
3997 1591 4312 1661 pendebat,
4355 1602 4414 1651 et

2767 1668 3103 1727 .sterilitatis
3158 1671 3525 1730 infortunium
3583 1691 3710 1733 cum
3763 1688 3980 1752 negata:
4036 1686 4414 1746 venerationis

2793 1759 2948 1818 lucro
2977 1763 3132 1820 hctus
3171 1767 3682 1836 recompensabam.
3727 1771 3828 1828 Est
3867 1773 4017 1830 enim
4067 1790 4265 1834 revera
4308 1793 4412 1852 po-

1062 1849 1270 1907 sedatis
1315 1849 1560 1924 undique
1579 1849 1794 1924 iurgiis,
1833 1851 1890 1909 in
1919 1853 2121 1924 quietis
2146 1869 2211 1910 ac
2241 1854 2394 1925 pacis
2422 1854 2688 1926 tranquil-
2714 1881 2763 1945 Β
2793 1852 3007 1922 pularis
3051 1853 3210 1911 favor
3250 1856 3591 1928 imperfectis
3631 1875 3741 1918 non
3778 1863 4137 1924 mediocriter
4187 1849 4409 1939 noxi—us,

1064 1940 1222 2000 litate
1247 1951 1576 2016 componat.
1610 1942 1766 2002 Unde
1809 1953 1868 2000 et
1907 1946 2163 2002 dominus
2194 1955 2383 2003 noster
2424 1962 2565 2018 papa
2597 1962 2687 2004 ro-
2716 1940 2757 1945 ⁷
2789 1948 2918 2018 quia
2956 1948 3042 2004 vel
3077 1950 3132 2006 in
3169 1965 3232 2007 se
3263 1950 3567 2011 delectatos
3607 1955 3773 2029 158
3801 1957 3859 2014 in
3901 1973 4059 2017 vana:
4095 1959 4286 2033 glorise
4313 1978 4410 2022 vo-

1060 2036 1272 2107 gandus
1295 2043 1402 2104 est,
1429 2044 1492 2092 ut
1517 2035 1838 2108 episcopum
1865 2036 2021 2094 vobis
2065 2037 2230 2094 modo
2278 2052 2388 2093 non
2433 2039 2679 2111 ingerat.

1063 2128 1162 2187 sed
1203 2127 1509 2187 Ecclesiam
1539 2137 1785 2187 vestram
1824 2129 2049 2188 interim
2079 2143 2312 2196 vacare,
2357 2139 2414 2186 et
2455 2145 2554 2211 vos
2583 2131 2684 2187 sub

1061 2232 1176 2276 suae
1202 2218 1605 2276 benedictionis
1629 2221 1954 2279 umbraculo
1977 2223 2516 2281 maneredecernat.
2545 2220 2684 2290 Quia

1061 2325 1196 2368 veto
1223 2326 1326 2384 per
1355 2310 1455 2369 Dei
1485 2311 1924 2369 misericordiam
1953 2312 2252 2369 industrios
2279 2312 2422 2369 inter
2454 2327 2552 2369 vos
2575 2310 2685 2369 ele-

1058 2403 1236 2470 rieos,
1263 2416 1329 2459 ac
1371 2402 1693 2474 prudentes,
1722 2411 1779 2458 et
1803 2403 2077 2461 litteratos
2113 2405 2350 2472 habetis,
2391 2405 2436 2461 si
2469 2404 2680 2477 placet,

1057 2509 1202 2552 unus
1226 2506 1296 2551 ex
1321 2493 1403 2552 eis
1429 2494 1689 2568 eligatur,
1717 2495 1812 2567 qui
1836 2497 1904 2552 ad
1927 2498 2338 2569 exsequendum
2373 2499 2481 2555 hoc
2509 2513 2682 2571 nego-

1058 2590 1198 2646 tium
1225 2589 1415 2645 utilior
1456 2590 1754 2645 invenitur.
1786 2589 1886 2646 Cui
1919 2591 2178 2646 nimirum
2209 2607 2344 2647 cura
2385 2607 2451 2648 ac
2485 2591 2683 2650 sollici-

1059 2679 1193 2738 tudo
1239 2677 1407 2736 totius
1453 2678 1802 2751 episcopatus
1834 2681 2008 2750 possit
2053 2680 2281 2752 imponi,
2331 2697 2398 2738 ac
2427 2698 2526 2755 per
2555 2698 2680 2741 eum

1055 2772 1242 2830 omnia
1272 2773 1621 2832 necessitatis
1649 2772 2051 2832 ecclesiasticae
2067 2776 2283 2848 negotia
2316 2777 2553 2834 debeant
2577 2779 2682 2834 mi-

1057 2864 1307 2921 nistrari.
1353 2865 1470 2938 Ego
1514 2865 1765 2933 interim,
1814 2866 1860 2922 si
1896 2867 2218 2940 praecipitis,
2253 2884 2378 2924 cum
2415 2878 2680 2943 opportu-

1059 2971 1190 3013 num
1218 2955 1407 3024 fuerit,
1448 2958 1503 3014 in
1535 2965 1779 3015 vestrum
1810 2958 2098 3014 servitium
2133 2961 2388 3016 veniam:
2430 2972 2488 3018 et
2511 2962 2598 3018 vel
2623 2963 2679 3020 in

1057 3047 1450 3121 consignandis
1473 3049 1685 3120 pueris,
1711 3049 1799 3106 vel
1822 3050 1878 3106 in
1909 3050 2032 3108 aliis
2054 3051 2464 3126 episcopalibus
2483 3052 2679 3110 ciliciis

1054 3157 1156 3216 pro
1189 3142 1461 3200 cbaritate
1498 3143 1630 3213 Dei,
1671 3154 1730 3219 et
1776 3153 1984 3211 vestra,
2015 3141 2246 3202 forsitan
2276 3146 2678 3220 aliquantulum

1059 3233 1343 3293 laborabo.

1527 3327 1688 3402 157
1729 3317 2069 3386 EPISTULA
2107 3329 2200 3385 XI.

1331 3436 1400 3476 AD
1437 3437 1493 3476 Ὗ.
1532 3437 1601 3476 ΕΤ
1643 3437 1692 3476 Ρ.
1736 3436 1996 3478 ειειιιοοε
2033 3437 2386 3480 FAVINTINOS.

1200 3512 1516 3586 '(Habctur
1564 3523 1705 3570 tomo
1751 3513 1852 3581 Il,
1893 3525 2072 3586 estque
2120 3533 2304 3586 opusc.
2350 3516 2476 3587 Η.)

1607 3605 1944 3664 EPISTOLA
1995 3607 2113 3662 XII.

1147 3717 1216 3758 AD
1255 3717 1307 3760 Ε.
1350 3717 1770 3759 THBSAUDARIUH
1810 3700 2249 3767 FAVENNATENSIS
2285 3719 2574 3762 ECCLBSI£.

1053 3795 1545 3869 Δῐιςυῃεκτυημ-
1568 3797 1632 3869 _D_.
1665 3795 1866 3869 Petrus
1921 3794 2312 3869 Damianusin
2360 3800 2596 3869 patriam
2637 3817 2668 3856 a

1125 3867 1424 3939 civibusiet
1458 3865 1886 3939 archiepiscopo
1913 3875 2140 3922 vocatus
2165 3907 2179 3931 ,
2235 3867 2291 3939 in
2341 3865 2446 3939 qua
2482 3882 2665 3927 tamen

1078 3995 1084 4001 ,
1125 3952 1303 4019 neque
1349 3938 1404 3993 iu
1444 3938 1665 4019 honore
1694 3937 2021 4019 habebatur,
2059 3951 2238 4019 neque
2267 3937 2323 3992 in
2356 3937 2666 4019 animarum

1126 4007 1319 4080 salute,
1350 4009 1716 4080 proﬁciebat,
1748 4008 2020 4080 incertus
2072 4007 2204 4078 quid
2256 4019 2466 4080 ageret,
2525 4011 2668 4067 hanc

1127 4077 1415 4150 epistolam
1453 4080 1650 4140 scribit
1694 4079 1760 4134 ad
1808 4077 2211 4150 thesaurarium
2261 4077 2662 4146 Ravennatem,

1128 4149 1182 4205 in
1232 4165 1338 4222 qna
1386 4150 1536 4206 illum
1561 4150 1829 4222 consulit,
1858 4149 1990 4218 quid
2037 4150 2154 4222 sibi
2190 4149 2501 4206 faciendum
2538 4165 2667 4206 cen-

1125 4219 1290 4276 seat‘:
1324 4229 1510 4276 utrum
1556 4221 1611 4275 in
1643 4219 1818 4290 patria
1853 4220 2271 4290 remanentium,
2306 4235 2374 4276 an
2406 4222 2474 4276 ad
2503 4237 2665 4277 suum

1130 4291 1521 4347 monasterium
1570 4289 1930 4346 redeundum.
1981 4289 2222 4360 Cupidus
2278 4291 2423 4347 enim
2471 4292 2666 4348 alienas

1125 4362 1342 4428 salutis,
1373 4377 1480 4418 non
1528 4369 1746 4432 poterat
1779 4375 1937 4432 :equo
1977 4364 2166 4416 animo
2193 4362 2470 4418 Ravennae
2517 4378 2661 4426 esse.

1126 4379 1342 4428 saluus,
1373 4379 1480 4418 non
1567 4379 1746 4418 eterat
1779 4379 1937 4432 :oquo
1977 4379 2166 4416 annuo
2193 4379 2470 4418 uavennae
2517 4379 2661 4426 esse,

1126 4433 1219 4490 ubi
1247 4448 1360 4488 sua:
1390 4379 1766 4512 purificationi
1799 4431 1979 4487 nullus
2030 4432 2181 4515 locus
2214 4443 2447 4515 pateret.
2473 4433 2552 4490 Ex
2579 4435 2663 4515 al-

1125 4516 1246 4561 tera
1281 4518 1410 4560 vero
1461 4514 1615 4575 parte
1641 4504 1689 4575 s_i
1737 4519 1895 4575 suum
1925 4504 2322 4575 monasterium
2361 4513 2659 4575 repeteret,

1126 4577 1420 4631 verebatur
1443 4572 1528 4628 vir
1550 4572 2009 4638 modestissimus,
2043 4587 2111 4627 ne
2145 4573 2197 4626 in
2229 4583 2380 4629 tanta
2404 4572 2657 4636 omnium

2791 2041 3036 2112 raginem
3068 2041 3257 2114 dejicit
3278 2084 3293 2112 ,
3327 2044 3412 2101 vel
3442 2046 3610 2103 etiam
3643 2049 3969 2110 resistentes
3991 2062 4229 2124 receptae
4258 2070 4412 2115 mer-

2761 2133 2937 2195 .cedis
2969 2145 3185 2192 terrore
3215 2136 3514 2209 transfigit.

2860 2222 3156 2293 Cuiusdam
3186 2229 3478 2284 occasione
3511 2229 3826 2315 festivitatis
3870 2238 4152 2297 nonnullis
4187 2241 4413 2315 religio-

2785 2313 2864 2372 sis
2920 2316 3284 2375 invitantibus
3331 2320 3500 2389 viris,
3553 2313 3976 2398 vehiculumque
4025 2313 4411 2405 mittentibus,

2785 2421 2910 2464 cum
2939 2408 3009 2464 ad
3051 2407 3375 2469 Urbinatem
3420 2415 3765 2484 provinciam
3813 2421 4186 2493 repedassem,
4223 2436 4409 2486 tantus
4463 2440 4470 2443 ‘

2783 2517 2872 2561 me
2935 2503 3322 2562 inundantium
3373 2506 3642 2578 fratrum,
3700 2513 4099 2573 monachorutu
4158 2518 4417 2578 videlicet

2784 2602 2948 2664 atque
2987 2596 3361 2665 saecularium,
3404 2597 3604 2658 ﬂuctus
3652 2603 3960 2676 absorbuit,
4008 2608 4156 2680 quod
4205 2627 4413 2684 nequa-

2782 2699 2954 2773 quam
2986 2701 3074 2773 me
3101 2686 3170 2743 ad
3202 2688 3462 2771 tutissimi
3492 2700 3688 2763 portus
3721 2695 3904 2752 sinum
3936 2691 4263 2773 retorquere
4294 2705 4412 2762 vela

2779 2770 3068 2841 permisit:
3107 2781 3168 2829 et
3213 2770 3364 2831 velut
3412 2775 3469 2832 in
3514 2777 3634 2849 ipso
3668 2795 3944 2841 marmore
3984 2799 4085 2856 per
4107 2770 4410 2849 circuitum

2781 2870 3074 2922 arenarum
3103 2867 3238 2923 mihi
3268 2882 3401 2940 ager
3427 2872 3745 2943 opponitur,
3777 2874 3908 2932 dum
3936 2890 4006 2932 ne
4037 2878 4144 2935 alio
4171 2896 4404 2956 progre-

2781 2957 2924 3024 diar,
2955 2959 3273 3030 importuna
3303 2977 3393 3021 me
3425 2973 3506 3023 tot
3529 2965 3766 3024 fratrum
3797 2969 4043 3029 cbaritas
4071 2974 4406 3036 obtestatur.

2782 3045 2934 3114 Sed,-
2964 3058 3024 3106 ut
3065 3052 3284 3124 opinor,
3336 3056 3545 3115 idcirco
3591 3050 3680 3117 ine
3727 3063 4077 3134 omnipotens
4105 3068 4251 3126 Deus
4298 3071 4410 3130 illic

2779 3143 3030 3211 permisit
3070 3147 3358 3215 accedere,
3409 3149 3500 3205 ubi
3554 3166 3664 3208 non
3710 3153 4010 3211 debueram
4061 3173 4407 3231 permanere,

2701 3251 2749 3317 ρ
2781 3245 3052 3305 quatenus
3090 3239 3219 3296 dum
3251 3253 3562 3314 praeruptos
3599 3241 3872 3306 saxorum'
3910 3253 4166 3324 scopulos
4215 3271 4408 3314 cerne-

2780 3343 2920 3396 rem,
2952 3331 3182 3389 rarioris
3210 3333 3415 3406 segetis
3440 3351 3636 3393 arvum
3661 3354 3769 3395 non
3796 3343 4022 3401 omnino
4045 3345 4407 3417 despicabile,

2778 3437 2844 3478 ac
2883 3438 2981 3494 per
3011 3424 3116 3482 hoc
3157 3426 3480 3486 insulcabile
3509 3432 3851 3503 deputarem.
3888 3436 3973 3510 Et,
3996 3438 4123 3494 dum
4154 3450 4408 3510 petrosus

2777 3531 2909 3589 ager
2935 3520 3259 3588 attenditur,
3291 3523 3348 3579 in
3384 3528 3802 3597 comparatione
3833 3506 4255 3603 ejus~trigesimi
4285 3535 4402 3591 fru-

2777 3620 2901 3665 etus
2948 3622 3117 3678 terra,
3153 3612 3580 3695 fecundissimus
3619 3619 3830 3675 novalis
3877 3619 4080 3679 Africae
4101 3622 4402 3694 iudicetur.

2775 3700 3061 3756 Anxiabar
3099 3699 3335 3775 denique
3372 3706 3527 3777 prius
3559 3709 3650 3772 ubi
3691 3725 3909 3778 possem
3951 3713 4235 3773 uberiores
4282 3719 4405 3774 ani-

2776 3806 2990 3845 marum
3029 3792 3242 3850 fructus
3279 3798 3590 3865 acquirere,
3622 3809 3680 3855 et
3727 3801 3845 3858 zelo
3873 3805 4254 3876 proximorum
4305 3809 4400 3866 duo'

2775 3891 2913 3944 ctus,
2947 3883 3196 3940 diversas
3227 3886 3396 3944 Italiae
3427 3891 3680 3961 regiones
3711 3895 3935 3952 curioso
3951 3899 4164 3955 .mentis
4197 3900 4404 3960 lumine

2775 3975 3180 4043 perlustrabam
3209 3999 3222 4036 :
3254 3981 3496 4056 dumque
3525 4000 3785 4043 revocare
3815 3988 3952 4046 alios
3979 3994 4287 4052 ambiebam
4330 4001 4400 4054 ad

2777 4062 3396 4149 rectitudinis_statum,
3447 4075 3564 4148 ipse
3609 4067 3775 4148 paulo
3805 4063 3988 4139 minus
4032 4086 4184 4155 potui
4232 4102 4400 4160 vaga-

2775 4159 2940 4214 tionis
2965 4161 3248 4219 incurrere
3271 4181 3507 4224 naevum.
3533 4169 3689 4228 Nunc
3713 4183 3935 4242 autem,-
3947 4183 4006 4231 ut
4032 4177 4114 4232 ita
4133 4159 4397 4249 dixerim,

2771 4254 2929 4323 quasi
2984 4254 3215 4312 saburra
3249 4259 3503 4327 quaedam
3547 4261 3787 4321 lembum
3831 4269 4034 4326 mentis
4076 4283 4213 4327 meae
4256 4281 4397 4345 pra:-

2770 4346 3059 4413 ponderat,
3130 4347 3241 4404 imo
3289 4348 3436 4406 velut
3483 4356 3728 4412 anchora
3791 4357 3951 4413 aﬂixa
3997 4353 4141 4427 solo,
4198 4365 4397 4435 triplici

2769 4440 3194 4509 perseverantia:
3225 4440 3355 4498 fune
3383 4455 3651 4502 coarctat.
3686 4446 3839 4505 Unus
3863 4448 4210 4510 solummodo
4235 4469 4388 4512 scru-

2769 4530 2930 4600 pulus
2959 4532 3093 4587 mihi
3123 4533 3304 4590 adhuc
3330 4534 3637 4593 molestiam
3668 4537 3891 4611 ingerit,
3922 4542 4015 4613 qui
4048 4559 4160 4613 me,
4185 4546 4396 4605 charis-

1126 4621 2012 4713 ε’,ζᾏῖεξιζῦξιιῖδῖιξζξιῇῇᾗίζῖᾱέ
2039 4621 2660 4715 ὧδ’’ᾖιάιςῄἷιῇςῇξτῖζ
2683 4625 2740 4687 D
2766 4621 2906 4715 sime
2937 4623 3370 4691 Pater,~consilii
3406 4631 3486 4685 tui
3525 4646 3750 4688 manum
3795 4632 4048 4708 ﬂagitare
4093 4641 4392 4712 compellit.

1009 4707 1020 4717 ’
1125 4715 1427 4772 clitaretur.
1472 4712 1700 4770 Videtur
1747 4707 1928 4773 tamen
1962 4712 2015 4768 in
2062 4727 2185 4768 eam
2214 4707 2541 4772 sententiam
2578 4716 2660 4771 in-

1008 4797 1025 4812 ⁶
1124 4786 1373 4859 clinare,
1406 4795 1466 4841 ut
1488 4784 2065 4859 Aanimarumulucrum
2103 4799 2203 4839 suo
2233 4785 2477 4859 periculo
2525 4800 2659 4859 prae-

1129 4864 1324 4931 ponat.
1339 4855 1533 4914 Omnia
1565 4863 1748 4913 tamen
1775 4854 1944 4922 illius,
1971 4854 2042 4911 ad
2081 4854 2247 4927 quem
2275 4857 2490 4924 scribit,
2520 4854 2656 4914 eon-

1123 4927 1254 4996 fsilio
1296 4928 1506 4998 integra
1537 4935 1742 4984 servat.
1955 4937 1967 4955 ε

1032 5059 1041 5067 ο
1114 5011 1340 5078 ⁷ϋθιιιιιο
1375 5017 1441 5076 G.
1485 5019 1742 5093 religioso
1763 5011 2114 5090 presbytero,
2143 5016 2378 5091 Araeque
2422 5017 2583 5088 Seth,
2605 5019 2660 5075 in

1056 5111 1451 5187 cymiliarcho,
1492 5110 1713 5168 Penus
1754 5110 1979 5169 ultimus
2031 5109 2425 5167 monachorum
2470 5123 2663 5169 servus

1058 5203 1477 5262 ferventissimae
1501 5201 1812 5258 devotionis
1842 5201 2187 5272 obsequium.

1044 5357 1049 5364 ,
1131 5295 1246 5352 Non
1283 5299 1530 5367 ignoras,
1577 5291 1951 5359 dilectissime,
1989 5294 2116 5364 quia
2161 5297 2218 5347 et
2258 5290 2388 5348 olim
2416 5306 2446 5348 a
2474 5291 2654 5350 Gebe-

1057 5389 1233 5446 hardo
1257 5387 1691 5461 archiepiscopo,
1713 5394 1770 5441 et
1795 5400 1969 5455 nuper
1990 5385 2060 5442 ab
2085 5386 2190 5441 hoc
2216 5399 2360 5441 novo
2376 5424 2404 5451 ,.
2420 5386 2514 5456 qui
2539 5386 2657 5443 zelo

1059 5478 1227 5537 divini
1257 5463 1495 5549 Spiritus
1522 5476 1853 5543 constitutus
1877 5483 1982 5540 est,
2009 5481 2222 5532 necnOn
2243 5485 2300 5531 et
2327 5491 2357 5530 a
2379 5475 2657 5546 plerisque

1060 5572 1337 5630 Ravenna:
1374 5573 1590 5629 civibus
1615 5584 1760 5644 sape
1785 5567 2128 5640 multumque
2155 5577 2399 5643 rogatus,
2437 5570 2656 5625 tandem

1061 5664 1313 5722 consensi
1340 5676 1354 5717 :
1377 5672 1433 5718 et
1455 5679 1698 5721 eremum
1724 5665 2007 5730 deserens,
2032 5677 2128 5734 spe
2157 5661 2403 5720 lucrandi
2425 5659 2658 5726 animas,

1062 5755 1255 5812 urbem
1310 5753 1657 5814 habitaturus
1719 5754 1936 5811 adveni.
2002 5752 2112 5812 Sed
2159 5768 2285 5809 cum
2339 5750 2658 5824 praedictum

1063 5845 1571 5932 virumicernerem,
1610 5859 1717 5906 non
1749 5847 1927 5907 dicam
1980 5847 2049 5905 ad
2087 5848 2241 5932 quod
2290 5847 2514 5913 missus,
2563 5845 2657 5902 sed

2771 4714 2872 4781 Qui
2901 4715 3156 4772 videlicet
3194 4719 3486 4790 serupulus
3510 4722 3557 4776 si
3587 4731 3698 4780 tum
3727 4727 4102 4796 responsionis
4146 4730 4331 4788 indice
4362 4749 4393 4788 a
4431 4727 4434 4730 ’
4459 4774 4466 4777 -

2768 4807 2966 4863 mentis
2995 4824 3161 4886 mea}.
3183 4811 3322 4880 pede
3354 4813 3690 4881 succutitur,
3735 4829 3844 4872 non
3884 4817 4104 4891 ambigo
4148 4835 4249 4892 per
4289 4823 4389 4880 Dei

2769 4900 3212 4956 misericordiam
3251 4902 3383 4974 quin
3420 4906 3767 4976 postmodum
3796 4917 3950 4966 secto
3976 4910 4170 4970 firmus
4192 4914 4392 4972 itinere

2767 4995 3070 5066 gradiatur.
3094 4997 3444 5070 Respondeat
3468 5017 3600 5074 ergo
3630 5004 3764 5061 mihi
3788 5007 4080 5078 prudentia
4117 5020 4230 5074 tua,
4256 5013 4388 5083 quid

2770 5090 2905 5146 mihi
2935 5092 3122 5148 utilius
3149 5093 3222 5150 sit
3249 5112 3261 5149 :
3304 5105 3491 5150 utrum
3521 5096 3633 5153 illic
3668 5098 3943 5166 habitare,
3973 5101 4066 5155 ubi
4093 5111 4151 5157 et
4176 5104 4389 5158 anima-

2767 5199 2890 5240 rum
2921 5185 3136 5242 fruetus
3162 5188 3489 5258 acquiritur,
3527 5199 3584 5246 et
3611 5190 3806 5248 devota
3834 5192 3967 5247 mihi
3995 5193 4182 5265 populi
4230 5213 4386 5253 reve—

2769 5279 2946 5334 rentia
2989 5279 3311 5334 exhibetur:
3355 5295 3424 5334 an
3475 5280 3588 5337 illic
3632 5283 3837 5353 potius,
3868 5283 3958 5339 ubi
4006 5286 4127 5342 sine
4177 5287 4382 5355 fructu,

2767 5370 2972 5441 pariter
2997 5377 3052 5423 et
3079 5370 3288 5426 honore
3329 5371 3624 5430 consistam
3654 5371 3678 5425 ἵ
3703 5371 3948 5440 Quorum
3999 5375 4134 5432 mihi
4165 5385 4382 5433 utrum-

2767 5462 2900 5518 libet
2929 5462 3292 5532 periculosum
3333 5461 3551 5518 videtur
3591 5481 3604 5518 :
3639 5471 3694 5519 et
3733 5465 3869 5520 dum
3901 5469 4133 5524 alterum
4171 5470 4376 5534 metuo,
4413 5498 4416 5502 η

2752 5558 2998 5616 .alterum
3042 5571 3258 5628 quoque
3304 5556 3660 5616 nihilominus
3702 5572 3734 5613 e
3777 5559 3994 5614 diversa
4044 5559 4226 5617 fronte
4268 5562 4380 5619 for-

2769 5657 2933 5711 mide.
2972 5654 3107 5709 Nam
3132 5653 3176 5708 si
3209 5648 3581 5712 infructuosus
3603 5657 3811 5719 vixero,
3841 5655 4211 5728 evangelicam
4243 5660 4378 5714 mihi

2767 5750 3006 5806 securim
3036 5749 3104 5804 ad
3148 5748 3384 5814 radicem
3420 5749 3634 5804 arboris
3660 5748 3896 5818 positam
3938 5763 4263 5820 expavesco,
4310 5754 4378 5834 de

2767 5858 2871 5913 qua
2919 5841 3168 5900 videlicet
3211 5840 3406 5897 arbore
3437 5842 3650 5897 Veritas
3687 5837 4007 5899 terribiliter
4033 5842 4263 5923 intonat,
4295 5842 4378 5900 ὢν
