5428 6600
407 1335 479 1364 ἐις
548 1364 551 1365 ,

436 1382 541 1445 ira

427 1442 549 1493 ..θριξὶ

427 1559 461 1596 .9
542 1562 547 1563 ,

450 1620 471 1651 ἴ
529 1617 564 1656 ei"

417 1730 494 1770 ,ξιι
509 1729 520 1738 .
543 1757 570 1788 η

411 1775 420 1788 .
444 1778 455 1785 ι

399 1797 432 1810 ’δ’
447 1808 477 1839 ν)
500 1800 567 1833 ςκέη

427 1857 430 1862 .
476 1860 491 1877 Α,
558 1862 567 1873 _

429 1820 569 1945 ξιξ,

411 1921 457 1952 ῖς
488 1924 495 1939 r
542 1918 563 1941 ’-

407 1987 416 1994 _
436 1962 447 1981 ε
468 1958 519 1993 τις·
540 1958 543 1961 ‘
564 1968 565 1971 η

389 1997 412 2004 ’⁸
444 1998 447 2003 '
466 1996 473 2009 I
488 1996 509 2009 [η

1521 389 1630 451 858

2049 388 2106 446 8.
2142 385 2352 444 PETRI
2386 380 2675 442 DAIIANI
2711 378 2866 441 ουρ.
2916 379 3098 439 PARS
3133 378 3265 440 SEU
3307 375 3547 436 TOIUS
3587 378 3626 436 l.
3667 409 3736 424 -—
3769 376 3991 436 EPIST.
4033 375 4162 433 LIB.
4199 372 4337 433 γιιι.

1524 500 1696 569 censi
1745 525 1766 560 ι
1823 499 2073 566 Succide,
2111 517 2129 554 ι
2182 500 2377 571 inquit,
2423 518 2442 551 ι
2479 499 2663 564 illam;
2712 496 2899 569 utquid
2948 497 3115 552 etiam
3145 503 3192 563 Α
3220 495 3340 568 plex
3369 494 3523 552 nobis
3548 509 3757 552 merces
3785 493 4104 566 acquiritur,
4135 492 4261 547 dum
4286 504 4354 546 ex
4384 489 4500 560 ipso
4525 487 4820 546 claritatis

1501 609 1726 658 terram
1756 603 1988 666 occupat
2025 592 2175 663 (Lac.
2208 591 2367 662 xm)?
2397 611 2415 643 ι
2461 590 2517 647 Si
2545 598 2727 645 autem
2753 587 2879 643 dum
2910 585 3119 643 fructus

1524 688 1844 762 acquiritur,
1883 684 2016 740 mihi
2055 682 2166 752 jam
2206 684 2379 738 honor
2403 681 2715 741 exhibetur,
2748 677 2893 732 illam
2940 677 3119 750 repul-

1522 781 1693 841 sionis
1720 778 2044 836 sententiam
2078 776 2162 830 vix
2206 773 2423 846 elfugio,
2465 787 2572 844 qua
2608 771 2838 827 dicitur:
2887 789 2906 823 ι
2941 771 3118 826 Amen

1521 874 1644 930 dico
1654 873 1829 938 vobis,
1843 869 2127 942 recepistis
2142 867 2444 923 mercedem
2461 875 2691 920 vestnm
2707 865 2723 932 (
2733 862 2920 920 ltum.
2936 904 2950 927 ,
2965 865 3065 933 vt).
3091 881 3111 915 ι

1522 963 1761 1025 Bbcest
1798 965 1964 1036 igitur
1989 962 2235 1034 quaestio,
2276 973 2436 1028 quam
2477 972 2506 1011 a
2554 965 2607 1012 te
2650 956 2783 1011 solvi
2828 955 3113 1010 desidem:

1521 1060 1625 1118 hoc
1651 1057 1828 1114 solum
1852 1063 1960 1122 est,
1988 1063 2210 1126 propter
2237 1052 2378 1122 quod
2402 1051 2496 1106 tibi
2527 1051 2768 1106 scribere
2799 1058 2995 1105 cuncta
3025 1063 3118 1102 su-

1520 1153 1707 1226 perius
1755 1150 2144 1220 comprehensa
2193 1146 2456 1218 disposui.
2509 1143 2614 1201 Sed
2664 1144 2822 1214 quia,
2876 1144 3119 1213 injuncto

1520 1241 1881 1302 ecclesiastici
1914 1240 2186 1312 prioratus
2217 1237 2414 1303 ocio,
2455 1247 2508 1291 te
2535 1246 2855 1307 occupatum
2889 1237 3035 1298 novi,
3064 1243 3119 1288 et

1519 1333 1855 1392 rescribendi
1890 1331 2118 1388 forsitan
2149 1333 2320 1388 otium
2362 1345 2467 1385 non
2515 1328 2673 1384 facile
2713 1330 2919 1400 poteris
2966 1342 3116 1398 repe-

1515 1428 1656 1490 rire.
1710 1439 1875 1497 super
1921 1425 2024 1481 hoc
2070 1423 2306 1494 capitulo
2351 1437 2453 1494 ego
2505 1421 2619 1492 ipse
2667 1421 2885 1476 interim
2938 1419 3119 1473 scribo

1519 1519 1661 1589 quod
1691 1519 1905 1574 sentio:
1939 1517 2196 1572 nimirum
2225 1531 2331 1570 non
2372 1525 2430 1569 ut
2469 1514 2790 1585 magistrum
2824 1512 3118 1582 discipulus

1517 1604 1765 1672 doceam,
1792 1606 1886 1664 sed
1914 1616 2097 1662 utrum
2125 1607 2228 1661 mei
2257 1595 2565 1660 intellectus
2590 1603 2856 1659 sententia
2887 1602 3115 1657 tenenda

1517 1703 1610 1768 sit,
1636 1703 1842 1759 discam
1871 1719 1886 1770 ;
1921 1702 2224 1774 prudentia:
2250 1701 2460 1757 scilicet
2495 1711 2598 1754 ture
2622 1699 2842 1769 optione
2872 1707 3112 1760 servata,

1521 1802 1581 1850 ut
1601 1794 1687 1850 vel
1727 1793 2073 1850 abnuendum
2113 1791 2333 1864 proprio
2362 1790 2504 1862 ston
2543 1805 2821 1853 coerceas,
2873 1789 2955 1842 vel
2991 1804 3117 1859 pro-

3218 586 3414 650 oﬂcio,
3446 587 3588 657 quod
3635 586 3721 656 pie
3749 585 4014 657 proximis
4052 585 4252 640 nostris
4279 581 4665 652 impendimus,
4706 579 4821 637 bel-

3217 680 3355 735 licus
3381 678 3532 734 labor
3551 681 3748 746 ori'nr,
3780 695 3939 749 quem
3969 678 4318 750 repugnando
4351 675 4649 730 vincamus.

3289 771 3395 827 Sed
3443 787 3512 828 ne
3545 773 3998 844 argnmentatloni
4041 772 4220 842 potius
4245 785 4410 841 quam
4454 768 4639 825 solide
4675 766 4821 824 veri-

3219 863 3314 916 tati
3345 862 3628 918 videamur
3658 863 3931 926 insistere,
3965 865 4090 926 hoc,
4116 864 4257 933 quod
4288 860 4692 934 proposuimus,
4720 873 4822 929 per

3218 957 3387 1009 sa'cra:
3426 953 3722 1024 Scriptura
3753 971 3856 1009 non
3890 956 4068 1026 pigeat
4092 952 4340 1024 exempla
4366 962 4694 1008 monstrare.
4723 948 4821 1005 Jo-

3221 1048 3354 1116 sepb
3382 1047 3580 1119 quippe
3613 1049 3692 1101 vir
3726 1057 3968 1110 sanctus,
4002 1060 4060 1102 ut
4097 1045 4454 1116 periculosam
4481 1042 4663 1116 populi
4689 1042 4824 1098 sub-

3219 1137 3427 1194 levaret
3472 1142 3746 1204 esuriem,
3790 1142 4081 1195 secundam
4149 1149 4264 1209 post
4314 1153 4497 1209 regem
4540 1135 4824 1208 suscipere

3219 1245 3325 1284 non
3359 1233 3591 1303 abnegat
3625 1231 3945 1302 dignitatem
3977 1251 3986 1283 :
4015 1241 4067 1284 et
4095 1232 4184 1298 qui
4215 1231 4366 1299 prius
4395 1229 4612 1299 angusti
4636 1241 4824 1282 carce-

3222 1322 3297 1376 n's
3321 1321 3499 1376 fuerat
3529 1323 3721 1386 cultor,
3744 1322 3854 1389 jam
3885 1325 4050 1377 totius
4083 1319 4300 1391 £gypti
4332 1319 4507 1373 factus
4529 1327 4614 1374 est
4648 1317 4824 1372 domi-

3221 1425 3398 1469 nator.
3434 1413 3585 1470 [inve
3613 1421 3666 1467 et
3693 1412 3888 1467 fratres
3917 1415 4032 1480 cjus
4063 1415 4127 1466 ad
4153 1411 4322 1466 .i.tc«:ib
4350 1412 4562 1465 alacres
4588 1409 4816 1463 dicunt:

3228 1529 3246 1561 ι
3285 1508 3483 1579 Joscph
3515 1510 3656 1564 illius
3691 1523 3812 1564 tuus
3841 1513 3988 1573 vivit,
4016 1521 4064 1564 cl
4114 1511 4224 1579 ipse
4251 1509 4564 1562 dominatur
4593 1509 4822 1561 interra

3225 1601 3442 1674 ἐξεγριί
3486 1602 3638 1668 (Gen.
3681 1609 3823 1668 ην).
3865 1621 3883 1654 ι
3933 1602 4165 1672 Moyses,
4220 1602 4311 1672 qui
4360 1602 4560 1654 dudum
4603 1595 4824 1668 cognati

3224 1711 3439 1767 grrgv'm
3479 1696 3530 1749 in
3572 1696 3786 1749 deserto
3817 1697 4090 1749 hllmiitlm'
4119 1696 4283 1763 pavit,
4315 1704 4370 1746 ut
4405 1690 4648 1746 melioris
4673 1699 4826 1760 post-

3226 1789 3439 1841 modum
3469 1789 3647 1856 gregis
3678 1791 3780 1840 tius
3813 1786 3987 1848 ﬁeret,
4025 1789 4188 1839 totius
4211 1781 4488 1837 lsraclitici
4520 1780 4701 1852 populi
4728 1779 4825 1834 ob-

1521 1884 1756 1943 bandum
1783 1883 2103 1956 gravissima
2133 1881 2416 1950 tttijudicii
2442 1882 2766 1936 auctoritate
2794 1881 3111 1936 caustituas.
3151 1869 3192 1926 Β
3222 1880 3466 1948 sequiqu
3509 1895 3612 1930 non
3661 1877 3873 1944 refugit,
3904 1883 3993 1947 qui
4038 1878 4292 1930 nimirum
4324 1875 4392 1928 ad
4421 1873 4557 1927 tanti
4598 1872 4824 1928 honoris

1590 1974 1800 2032 Cunaa
1853 1988 1987 2030 sane
2050 1974 2359 2030 divinarum
2417 1972 2825 2043 Scripturantm
2902 1973 3114 2041 eloquia

1519 2057 1586 2124 ad
1643 2067 1716 2123 nil
1779 2066 1956 2131 aliud,
2007 2065 2110 2122 nisi
2157 2065 2224 2120 ad
2276 2065 2582 2120 animarum
2634 2064 2864 2120 salutem
2909 2065 3118 2118 crebris

1523 2159 1685 2233 159
1727 2168 1856 2216 sunt
1890 2157 2250 2214 voluminibus
2288 2167 2532 2212 exarata.
2574 2156 2845 2227 Quidquid
2877 2159 3020 2213 cnim
3067 2159 3116 2212 in

1519 2253 1608 2308 his
1635 2251 1970 2323 pracipitur,
2009 2249 2268 2322 quidquid
2299 2250 2650 2319 prohibetur,
2699 2258 2871 2304 totum
2930 2249 3117 2318 procul

1520 2342 1687 2399 dubio
1709 2342 1778 2398 ad
1806 2349 2120 2414 provectum
2149 2340 2207 2395 ﬁt
2243 2341 2571 2405 animarum,
2601 2337 2772 2393 Paulo
2802 2349 3117 2403 attestaute,

1518 2433 1611 2504 qui
1644 2432 1756 2487 ait:
1796 2449 1815 2483 ι
1853 2430 2197 2501 Quacunque
2232 2432 2435 2502 scripta
2469 2441 2614 2497 sunt,
2650 2432 2715 2486 ad
2754 2441 2994 2486 nostram
3023 2434 3119 2486 do-

1520 2524 1754 2580 ctrinam
1793 2524 1995 2594 scripta
2036 2534 2185 2588 sunt,
2225 2534 2284 2578 ιιι
2313 2538 2412 2594 per
2453 2525 2794 2595 patientiam,
2821 2534 2875 2580 et
2923 2541 3121 2580 conso-

1521 2615 1776 2671 lationem
1832 2613 2262 2686 Scripturarum,
2316 2629 2466 2685 spem
2544 2614 2840 2670 habeamus
2913 2615 3120 2687 (Rom.

1518 2715 1591 2764 xv
1611 2708 1653 2780 ).
1704 2727 1722 2760 ι
1773 2706 1831 2763 Si
1882 2722 2012 2780 ergo
2060 2717 2286 2778 propter
2336 2706 2634 2778 Scriptura:
2683 2708 2858 2764 minas
2900 2710 2978 2765 sic
3028 2711 3124 2765 im-

1512 2804 1720 2874 pensus
1745 2797 1918 2854 honor
1939 2797 2238 2870 aufugilur,
2264 2808 2326 2852 ιιι
2346 2798 2653 2854 animarum
2676 2813 2890 2870 quoque
2918 2801 3123 2856 utilitas

1520 2889 1864 2961 negligatur;
1920 2897 2070 2960 patet
2116 2887 2383 2959 profecto,
2424 2889 2553 2960 quia
2599 2890 2846 2956 intentio,
2877 2906 2979 2962 pro
3014 2908 3122 2964 qua

1521 2981 1805 3054 Scriptura
1851 2981 2060 3038 servari
2102 2982 2310 3049 debuit,
2349 2998 2457 3038 non
2490 2991 2725 3040 tenetur.
2770 2984 2826 3040 Si
2869 2986 3013 3041 enim
3056 2986 3125 3041 ad

1520 3078 1666 3135 hunc
1710 3075 1874 3131 linem
1901 3075 2083 3132 omnis
2123 3091 2277 3132 sacra
2310 3075 2594 3147 Scriptura
2629 3069 2988 3143 refertur,'ut
3031 3094 3126 3150 per

1520 3182 1643 3226 eam
1698 3167 1847 3224 salus
1899 3166 2097 3222 anima:
2140 3166 2482 3238 requiratur,
2527 3168 2656 3222 dum
2713 3167 2978 3241 fugientes
3024 3170 3119 3224 ho-

1522 3274 1734 3325 norem,
1790 3258 2097 3314 animarum
2149 3233 2300 3313 lucra
2356 3233 2855 3329 postponimus,'id
2907 3233 3200 3331 potissi-c

1523 3373 1692 3424 mum,
1735 3365 1957 3429 propter
1999 3355 2143 3428 quod
2197 3355 2447 3426 Sriptura
2508 3353 2649 3411 facta
2702 3364 2806 3420 est,
2864 3370 2970 3409 nou
3017 3370 3131 3409 ser-

1522 3466 1736 3508 vamus.
1767 3449 1836 3506 Et
1871 3463 2130 3521 perverso
2166 3448 2348 3514 modo,
2376 3450 2503 3503 dum
2532 3449 2912 3517 obtemperare
2948 3448 3129 3503 sacris

1521 3542 1890 3600 voluminibus
1917 3542 2164 3605 nitimur,
2203 3552 2391 3597 contra
2425 3542 2539 3596 haec
2563 3543 2755 3596 eadem
2784 3555 2940 3596 sacra
2979 3541 3133 3594 volu-

1525 3634 1674 3691 mina
1699 3635 2062 3692 decertamus.
2093 3632 2196 3701 Qui
2222 3634 2367 3689 enim
2395 3633 2566 3688 dicit:
2601 3652 2619 3684 ι
2654 3632 2730 3687 Ne
2763 3635 3050 3688 recumbas
3076 3633 3131 3688 in

1527 3727 1706 3799 primo
1746 3725 1867 3781 loco
1912 3724 2074 3797 (Luc.
2114 3725 2263 3793 xlv),
2325 3744 2343 3776 ι
2404 3725 2518 3794 ipse
2575 3725 2852 3794 pnecipit,
2899 3726 3127 3779 dicens:

1533 3839 1554 3875 ι
1581 3820 1684 3888 Qui
1711 3819 1884 3884 audit,
1927 3820 2071 3874 dicat
2101 3817 2279 3872 ξυνειιί
2318 3818 2504 3889 (Apoc.
2541 3819 2697 3887 xxn).
2740 3837 2756 3867 ι
2789 3818 2852 3872 Et
2881 3818 2972 3890 qui
3007 3834 3132 3888 pro-

1526 3911 1693 3974 hibet,
1727 3927 1795 3967 ne
1823 3909 2088 3967 vocemiui
2128 3911 2368 3981 magistri
2398 3909 2589 3980 (Molli.
2624 3911 2805 3978 χχιιι),
2837 3911 2953 3979 ipse
2978 3911 3133 3979 jubet

1529 4002 1806 4074 discipulis
1829 4022 1842 4058 :
1866 4022 1885 4056 ι
1908 4001 2004 4068 Ite,
2019 4003 2205 4059 docete
2229 4012 2613 4072 omnesgeuti-s
2632 4002 2847 4070 (.ilmt/i.
2867 4013 3080 4072 xxvtn).
3106 4026 3122 4054 ι

1528 4095 1752 4166 Oportet
1777 4110 1928 4167 ergo,
1960 4107 2018 4149 ιιι
2053 4095 2179 4149 dum
2211 4097 2515 4149 animarum
2562 4094 2768 4148 fructus
2798 4096 3125 4163 exquiritur,

1528 4204 1635 4245 non
1678 4190 1915 4245 humana
1960 4187 2100 4252 laus,
2146 4204 2249 4244 non
2281 4188 2556 4258 popularis
2602 4190 2774 4250 favor,
2809 4204 2911 4242 non
2950 4190 3128 4258 aliqua

1527 4279 1752 4336 honoris
1818 4281 2126 4335 reverentia
2207 4282 2410 4334 tuentis
2481 4280 2780 4333 intentione
2833 4289 3128 4347 qureratur.

1528 4370 1680 4438 Quod
1726 4371 1770 4425 si
1812 4369 1956 4425 uitro
1986 4370 2200 4425 oblatus
2249 4372 2421 4424 honor
2453 4368 2757 4423 nolentibus
2794 4371 2948 4424 nobis
2983 4372 3134 4442 inge-

1530 4461 1691 4528 ritur,
1729 4462 2096 4518 necessarium
2127 4472 2227 4526 cst,
2269 4471 2326 4515 nt
2374 4463 2423 4514 in
2458 4462 2767 4530 paritttenlo
2803 4462 2984 4516 cordis
3032 4463 3132 4517 sub

1530 4551 1780 4607 districto
1806 4551 2106 4622 disciplina:
2132 4554 2267 4624 pede
2296 4554 2558 4615 ('alcelttr,
2585 4563 2634 4606 et
2663 4554 2806 4606 velut
2835 4565 3131 4612 venenatus

1530 4659 1758 4715 serpens
1790 4645 1840 4699 in
1882 4647 1998 4715 ipso
2046 4646 2407 4716 sugaesionis
2454 4646 2629 4714 capite
2677 4646 2840 4698 ictum
2892 4649 3126 4714 sentiat;

1533 4752 1600 4790 ne
1643 4750 1760 4800 uos,
1803 4738 1948 4807 qttod
1990 4735 2150 4802 absit,
2200 4738 2251 4790 in
2299 4747 2544 4792 extremo
2595 4736 2746 4790 bona:
2801 4740 3131 4805 operationis

1532 4823 1845 4880 calcaneum
1882 4827 2131 4881 mordere
2164 4836 2474 4895 prarsumat.
2514 4825 2621 4882 Nec
2661 4838 2838 4882 tamen
2865 4829 2934 4882 ob
2965 4829 3016 4882 id
3051 4838 3137 4884 est

1532 4918 1836 4972 animarum
1879 4919 2085 4971 utilitas
2113 4918 2430 4985 deserenda,
2465 4920 2557 4973 sed
2602 4929 2660 4972 ut
2708 4935 2890 4976 revera
2929 4922 3136 4977 strenui

1533 5009 1838 5074 bellatores,
1874 5009 2003 5064 dum
2057 5011 2416 5081 nosmetipsos
2473 5013 2794 5066 humilitatis
2837 5013 3022 5084 clypeo
3066 5014 3134 5068 ab

1536 5098 1734 5168 injecto
1773 5099 2026 5155 elationis
2074 5099 2177 5154 telo
2218 5101 2568 5171 proteginms,
2602 5102 2877 5171 proximos
2919 5114 3132 5160 nostros

1536 5178 1602 5246 ad
1651 5191 1863 5247 fortiter
1904 5192 2172 5264 agendum
2223 5201 2424 5247 sancta-
2471 5193 2866 5249 exhortationis
2913 5199 3133 5253 vocibus

1534 5282 1854 5338 excitemus.
1911 5283 2291 5348 Verumtamen
2365 5285 2410 5340 si
2477 5287 2754 5355 proximos
2835 5290 3134 5357 prudentia:

1535 5382 1735 5429 nostra:
1764 5371 1982 5443 clypeus
2014 5383 2282 5445 protegat,
2319 5390 2386 5429 ne
2427 5376 2597 5431 hostis
2626 5387 2745 5447 post
2793 5388 2999 5449 tergum
3051 5380 3130 5432 la-

1537 5465 1723 5529 titans,
1753 5463 2027 5520 occultum
2059 5481 2123 5520 ex
2156 5467 2367 5521 insidiis
2397 5467 2590 5523 vulnus
2626 5468 2852 5541 inﬂigat.
2887 5471 2978 5526 Sic
3009 5488 3138 5528 con-

1539 5566 1621 5612 tra
1653 5567 1897 5612 nostrum
1925 5557 2246 5613 dimicemus
2289 5560 2686 5624 adversarium,
2728 5573 2786 5616 ut
2812 5565 3139 5619 commilito-

1538 5647 1697 5703 nibus
1717 5649 1882 5704 etiam
1909 5648 2113 5704 nostris
2138 5649 2514 5718 provideamus
2541 5652 2824 5709 auxilium.
2872 5655 2964 5711 Sic
2991 5659 3136 5712 circa

1542 5740 1937 5798 commilitones
1968 5743 2212 5798 fraterna
2255 5744 2494 5802 Charitas
2523 5748 2727 5818 vigilet,
2761 5764 2827 5802 ne
2855 5752 3136 5821 proprium

1542 5829 1686 5887 latus
1728 5830 1924 5904 gladiis
1953 5832 2242 5896 hostilibus
2285 5838 2470 5892 nudet.
2504 5838 2593 5894 Sic
2647 5841 2725 5895 sic
2759 5842 3011 5898 nimirum
3040 5843 3140 5898 du-

3220 1971 3430 2025 culmen
3462 1973 3750 2040 perductus
3775 1981 3877 2032 est,
3905 1981 3960 2022 ut
3988 1971 4165 2022 omnis
4195 1968 4281 2022 illa
4315 1966 4664 2022 llehratorum
4691 1962 4827 2018 ntul-

3224 2063 3395 2115 titudo
3421 2067 3484 2114 λιι
3502 2064 3764 2131 jussionis
3786 2062 3902 2129 ejus
3926 2079 3980 2116 se
4005 2062 4162 2115 verba
4188 2059 4568 2130 suspenderct,
4595 2057 4831 2128 ditqu

3222 2151 3427 2222 legibus
3450 2154 3668 2221 supplet
3694 2153 4005 2220 obtempera
4017 2163 4094 2204 ret
4117 2150 4313 2220 (Exod.
4332 2151 4648 2218 ntetseqq.).
4668 2148 4826 2204 Uter-

3223 2260 3327 2314 que
3361 2256 3536 2298 tamen
3564 2254 3778 2312 quanta:
3804 2245 4230 2299 mansuetudinis
4261 2244 4313 2297 in
4347 2244 4459 2314 ipsa
4487 2241 4830 2298 sublimitate

3222 2337 3548 2407 perstiterit.
3584 2338 3948 2392 indubitanter
3989 2339 4321 2402 agnoscitur,
4347 2347 4401 2390 et
4439 2335 4568 2390 dum
4603 2333 4741 2390 alter
4764 2346 4830 2391 se

3223 2433 3622 2500 agnoscendum
3649 2432 3947 2500 peregrinis
3973 2430 4251 2494 fratribus,
4279 2447 4400 2485 cum
4430 2429 4597 2484 latere
4620 2427 4832 2499 potuis-

3227 2535 3328 2586 set,
3355 2525 3635 2577 ultroneus
3659 2523 3817 2594 ιθο
3841 2523 4024 2576 offerat
4049 2541 4059 2582 ;
4089 2523 4224 2576 alter
4255 2538 4409 2576 suam
4437 2520 4825 2585 humilitatem,

3227 2619 3370 2670 velut
3386 2617 3639 2678 alienam,
3656 2617 3930 2669 humiliter
3952 2618 4178 2686 pandat:
4199 2635 4214 2664 ι
4234 2615 4381 2679 Erat,
4401 2615 4597 2686 inquit,
4613 2612 4828 2685 Noyses

3227 2711 3308 2763 vir
3334 2711 3653 2763 mitissimus
3678 2723 3841 2777 super
3872 2724 4062 2762 omnes
4098 2708 4368 2770 homines,
4401 2707 4493 2778 qui
4527 2708 4827 2760 moraban-

3227 2811 3315 2856 tur
3349 2803 3402 2855 in
3436 2812 3577 2856 terra
3613 2799 3803 2866 (Num.
3845 2805 3965 2868 ιιι).
4005 2819 4022 2851 ι
4064 2799 4228 2856 losue
4255 2817 4490 2871 quoquc,
4519 2802 4611 2871 qui
4655 2799 4832 2875 lays!

3229 2898 3479 2951 minister
3526 2896 3829 2956 exstiterat,
3865 2909 3929 2946 eo
3961 2897 4257 2957 moriente,
4292 2895 4572 2964 suscipere
4607 2897 4832 2965 regimi-

3231 2989 3316 3043 nis
3357 2984 3588 3040 (iniciunt
3625 3001 3729 3039 non
3780 2996 3996 3039 recusat
4036 2984 4168 3052 (los.
4222 2989 4281 3054 ι).
4330 2985 4430 3052 Qui
4474 2986 4734 3040 nimirum
4779 2986 4830 3044 li

3231 3094 3328 3148 pro
3361 3078 3660 3132 humilitate
3702 3079 3963 3130 servanda
3990 3079 4326 3147 principatus
4352 3077 4474 3144 jura
4509 3087 4828 3134 contemno-

3235 3185 3334 3236 ret,
3372 3173 3674 3226 numerosis
3714 3173 3948 3240 regibus,
3981 3188 4116 3239 quos
4147 3173 4399 3241 peremit,
4449 3173 4827 3242 perimcnulatu

3233 3264 3411 3337 populi
3467 3264 3868 3317 multitudinem
3922 3275 4241 3317 cunctorum
4300 3279 4426 3318 rens
4481 3277 4826 3335 exponeret:

3231 3367 3284 3410 et
3313 3359 3437 3410 dum
3494 3359 3595 3410 sibi
3643 3367 3857 3411 caveret
3889 3357 4168 3423 jactantim
4208 3373 4418 3419 casum.
4470 3351 4701 3414 fratrum
4735 3375 4832 3414 ne-

3231 3451 3456 3522 gligeret
3507 3451 3629 3503 vita:
3668 3451 3986 3519 periculum.
4023 3452 4164 3517 Quid
4213 3453 4390 3507 dicam
4446 3452 4689 3518 Samuel,
4732 3457 4828 3524 qui

3232 3543 3470 3612 quandin
3505 3557 3610 3595 non
3648 3551 3732 3594 est
3764 3545 3830 3595 ab
3863 3544 3979 3610 ipso
4014 3544 4208 3611 populo
4231 3558 4298 3597 ex
4337 3546 4675 3616 principatus
4702 3561 4832 3603 arce

3233 3634 3496 3702 dejectus,
3529 3644 3582 3687 et
3630 3634 3879 3687 excelsus
3913 3635 4196 3686 videbatur
4233 3634 4284 3686 in
4327 3634 4544 3702 publico
4571 3677 4585 3698 ,
4640 3647 4694 3690 et
4731 3639 4832 3692 huc

3235 3727 3376 3781 milis
3399 3736 3518 3781 erat
3541 3728 3591 3780 in
3615 3727 3848 3780 occulto.
3868 3729 3967 3792 Qui
3995 3728 4242 3781 vide-licet
4278 3733 4514 3798 suscepti
4549 3733 4832 3801 regiminis

3233 3817 3410 3873 locum
3448 3818 3582 3872 adeo
3617 3818 3818 3871 invitus
3866 3819 4127 3880 deseruit,
4163 3829 4221 3872 ut
4267 3820 4568 3888 majoribus
4599 3834 4728 3876 tlaltt
4760 3840 4830 3880 ex

3234 3910 3396 3968 Israel
3417 3910 3515 3963 sibi
3539 3925 3716 3980 regem
3736 3912 4072 3980 petentibus,
4089 3911 4155 3964 de
4180 3927 4244 3964 eo
4269 3915 4519 3981 protinus
4541 3914 4828 3984 Scriptura

3232 4003 3407 4057 dicat:
3432 4021 3450 4052 ι
3477 4002 3750 4072 Displicuit
3785 4019 3966 4056 sermo
3992 4005 4042 4054 in
4077 4005 4249 4057 oculis
4275 4004 4570 4068 Samuelis,
4595 4021 4661 4062 eo
4683 4010 4830 4078 quod

3231 4094 3515 4149 dixissent.
3552 4094 3624 4148 Da
3671 4095 3827 4147 nobis
3879 4111 4082 4158 regem,
4135 4106 4190 4147 ut
4217 4096 4422 4164 judicet
4474 4113 4572 4152 nos
4603 4098 4662 4166 (I
4700 4099 4828 4172 Reg.

3232 4191 3374 4250 vtn).
3414 4207 3431 4238 ι
3469 4187 3605 4252 Quid
3655 4185 3887 4240 referam
3933 4186 4140 4239 lilium?
4169 4188 4300 4255 quid
4332 4187 4624 4244 Elisicum?
4655 4192 4746 4261 qui
4773 4200 4834 4248 ut

3234 4279 3495 4346 proximis
3531 4278 3833 4346 potuissent
3870 4295 3964 4330 sua
4004 4280 4386 4346 pt-.t-tlic.itione
4417 4281 4701 4350 prolicere,
4731 4301 4832 4340 ne-

3235 4382 3506 4440 quaquam
3538 4369 3692 4422 veriti
3726 4379 3850 4421 sunt
3895 4379 3946 4422 et
3995 4371 4175 4424 multis
4205 4387 4492 4427 coruscare
4527 4375 4831 4444 miraCuIis,

3235 4472 3290 4517 et
3318 4462 3447 4530 ipsis
3478 4461 3713 4524 regibus,
3754 4461 4008 4528 omnique
4061 4462 4256 4529 populo
4303 4465 4641 4520 venerabiles
4670 4483 4834 4538 appa-

3237 4567 3379 4608 rere.
3410 4551 3498 4613 Et,
3529 4559 3586 4604 ut
3609 4550 3720 4618 jam
3744 4555 4121 4619 praetermissis
4151 4563 4228 4606 tot
4263 4554 4472 4609 Veteris
4497 4554 4833 4617 Testamenti

3237 4644 3488 4700 Patribus
3537 4643 3599 4696 ad
3655 4642 4005 4714 Evangelium
4045 4657 4350 4708 transeam.
4397 4651 4638 4720 nunquid
4696 4668 4836 4722 pra-

3234 4753 3427 4793 cursor
3446 4736 3652 4790 Domini
3683 4738 3852 4792 vitare
3877 4740 4091 4805 penitus
4117 4741 4336 4795 honoris
4359 4747 4715 4805 reverentiam
4739 4761 4834 4816 po-

3239 4830 3359 4890 tuit,
3382 4829 3471 4896 qui
3505 4843 3561 4881 se
3593 4828 3867 4881 Christum
3911 4845 4016 4883 non
4040 4846 4161 4884 esse
4184 4833 4356 4888 turbis
4379 4834 4556 4904 ipsum
4575 4851 4696 4893 esse
4719 4854 4838 4896 cra-

3240 4921 3490 4975 dentihus
3520 4922 3603 4974 vix
3639 4921 3881 4987 negando
3905 4924 4075 4976 suasit
4094 4922 4275 4988 (Junii.
4304 4926 4378 4995 t)?
4403 4925 4651 4998 Nunquid
4671 4927 4837 4988 Petro

3239 5016 3514 5085 popularis
3557 5017 3870 5069 reverentia:
3915 5015 4067 5070 favor
4104 5017 4294 5083 defuit,
4323 5021 4413 5089 qui
4450 5028 4522 5074 tot
4553 5022 4838 5092 languidos

3241 5110 3524 5174 superlusa
3565 5106 3902 5157 SUIIllTHI'NNiO
3932 5109 4011 5158 sui
4055 5111 4299 5176 corporis
4351 5111 4541 5164 umbra
4585 5114 4840 5168 sanavit?

3244 5197 3381 5262 (Act.
3415 5195 3491 5262 v.)
3539 5195 3783 5263 Nunquid
3816 5195 3981 5248 Paulo
4022 5213 4125 5250 non
4170 5207 4250 5251 est
4303 5199 4474 5253 honor
4521 5202 4835 5268 exhibitas,

3240 5286 3674 5355 quandoquidem
3708 5288 3758 5338 iit
3793 5286 3983 5340 Listris
4025 5303 4143 5340 mox
4186 5299 4242 5342 ut
4271 5291 4466 5344 debilis
4493 5293 4741 5361 pellibus,
4769 5310 4839 5348 eo

3242 5380 3608 5448 praecipiente,
3644 5382 3912 5443 surrexit,
3947 5382 4198 5448 protinus
4221 5384 4397 5436 omnis
4440 5387 4592 5438 turba
4629 5386 4680 5438 in
4717 5385 4838 5455 ejus

3242 5473 3453 5527 laudern
3483 5472 3783 5541 stupefacta
3807 5475 4054 5528 clamavit
4093 5496 4102 5526 :
4133 5494 4150 5524 ι
4185 5475 4285 5536 Dii,
4323 5478 4590 5545 inquiunt,
4628 5479 4840 5537 similes

3244 5563 3369 5619 facti
3402 5566 3707 5620 hominibus
3742 5567 4136 5620 descenderunt
4182 5569 4246 5619 ad
4298 5584 4394 5622 nos
4429 5569 4570 5638 (Act.
4624 5575 4769 5636 atv);
4811 5591 4832 5625 s

3244 5659 3384 5712 unde
3438 5659 3576 5713 sicut
3629 5661 3789 5730 paulo
3840 5672 3960 5730 post
3994 5661 4284 5715 subditur:
4328 5681 4344 5712 ι
4386 5661 4655 5716 Sacerdos
4685 5661 4840 5720 lovis

3243 5751 3336 5820 qui
3385 5762 3502 5806 erat
3545 5762 3670 5807 ante
3703 5753 4004 5816 civitatem,
4039 5763 4223 5808 tauros
4245 5765 4298 5808 et
4333 5771 4566 5811 coronas
4602 5767 4728 5811 ante
4753 5757 4840 5826 ja-

3248 5859 3384 5898 nuas
3437 5844 3672 5900 offerens
3735 5862 3858 5901 cum
3933 5849 4186 5918 populis,
4247 5849 4458 5906 volebat
4525 5849 4841 5910 sacrificare
