5428 6538
902 393 1004 453 857

2110 384 2316 443 LlBER
2354 383 2687 456 QUINTUS,
2720 382 2941 442 EPIST.
2988 382 3123 440 XIII.

4149 371 4260 435 858

903 506 1122 583 (Ibit).
1155 527 1174 561 ι
1207 506 1313 563 Sed
1345 516 1508 576 quam
1557 500 1873 559 inﬂexibilis
1925 500 2014 557 ille
2046 502 2099 558 in
2131 516 2245 559 suae
2286 500 2511 557 bumili-
2543 513 2590 570 Α
2620 500 2777 556 vobis
2805 501 2858 556 in
2882 500 3136 567 Domino,
3172 505 3227 555 et
3257 500 3614 555 commonent
3642 508 3760 561 vos,
3786 502 3848 552 ut
3877 490 4259 583 abundantius

905 602 1029 657 tatis
1057 615 1183 655 arce
1214 594 1544 668 perstiterit,
1592 590 1915 648 manifestat
1958 591 2077 664 ipse
2106 602 2163 649 et
2213 593 2515 659 Barnabas,

902 708 1046 758 cum,
1086 689 1275 746 scissis
1324 702 1438 760 pra:
1486 684 1709 743 tristitia
1747 684 1949 739 tunicis
1974 725 1987 749 ,
2048 684 2281 739 dicunt:
2320 703 2340 735 ‹
2377 684 2519 750 Viri,

902 785 1027 857 quid
1079 782 1199 838 haec
1248 778 1467 835 facitis?
1514 786 1573 833 et
1607 792 1705 833 uos
1767 775 2031 843 monales
2071 791 2264 831 sumus
2311 774 2521 831 similes

902 873 1053 929 vobis
1078 872 1332 944 homines
1355 869 1547 943 (lbid.)
1590 886 1608 920 ι
1642 869 1725 923 An
1753 866 1992 924 dilectus
2024 867 2239 922 Domini
2277 866 2521 923 Joannes

899 965 1233 1038 evangelista
1285 965 1505 1037 penitus
1564 962 1800 1018 evadere
1858 961 2087 1017 honoris
2150 961 2520 1040 reverentiam

898 1057 1204 1133 potuit,qui
1234 1056 1552 1111 universum
1573 1052 1832 1126 populum
1864 1053 2109 1109 virorum
2135 1068 2201 1108 ac
2224 1052 2519 1111 mulierum

898 1167 1020 1210 cum
1056 1151 1275 1227 hymnis
1302 1159 1356 1205 et
1382 1148 1634 1206 laudibus
1676 1157 2062 1205 occurrentem
2106 1148 2235 1213 sibi,
2285 1149 2417 1204 dum
2451 1149 2521 1205 ab

896 1246 1092 1303 exsilio
1129 1253 1528 1311 reverteretur,
1579 1240 1824 1299 invenit?
1850 1241 1953 1299 Cui
2001 1242 2171 1298 etiam
2223 1240 2355 1299 illud
2411 1241 2524 1299 sin-

897 1341 1083 1415 gulare
1107 1339 1310 1396 Christi
1352 1337 1687 1409 prmconium
1740 1352 1847 1393 non
1876 1337 2324 1409 praesumptionis
2361 1338 2516 1404 vitio,

897 1432 990 1489 sed
1048 1431 1220 1487 nimio
1249 1429 1559 1486 devotionis
1614 1429 1889 1486 desiderio
1934 1430 2309 1485 cantabatur:
2358 1449 2376 1482 ι
2418 1428 2523 1486 Be-

898 1525 1162 1592 nedictus,
1194 1523 1369 1590 aiunt,
1400 1522 1491 1593 qui
1522 1522 1674 1577 venit
1702 1522 1755 1577 in
1796 1522 2021 1578 nomine
2050 1522 2265 1578 Domini
2294 1521 2517 1593 (Matth.

902 1619 1081 1687 ιιιιιι).
1121 1636 1141 1711 η
1173 1616 1255 1672 An
1290 1623 1346 1672 et
1380 1614 1632 1672 Andreas
1673 1615 1957 1687 apostolus
2012 1616 2198 1688 populi
2252 1616 2521 1688 obsequio

901 1717 1141 1773 caruisse
1168 1714 1477 1772 credendus
1525 1723 1631 1782 est,
1666 1729 1830 1786 quem
1870 1713 1925 1769 in
1976 1728 2141 1770 cruce
2184 1714 2521 1786 pendentem

895 1807 1021 1865 dum
1053 1808 1273 1865 Achaici
1306 1806 1777 1863 tumultuarentur
1824 1806 2058 1877 eripere.
2094 1806 2272 1878 ipsum
2301 1821 2523 1878 quoque

2626 593 2878 650 habeatis
2918 592 3039 649 illos
3091 593 3147 648 in
3190 592 3465 648 charitate
3514 596 3744 663 propter
3772 600 3910 658 opus
3956 583 4178 643 illorum
4204 580 4261 657 (1

2628 686 2813 743 Thess.
2842 686 2919 759 v).
2948 705 2966 739 ι
2994 684 3135 740 Hine
3162 692 3268 750 est,
3296 683 3443 755 quod
3477 681 3545 737 de
3560 678 3941 752 Epaphrodito
3961 678 4029 733 ad
4047 675 4261 747 Philip-

2624 793 2823 849 penses
2872 778 3051 834 dicit:
3102 796 3121 830 ι
3154 775 3427 848 Excipite,
3472 772 3674 844 inquit,
3718 769 3874 826 illum
3924 784 4048 825 eum
4102 767 4255 825 omni

2624 875 2825 949 gaudio
2847 875 2901 930 in
2927 874 3195 941 Domino;
3227 882 3284 928 et
3308 868 3579 941 ejusmodi
3608 882 3733 924 cum
3760 866 3972 922 honore
3992 865 4256 921 habetote

2625 964 2861 1039 (Philip.
2898 965 2987 1035 ιι).
3021 984 3041 1017 ι
3079 964 3137 1020 Si
3163 979 3297 1037 ergo
3328 960 3627 1035 Apostolus
3653 958 4025 1016 reverentiam
4044 955 4259 1029 fugien-

2624 1060 2754 1117 dam
2782 1060 3012 1116 omnino
3061 1058 3414 1123 decerneret,
3438 1055 3569 1111 dum
3600 1052 3951 1109 auditoribus
3976 1053 4250 1125 praecipit,

2623 1163 2685 1210 ut
2715 1154 2929 1211 doctori
2959 1166 3061 1210 suo
3088 1151 3359 1207 honorem
3392 1147 3717 1215 exhibeant,
3757 1147 3952 1203 suadet
3985 1144 4257 1218 profecto,

2624 1255 2686 1305 ut
2716 1262 2844 1304 eum
2873 1245 2942 1303 de
2971 1245 3089 1302 suis
3127 1243 3329 1301 ﬁnibus
3375 1235 3588 1317 honore
3637 1247 4042 1312 prosequentes
4068 1238 4257 1309 expel-

2624 1340 2762 1396 lant.
2797 1338 2905 1395 Sed
2935 1338 3043 1395 hoc
3078 1350 3306 1394 monere
3346 1336 3567 1391 videtur
3604 1333 3939 1406 praedicator
3967 1330 4253 1404 egregius,

2624 1442 2687 1491 ut
2734 1432 3009 1490 discretus
3058 1432 3145 1486 vir
3179 1439 3237 1486 et
3281 1431 3549 1487 honorem
3592 1426 3696 1482 sibi
3730 1426 3975 1483 delatum
4005 1423 4257 1481 exterius

2624 1508 2727 1601 pro
2760 1526 2994 1582 fratrum
3027 1518 3263 1582 utilitate
3294 1522 3585 1593 suscipiat,
3610 1531 3669 1577 et
3695 1520 3953 1576 eumdem
3983 1519 4254 1576 honorem

2625 1622 2961 1680 intrinsecus
2990 1637 3091 1694 pro
3120 1636 3219 1677 sua
3260 1618 3575 1675 humilitate
3602 1621 3952 1681 contemnat,
3982 1622 4257 1684 quatenus

2626 1716 2875 1787 undique
2904 1716 3346 1785 circumspectus
3371 1713 3451 1769 sic
3495 1710 3715 1768 illorum
3748 1708 3911 1766 saluti
3943 1707 4255 1779 provideat,

2623 1818 2685 1863 ut
2716 1808 2833 1879 ipse
2868 1818 3050 1863 tamen
3082 1805 3340 1861 elationis
3376 1805 3515 1861 vitio
3545 1821 3653 1860 non
3684 1803 4033 1860 succumbat.
4064 1798 4258 1873 Neque

895 1903 1189 1975 provinciae
1243 1900 1535 1973 praesidem
1586 1900 1907 1957 comminati
1943 1910 2073 1957 sunt
2106 1900 2425 1958 trucidare?
2453 1900 2521 1956 Et
2552 1888 2598 1949 Β
2627 1905 2795 1968 enim,
2831 1918 2891 1957 ut
2922 1918 3022 1959 nos
3044 1901 3334 1957 valeamus
3364 1902 3434 1955 ab
3465 1899 3778 1971 bujusmodi
3818 1898 3950 1953 vitio
3975 1896 4257 1953 cautiores

894 2006 955 2050 ut
979 2011 1045 2051 ex
1079 1996 1193 2067 ipso
1220 2005 1536 2053 sanctorum
1570 1994 1818 2051 omnium
1842 1994 2023 2067 capite
2044 1993 2300 2067 allegatio
2328 2008 2517 2051 noetra

895 2087 1112 2143 firmius
1159 2088 1493 2154 roboretur,
1552 2088 1981 2160 Redemptorem
2039 2097 2288 2144 nostrum
2341 2088 2515 2145 Judaei

894 2196 1077 2252 regem
1122 2180 1414 2237 voluerunt
1464 2168 1825 2248 constituere,
1879 2181 1987 2239 nisi
2040 2180 2130 2239 ille
2181 2183 2384 2239 montis
2419 2198 2517 2238 au—

894 2277 1100 2353 fugiunt
1152 2282 1399 2352 petiisset
1440 2281 1627 2345 (Joan.
1684 2282 1783 2351 vn).

880 2370 891 2385 ‘
964 2370 1022 2426 Si
1053 2386 1186 2442 ergo
1229 2372 1502 2428 mediator
1552 2372 1647 2427 Dei
1700 2382 1758 2428 et
1812 2373 2093 2428 hominum
2139 2373 2204 2426 ad
2249 2372 2515 2428 exhiben-

892 2463 1018 2523 dum
1053 2461 1223 2518 solius
1259 2462 1586 2520 humilitatis
1633 2463 1948 2535 exemplum
1982 2465 2061 2520 sic
2096 2465 2381 2521 hominum
2423 2481 2514 2521 re-

890 2554 1193 2611 verentiam
1234 2555 1501 2613 voluisset
1546 2556 1825 2626 abjicere,
1856 2566 1916 2613 ut
1964 2572 2068 2614 nec
2124 2558 2514 2615 miraculorum

890 2648 1122 2706 virtutes
1156 2650 1509 2718 ostenderet,
1543 2666 1720 2723 neque
1756 2650 2163 2722 praedicationis
2191 2652 2357 2708 verba
2388 2667 2516 2724 pro-

889 2738 1084 2809 ferret,
1124 2742 1364 2798 humano
1413 2743 1624 2815 generi,
1680 2743 1733 2798 in
1784 2745 2029 2815 peccatis
2075 2752 2317 2809 mortuo,
2356 2744 2512 2814 quid,

892 2854 1066 2912 rogo,
1120 2840 1358 2907 salutis,
1410 2840 1541 2911 quid
1592 2840 1849 2896 utilitatis
1900 2840 2059 2914 161
2126 2840 2515 2911 impenderet?

892 2930 1001 2987 Sed
1031 2932 1237 2989 idcirco
1263 2932 1435 2989 voluit
1464 2934 1799 2990 reverendus
1823 2942 1878 2990 et
1926 2933 2196 2989 mirabilis
2223 2949 2511 3005 apparere,

891 3030 955 3077 ut
1008 3023 1325 3079 mirantium
1379 3026 1447 3080 ad
1479 3040 1537 3080 se
1586 3024 1756 3082 corda
1797 3036 2167 3090 converteret,
2205 3040 2514 3082 conversos

892 3124 1074 3173 autem
1102 3133 1198 3189 per
1234 3118 1403 3185 viam,
1431 3133 1538 3190 qua
1572 3118 1949 3190 gradiebatur,
1982 3119 2050 3174 ad
2078 3119 2316 3190 patriam
2348 3135 2513 3176 revo~

893 3219 1065 3265 caret.
1103 3208 1239 3267 Cum
1270 3225 1399 3283 ergo
1440 3226 1774 3283 magnopere
1812 3211 2078 3267 timemus
2105 3212 2392 3267 hominum
2423 3226 2510 3267 re-

892 3304 1221 3372 verentiam,
1252 3320 1360 3377 qua
1407 3314 1465 3363 et
1512 3315 1702 3362 nostra
1753 3320 1876 3363 sese
1932 3306 2110 3361 virtus
2131 3314 2416 3372 exerceat,
2454 3314 2513 3362 et

896 3396 1281 3454 exhibentium
1309 3398 1585 3455 deretioni
1616 3396 1830 3456 fructus
1857 3407 2163 3455 accrescat.
2196 3398 2331 3467 Quae
2356 3399 2513 3455 vide-

895 3483 1024 3543 licet
1046 3487 1092 3543 si
1121 3488 1340 3559 quando
1364 3498 1492 3544 ante
1512 3489 1715 3546 mentis
1737 3499 1941 3546 nostrae
1958 3489 2186 3559 januam
2213 3505 2372 3565 vanae
2398 3490 2516 3563 glo-

903 3569 1012 3635 ria?
1031 3589 1197 3637 vento
1230 3582 1669 3650 submurmurat,
1703 3592 1920 3639 scutum
1950 3584 2203 3657 protinus
2231 3583 2514 3641 humilita-

894 3672 968 3729 tis
1020 3675 1315 3744 opponitur
1346 3692 1361 3734 :
1394 3683 1450 3731 et
1478 3689 1588 3746 quo
1632 3675 1927 3732 violentior
1971 3678 2113 3733 ictus
2164 3678 2511 3748 impingitur,

892 3777 961 3831 eo
1010 3767 1166 3822 nobis
1222 3767 1570 3839 locupletius,
1627 3779 1849 3838 peracta
1905 3770 2158 3836 victoria,
2226 3772 2512 3841 praemium

896 3858 1227 3914 cumulatur.
1254 3858 1425 3917 Porro
1464 3870 1646 3916 autem
1681 3862 1782 3917 nisi
1818 3860 2003 3933 aliquo
2038 3862 2202 3919 modo
2226 3863 2515 3920 venerabi-

895 3944 966 4005 lis
1015 3951 1360 4008 auditoribus
1410 3968 1645 4025 persona
1695 3955 2048 4025 praedicantis
2081 3967 2363 4029 appareat,
2402 3974 2512 4015 non

897 4042 1171 4101 admissus
1221 4046 1628 4117 praedicationis
1658 4062 1842 4104 sermo
1868 4049 2010 4119 apud
2038 4064 2228 4105 eorum
2261 4052 2510 4106 animum

904 4153 1011 4194 non
1043 4138 1285 4196 laborat.
1312 4140 1447 4197 Nam
1498 4143 1544 4197 si
1586 4142 1861 4214 loquentis
1909 4158 2145 4215 persona
2182 4144 2508 4215 despicitur,

899 4242 1070 4289 restat
1116 4245 1173 4289 ut
1223 4237 1341 4307 ipsa
1391 4234 1595 4292 locutio
1645 4238 1788 4306 apud
1825 4236 2116 4293 audientes
2152 4238 2511 4309 despicabilis

888 4321 1188 4395 judicetnr.
1223 4324 1411 4397 Neque
1453 4326 1601 4382 enim
1654 4326 1904 4383 laborare
1953 4329 2096 4399 apud
2148 4343 2265 4409 eos.
2292 4337 2511 4399 poterat

896 4412 1121 4484 Paulus,
1143 4418 1233 4489 qui
1272 4434 1397 4474 eum
1428 4420 1830 4492 despiciebant,
1855 4421 2140 4478 dicentes:
2173 4442 2190 4474 ι
2226 4422 2507 4494 Epistolas,

898 4510 1174 4583 inquiunt,
1206 4527 1401 4583 graves
1453 4521 1602 4579 sunt,
1636 4522 1689 4569 et
1736 4512 1943 4579 fortes,
1979 4516 2273 4586 praiscntia
2325 4525 2506 4571 autem

896 4606 1144 4675 corporis
1159 4604 1398 4671 inﬁrma,
1414 4616 1471 4662 et
1490 4621 1673 4663 sermo
1689 4608 2120 4679 contemptibilis
2140 4607 2225 4680 (Il
2247 4608 2370 4663 Cor.
2388 4612 2466 4681 ι).
2481 4629 2499 4663 ι

895 4700 1053 4771 Apud
1099 4713 1194 4755 eos
1224 4712 1405 4757 autem
1447 4702 1677 4759 multum
1714 4703 2046 4776 profecerat,
2073 4708 2274 4775 quibus
2299 4709 2509 4779 gratias

896 4790 1186 4848 referendo
1220 4792 1438 4851 dicebat
1468 4811 1480 4847 :
1522 4814 1541 4847 ι
1592 4794 1748 4853 Sicut
1782 4797 2039 4869 angelum
2070 4800 2164 4855 Dei
2214 4802 2514 4872 excepistis

897 4900 1018 4952 me;
1052 4884 1428 4943 testimonium
1467 4888 1616 4943 enim
1642 4889 1797 4945 vobis
1827 4890 2109 4961 perhibeo.
2141 4894 2269 4964 quia
2303 4894 2348 4949 si
2396 4893 2514 4950 fieri

894 4986 1117 5050 posset,
1149 4979 1338 5036 oculos
1382 4990 1595 5038 vestros
1638 4984 1929 5040 eruissetis
1962 4994 2017 5040 et
2046 4984 2339 5043 dedissetis
2380 4987 2511 5043 mihi

898 5065 1044 5141 (Gal.
1081 5071 1179 5143 Iv).
1203 5090 1221 5125 ι
1254 5072 1505 5145 Nunquid
1535 5075 1828 5146 Apostolus
1856 5076 2134 5147 despectui
2166 5078 2383 5135 volebat
2409 5079 2507 5135 ha-

896 5160 1039 5227 beri,
1084 5163 1226 5221 unde
1274 5166 1674 5238 conqueritur?
1704 5167 1961 5240 Nunquid
1997 5170 2308 5228 sedulitatis
2345 5172 2507 5228 obse-

894 5254 1084 5327 quium
1115 5256 1425 5323 devitabat,
1462 5260 1605 5316 unde
1652 5262 2031 5334 gratificatur?
2072 5262 2178 5319 Sed
2212 5276 2510 5337 utrumque

896 5361 1004 5403 non
1050 5356 1275 5422 propter
1300 5366 1380 5407 se.
1410 5350 1528 5407 Non
1553 5354 1700 5408 enim
1729 5355 2017 5425 quaerebat
2046 5371 2167 5427 quae
2198 5374 2295 5413 sua
2323 5368 2507 5424 erant,

896 5438 993 5494 sed
1032 5452 1154 5509 qua:
1178 5440 1425 5498 alterius.
1461 5442 1668 5500 idcirco
1700 5460 1893 5518 nempe
1927 5446 2142 5503 volebat
2172 5464 2201 5503 ιι
2233 5450 2514 5521 discipulis

895 5531 1030 5600 coli,
1054 5542 1117 5590 ut
1155 5546 1365 5595 attente
1393 5538 1561 5595 etiam
1592 5550 1779 5611 posset
1802 5541 1979 5596 audiri
2010 5556 2025 5596 :
2058 5543 2264 5598 idcirco
2293 5559 2509 5600 recusa»

897 5626 993 5685 bat
1022 5628 1092 5683 ab
1114 5629 1463 5689 auditoribus
1479 5631 1690 5705 despici
1715 5676 1729 5700 ,
1754 5634 1881 5704 quia
1924 5635 2206 5691 metuebat
2247 5637 2411 5691 simul
2455 5645 2511 5692 et

898 5735 1207 5777 sermonem
1245 5728 1543 5783 contemni.
1590 5726 1732 5782 Minc
1766 5738 1851 5785 cst
1879 5730 2025 5784 enim
2048 5773 2063 5794 ,
2095 5732 2241 5801 quod
2270 5730 2508 5789 Thessa-

898 5813 1268 5873 lonicensihus
1312 5818 1431 5873 ait:
1474 5836 1494 5872 ι
1524 5819 1802 5893 Rogamus
1854 5831 2035 5878 autem
2102 5840 2193 5879 vos
2253 5818 2507 5907 ’jratres,

899 5920 1023 5967 cum
1066 5907 1334 5968 noveritis
1360 5924 1474 5978 eos,
1500 5912 1596 5984 qui
1640 5910 1893 5973 laborant
1922 5916 1979 5976 in
2000 5930 2121 5981 vos,
2167 5924 2222 5973 et
2262 5924 2509 5990 praesunt

2539 3260 2586 3325 C

2542 4672 2589 4732 D

2626 2000 2897 2066 existere,
2928 1998 3137 2054 idcirco
3162 1995 3428 2053 debemus
3463 1992 3728 2049 fratribus
3754 1992 3959 2047 nostris
3991 1990 4257 2061 praedica-

2626 2090 2794 2147 tio:;is
2822 2090 3086 2145 auxilium
3113 2090 3411 2159 denegare,
3439 2104 3564 2143 cum
3581 2085 3795 2159 Moyses
3823 2086 3971 2141 dicat
3999 2102 4055 2139 ει
4084 2083 4232 2141 Obse

2622 2203 2743 2251 cro,
2804 2186 3057 2250 Domine,
3095 2183 3350 2255 peccavit
3401 2181 3637 2255 populus
3683 2180 3789 2237 iste
3817 2189 4108 2251 peccatum
4138 2193 4256 2235 ma-

2623 2296 2813 2353 gnum,
2839 2278 3091 2334 fecerunt
3107 2276 3213 2332 sibi
3237 2277 3371 2331 deos
3397 2288 3628 2341 aureos;
3644 2282 3750 2329 ‘aut
3770 2272 3990 2329 dimitte
4012 2275 4094 2329 eis
4110 2273 4254 2330 hanc

2622 2389 2847 2437 noxam,
2884 2380 3005 2435 aut,
3054 2371 3099 2425 si
3150 2384 3258 2425 non
3304 2366 3508 2434 facias,
3552 2366 3674 2422 dele
3714 2381 3803 2422 me
3853 2367 3921 2422 de
3965 2364 4107 2421 libro
4166 2376 4259 2422 tuo

2622 2483 2793 2538 quem
2815 2466 3082 2538 scripsisti
3140 2461 3342 2534 (Exod.
3376 2465 3574 2535 xxxii).
3610 2481 3630 2514 ι
3664 2459 3781 2529 Qua
3804 2475 3938 2532 ergo
3967 2460 4257 2518 conscieh.

2623 2563 2695 2617 tia
2745 2574 3039 2630 possumus
3067 2559 3282 2629 privato
3320 2556 3502 2612 amori
3550 2554 3786 2611 fratrum
3839 2553 3994 2609 lucra
4025 2561 4255 2625 postpo-

2622 2668 2780 2719 nere,
2823 2669 2948 2709 cum
2980 2652 3085 2708 iste
3140 2667 3250 2707 non
3286 2650 3503 2706 dubitet
3531 2663 3639 2720 pro
3658 2647 3837 2705 salute
3867 2650 4254 2721 proximorum

2619 2746 2687 2801 de
2720 2746 2861 2801 libro
2893 2745 3095 2801 divinae
3124 2743 3407 2799 memoriae
3439 2741 3695 2797 funditus
3723 2740 4017 2814 deperire?
4039 2741 4251 2798 Dehinc

2618 2838 2788 2895 etiam
2840 2835 3045 2892 Paulus
3089 2836 3261 2892 dicit:
3299 2854 3318 2888 ι
3359 2834 3630 2907 Optabam
3671 2848 3773 2907 ego
3802 2834 3923 2906 ipse
3952 2835 4252 2891 anathema

2620 2949 2746 2993 esse
2776 2950 2808 2990 a
2838 2932 3063 2991 Christo
3092 2949 3192 3004 pro
3216 2931 3485 2989 fratribus
3514 2933 3675 2999 meis,
3713 2932 3807 3003 qui
3851 2942 3986 2988 sunt
4022 2930 4247 3004 cognati

2620 3029 2727 3084 mei
2771 3029 3077 3083 secundum
3118 3038 3362 3090 carnem,
3414 3024 3510 3095 qui
3552 3033 3686 3079 sunt
3738 3022 4005 3080 israelitze
4049 3022 4247 3096 (Rom.

2631 3124 2729 3195 is).
2767 3142 2787 3176 ι
2820 3122 2959 3181 Cum
3004 3123 3173 3195 igitur
3194 3123 3371 3178 sancti
3398 3120 3522 3185 viri,
3556 3129 3616 3175 ut
3644 3119 3913 3177 fratribus
3935 3120 4252 3188 consulant,

2617 3219 2784 3275 etiam
2810 3218 3120 3274 animarum
3151 3230 3375 3271 suarum
3396 3213 3705 3285 periculum
3732 3213 3922 3271 subire
3952 3212 4114 3286 ιω
4143 3227 4256 3269 ιιοιι

2622 3316 2898 3376 metuunt,
2933 3308 3065 3381 quid
3120 3307 3269 3363 aliud
3306 3307 3540 3374 faciunt,
3571 3322 3739 3377 quam
3794 3308 4111 3377 exemplum
4163 3308 4253 3364 sui

2620 3393 2819 3475 capitis
2867 3403 3193 3459 imitantur?
3234 3400 3337 3470 Qui
3369 3401 3624 3458 videlicet
3655 3416 3757 3473 pro
3778 3400 3978 3457 ovibus
4006 3400 4252 3456 animam

2620 3513 2780 3555 suam
2810 3497 2995 3569 posuit
3025 3514 3039 3550 :
3075 3504 3154 3563 et,
3197 3504 3258 3551 ut
3285 3509 3391 3551 nos
3420 3509 3451 3549 a
3494 3504 3675 3552 morte
3700 3494 4027 3563 redimeret,
4054 3495 4255 3552 mortis

2620 3590 2869 3662 perferre
2890 3589 3154 3661 supplicia
3190 3604 3299 3645 non
3328 3588 3549 3659 expavit
3582 3586 3768 3658 (Joan.
3800 3591 3879 3658 χ).
3911 3587 4073 3644 Absit
4096 3603 4255 3661 ergo,

2626 3694 2686 3741 ut
2718 3694 2948 3755 propter
2964 3686 3231 3741 honorem
3262 3684 3354 3755 qui
3379 3684 3538 3739 nobis
3572 3682 3931 3754 impenditur,
3955 3684 4258 3741 debeamus

2621 3777 2884 3834 fratribus
2937 3780 3143 3834 nostris
3195 3776 3585 3833 aediﬁcationis
3632 3775 3801 3832 verba
3862 3776 4248 3833 subtrahere:

2620 3875 2717 3930 sed
2754 3882 2981 3945 propter
3026 3887 3218 3928 eorum
3278 3871 3540 3937 salutem,
3596 3870 3777 3941 ipsum
3826 3870 4257 3941 acquiescamus

2622 3969 2891 4024 honorem
2919 3966 3307 4039 aequanimiter
3334 3965 3588 4021 tolerare.

2695 4066 2824 4121 Ilaec
2857 4073 3066 4129 autem,
3122 4062 3453 4120 venerabilis
3501 4062 3686 4127 Pater,
3743 4058 4005 4127 dixerim,
4056 4077 4165 4117 non
4196 4071 4259 4119 ut

2619 4158 2978 4229 pertinaciter
3007 4157 3214 4227 proprii
3246 4155 3558 4211 intellectus
3584 4154 3879 4209 arbitrium
3911 4169 4133 4225 sequar,
4162 4164 4259 4214 aut

2618 4251 2738 4307 haec
2765 4249 3045 4305 afﬁrmare
3076 4264 3443 4320 praesumam;
3492 4247 3589 4303 sed
3619 4254 3681 4303 ut
3712 4255 3768 4301 tu
3812 4248 4118 4303 secundum
4170 4251 4257 4305 in-

2619 4344 2844 4417 genium
2877 4343 2975 4399 tibi
3005 4343 3277 4398 divinitus
3306 4342 3520 4407 datum,
3554 4342 3640 4397 vel
3672 4340 3717 4396 si
3757 4356 3848 4397 res
3876 4342 4042 4398 aliter
4066 4343 4256 4413 habet,

2617 4439 2864 4493 insinues
2891 4457 2904 4491 :
2941 4437 3025 4493 vel
3055 4452 3179 4508 qua:
3229 4437 3374 4492 dicta
3405 4446 3558 4503 sunt,
3590 4435 3921 4509 gravissima
3957 4437 4033 4491 tui
4060 4436 4259 4509 judicii

2618 4532 2950 4585 auctoritate
2980 4532 3298 4585 confirmes.
3342 4528 3559 4597 Saluta,
3592 4545 3801 4601 quaeso,
3838 4546 3907 4587 ex
3939 4544 4062 4586 mea
4100 4541 4261 4604 parte

2620 4620 3011 4676 charissimum
3071 4620 3205 4676 mihi
3258 4630 3475 4690 patrem
3546 4632 3602 4676 et
3671 4622 4007 4696 magistrum
4069 4639 4257 4680 meum

2619 4712 2984 4768 Mainfrennm
3016 4714 3405 4786 presbyterum
3425 4754 3442 4780 ,
3465 4723 3525 4771 et
3554 4714 3983 4773 dilectissimum
4016 4714 4257 4773 fratrem

2620 4823 2800 4863 meum
2831 4807 3137 4864 Gerardum
3169 4809 3238 4863 de
3267 4808 3492 4865 Bianca.
3523 4807 3742 4866 Reddat
3765 4808 3876 4865 illis
3901 4810 4257 4881 omnipotens

2620 4899 2765 4955 Deus
2812 4900 3000 4955 omnia
3050 4898 3195 4956 bona
3248 4915 3372 4971 quae
3414 4900 3551 4957 mihi
3599 4899 3859 4959 fecerunt
3907 4917 4011 4973 pro
4062 4918 4255 4962 amore

2618 5008 2755 5066 eius.

3164 5108 3506 5168 EPISTOLA
3554 5108 3693 5167 XIII.

2928 5220 2998 5262 AD
3024 5220 3368 5263 CAPELLANOS
3390 5220 3724 5263 601'!“le
3751 5221 3931 5265 DUCIS.

2619 5326 3037 5396 Aestimemus,
3060 5323 3418 5396 —Defendit
3447 5326 3567 5396 sea
3600 5324 3880 5379 'calnmnia
3931 5324 4246 5396 capellano-

2698 5412 2818 5454 rum
2845 5393 3150 5452 Gothifredi
3176 5396 3462 5465 ducis.qui
3494 5395 3643 5452 illum
3675 5397 3923 5453 avaritize
3952 5393 4243 5463 ta’sabant,

2692 5469 3011 5525 earumdem
3060 5482 3281 5538 quoque
3337 5466 3473 5523 duas
3527 5467 3886 5538 pravissimas
3945 5468 4242 5537 opiniones

2696 5539 2999 5611 redarguit.
3022 5539 3381 5596 Afﬁrmabant
3408 5540 3554 5595 enim
3576 5540 3809 5596 clericos
3838 5555 4001 5610 posse
4034 5555 4241 5597 uxores

2692 5610 2917 5666 ducere.
2948 5610 3072 5666 illos
3094 5611 3184 5681 qui
3211 5612 3583 5681 episcopatus,
3608 5623 3659 5666 et
3684 5612 3991 5668 sacerdotia
4028 5626 4242 5668 merca-

2694 5691 2907 5748 rentur,
2929 5683 3227 5755 dummodo
3272 5683 3677 5754 impositionem
3714 5699 3909 5740 manus
3936 5683 4113 5755 gratis
4142 5698 4236 5740 ac-

2693 5755 2956 5828 ciperent.
3003 5754 3347 5810 Simoniacos
3377 5771 3484 5811 non
3513 5769 3653 5810 esse.
3715 5756 3890 5823 Quam
3942 5764 4241 5828 utramque

2692 5827 2946 5888 haeresim
2976 5842 3097 5883 esse
3119 5866 3133 5893 ,
3161 5836 3347 5897 aperte
3374 5829 3630 5882 ostendit.
3726 5884 3731 5889 ,

2695 5920 2919 5980 Dilectis
2976 5921 3030 5980 in
3083 5916 3307 5980 Christo
3365 5919 3630 5979 fratribus
3684 5921 3989 6005 capellanis
4041 5920 4239 5980 Gothi-
