5428 6560
1658 387 1771 458 ω
2159 391 2220 453 s.
2262 393 2464 452 perm
2505 391 2789 454 DAMIANI
2824 391 2976 455 opp.
3017 384 3202 453 Mus
3236 385 3370 449 seu
3412 383 3649 444 'l'OllUS
3688 381 3728 441 ι.
3762 416 3802 431 -

2824 391 2976 455 οριν.
3017 384 3202 453 PARS
3236 385 3370 449 SEU
3412 383 3649 444 τοιιυε
3688 381 3728 441 I.
3762 415 3832 431 —
3869 381 4088 440 EPIST.
4129 379 4257 436 LIB.
4304 379 4416 436 VIII
4829 376 4933 435 MO

1659 512 1803 572 fredi
1854 511 2026 577 ducis,
2082 504 2296 567 Penus
2343 522 2595 582 peccator
2645 511 2944 567 monachus
2991 508 3239 565 salutem.
3273 511 3324 569 Α
3353 504 3517 570 tibus,
3549 502 3780 574 cleptica
3836 499 4022 555 fraude
4068 497 4360 567 subripuit,
4389 503 4442 550 et
4473 493 4626 550 vobis
4657 490 4793 550 nihil
4815 506 4934 549 out-

1729 603 1866 661 Cum
1917 603 2237 660 ser-randum
2277 601 2480 671 aliquid
2533 601 2677 672 quod
2717 602 2868 657 cordi
2903 603 2975 657 sit
3003 602 3245 656 scribere
3350 600 3476 654 nino
3519 597 3894 669 peccantibus,
3941 594 4065 665 quia
4113 604 4294 648 tamen
4347 600 4528 647 vester
4570 599 4690 645 erat
4733 590 4934 656 socius,

1659 697 1831 763 soleo,
1880 695 2163 766 multiplici
2215 695 2552 749 diversorum
2612 695 2861 750 codicum
2915 694 3243 750 bibliotheca

1657 789 1913 856 vallatus,
1941 788 2208 859 majorum
2246 788 2553 842 sententias
2586 787 2786 852 recolo,
2815 795 2999 858 atque,
3027 788 3113 841 ubi
3146 802 3243 842 ne-

1653 884 1959 940 cessarium
1983 891 2087 946 est.
2133 881 2201 936 ad
2237 896 2424 936 eorum
2456 895 2674 956 semper
2701 880 2945 951 exempla
2976 896 3199 936 recurro
3225 896 3239 933 :

1655 989 1802 1033 nunc
1828 983 2010 1030 autem
2049 975 2102 1028 in
2143 975 2400 1044 praerupti
2437 973 2638 1028 montis
2665 983 2828 1043 atque
2856 973 3050 1028 nivalis
3078 988 3240 1028 cacu-

1661 1066 1811 1122 mine
1837 1066 2184 1131 constitutus,
2227 1065 2354 1120 dum
2406 1065 2805 1120 monasterialis
2832 1063 3044 1120 adiﬁcii
3076 1063 3243 1120 fabri-

1651 1171 1776 1214 cam
1807 1165 2126 1213 construere
2160 1157 2356 1227 gestio,
2383 1171 2491 1212 non
2523 1158 2683 1211 modo
2714 1154 2976 1210 librorum
3004 1156 3237 1227 paginis,

1652 1261 1773 1320 quae
1799 1246 1987 1320 procul
2009 1247 2492 1312 absunt,insistere
2519 1261 2760 1318 nequeo;
2796 1247 2891 1302 sed
2921 1254 2976 1301 et
3006 1238 3241 1322 caemen—

1654 1341 1920 1398 tat‘lorum
1953 1355 2017 1396 ac
2045 1340 2367 1395 latomorum
2395 1339 2855 1412 perstrepentium
2886 1338 3124 1394 clamore
3148 1339 3239 1392 de-

1651 1447 1895 1505 pressus,
1929 1432 1985 1486 id
2013 1431 2186 1503 ipsum
2216 1445 2375 1502 pene,
2405 1431 2551 1501 quod
2581 1432 2724 1486 intra
2753 1445 2842 1486 me
2861 1439 2966 1496 est,
2992 1430 3241 1502 ignorare

1648 1523 1947 1595 compellor
1977 1539 1990 1575 :
2017 1522 2158 1577 unde
2183 1523 2338 1579 vobis
2364 1522 2606 1578 scribere
2632 1523 2820 1586 timeo,
2853 1536 2921 1576 ne
2945 1520 3072 1576 dum
3115 1520 3238 1591 styli

1649 1613 1799 1670 rudis
1822 1611 2110 1669 articulum
2135 1611 2601 1683 inexpugnabilia.
2626 1612 2767 1667 sicut
2795 1609 2994 1665 talibus
3016 1609 3237 1680 dignum

1651 1715 1755 1774 est,
1796 1722 1904 1763 non
1944 1706 2242 1762 munierint
2291 1706 2605 1762 testimonia
2651 1703 3080 1776 Scriptum-rum.
3114 1718 3240 1756 mox

1652 1808 1715 1855 ut
1765 1797 1908 1856 elato
1953 1797 2268 1868 supercilio,
2300 1807 2356 1853 et
2388 1807 2578 1871 rugata
2610 1796 2788 1853 fronte
2818 1796 3081 1868 legeritis,
3114 1805 3236 1850 tan-

3347 691 3744 763 quodnmmodo
3783 703 3992 742 n:evum
4046 697 4231 741 reatus
4269 685 4500 739 induxit.
4546 683 4648 752 Qui
4708 697 4833 737 mox
4883 683 4936 737 iu

3346 782 3574 839 crimine
3597 782 3993 853 deprehensus,
4017 790 4070 833 ct
4102 780 4300 834 minaci
4325 789 4533 833 terrore
4559 776 4824 830 Beatricis
4843 790 4936 830 cx-

3344 877 3742 934 cellentissinue
3771 876 3954 939 ducis.
3984 885 4039 930 et
4087 872 4639 942 animosexiraginis
4669 871 4939 926 violente.-

3345 983 3662 1040 oppressus,
3684 983 3874 1022 aurum
3902 964 4056 1022 fratri
4082 964 4516 1022 nostrolatenter
4529 962 4709 1018 attulit
4737 979 4750 1016 :
4777 972 4940 1033 atque

3344 1072 3404 1115 ut
3448 1076 3546 1129 pro
3576 1075 3636 1115 se
3690 1060 4108 1130 supplicaretur,
4142 1058 4340 1113 oravit.
4390 1056 4563 1124 Quam
4605 1070 4738 1110 sane
4785 1071 4938 1110 sum—

3344 1171 3488 1211 mam
3518 1169 3663 1222 mox,
3699 1164 3756 1209 ut
3789 1154 4128 1217 rescivimus,
4158 1153 4336 1208 eidem
4367 1152 4570 1207 clerico
4593 1150 4746 1204 reddi
4795 1163 4940 1219 pra-

3342 1249 3586 1318 ccpimus
3618 1266 3630 1302 :
3667 1257 3830 1318 atque
3858 1256 3917 1300 ut
3943 1247 4011 1301 de
4044 1245 4377 1300 restituenda
4425 1243 4526 1298 sibi
4559 1242 4794 1298 dominae
4822 1256 4940 1298 sua

3342 1342 3516 1410 g‘ratia
3544 1355 3648 1396 non
3675 1340 3961 1403 difﬁderet,
3989 1337 4264 1393 exhortati
4291 1351 4502 1392 sumus.
4527 1334 4703 1402 Quam
4730 1333 4819 1388 ille
4840 1348 4940 1405 pe-

3340 1431 3558 1484 cuniam
3593 1435 3719 1485 dum
3745 1432 4096 1484 vehementer
4127 1429 4425 1492 insisteret,
4458 1436 4513 1482 et
4534 1426 4698 1482 nullis
4715 1427 4942 1480 oruuino

3341 1525 3594 1593 precibus
3626 1525 3780 1578 nobis
3808 1525 4052 1593 ingerere
4078 1523 4378 1592 potuisset,
4406 1519 4579 1576 altero
4598 1519 4824 1575 tandem
4851 1517 4942 1573 die

3341 1615 3493 1671 fratri
3527 1623 3714 1671 nostro
3728 1615 3864 1670 clam
3891 1616 4057 1678 dedit,
4081 1615 4266 1683 sicque
4287 1628 4345 1668 se
4368 1612 4635 1668 mordacis
4650 1609 4941 1667 conscien-

3343 1710 3431 1763 tiae
3475 1710 3713 1779 pondere
3751 1708 4024 1778 levigavit.
4061 1708 4170 1762 Cur
4197 1721 4327 1778 ergo
4360 1706 4607 1760 avaritia
4631 1704 4932 1769 accusatis,

3339 1816 3500 1871 quem
3533 1800 3778 1869 pecunia:
3806 1810 4074 1868 quntum
4106 1808 4388 1870 tantopere
4417 1797 4813 1868 contempsisse
4841 1811 4938 1852 co-

1649 1905 1816 1962 quam
1835 1888 2034 1945 deliras
2055 1889 2388 1944 somniorum
2414 1902 2604 1960 nugas,
2626 1896 2682 1943 et
2709 1887 2868 1943 anilis
2891 1886 3107 1956 ineptia.-
3131 1901 3239 1940 ηε-
3267 1902 3313 1963 B
3341 1892 3638 1962 gnoscitis?
3676 1890 3787 1945 Cur
3811 1890 4101 1944 adversum
4133 1903 4221 1944 me
4259 1889 4470 1960 linguas
4496 1887 4718 1951 aeoliis,
4745 1895 4802 1940 et
4826 1899 4942 1942 tuo.

1660 1982 1780 2038 nias
1816 1979 2149 2052 conspuatis.
2189 1977 2577 2035 Verumtamen
2607 1993 2709 2050 ego
2748 1978 2894 2034 malo
2922 1991 3044 2033 cum
3069 1977 3236 2031 David

1656 2070 1845 2129 salivis
1895 2070 1949 2126 in
1996 2069 2224 2125 barbam
2271 2067 2632 2125 deﬂuentibus
2661 2068 2803 2140 apud
2849 2067 3004 2128 Aelii,
3056 2080 3237 2136 regem

1658 2161 1819 2226 Getb,
1850 2161 2088 2217 furiosus
2114 2159 2299 2230 dici-(l
2344 2159 2474 2231 Reg.
2507 2160 2645 2230 ιιι),
2670 2168 2724 2214 et
2750 2173 2872 2214 eum
2900 2158 3050 2222 Jesu,
3096 2158 3239 2212 sicut

1653 2255 1868 2313 Marcus
1895 2254 2109 2317 asserit,
2153 2252 2295 2324 apud
2339 2251 2555 2308 Judaeos
2592 2253 2944 2323 phreneticus
2971 2250 3235 2321 appellari

1650 2347 1846 2420 (lare.
1871 2348 1979 2419 ιιι),
2001 2361 2164 2420 quam
2194 2347 2479 2418 imperitia
2500 2355 2684 2402 notam
2711 2346 2926 2411 timens,
2961 2347 3012 2400 itt
3046 2359 3238 2415 super-

1654 2453 1741 2494 nte
1776 2437 2079 2506 maiestatis
2128 2437 2380 2493 examine
2405 2437 2472 2494 de
2507 2439 2723 2492 silentio
2749 2437 3118 2502 condemnari,
3152 2435 3237 2490 di-

1649 2543 1782 2587 cens
1810 2543 1933 2584 cum
1956 2527 2097 2585 Isaia
2132 2547 2145 2582 :
2182 2547 2200 2579 ι
2244 2529 2334 2584 Vae
2359 2528 2492 2584 mihi
2520 2529 2647 2598 quia
2669 2530 2834 2594 tacui,
2856 2530 2981 2600 quia
3015 2529 3099 2582 vir
3125 2528 3238 2597 pol-

1646 2620 1796 2678 lutus
1825 2620 1985 2677 labiis
2009 2635 2110 2692 ego
2135 2635 2253 2676 sum
2287 2619 2426 2689 (Isa.
2454 2621 2552 2689 vt).
2591 2640 2608 2672 ι
2639 2619 2812 2676 Porro
2842 2620 2999 2692 ιω
3034 2639 3050 2671 ι
3092 2619 3236 2689 quod

1649 2712 1876 2770 stultum
1900 2720 1984 2768 est
2003 2711 2121 2778 Dei,
2145 2710 2447 2782 sapientius
2467 2720 2554 2766 est
2577 2710 2887 2766 hominibus
2908 2709 2957 2779 (l
2989 2706 3114 2763 Cor.
3135 2712 3192 2778 ι).
3214 2728 3233 2761 ι

1649 2802 1719 2860 Et
1745 2802 1888 2860 sicut
1926 2803 2066 2858 idem
2098 2801 2231 2857 dicit
2255 2801 2544 2874 Apostolus
2577 2819 2590 2854 :
2631 2820 2649 2852 t
2686 2799 2819 2870 Quia
2851 2816 2955 2856 non
2982 2792 3238 2870 cognovit

1648 2894 1885 2954 mundus
1907 2908 2006 2966 per
2034 2894 2357 2965 sapientiam
2390 2894 2580 2960 Deum,
2611 2893 2815 2964 placuit
2840 2894 2950 2948 Deo
2980 2907 3076 2962 per
3100 2891 3237 2945 stul-

1647 2986 1827 3042 titiam
1840 2983 2244 3054 przdicationis
2265 2983 2443 3040 salvos
2467 2985 2647 3040 facere
2668 2983 2953 3040 credentes
2975 2983 3021 3054 (1
3032 2985 3186 3053 διά).
3217 3004 3232 3032 ι

1644 3075 1760 3134 Hoc
1785 3075 1988 3133 etenim
2014 3085 2072 3132 et
2101 3076 2335 3132 Samson
2361 3075 2453 3131 ille
2473 3076 2732 3147 signavit,
2761 3077 2851 3147 qui
2877 3092 2999 3131 cum
3030 3077 3237 3131 mandi-

1643 3165 1770 3225 bula
1822 3166 1960 3223 asini
2003 3165 2151 3223 mille
2189 3165 2535 3222 Philisthteos
2590 3166 2915 3222 mirabiliter
2965 3165 3238 3220 interfecit

3343 1987 3660 2057 repugnanti
3693 1986 3994 2041 mordentis
4015 1985 4254 2054 obloquii
4289 1985 4486 2038 vulnus
4515 1981 4756 2053 infligere
4783 1978 4944 2036 festi-

3342 2078 3517 2132 natis?
3549 2077 3682 2131 Nam
3713 2086 3767 2131 et
3798 2075 4054 2130 Salomon
4086 2075 4253 2129 dicit:
4295 2092 4314 2125 ι
4347 2071 4594 2128 Jaculum
4621 2079 4676 2125 et
4699 2068 4939 2140 διδάξω,

3339 2178 3393 2221 et
3438 2167 3635 2237 sagitta
3679 2175 3836 2220 acula
3888 2165 4072 2229 homo,
4101 2165 4194 2234 qui
4250 2163 4490 2233 loquitur
4528 2169 4717 2215 contra
4751 2159 4944 2230 prosi-

3339 2273 3487 2311 mum
3519 2273 3675 2310 suum
3734 2256 4104 2310 testimonium
4161 2253 4358 2308 falsum
4390 2250 4578 2322 (Prov.
4621 2251 4774 2318 xxv).
4816 2270 4836 2304 ι
4875 2250 4946 2306 Et

3339 2348 3660 2420 psalmista:
3698 2369 3712 2398 ι
3755 2348 3874 2402 Filii
3920 2348 4232 2410 hominum,
4278 2346 4471 2400 dentes
4511 2359 4704 2400 eorum
4758 2356 4941 2407 arma,

3342 2449 3395 2494 et
3415 2439 3839 2510 sagittze,lingua
3868 2454 4054 2492 eorum
4084 2438 4354 2492 machaera
4379 2445 4539 2492 acuta
4564 2435 4743 2508 (Paul.
4765 2437 4936 2506 Lvt).s

3341 2531 3523 2600 Egone
3547 2529 3860 2600 cupiditatis
3897 2530 4207 2600 arguendus
4238 2546 4380 2593 sum,
4414 2529 4507 2600 qui
4535 2530 4781 2601 recipere
4809 2530 4944 2584 sub-

3341 2633 3492 2691 repta
3556 2623 3891 2692 contempsi,
3946 2623 4152 2676 crimen
4209 2621 4459 2676 indulsi:
4516 2636 4581 2677 ac
4626 2635 4727 2692 pro
4775 2618 4944 2675 malis

3339 2713 3480 2766 bona
3530 2715 3839 2777 restituens,
3895 2713 4118 2768 herilem
4170 2729 4262 2768 reo
4311 2714 4545 2784 gratiam
4601 2711 4944 2768 reformavi?

3339 2803 3470 2873 Ego,
3505 2805 3745 2874 inquam,
3779 2806 4021 2859 avaritir
4053 2806 4321 2860 notandus
4357 2822 4499 2870 sum,
4537 2807 4632 2878 qui
4657 2803 4942 2873 iussurum

3339 2897 3717 2965 :equanimiter
3743 2896 3976 2967 pertuli;
4003 2913 4070 2950 an
4123 2895 4235 2960 ille,
4270 2897 4434 2970 ια
4473 2899 4567 2967 qui
4610 2912 4832 2954 sacrum
4870 2897 4946 2953 de

3339 3005 3497 3044 sacro
3549 2991 3893 3060 stthripiens,
3943 2992 4257 3057 sacerdotii,
4293 3007 4401 3061 quo
4452 2991 4946 3056 fumbatur,oﬂ-

3339 3084 3481 3138 cium
3528 3083 3868 3154 profanavit?
3897 3085 4172 3140 Adversus
4207 3101 4368 3158 quem
4411 3086 4687 3153 videlicet,
4716 3086 4942 3155 fratres,

3341 3176 3440 3230 hoc
3469 3191 3568 3246 ego
3597 3192 3849 3231 sermone
3876 3193 3983 3232 non
4019 3179 4250 3234 invchor
4287 3196 4298 3232 :
4341 3180 4435 3234 sed
4463 3191 4649 3236 vestra
4673 3197 4942 3252 provoca-

1653 3257 1861 3329 (Jstdic.
1903 3256 2018 3329 xv).
2065 3256 2295 3314 Samson
2336 3259 2482 3314 enim
2515 3298 2530 3320 ,
2575 3259 2668 3330 qui
2712 3259 3104 3328 interpretatur
3151 3256 3233 3312 sol
3263 3269 3309 3335 ρ
3342 3277 3426 3323 ωε
3453 3269 3696 3334 infamia,
3740 3286 3797 3324 ηι.

2799 3265 3104 3328 "prem!!!"
3151 3256 3233 3312 ιοι
3263 3269 3309 3335 C
3342 3277 3426 3323 tus
3453 3269 3696 3334 infamia,
3740 3286 3825 3324 me
3855 3279 4063 3326 tantum
4090 3271 4382 3340 pttriflcare
4409 3274 4726 3346 compellor.
4751 3275 4943 3332 Pisa-

1642 3363 1848 3414 eorum,
1881 3347 2132 3405 Christus
2169 3357 2274 3415 est,
2305 3349 2402 3418 qui
2437 3350 2490 3403 in
2539 3349 2848 3404 mandlbula
2899 3349 3057 3415 asini,
3089 3349 3233 3404 bruti

1647 3441 1901 3499 videlicet
1925 3451 1982 3497 et
2027 3441 2291 3514 simplicis
2317 3442 2589 3508 animalis,
2618 3443 2883 3512 plurimos
2915 3442 3191 3499 interemit
3219 3458 3233 3497 :

1644 3533 1866 3605 quando
1907 3548 2006 3604 per
2030 3549 2126 3590 ora
2154 3535 2487 3604 piscatorum
2517 3544 2682 3606 atque
2712 3534 3038 3605 simplicium
3068 3551 3237 3606 genus

1647 3623 1946 3680 humanum
1991 3638 2021 3679 a
2070 3624 2340 3694 superbiae
2393 3639 2504 3680 sua
2534 3625 2716 3696 rigore
2741 3624 3025 3690 contrivit,
3055 3633 3114 3679 ut
3144 3627 3233 3694 qui

1645 3713 1716 3770 ad
1735 3713 2084 3772 debellanda
2110 3729 2302 3772 aereas
2327 3725 2554 3772 venerat
2583 3725 2900 3788 potestates,
2959 3732 3067 3772 non
3111 3732 3234 3772 cum

1644 3807 1956 3864 oratoribus
1995 3821 2060 3862 ac
2101 3807 2465 3878 philosophis,
2497 3806 2592 3864 sed
2631 3822 2755 3863 cum
2789 3808 3013 3865 mitibus
3045 3809 3237 3863 trium-

1645 3898 1843 3973 pharet
1869 3909 1922 3955 et
1951 3899 2238 3971 imperitis.

1723 3989 1850 4045 Tria
1877 3989 2036 4063 plane
2067 3990 2264 4059 dicitis,
2290 3994 2486 4063 quibus
2537 3995 2684 4050 salva
2735 3996 3000 4052 charilate
3052 4007 3233 4052 vestra

1647 4096 1871 4139 necesse
1907 4091 1990 4139 est
2017 4085 2350 4154 responderi.
2378 4086 2766 4157 Dogmatizatis
2790 4089 2934 4144 enim
2961 4090 3103 4144 sacri
3131 4089 3235 4145 mi-

1650 4179 1857 4235 nistros
1904 4177 2096 4234 altaris
2127 4180 2252 4251 jure
2295 4195 2456 4251 posse
2500 4182 2818 4239 mulieribus
2872 4185 3230 4254 permisceri:

1648 4265 1780 4322 illud
1817 4266 2041 4338 insuper
2070 4266 2290 4332 additis,
2347 4279 2404 4324 et
2451 4270 2772 4340 quibusdam
2822 4271 3237 4342 allegationibus

1647 4359 1918 4416 affirmare
1942 4359 2182 4424 tentatis,
2217 4362 2344 4432 quia
2380 4377 2484 4418 non
2517 4363 2605 4418 ille
2629 4363 2973 4421 Simoniacus
2995 4381 3116 4422 esse
3148 4367 3234 4420 di-

1646 4453 1853 4510 cendus
1888 4461 1992 4520 est,
2020 4453 2116 4523 qui
2165 4453 2266 4508 sub
2315 4455 2661 4525 praestatione
2703 4455 2946 4526 pecuniae
2991 4461 3236 4527 regimen

1649 4543 1908 4602 Ecclesia:
1957 4545 2216 4616 suscipit;
2245 4547 2341 4602 sed
2378 4546 2464 4602 ille
2495 4549 2776 4612 duntaxat,
2799 4549 2891 4619 qui
2919 4549 2985 4604 ad
3017 4551 3238 4620 imposi-

1650 4636 1854 4692 tionem
1888 4647 2100 4701 manus,
2129 4644 2188 4692 et
2212 4636 2681 4692 consecrationem
2724 4652 2821 4707 per
2845 4640 3234 4694 commercium
3267 4635 3315 4696 D

1645 4726 1957 4783 venalitatis
2005 4726 2213 4797 irrepit.
2264 4727 2572 4795 Postremo,
2605 4731 2748 4799 quod
2801 4730 3083 4784 minimum
3128 4740 3232 4796 est,

1646 4819 1784 4876 mihi
1820 4827 2005 4876 notam
2035 4821 2352 4892 cupiditatis
2404 4821 2640 4887 inuritis,
2674 4822 2818 4892 quod
2851 4823 3104 4878 nimirum
3135 4836 3236 4880 cur

1648 4910 2012 4982 praesumatis,
2061 4914 2188 4983 quia
2254 4913 2391 4970 mihi
2444 4929 2540 4984 pro
2583 4913 2810 4969 minimo
2845 4924 2949 4978 est,
3000 4916 3238 4972 breviter

1650 5001 1888 5059 referam
1921 5019 1936 5057 :
1968 5011 2022 5058 et
2040 5004 2121 5060 sic
2149 5005 2375 5076 reliquis
2396 5005 2606 5063 duabus
2631 5007 3049 5078 objectionibus,
3080 5023 3234 5064 eom-

1650 5093 1906 5152 mmtibus
1930 5095 2180 5151 videlicet
2219 5096 2474 5152 Ecclesiae
2513 5100 2768 5170 negotiis,
2799 5102 3017 5169 proprio
3043 5115 3240 5172 purga-

1651 5195 1761 5251 tus,
1791 5200 2097 5243 occurram.
2135 5206 2152 5239 t
2193 5189 2322 5244 Mihi
2365 5190 2512 5244 enim
2563 5206 2661 5260 pro
2710 5191 2935 5248 minimo
2986 5204 3090 5259 est,
3123 5205 3238 5251 uta

1650 5275 1806 5336 vobis
1829 5277 2189 5347 judicenaut
2223 5280 2293 5335 ab
2319 5281 2558 5336 humano
2583 5283 2670 5337 die
2699 5281 2752 5352 (I
2779 5282 2900 5336 Cor.
2941 5283 3039 5354 tv).
3079 5303 3096 5335 ι
3127 5285 3240 5358 Age

1651 5369 1817 5440 igitur
1862 5370 2152 5426 missarum
2206 5372 2339 5428 mibi
2397 5376 2657 5446 mysteria
2687 5373 3007 5441 celebranti,
3042 5391 3240 5434 uxores

1650 5466 1980 5538 principum,
2030 5468 2184 5524 ducis
2210 5468 2441 5535 scilicet,
2471 5481 2527 5526 et
2572 5471 2922 5536 marchionis,
2953 5472 3239 5530 Bizanteos

1650 5557 1984 5616 obtulerunt.
2045 5560 2192 5627 Quos
2231 5562 2418 5633 utique
2469 5566 2770 5620 monachus
2820 5575 3005 5621 noster
3040 5565 3242 5625 Paulus

1653 5650 1882 5723 expletis
1907 5654 2181 5723 mysteriis
2211 5656 2351 5725 apud
2388 5656 2584 5721 altare,
2627 5657 2910 5714 nobiscum
2941 5659 3085 5716 foras
3113 5677 3243 5731 pro-

1655 5741 1839 5809 diens,
1871 5745 2179 5816 dereliquit.
2214 5745 2367 5803 Unus
2393 5759 2574 5803 autem
2602 5763 2669 5804 ex
2720 5751 2939 5815 vestris,
2975 5753 3125 5808 vobis
3160 5765 3240 5808 ta-

1658 5847 1780 5890 men
1807 5850 1913 5898 non
1945 5839 2107 5901 modo
2128 5854 2244 5897 rem
2286 5840 2690 5912 ignorantibus,
2729 5844 2828 5900 sed
2850 5845 3015 5901 etiam
3042 5848 3240 5903 absen-

3340 3369 3517 3416 torum
3552 3377 3671 3416 sum
3705 3362 3862 3432 plane
3902 3363 4236 3433 discipulus,
4264 3365 4492 3436 ideoque
4519 3381 4627 3422 non
4656 3381 4810 3422 mare
4837 3365 4947 3423 Do-

3337 3454 3656 3518 mosthenis,
3687 3470 3786 3509 nec
3830 3465 4130 3510 torrentem
4177 3471 4498 3512 commoveo
4522 3458 4833 3515 Ciceronis.
4873 3458 4948 3515 Et

3338 3547 3462 3616 quia
3493 3547 3824 3616 delinquenti
3871 3547 4024 3602 fratri
4053 3552 4492 3620 compassionem
4525 3552 4721 3616 debeo,
4749 3553 4819 3606 ad
4852 3568 4943 3608 re-

3339 3638 3619 3692 ferendam
3667 3639 3813 3708 digni
3872 3640 4089 3694 talionis
4129 3640 4383 3709 injuriam
4416 3657 4522 3697 non
4573 3643 4788 3698 anhelo.
4825 3641 4946 3700 Hoc

3340 3739 3548 3785 tantum
3580 3732 3707 3785 mihi
3733 3733 3914 3786 dicere
3939 3732 4121 3798 liceat,
4145 3735 4271 3804 quia
4301 3736 4346 3790 si
4379 3751 4409 3790 a
4433 3735 4948 3806 contubernalibus,

3337 3833 3391 3879 et
3422 3824 3793 3881 familiaritate
3820 3827 4148 3896 conjunctis,
4191 3829 4334 3884 sicut
4369 3841 4621 3887 oratores
4653 3847 4716 3888 ac
4747 3834 4946 3890 rheto-

3338 3931 3426 3970 res
3455 3917 3763 3985 perhibent,
3793 3918 4058 3974 trahenda
4085 3929 4211 3974 sunt
4235 3933 4578 3992 argumenta,
4610 3936 4720 3978 non
4743 3925 4950 3980 merito

3338 4010 3498 4065 nobis
3548 4011 3791 4064 avaritia:
3842 4012 4052 4065 crimen
4097 4013 4458 4084 impingitur,
4487 4030 4721 4083 quorum
4767 4014 4950 4072 frater

3337 4102 3624 4173 pecuniam
3659 4102 3812 4170 quasi
3864 4105 4266 4172 parvipendens
4297 4115 4463 4175 atque
4508 4106 4837 4177 despiciens,
4889 4113 4948 4166 iu

3340 4193 3581 4247 Ecclesia
3611 4193 3918 4263 dereliquit.
3953 4193 4084 4259 Sed,
4116 4195 4162 4249 si
4213 4197 4396 4252 dicere
4425 4197 4621 4263 liceat,
4659 4200 4818 4255 vobis
4849 4217 4952 4272 po-

3340 4285 3446 4339 tius
3468 4285 3848 4339 ascribendum
3873 4295 3979 4350 est,
4011 4302 4242 4356 quorum
4275 4290 4481 4357 socius,
4506 4293 4652 4361 quod
4699 4291 4948 4350 alienum

3341 4388 3482 4441 erat,
3520 4379 3712 4433 callida
3745 4381 4152 4436 machinatione
4177 4383 4472 4451 subripuit.
4501 4383 4622 4440 Jam
4648 4401 4781 4441 vero
4795 4390 4952 4458 quod

3342 4470 3689 4540 impudenter
3711 4473 3978 4535 asseritis,
4006 4474 4290 4530 ministros
4332 4476 4523 4532 altaris
4567 4481 4830 4552 coniugio
4861 4487 4954 4538 de-

3342 4563 3472 4619 bere
3504 4565 3724 4629 sociari,
3751 4568 3954 4637 proprii
3988 4568 4260 4625 sermonis
4301 4568 4587 4627 adversum
4635 4589 4734 4628 vos
4760 4579 4953 4648 evagi—

3341 4668 3473 4708 nare
3499 4669 3813 4710 mcronem
3845 4657 4176 4726 superﬂuum
4208 4658 4458 4716 ducimus
4477 4702 4493 4728 ,
4521 4662 4648 4718 dum
4674 4678 4952 4733 armatos,

3339 4755 3531 4801 contra
3563 4761 3658 4802 vos
3683 4748 3846 4802 totius
3895 4747 4148 4805 Ecclesia:
4200 4764 4424 4818 cuneos,
4470 4765 4526 4812 et
4570 4759 4952 4828 constipatam

3340 4838 3583 4893 omnium
3633 4849 3946 4894 sanctorum
3995 4839 4218 4897 Patrum
4263 4844 4437 4898 aciem
4485 4846 4642 4902 vobis
4684 4850 4954 4906 resistere

3345 4929 3646 4984 videamus.
3683 4931 3748 4985 Et
3789 4932 3880 4986 tibi
3938 4942 4084 4986 tanta
4143 4947 4204 4989 se
4257 4934 4561 4993 cmlestium
4609 4939 4955 4998 bellatorum

3342 5020 3512 5076 nubes
3533 5023 3776 5092 opponit,
3810 5023 4011 5079 mirum
4033 5033 4140 5089 est,
4170 5026 4214 5080 si
4265 5042 4372 5083 non
4422 5038 4588 5086 tanta
4618 5035 4954 5090 auctoritati

3342 5111 3597 5181 quaelibet
3625 5129 3779 5167 nime
3823 5117 4268 5186 prrsumptiouis
4296 5122 4581 5178 temeritas
4613 5127 4954 5196 acquiescit.

3343 5199 3450 5256 Sed
3479 5217 3790 5271 quanquam
3835 5219 4032 5274 corpus
4077 5221 4346 5262 canonum
4375 5209 4516 5266 desit
4558 5213 4626 5267 ad
4675 5231 4954 5285 presens,

3344 5292 3593 5362 quedam
3643 5304 3824 5349 tamen
3855 5295 4079 5350 Patrum
4119 5300 4426 5357 testimonia
4480 5319 4586 5359 non
4647 5322 4958 5376 gravemur

3343 5400 3638 5456 apponere,
3680 5405 3799 5457 qua:
3827 5389 3908 5444 vel
3941 5407 4007 5445 ex
4041 5397 4268 5463 repetita
4309 5401 4594 5463 memoria.
4616 5401 4707 5457 vel
4739 5404 4794 5458 in
4821 5411 4954 5477 qui-

3349 5479 3575 5534 busdam
3606 5483 3995 5538 membranulis
4023 5500 4315 5555 possumus
4341 5489 4605 5547 invenire.
4645 5493 4956 5555 Enimvero

3345 5570 3536 5627 beatus
3562 5573 3817 5628 Clemens
3844 5576 3960 5631 hac
3997 5578 4050 5631 in
4086 5593 4184 5633 sua
4207 5580 4400 5636 scribit
4424 5585 4653 5654 epistola
4678 5589 4864 5658 (epist.
4891 5593 4952 5654 2,

3343 5665 3414 5716 ad
3474 5662 3730 5718 Iacobum
3799 5667 4018 5735 {mtrem
4065 5668 4303 5740 Domini)
4355 5692 4365 5726 :
4413 5691 4430 5726 ι
4469 5673 4702 5735 liuiuri
4748 5682 4954 5739 altaria

3343 5755 3672 5826 presbyteri,
3700 5759 3813 5812 sive
3837 5760 4070 5825 diaconi,
4102 5765 4169 5818 ad
4197 5763 4474 5824 Dominica
4500 5769 4637 5828 tales
4667 5771 4952 5846 eligantur

3343 5848 3551 5926 oilcia,
3569 5849 3660 5912 qui
3702 5862 3826 5908 ante
3852 5854 4254 5916 ordinationem
4289 5857 4575 5933 mingens
4603 5878 4761 5922 suasa
4814 5870 4948 5927 rel—
