5428 6600
367 377 465 452 364
1521 384 1723 448 Lmen
1754 379 2083 451 QUINTUS,
2126 378 2342 435 EPIST.
2382 379 2518 436 xm.
3563 368 3668 428 ses

370 517 623 582 querunt.
658 506 809 576 Quod
841 503 886 560 si
915 514 1036 573 post
1075 501 1474 558 ordinationem
1504 499 1756 554 ministro
1784 496 1960 550 eunti-
1989 500 2038 555 Α
2064 501 2241 557 catur,
2265 501 2326 548 ut
2346 491 2552 547 nullum
2575 489 2754 546 facere
2773 487 3168 582 subdiaconum
3190 495 3542 555 praesumant,
3569 483 3671 538 nisi

372 580 511 672 gerit
538 598 770 670 propria:
793 593 994 651 nudare
1024 595 1201 649 cubile
1232 593 1443 658 uxoris,
1472 590 1698 646 sacrarii
1735 606 1840 684 non
1874 589 1954 641 in-
2059 586 2161 684 qui
2187 600 2246 640 se
2278 594 2429 641 caste
2454 586 2728 640 victurum
2752 580 3104 684 pron'tiserit;
3138 587 3412 684 quatenus
3437 585 3494 633 et
3526 591 3672 684 prte-

375 698 482 746 tret
535 688 746 751 limina,
783 699 884 740 nec
930 683 1155 738 sacrarii
1201 683 1434 754 portitor
1469 683 1583 746 ﬁat,
1641 693 1740 735 nec
1783 679 1957 733 altare
2062 679 2244 744 terita,
2272 693 2393 748 qua:
2422 691 2520 748 per
2547 674 2885 749 prepositum
2907 674 3110 728 mentis
3131 674 3368 741 appetita
3392 685 3500 726 non
3523 676 3672 733 sunt,

373 779 673 851 contingat,
699 792 798 834 nec
825 777 894 832 ab
909 774 1266 832 oﬂ'erentibus
1293 773 1600 830 bolocausti
1627 772 1956 828 oblationem
2061 767 2324 867 violenter
2349 783 2455 823 non
2486 768 2810 867 exigantpr,
2842 771 2899 821 et
3159 769 3318 817 caute
3351 769 3671 867 caveantur.

374 871 652 942 suscipiat.
687 884 787 923 nec
809 869 875 924 ad
906 868 1168 922 Dominici
1197 867 1442 936 corporis
1469 865 1775 936 portionem
1799 877 1956 918 acce-
2061 857 2165 958 Qui
2215 873 2348 958 vero
2386 868 2518 958 post
2565 857 2832 958 eamdem
2865 855 3315 958 prohibitionem,
3371 869 3492 958 qua:
3545 862 3674 958 aliite

374 961 486 1016 dat.
515 961 727 1030 Aquam
756 951 1101 1013 sacerdotum
1125 959 1370 1030 porrigat
1411 956 1685 1019 manibus,
1711 955 1850 1010 ostia
1879 953 1960 1009 fo-
2062 950 2524 1050 triennium-facta
2555 958 2659 1050 est,
2688 951 3035 1004 continenter
3063 948 3326 1050 cuiusuis
3352 946 3678 1050 coniugibus

373 1049 619 1105 rinsecus
659 1048 896 1113 claudat,
932 1049 1140 1104 minora
1169 1059 1325 1120 gerat
1348 1048 1547 1112 oﬂicia,
1573 1061 1795 1100 urceum
1819 1059 1960 1099 sane
2063 1040 2332 1104 vixerant,
2363 1040 2654 1105 laudandi,
2693 1049 2861 1111 atque
2907 1039 3296 1142 remunerandi
3339 1047 3504 1142 sunt:
3533 1047 3590 1094 et
3619 1046 3678 1142 ut

374 1141 442 1196 ad
469 1140 761 1196 salutarem
788 1141 1013 1196 calicem
1044 1154 1150 1197 non
1173 1147 1448 1212 suggerat.
1480 1158 1498 1190 ι
1529 1139 1592 1194 Et
1619 1136 1780 1210 paulo
1803 1144 1955 1207 post:
2064 1131 2122 1184 in‘
2147 1131 2289 1185 bono
2317 1146 2416 1186 suo
2437 1141 2811 1234 permaneant.
2839 1131 3187 1234 exhortandi.
3218 1132 3326 1187 Eos
3347 1139 3549 1234 autem,
3582 1132 3676 1234 qui

379 1245 399 1281 ι
430 1227 671 1284 Clericus
715 1243 845 1284 vero
871 1229 1021 1283 solus
1046 1229 1113 1282 ad
1150 1226 1369 1283 feminae
1410 1225 1819 1283 tabernaculum
1851 1239 1958 1279 non
2062 1231 2186 1289 post
2210 1223 2635 1292 prohibitionem
2665 1222 2866 1278 factam
2896 1238 2955 1278 se
2986 1239 3018 1277 a
3056 1223 3170 1279 suis
3201 1224 3466 1279 uxoribus
3501 1223 3678 1279 conti-

372 1324 612 1390 accedat,
627 1337 729 1379 nec
751 1331 1006 1394 properet
1029 1322 1147 1378 sine
1170 1320 1394 1391 majoris
1408 1329 1536 1376 natu
1557 1319 1823 1392 principis
1844 1317 1962 1386 jus-
2064 1327 2196 1368 nere
2223 1312 2533 1416 noluerunt,
2559 1314 2848 1416 pervenire
2869 1314 2978 1416 -ad.
2993 1327 3214 1416 sacrum
3239 1314 3492 1416 ordinem
3523 1313 3681 1369 nolu-

373 1417 524 1473 sione
549 1434 560 1470 :
585 1423 684 1472 nec
707 1415 990 1486 presbyter
1011 1414 1159 1470 solus
1183 1429 1307 1469 cum
1342 1413 1458 1470 sola
1505 1411 1706 1468 femina
1750 1411 1962 1469 fabulas
2066 1418 2187 1510 [IDUS
2211 1419 2226 1470 ἓ
2262 1402 2390 1507 (illis
2420 1403 2603 1505 bullus
2627 1404 2789 1507 debet
2818 1403 2886 1459 ad
2907 1404 3273 1510 ministerium
3301 1403 3494 1510 altaris
3521 1419 3680 1510 accc-

374 1508 619 1573 misceat,
637 1507 1183 1569 necarchidiaoonus,
1201 1505 1566 1561 autdiaconus
1581 1504 1960 1575 Subprmtextu
2064 1494 2212 1602 fere.
2242 1494 2345 1550 υἱεῖ
2375 1494 2529 1564 cuius
2557 1495 2780 1602 03.31"”
2807 1505 3283 1602 διιιθβυεεθρίυηξ
3313 1496 3677 1602 ¹¹¹ίοιί⁵⁸θ¹⁹ί¹¹η¹

373 1596 693 1653 humilitatis
739 1605 794 1650 et
819 1595 978 1650 otticii
1013 1595 1320 1666 frequentet
1371 1595 1647 1652 domicilia
1677 1604 1960 1650 matrona-
2064 1584 2230 1642 fuerit
2301 1588 2552 1658 probala-
2610 1587 2744 1643 hem
2802 1596 2857 1644 et
2917 1589 3202 1645 decretum
3263 1588 3464 1646 Leonis
3524 1605 3681 1662 parm

374 1701 493 1742 rum
518 1686 794 1742 :autl’orte
818 1699 914 1756 per
927 1685 1179 1750 clericos,
1198 1695 1399 1757 autper
1414 1686 1740 1743 domesticos
1760 1697 1934 1741 matro
2066 1680 2241 1751 (epist.
2281 1679 2372 1747 82,
2405 1696 2518 1752 cap.

1534 1686 1740 1743 testicos
1760 1697 1934 1741 matro
2066 1680 2241 1751 (epist.
2281 1679 2372 1747 82,
2405 1696 2526 1752 cap.
2558 1681 2615 1747 4,
2665 1688 2734 1736 ad
2789 1682 3044 1737 Anastaa.
3098 1682 3360 1753 Tltessal.)
3413 1703 3426 1737 :
3492 1702 3510 1736 ι
3540 1683 3678 1738 Nam

373 1778 997 1834 ntemandentsecretum
1018 1777 1314 1848 aliquid.Si
1333 1777 1846 1850 agnitnml’uerit,et
1872 1778 1960 1834 ille
2066 1788 2189 1830 cum
2220 1783 2377 1830 extra
2425 1774 2753 1832 clericorum
2805 1776 3056 1832 ordinem
3101 1777 3418 1854 constitutis
3462 1779 3682 1850 nuptia-

371 1868 690 1940 tleponatur,
746 1877 802 1924 et
852 1868 942 1924 illa
972 1886 1002 1923 a
1036 1869 1316 1926 liminibus
1346 1881 1600 1926 arceatur
1626 1870 1906 1928 Ecclesiae.
1935 1892 1954 1923 ι
1991 1877 2038 1937 Β
2065 1882 2185 1922 rum
2221 1867 2495 1935 societati,
2540 1876 2598 1923 et
2624 1869 2996 1940 procreationi
3049 1869 3284 1926 ﬁliorum
3331 1872 3558 1929 studere
3609 1873 3684 1928 sit

371 1956 427 2014 In
457 1955 671 2014 Nicamo
696 1959 858 2014 etiam
889 1959 1119 2015 concilio
1146 1960 1345 2016 dicitur
1376 1979 1388 2014 :
1427 1980 1445 2014 ε
1481 1960 1727 2033 innuptis
1757 1973 1959 2031 autem,
2064 1955 2317 2023 liberum.
2348 1957 2416 2015 ad
2445 1958 2808 2016 exhibendam
2833 1967 3017 2016 tamen
3041 1962 3299 2031 Ρθΐῖεοιω
3327 1964 3682 2020 (εοηιίηθιηίω

370 2046 461 2118 qui
491 2048 558 2102 ad
586 2049 790 2104 clerum
824 2050 1064 2119 provecti
1098 2059 1246 2114 sunt,
1278 2051 1625 2122 pnecipimus
1655 2061 1736 2122 ut,
1777 2053 1824 2108 si
1872 2067 1962 2109 vo-
2062 2053 2379 2122 puritatem,
2425 2069 2529 2110 nec
2559 2055 2910 2112 subdiaconis
2939 2057 3159 2128 quidem
3187 2058 3524 2114 connubium
3557 2075 3682 2116 car—

371 2135 590 2202 luerint,
616 2153 812 2194 uxores
859 2137 1152 2210 accipiant,
1186 2143 1281 2196 sed
1337 2142 1569 2200 lectores
1599 2154 1962 2217 cantoresque
2063 2144 2184 2200 nale
2213 2146 2567 2213 conceditur;
2604 2155 2664 2202 ut
2692 2157 2748 2203 et
2772 2148 2864 2218 qui
2887 2147 3112 2214 habent,
3139 2149 3252 2204 sint
3282 2158 3541 2222 tanquam
3568 2165 3680 2206 non

371 2229 760 2285 tantummodo.
801 2244 819 2284 ι
858 2231 934 2286 Ex
979 2232 1215 2288 concilio
1278 2249 1496 2305 quoque
1541 2234 1960 2308 Cartltaginensi
2058 2237 2356 2303 habentes;
2388 2245 2445 2294 et
2466 2239 2557 2309 qui
2583 2255 2690 2296 non
2733 2240 2957 2308 habent,
2981 2255 3344 2313 permaneant
3375 2243 3681 2314 singulares

371 2319 525 2391 (Cati.
549 2331 718 2392 apost.
747 2321 850 2388 25;
878 2341 1024 2378 conc.
1052 2323 1233 2380 Cat-th.
1259 2328 1315 2390 v,
1339 2342 1460 2399 cap.
1484 2327 1540 2397 5)
1573 2326 1594 2382 ξ
1631 2347 1650 2382 ι
1687 2328 1958 2386 Prmterea
2062 2325 2117 2398 (I
2147 2325 2268 2382 Cor.
2290 2329 2409 2398 vu).
2435 2348 2453 2382 ι
2475 2327 2628 2397 Quod
2651 2330 2697 2384 si
2722 2329 2775 2384 in
2796 2331 2897 2386 hoc
2916 2332 3129 2399 ordine,
3156 2333 3248 2402 qui
3279 2345 3510 2405 quartus
3532 2347 3619 2394 est
3647 2355 3678 2394 a

369 2423 492 2467 eum
546 2415 614 2468 de
675 2415 1031 2484 quorumdam
1097 2415 1441 2486 clericorum,-
1472 2420 1743 2492 quamvis
1787 2420 1958 2477 lecto-
2061 2420 2258 2491 capite,
2282 2421 2504 2494 dignum
2545 2431 2629 2478 est
2659 2423 2942 2487 custodiri,
2974 2435 3183 2496 quanto
3223 2428 3398 2498 magis
3422 2431 3678 2500 aprimo,

373 2493 490 2556 r'um
521 2542 536 2567 ,
595 2519 723 2575 erga
779 2519 976 2561 uxores
1022 2507 1268 2576 proprias
1325 2507 1721 2566 incontinentia
1789 2510 1960 2567 refer—
2059 2510 2144 2566 vel
2167 2513 2428 2578 secundo,
2462 2513 2694 2569 tertiove
2715 2515 3044 2570 servandum
3072 2525 3295 2574 estzne
3316 2527 3414 2574 aut
3437 2519 3677 2587 levitico,

369 2601 538 2659 retur,
563 2594 765 2663 placuit
792 2595 1092 2667 episcopos,
1117 2605 1172 2652 et
1204 2598 1575 2671 presbyteros,
1604 2609 1662 2656 et
1704 2600 1959 2657 diaconos
2059 2613 2154 2657 aut
2201 2603 2563 2676 presbyterali
2595 2606 2824 2672 honore,
2863 2616 2958 2661 aut
3003 2608 3301 2680 episcopali
3353 2612 3678 2668 excellentia

368 2686 659 2741 secundum
715 2687 930 2758 propria
961 2696 1164 2745 statuta
1191 2690 1358 2746 etiam
1391 2691 1458 2747 ab
1485 2691 1750 2748 uxoribus
1780 2695 1956 2749 conti-
2059 2696 2290 2768 quisque
2323 2697 2551 2753 idoneus
2580 2698 2901 2760 aestimetur.
2953 2700 3045 2770 qui
3080 2715 3139 2756 se
3172 2716 3201 2755 a
3231 2701 3510 2774 voluptate
3537 2721 3676 2761 uxo-

368 2793 495 2833 nere
520 2797 532 2832 :
565 2780 708 2849 quod
741 2781 841 2837 uisi
865 2779 1117 2852 fecerint,
1147 2785 1218 2840 ab
1240 2786 1613 2845 ecclesiastico
1640 2803 1958 2845 removean-

374 2879 461 2925 tur
487 2871 682 2928 oilicio.
717 2893 735 2926 ι
764 2875 895 2932 Item
921 2892 988 2932 ex
1013 2876 1118 2933 alio
1146 2877 1374 2935 concilio
1402 2881 1544 2951 apud
1571 2880 1957 2952 Carthaginem

369 2960 546 3032 (Cone.
583 2962 832 3037 Cartlmg.
869 2981 929 3034 tt,-
955 2983 1077 3039 cap.
1107 2969 1164 3039 2)
1195 2969 1448 3027 Aurelius
1503 2973 1790 3044 cpiscopus
1815 2974 1958 3031 inter

366 3059 556 3108 mtera
589 3053 722 3110 dixit
755 3074 768 3110 :
804 3070 824 3108 ι
860 3055 1073 3114 Placuit
1101 3072 1290 3116 sacros
1319 3063 1597 3120 antistites
1622 3078 1687 3120 ac
1729 3065 1824 3120 Dei
1868 3081 1957 3122 sai

365 3143 649 3208 cerdotcs,
709 3161 913 3204 necnon
965 3157 1019 3206 et
1077 3150 1310 3219 levitas,
1345 3153 1427 3209 vel
1478 3155 1570 3225 qui
1639 3169 1955 3214 sacramen-

2062 2789 2164 2854 ria,
2194 2788 2425 2845 necdunt
2454 2789 2704 2846 frenasse
2748 2792 3054 2862 detegitur?
3084 2793 3216 2849 Item
3245 2812 3382 2867 papa
3415 2796 3680 2857 Silvester

2060 2877 2216 2952 (Syn.
2245 2878 2402 2936 Rom.
2431 2896 2482 2937 c.
2507 2881 2564 2954 8)
2595 2900 2607 2936 :
2647 2903 2664 2934 ι
2709 2881 2849 2938 Nulli
2899 2894 3081 2940 autem
3112 2885 3575 2946 subdiaconorum
3608 2893 3677 2948 ad

2057 2970 2275 3040 nuptias
2297 2971 2535 3029 transire
2556 2974 2955 3043 permittentes,
2983 2976 3353 3046 przccipimus,
3395 2994 3466 3036 ne
3493 2979 3676 3054 aliqua

2058 3063 2164 3120 hoc
2206 3065 2664 3136 praevaricatione
2711 3069 3144 3139 pressumpserit.
3181 3089 3201 3123 ι
3237 3069 3394 3138 Quod
3441 3073 3489 3130 si
3541 3089 3677 3131 con-

2057 3156 2350 3213 temnenda
2387 3165 2467 3214 tot
2487 3158 2914 3230 apostolicorum
2946 3161 3190 3218 virorum
3215 3163 3436 3221 decreta
3458 3166 3678 3223 duxeri-

368 3231 436 3288 tis
475 3233 669 3290 divinis
726 3237 1043 3307 inserviunt,
1094 3241 1434 3299 continentes
1489 3259 1610 3301 esse
1672 3245 1726 3301 in
1780 3249 1954 3304 omni-
1981 3239 2026 3302 C
2058 3248 2149 3313 tis.
2206 3262 2274 3305 ac
2315 3265 2416 3320 per
2444 3264 2637 3306 eorum
2665 3265 2762 3306 ora
2794 3260 3055 3323 tanquam
3100 3254 3328 3312 totidem
3355 3271 3562 3330 organa
3595 3261 3677 3317 lo-

366 3322 486 3390 bus,
517 3326 672 3399 165
695 3343 803 3399 quo
820 3330 1029 3400 possint
1051 3332 1393 3403 simpliciter,
1413 3336 1556 3404 quod
1577 3351 1606 3389 a
1629 3335 1740 3393 Deo
1765 3346 1955 3408 postu-
2057 3338 2274 3423 quentia
2286 3338 2540 3411 Spiritus
2571 3343 2746 3398 sancti
2773 3322 2984 3400 statuta
3013 3346 3365 3416 spreveritis,
3413 3322 3578 3422 quam
3608 3352 3676 3408 de

363 3410 495 3482 lant,
523 3417 846 3488 impetrare;
877 3421 1106 3491 utquod
1134 3423 1364 3493 apostoli
1395 3424 1812 3492 docuerunt,et
1840 3427 1956 3498 ipsa
2058 3431 2214 3487 vobis
2254 3410 2463 3489 beatus
2514 3447 2654 3505 papa
2712 3433 2981 3493 Damasus
3034 3410 3366 3496 sententiam
3425 3410 3675 3512 profert,

365 3508 600 3564 servavit
638 3510 958 3581 antiquitas,
994 3527 1093 3568 nos
1123 3529 1339 3585 quoque
1369 3516 1762 3574 custodiamus.
1800 3539 1819 3570 ι
1871 3519 1958 3575 Ad

365 3596 479 3655 Itiro
505 3598 794 3658 Faustinus
817 3603 1104 3674 episcopus
1136 3605 1390 3662 Ecclesiae
1418 3606 1700 3665 Pontianm
1731 3612 1955 3683 provin-

365 3690 462 3747 cia!
487 3689 691 3759 Piceni,
721 3693 926 3767 legatus
954 3695 1213 3755 Romanae
1239 3699 1492 3757 Ecclesia:
1515 3702 1652 3758 dixit
1676 3720 1690 3758 :
1721 3722 1740 3756 ι
1775 3703 1960 3763 Placet

363 3793 424 3842 ut
448 3787 750 3860 episcopus,
790 3791 1073 3862 presbyter
1099 3800 1155 3848 et
1180 3793 1477 3861 diaconus,-
1520 3795 1606 3852 vel
1653 3798 1747 3869 qui
1775 3813 1959 3856 sacra-

365 3888 542 3936 menta
566 3889 927 3948 contrectant,
951 3882 1225 3952 pudicitiaé
1245 3887 1500 3942 custodes
1520 3886 1590 3943 ab
1608 3889 1874 3947 uxoribus
1899 3906 1959 3949 se

364 3968 687 4025 abstineant.
735 3988 754 4023 ι
803 3971 888 4028 Ab
937 3973 1206 4032 universis
1260 3976 1530 4049 episcopis
1575 3979 1781 4036 dictum
1831 3991 1953 4039 est:

369 4076 388 4111 α
424 4057 605 4116 Placet
629 4071 689 4116 ut
711 4061 764 4117 in
791 4062 1075 4132 omnibus,
1104 4073 1161 4121 et
1191 4065 1261 4123 ab
1285 4068 1541 4125 omnibus
1566 4070 1828 4140 pudicitia
1854 4089 1954 4130 cu-

364 4150 647 4219 stodiatur,
679 4153 772 4224 qui
814 4155 972 4209 altari
997 4156 1260 4212 serviunt.
1304 4177 1321 4210 ι
1357 4156 1435 4215 Ne
1474 4173 1608 4218 vero
1637 4161 1704 4218 de
1733 4163 1956 4221 subdia-

364 4241 534 4310 conia,
564 4245 706 4314 quod
745 4243 1020 4302 abstinere
1048 4247 1315 4320 coniugiis
1342 4249 1611 4320 debeant,
1645 4253 1756 4310 ulla
1784 4258 1956 4326 possit

363 4342 641 4387 remanere
661 4331 926 4400 dubietas,
955 4333 1096 4390 idem
1121 4336 1376 4395 Aurelius
1395 4353 1520 4411 post
1541 4342 1708 4398 multa
1731 4343 1954 4415 subjun-

361 4419 440 4491 git
467 4433 484 4474 :
514 4439 534 4474 ι
569 4419 777 4478 Placuit
800 4423 944 4494 quod
974 4433 1031 4481 et
1057 4425 1112 4481 in
1144 4426 1376 4485 diversis
1400 4430 1649 4488 conciliis
1679 4432 1950 4491 ﬁrmatum

2060 3520 2283 3592 dignum
2311 3530 2397 3578 est
2424 3523 2663 3580 audiatis
2690 3541 2703 3576 :
2740 3542 2760 3576 ‹
2792 3524 3122 3593 Violatores,
3154 3529 3356 3600 inquit,
3381 3530 3676 3590 voluntarii

2061 3623 2330 3666 canonum
2367 3614 2612 3682 graviter
2644 3631 2672 3670 a
2711 3617 2914 3673 sanctis
2947 3616 3202 3677 Patribus
3240 3621 3679 3700 judicantur,,et

2061 3713 2091 3753 a
2121 3710 2314 3757 sancto
2335 3700 2564 3774 Spiritu,
2588 3704 2743 3776 cujus
2767 3707 3028 3764 instinctu
3057 3725 3124 3767 ac
3165 3713 3310 3769 dono
3328 3714 3486 3770 ditati
3513 3704 3676 3791 168

2061 3797 2208 3880 sunt,
2246 3789 2611 3861 damnantur;
2645 3815 2665 3849 ι
2705 3799 2964 3867 quoniam
2998 3799 3382 3872 blasphemaro
3409 3789 3675 3880 Spiritum

2061 3872 2310 3956 sanctum
2341 3898 2449 3941 non
2476 3885 2780 3960 incongrue
2802 3890 3083 3961 videntur,
3112 3897 3203 3966 qui
3231 3907 3428 3956 contra
3452 3904 3672 3962 eosdem

2061 3983 2282 4036 sanctos
2312 3992 2553 4035 canones
2575 3996 2683 4036 non
2708 3986 3040 4042 necessitate
3067 3991 3357 4060 compulsi,
3385 3996 3480 4052 sed
3503 3996 3677 4055 liben-

2060 4076 2167 4135 ter,
2199 4079 2258 4124 ut
2289 4070 2573 4142 praeﬁxum
2599 4083 2705 4141 eat,
2735 4075 2942 4146 aliquid
2964 4091 3059 4135 aut
3079 4090 3336 4151 proterve
3361 4098 3550 4158 agunt,
3579 4102 3677 4146 aut

2059 4161 2204 4233 loqui
2222 4174 2584 4236 praesumunt,
2599 4177 2694 4223 aut
2709 4167 2893 4226 facere
2906 4170 3218 4230 volentibus
3232 4187 3429 4248 sponte
3447 4195 3676 4238 consen-

2057 4251 2220 4307 tiunt.
2246 4253 2395 4310 Talis
2428 4256 2574 4310 enim
2597 4261 2951 4331 praesumptio
2980 4263 3273 4323 manifeste
3301 4284 3467 4326 unum
3499 4288 3672 4345 genus

2054 4355 2139 4402 est
2161 4347 2660 4421 blasphemantium
2692 4351 2956 4424 Spiritum
2988 4367 3272 4428 sanctum;
3303 4364 3589 4434 quoniam,
3615 4380 3676 4423 ut

2046 4437 2162 4508 jam
2189 4440 2536 4512 praelibatum
2564 4452 2673 4511 est,
2705 4455 2895 4503 contra
2926 4462 3050 4506 eum
3071 4453 3207 4524 agit,
3240 4455 3396 4525 cujus
3420 4456 3578 4527 jussu
3616 4472 3673 4518 et

360 4517 461 4578 est,
493 4520 550 4567 ut
577 4511 912 4582 subdiaconi,
963 4517 1055 4587 qui
1097 4533 1252 4575 sacra
1285 4523 1545 4594 mysteria
1589 4537 1950 4598 contrectant,
2054 4511 2225 4602 gratia
2249 4531 2412 4588 iidem
2444 4535 2620 4590 sancti
2647 4536 2779 4592 editi
2803 4511 3211 4600 suutcanones.
3245 4511 3669 4626 Audiant‘ergo,

362 4612 408 4626 -.
448 4602 652 4626 -I:----2
709 4608 1087 4626 -__-_.-._,.
1302 4622 1312 4626 _
1434 4614 1446 4626 .
1587 4617 1599 4626 .
1837 4621 1846 4626 _
1976 4607 2022 4626 λ
2131 4625 2137 4626 ,
2251 4625 2293 4626 η

360 4612 411 4656 et
443 4602 672 4708 dia-coni,
705 4614 758 4662 et
788 4608 1095 4718 presbyteri
1136 4611 1232 4667 sed
1264 4622 1318 4667 et
1361 4614 1603 4688 episcopi
1646 4621 1942 4678 secundum
1975 4607 2025 4668 D
2049 4625 2142 4695 qui
2174 4625 2330 4682 nobis
2352 4627 2659 4696 obsistunt,
2684 4631 2777 4702 qui
2798 4633 3065 4691 adversus
3085 4651 3186 4694 nos
3205 4602 3503 4712 super

361 4695 572 4765 propria
598 4704 797 4753 statuta
817 4734 832 4764 ,
861 4699 1026 4754 etiam
1046 4699 1116 4756 ab
1137 4704 1400 4762 uxoribus
1425 4721 1484 4763 se
1513 4708 1855 4779 abstineant,
1886 4724 1947 4770 ut

364 4797 610 4858 tanquam
643 4806 746 4847 non
779 4791 1039 4850 habentes
1068 4795 1354 4853 videantur
1382 4815 1535 4867 esse;
1568 4804 1710 4872 quod
1739 4803 1840 4861 nisi
1864 4805 1945 4862 fe-

359 4880 556 4947 cerint,
583 4882 653 4939 ab
680 4883 936 4942 Ecclesia:
966 4901 1347 4945 removeantur
1363 4891 1561 4950 oﬂicio.
1595 4915 1615 4949 ι
1643 4894 1786 4968 Papa
1812 4913 1944 4968 quo-

358 4986 462 5042 que
487 4971 776 5046 Gregorius
807 4975 968 5034 Petro
997 4979 1329 5043 subdiacono
1351 4984 1494 5041 inter
1511 4997 1706 5045 caetera
1730 4991 1943 5058 scribit,

357 5061 540 5118 dicens
556 5063 744 5137 (Cum.
773 5066 900 5139 Reg.
922 5086 936 5136 ;
961 5069 1054 5126 lib.
1081 5088 1175 5127 vm
1198 5063 1348 5144 epist.
1371 5076 1462 5144 42,
1490 5078 1618 5134 dist.
1636 5080 1726 5146 3i,
1752 5080 1936 5156 Ante):

362 5152 555 5210 iAnte
597 5156 885 5214 triennium
918 5161 1231 5218 subdiacoui
1277 5169 1519 5223 omnium
1573 5152 1939 5231 Ecclesiarutn

357 5244 552 5303 Siciliae
577 5250 832 5318 prohibiti
859 5251 1092 5320 fuerant,
1120 5265 1178 5310 ut
1211 5273 1361 5314 more
1392 5261 1650 5320 Romanae
1681 5266 1940 5326 Ecclesiae

355 5338 465 5393 suis
495 5341 751 5395 uxoribus
795 5342 1102 5401 nullatenus
1149 5348 1528 5408 miscerentur.
1569 5373 1587 5406 ι
1621 5355 1775 5423 Quod
1807 5360 1936 5417 mihi

354 5428 546 5485 durum
609 5440 770 5504 atque
815 5434 1184 5507 incompetens
1218 5440 1470 5512 videtur,
1518 5456 1580 5500 ut
1628 5435 1720 5519 qui
1782 5467 1937 5508 usum

351 5517 589 5589 q'usdem
616 5523 961 5582 continentia:
995 5541 1102 5583 non
1133 5529 1380 5601 invenit,
1426 5551 1604 5608 neque
1632 5517 1939 5599 castitatem

353 5621 476 5669 ante
505 5618 803 5686 proposuit,
830 5621 1186 5692 compellatur
1229 5639 1260 5680 a
1309 5641 1406 5683 sua
1444 5644 1616 5687 uxore
1650 5637 1889 5704 separari
1920 5647 1933 5691 ε

351 5716 512 5778 atque
533 5722 630 5778 per
657 5709 782 5778 hoc,
818 5712 960 5781 quod
987 5713 1151 5781 absit,
1179 5715 1421 5776 deterius
1446 5719 1623 5778 cadat.
1665 5723 1820 5780 Unde
1854 5727 1934 5780 vi-

349 5795 504 5852 detur
530 5797 686 5864 mihi,
713 5807 768 5853 ut
805 5813 834 5852 a
862 5804 1115 5870 prtesenti
1145 5805 1233 5861 die
1263 5810 1514 5868 omnibus
1552 5814 1819 5885 episcopis
1849 5817 1934 5872 di-

713 5913 987 5974 ΡΑτιοι..
1047 5922 1325 5987 CXLIV.

2054 4715 2232 4771 stione
2255 4716 2550 4790 conﬂigunt
2589 4735 2604 4774 :
2642 4724 2771 4793 quia
2801 4724 2930 4780 dum
2961 4727 3120 4784 nobis
3167 4743 3297 4788 sunt
3341 4715 3666 4805 adversarii,

2054 4804 2109 4859 in
2141 4804 2405 4878 Spiritum
2431 4820 2683 4867 sanctum
2716 4813 3007 4873 manifesta
3048 4830 3177 4877 sunt
3222 4824 3523 4885 rebellione
3549 4804 3666 4887 blaé

2052 4899 2262 4995 splnemi
2290 4917 2303 4956 :
2334 4910 2389 4957 et
2437 4901 2586 4957 illum
2625 4903 3074 4976 blasphemantes
3119 4911 3405 4972 oﬂ‘endunt
3432 4960 3448 4986 ,
3510 4924 3667 4995 cujus

2051 4987 2280 5047 oﬂ'ensio
2307 5006 2416 5050 non
2440 4995 2740 5051 remittitur
2763 5015 2943 5070 neque
2989 5003 3079 5058 hic
3105 5044 3121 5070 ,
3153 5020 3336 5078 neque
3365 5010 3419 5066 in
3455 4987 3663 5072 futuro.

2052 5078 2161 5138 Sed
2196 5082 2314 5153 jam
2362 5085 2545 5157 plures
2595 5099 2910 5148 sanctorum
2965 5097 3286 5165 pontiﬁcum
3335 5103 3666 5165 subnectere

2048 5175 2361 5233 sanctiones
2383 5179 2708 5249 omittimus,
2752 5197 2822 5238 ne
2849 5185 3166 5254 epistolaris
3196 5195 3511 5263 compendii
3549 5215 3665 5255 meo

2049 5273 2159 5319 tam
2185 5266 2454 5323 excedere
2475 5268 2803 5338 iudicemur.
2852 5272 3007 5331 Parit
3032 5278 3176 5332 enim
3207 5280 3499 5349 prolixitas
3523 5285 3663 5343 laci-

2048 5357 2200 5413 niosa
2229 5351 2530 5415 fastidium.
2564 5362 2631 5417 Et
2669 5373 2818 5420 certe
2856 5367 2940 5420 cui
2979 5379 3294 5428 sanctorum
3342 5377 3661 5436 testimonia

2049 5463 2156 5506 non
2178 5449 2461 5518 suﬁicient,
2489 5455 2846 5527 undecunque
2869 5470 3123 5531 congesta
3153 5465 3376 5536 fuerint,
3412 5487 3520 5542 nec
3538 5475 3659 5545 plu-

2043 5540 2195 5599 ribus
2223 5543 2551 5614 acquiescet.
2581 5545 2636 5602 ld
2663 5560 2924 5618 praeterea
2955 5556 3102 5624 quod
3131 5556 3368 5626 objicitis
3387 5604 3401 5628 ,
3427 5540 3650 5623 cautum

2043 5648 2166 5690 esse
2206 5636 2528 5702 canonibus,
2567 5647 2626 5694 ut
2664 5641 2975 5714 quicunque
3020 5647 3294 5720 coniugati
3342 5655 3666 5715 sacerdotis

2041 5726 2275 5784 oﬂicium
2304 5731 2629 5800 spreverint,
2660 5725 2891 5791 debeant
2913 5742 3298 5799 communione
3320 5745 3555 5813 privari;
3588 5761 3646 5803 ut
3681 5751 3696 5768 "

2040 5831 2173 5888 pace
2200 5826 2380 5874 vestra
2412 5818 2634 5890 loquar,
2665 5823 2792 5880 dum
2839 5824 3142 5884 litterarum
3176 5833 3514 5903 superﬁciem
3546 5856 3640 5894 ue-

3076 5950 3148 6006 1'2
