5428 6566
226 436 328 495 365

1371 434 1575 493 LIBER
1615 432 1945 505 QUINTUS,
1988 432 2206 491 EPIST.
2250 436 2392 494 xm.

3447 443 3555 503 356

226 555 443 628 quidem
471 553 675 612 Christi
702 551 957 610 divinitas
985 565 1017 608 a
1044 565 1210 608 carne
1254 552 1523 624 potuisset
1566 550 1785 622 abjungi
1814 569 1826 603 :
1860 554 1912 613 Α
1938 549 2241 615 contrarii,
2280 548 2462 607 alieno
2509 561 2673 622 atque
2723 554 3024 609 adventitio
3072 555 3216 609 inter
3246 568 3341 611 eos
3379 558 3565 613 animo

224 645 464 717 alioquin
491 660 597 702 non
626 653 772 702 esset
800 637 962 701 verus
988 638 1151 709 Deus,
1197 639 1241 699 si
1288 643 1373 700 vel
1400 644 1454 700 in
1488 644 1607 715 ipso
1638 643 1830 700 mortis

223 740 452 796 articulo
473 737 748 794 desineret
764 753 886 795 esse
907 737 1072 793 Deus.
1097 734 1235 793 Hinc
1256 747 1341 794 est
1361 740 1508 809 quod
1530 738 1607 794 ait
1625 737 1687 793 B.
1705 738 1829 794 Am-

222 830 476 888 brosius:
513 846 533 880 ι
583 829 723 886 Caro
765 828 983 903 quidem
1017 827 1221 885 Christi
1262 831 1518 900 gustavit
1568 841 1825 897 mortem,

222 919 318 979 sed
351 920 703 994 impassibilis
730 920 827 977 Dei
859 920 1034 977 virtus
1064 937 1170 977 non
1198 920 1368 977 exivit
1406 922 1474 978 de
1510 937 1760 993 corpore.
1800 942 1821 977 ι

222 1012 447 1082 Ilagnus
476 1013 639 1069 etiam
669 1011 780 1069 Leo
804 1008 942 1084 papa
968 1028 1076 1070 non
1104 1012 1377 1084 disparem
1403 1012 1563 1083 hujus
1592 1015 1671 1070 rei
1695 1016 1827 1087 pro-

221 1102 344 1159 tulit
369 1104 424 1159 in
453 1118 552 1160 suo
576 1118 830 1173 sermone
854 1103 1179 1160 sententiam
1214 1122 1227 1159 :
1261 1122 1281 1156 ι
1312 1104 1425 1161 Nisi
1447 1103 1712 1172 Verbum,
1737 1104 1825 1161 in-

220 1194 359 1265 quit,
394 1209 522 1251 caro
572 1194 758 1262 fleret,
804 1201 862 1251 et
917 1202 1027 1249 tam
1060 1193 1231 1250 solida
1260 1195 1524 1251 existeret
1553 1196 1738 1252 unitas
1768 1195 1823 1250 in

219 1296 450 1361 utraque
498 1298 716 1355 natura,
763 1300 825 1343 ut
871 1304 903 1343 a
937 1288 1268 1360 suscipiente
1311 1296 1620 1360 susceptam
1648 1330 1662 1356 ,
1721 1303 1825 1346 nec

220 1377 394 1449 ipsum
420 1378 585 1435 breve
607 1378 801 1433 mortis
823 1387 1034 1449 tempus
1056 1377 1397 1451 abjungeret,
1422 1389 1700 1453 nunquam
1726 1397 1822 1438 va-

216 1466 356 1526 leret
380 1469 449 1525 ad
474 1471 833 1527 aeternitatem
864 1471 1044 1526 redire
1073 1472 1403 1527 mortalitas.
1444 1490 1467 1526 »
1498 1473 1647 1529 idem
1678 1489 1819 1545 quo-

216 1574 324 1631 que
351 1558 477 1616 alibi
507 1574 523 1613 :
552 1578 571 1611 ι
612 1559 813 1625 Deitas,
843 1574 963 1631 qua:
991 1558 1060 1616 ab
1087 1570 1321 1632 utraque
1364 1564 1603 1635 suscepti
1646 1565 1825 1621 homi-

215 1649 304 1705 nis
331 1649 635 1706 substantia
682 1664 789 1705 non
841 1652 1090 1718 recessit,
1136 1652 1279 1723 quod
1306 1661 1578 1723 potestate
1609 1655 1815 1724 divisit,

215 1747 483 1811 pateState
536 1738 840 1809 conjunxit.
878 1760 896 1794 ι
933 1740 1104 1798 Porro
1158 1750 1341 1798 autem
1387 1759 1485 1800 vos
1540 1744 1819 1802 Christum

213 1834 323 1889 non
344 1831 585 1889 dividitis
604 1874 618 1897 ,
668 1832 761 1888 sed
791 1832 1090 1889 Ecclesiam
1110 1874 1125 1901 ,
1153 1850 1275 1905 quae
1304 1851 1503 1907 corpus
1552 1838 1670 1910 ejus
1712 1848 1817 1907 est,

1936 654 2311 713 perseverant.
2341 643 2512 701 Cebal
2544 646 2745 701 dicitur
2772 645 2925 701 vallis
2955 664 3088 702 uana
3109 688 3125 715 ,
3174 664 3273 719 per
3299 649 3445 720 quod
3475 649 3566 705 deo

1935 735 2227 803 signantur
2257 735 2291 789 ii
2324 736 2418 807 qui
2476 736 2730 792 simulate
2774 746 2905 792 sunt
2942 739 3102 793 mites
3128 779 3143 805 ,
3186 751 3239 794 et
3292 739 3565 795 fallaciter

1933 826 2187 883 humiles.
2218 828 2452 885 Ammon
2488 830 2881 899 interpretatur
2908 830 3135 901 populus
3173 832 3446 897 turbidus,
3480 832 3562 886 vel

1930 920 2159 990 populus
2188 924 2465 978 maeroris:
2494 923 2695 993 quibus
2724 922 2938 979 scilicet
2966 924 3041 977 illi
3070 925 3271 979 c'ebeut
3303 925 3557 997 intelligi,

1932 1014 2023 1082 qui
2052 1015 2181 1068 dum
2218 1029 2357 1070 nova
2387 1015 2635 1071 doctrina
2666 1015 2926 1086 populum
2955 1016 3165 1071 scilicet
3188 1016 3435 1083 turbant,
3463 1018 3558 1072 Ec-

1931 1104 2112 1160 clesia:
2139 1104 2234 1160 Dei
2264 1119 2560 1162 mterorem
2585 1117 2751 1177 atque
2774 1107 3051 1162 tristitiam
3075 1118 3367 1181 generant.
3398 1108 3557 1163 Ama«

1932 1188 2049 1251 lech
2081 1195 2283 1251 dicitur
2310 1198 2538 1267 populus
2567 1197 2771 1269 [ingens
2790 1239 2803 1262 ,
2842 1213 2940 1268 per
2971 1214 3108 1270 quos
3137 1202 3323 1270 utique
3347 1200 3560 1257 Christi

1928 1288 2287 1360 designantur
2308 1290 2539 1357 inimici,
2565 1291 2633 1347 de
2659 1290 2860 1361 quibus
2885 1292 2938 1346 in
2964 1291 3175 1362 psalmo
3195 1293 3404 1360 dictum
3431 1304 3515 1349 est
3542 1314 3555 1347 :

1934 1400 1952 1433 ι
1992 1382 2062 1437 Ει
2087 1383 2292 1439 inimici
2323 1384 2441 1454 ejus
2472 1392 2679 1439 terram
2708 1383 2916 1456 lingent
2946 1382 3123 1455 (Paul.
3155 1385 3327 1457 aut).
3362 1406 3381 1439 ι
3406 1386 3557 1443 Alie-

1926 1473 2139 1545 nigente
2184 1474 2435 1545 quamvis
2476 1483 2534 1529 et
2575 1475 2693 1545 ipso
2733 1475 2953 1531 nomine
2996 1475 3193 1531 Latino
3222 1492 3281 1532 se
3312 1478 3559 1534 indicent

1927 1565 2167 1631 alienos,
2206 1573 2262 1622 et
2303 1566 2375 1622 ob
2404 1567 2507 1622 hoc
2536 1577 2940 1637 consequenter
2966 1568 3240 1633 inimicos,
3283 1578 3466 1626 tamen
3500 1572 3553 1625 in

1927 1656 2160 1714 Hebraeo
2187 1658 2455 1714 dicuntur
2478 1658 2833 1723 Philistltiim,
2867 1659 3012 1729 quod
3038 1659 3438 1730 interpretatur
3461 1679 3555 1715 ca-

1925 1748 2103 1804 dentes
2150 1750 2439 1819 potatione.
2479 1748 2584 1804 Per
2631 1764 2769 1819 quos
2824 1749 3212 1820 exprimuntur
3262 1750 3362 1817 illi,
3412 1766 3553 1821 quos

1926 1840 2141 1896 luxuria
2172 1842 2355 1897 carnis
2377 1841 2633 1908 inebriat,
2666 1851 2720 1898 et
2745 1843 2901 1912 quasi
2929 1857 3043 1912 pra:
3064 1844 3239 1913 nimia
3270 1846 3551 1913 potatione

211 1924 588 1983 dividere-non
624 1925 842 1982 timetis.
879 1927 971 1981 Ait
1002 1928 1148 1983 enim
1191 1930 1525 2000 Apostolus:
1563 1951 1580 1985 ι
1625 1932 1818 1989 Adim-
1852 1918 1897 1978 Β
1925 1932 2208 1998 cadentes,
2246 1932 2300 1986 in
2338 1932 2445 1987 ima
2476 1934 2806 2004 prtecipitat.
2840 1931 3020 2005 'i‘yrus
3063 1936 3253 2000 etiam,
3285 1952 3409 2007 quae
3441 1936 3549 1993 lle-

210 2014 334 2086 pl'eo
354 2032 439 2083 ea,
468 2031 588 2087 qua:
609 2017 807 2072 desunt
835 2019 1150 2089 passionum
1176 2020 1379 2077 Christi
1406 2022 1461 2077 in
1483 2038 1649 2079 carne
1675 2040 1816 2091 mea,

209 2121 313 2178 pro
335 2110 563 2179 'corpore
582 2100 727 2179 ejus;
748 2109 891 2180 quod
917 2118 1004 2165 est
1038 2111 1280 2167 Ecclesia
1312 2112 1453 2184 (Col.
1484 2114 1545 2185 ι).
1582 2133 1601 2168 ι
1632 2115 1818 2171 Enim-

208 2199 341 2254 vero
378 2198 581 2255 milites
628 2200 784 2255 veriti
830 2208 958 2256 sunt
1002 2200 1214 2257 Domini
1249 2204 1500 2261 scindere
1543 2206 1810 2273 tunicam;

208 2276 307 2347 vos
331 2290 638 2362 discerpere
663 2296 769 2347 hon
802 2291 1109 2349 formidatis
1145 2293 1444 2352 Eeclesiam
1476 2315 1489 2352 :
1520 2298 1614 2369 qui
1654 2300 1817 2357 nimi-

206 2394 331 2435 rum
358 2397 464 2437 non
495 2380 695 2437 idcirco
715 2381 1081 2439 Eccleslarum
1108 2382 1261 2440 lucra
1284 2387 1631 2458 conquiritis,
1664 2398 1717 2444 ιιι
1745 2390 1811 2445 ad

206 2472 633 2546 consecrationis
686 2474 915 2544 gratiam
969 2476 1350 2532 censcendatis
1382 2492 1397 2531 :
1428 2478 1523 2534 sed
1572 2480 1812 2535 necessi-

206 2569 321 2619 tate
346 2562 642 2635 compulsi,
688 2563 810 2620 ideo
852 2565 1100 2638 patimini
1126 2569 1615 2636 consecrationem,
1638 2579 1697 2625 ut
1723 2588 1812 2628 cc—

205 2652 565 2710 clesiasticam
605 2669 702 2712 vos
729 2671 837 2712 non
877 2658 1161 2730 contingat
1189 2658 1447 2718 amittere
1472 2660 1806 2719 facultatem.

203 2744 319 2802 Nec
339 2746 407 2803 ad
432 2745 535 2803 hoc
564 2748 856 2815 anhelatis,
900 2758 962 2804 ιιι
999 2749 1313 2806 emciamini
1338 2752 1597 2809 Ecclesiae
1628 2770 1811 2811 sacer-

203 2835 358 2892 dotes
384 2854 396 2890 :
432 2838 529 2893 sed
554 2836 627 2893 ad
656 2837 759 2893 hoc
782 2845 1013 2904 tantum,
1041 2846 1100 2894 ut
1128 2839 1275 2894 velut
1300 2841 1650 2899 hereditario
1671 2862 1809 2915 quo-

201 2926 328 2982 dam
354 2926 479 2997 jure
506 2928 626 2984 sitis
651 2930 949 2985 sanctuarii
995 2944 1361 3001 possessores.
1406 2933 1530 2990 lllos
1557 2936 1809 2994 videlicet

198 3020 498 3089 imitantes,
549 3022 641 3093 qui
689 3022 847 3094 juxta
896 3024 1068 3079 David
1113 3025 1468 3082 vaticinantis
1495 3030 1804 3100 oraculum,

199 3111 500 3170 dixerunt:
537 3132 556 3166 σ
611 3113 945 3172 Haareditate
998 3117 1378 3187 possideamus
1430 3124 1805 3180 sanctuarium

195 3204 296 3262 Dei
329 3206 503 3279 (Paul.
526 3207 757 3279 LXXXII).
789 3227 808 3262 ι
841 3208 920 3264 De
941 3210 1140 3278 quibus
1162 3211 1214 3266 in
1238 3213 1431 3268 eodem
1455 3213 1669 3285 psalmo
1689 3216 1803 3273 Deo

1921 2021 2107 2078 braice
2136 2039 2257 2079 sors
2291 2023 2516 2089 dicitur,
2547 2023 2794 2096 angustia
2825 2025 2940 2080 sive
2969 2024 3244 2079 tribulatio
3272 2026 3546 2098 interpre-

1922 2118 2071 2164 tatur
2100 2129 2112 2164 :
2146 2126 2254 2180 quo
2284 2111 2359 2165 illi
2391 2111 2645 2167 videntur
2672 2113 2961 2184 perspicue
2992 2113 3290 2187 designari,
3324 2118 3417 2186 qui
3452 2132 3549 2187 per

1918 2203 2215 2272 impietatis
2247 2220 2411 2275 opera
2444 2215 2719 2277 perpetuae
2758 2207 3100 2263 tribulationi
3146 2210 3232 2265 vel
3276 2211 3547 2280 angustia:

1915 2296 2219 2363 probantur
2251 2297 2495 2351 obnoxii.
2547 2296 2761 2352 Madian
2817 2298 3214 2370 interpretatur
3268 2300 3544 2357 decimatas

1906 2387 2199 2457 judicium.
2232 2388 2308 2444 llli
2345 2390 2796 2462 plauejudicinm
2824 2393 3122 2460 declinant,
3155 2395 3245 2463 qui
3272 2395 3547 2466 dogmati-

1915 2479 2092 2533 zaudo
2115 2496 2399 2550 perversa,
2422 2484 2622 2538 divinae
2644 2479 2778 2555 legis
2794 2482 3066 2553 jttstitiam
3096 2486 3319 2543 violant.
3354 2488 3543 2545 Sisara

1914 2568 2120 2624 dicitur
2143 2571 2377 2626 exclusio
2403 2574 2625 2643 gaudii;
2660 2582 2717 2629 et
2762 2575 3076 2647 quicunque
3123 2594 3182 2633 se
3211 2578 3456 2636 lasciviis
3487 2592 3541 2634 et

1914 2660 2227 2717 carnalibus
2254 2662 2540 2720 lenociniis
2564 2664 2876 2736 petulanter
2898 2666 3255 2735 itutttcrgttnt,
3280 2671 3541 2741 gaudium

1913 2766 1945 2806 a
1977 2768 2036 2807 se
2065 2770 2315 2825 superna:
2339 2755 2622 2812 fclicitatis
2646 2758 2968 2814 excludunt.
3016 2759 3178 2815 Jabiu
3212 2762 3415 2818 dicitur
3454 2782 3536 2818 sa.

1910 2846 2100 2917 piens,
2144 2849 2289 2926 quod
2319 2858 2418 2917 per
2447 2850 2812 2921 antipltt'asim
2854 2850 2923 2907 de
2969 2851 3075 2907 illis
3126 2853 3538 2926 intelligendum

1911 2950 2017 3005 est,
2043 2940 2111 2994 de
2146 2941 2347 3011 quibus
2380 2943 2513 2997 dicit
2538 2943 2832 3013 Apostolus
2868 2962 2883 2999 :
2930 2964 2949 2998 ι
2981 2945 3095 3012 ,υω
3129 2949 3351 3017 sapiens
3376 2990 3392 3015 ,
3445 2949 3534 3005 ubi

1910 3031 2133 3099 scriba,
2184 3033 2275 3089 ubi
2325 3035 2665 3105 conquisitor
2710 3035 2872 3106 hujus
2895 3038 3123 3094 saeculi?
3168 3060 3185 3092 ι
3224 3040 3277 3113 (1
3309 3039 3437 3097 Cor.
3470 3045 3535 3114 t.)

1909 3121 2100 3179 Nonne
2128 3125 2352 3180 stultam
2383 3125 2514 3182 fecit
2548 3128 2688 3183 Deus
2717 3128 3048 3199 sapientiam
3098 3130 3260 3203 hujus
3303 3134 3487 3190 saeculi
3513 3136 3536 3187 ?

1909 3211 2055 3268 Oreb
2075 3213 2470 3286 interpretatur
2499 3217 2745 3284 siccitas;
2774 3228 2831 3273 et
2852 3219 2946 3289 qui
2971 3228 3105 3275 testu
3136 3224 3532 3295 concupiscen-

193 3295 401 3353 dicitur
444 3312 460 3352 :
503 3316 522 3350 ι
582 3298 849 3366 Quoniam
902 3302 1284 3372 cogitaverunt
1350 3320 1680 3363 consensum
1743 3309 1803 3365 in
1828 3288 1877 3355 C
1909 3300 1999 3356 tite
2018 3303 2257 3359 carnalis
2276 3307 2547 3372 exuritur,
2576 3307 2753 3363 imbre
2776 3288 2953 3365 sancti
2980 3310 3219 3381 Spiritus
3244 3315 3529 3373 madeﬁeri

192 3400 406 3454 unum,
478 3388 766 3445 adversum
840 3399 892 3447 te
965 3399 1356 3449 testamentum
1415 3395 1805 3467 disposuerunt

193 3475 413 3550 (Ibid.).
452 3497 471 3533 ι
507 3480 618 3535 Vos
647 3480 792 3535 enim
819 3480 935 3537 haec
959 3482 1233 3539 sententia
1266 3487 1523 3555 percutit,
1553 3488 1646 3558 qui
1673 3503 1803 3544 con-

189 3584 416 3625 sensum
445 3571 500 3626 in
542 3588 711 3628 unum
757 3574 1034 3647 cogitatis,
1088 3578 1214 3633 dum
1244 3578 1299 3635 in
1339 3594 1406 3636 eo
1434 3581 1580 3653 quod
1610 3594 1802 3640 contra

189 3675 385 3718 sacros
407 3678 645 3721 canones
673 3665 873 3728 dicitis,
924 3683 1031 3723 non
1062 3667 1266 3740 dispari
1309 3671 1492 3727 studio
1532 3673 1677 3732 inter
1707 3690 1801 3733 vos

188 3755 527 3812 unanimiter
554 3759 935 3816 concordatis:
962 3769 1126 3831 atque
1155 3763 1419 3822 adversus
1440 3766 1613 3823 Deum
1636 3777 1801 3826 testa:

184 3854 435 3903 mentum
466 3849 753 3920 disponitis
778 3850 907 3907 dum
932 3868 1132 3909 novam
1162 3853 1355 3926 legem,
1380 3866 1544 3929 atque
1574 3871 1798 3918 contra-

182 3936 331 3992 riam
355 3936 747 3995 Ecclesiastica:
770 3940 972 4011 regulae
997 3944 1375 4016 promulgatis.
1406 3947 1508 4015 Qui
1534 3965 1667 4005 vero
1688 3954 1800 4008 sint

180 4026 288 4095 illi,
305 4029 396 4099 qui
421 4029 535 4085 haec
554 4039 744 4085 contra
767 4030 1055 4088 Dominum
1082 4033 1307 4103 faciant,
1324 4040 1587 4109 propheta
1612 4044 1799 4099 subse-

177 4126 421 4188 quenter
473 4134 830 4188 enumerans,
901 4124 1218 4183 manifestat
1270 4146 1283 4182 :
1340 4146 1360 4181 ι
1417 4129 1793 4191 Tabernacula

174 4204 567 4275 ldummorum,
598 4217 653 4265 et
678 4209 987 4280 lsmaelitae,
1016 4213 1193 4281 Moab,
1224 4226 1281 4272 et
1301 4218 1563 4290 Agareni,
1595 4223 1789 4293 Gebal,

172 4307 235 4354 et
268 4299 505 4354 Ammon
526 4341 541 4367 ,
572 4300 829 4359 Amalech
852 4344 866 4370 ,
896 4312 953 4360 et
984 4306 1300 4379 alienigenae
1333 4326 1458 4367 cum
1490 4314 1790 4373 habitanti-

169 4388 283 4443 bus
321 4386 546 4459 Tyrum.
596 4388 810 4445 Etenim
865 4391 1036 4449 Assur
1087 4394 1251 4452 simul
1300 4400 1448 4455 venit
1502 4416 1625 4459 cum
1661 4405 1785 4462 illis.

168 4478 334 4534 Facti
366 4488 493 4534 sunt
522 4479 576 4534 in
616 4480 779 4552 ιω
812 4485 1215 4554 susceptionem
1250 4487 1375 4545 ﬁliis
1407 4489 1528 4547 Lot.
1561 4492 1673 4551 Fac
1724 4496 1788 4551 il-

164 4558 240 4624 lis
267 4558 419 4625 sicut
452 4567 685 4637 Madian,
715 4579 771 4627 et
797 4570 1019 4639 Sisarar,
1054 4576 1199 4632 sicut
1225 4577 1385 4635 Jabin
1435 4583 1489 4638 in
1541 4593 1784 4644 torrente

162 4659 393 4717 Cisson.
419 4659 795 4731 Disperierunt
822 4664 876 4718 in
901 4664 1083 4721 Eudor
1104 4667 1277 4737 (Paul.
1310 4674 1520 4746 Laut),
1559 4696 1577 4729 i
1613 4686 1669 4731 et
1696 4693 1782 4735 re-

161 4751 343 4823 liqua.
380 4750 619 4818 Quorum
661 4754 869 4811 scilicet
911 4760 1190 4815 nominum
1219 4761 1265 4818 si
1304 4764 1783 4838 interpretationes

158 4842 519 4915 exponimus,
546 4847 744 4901 vestris
775 4847 890 4903 haec
921 4852 1258 4908 concordare
1287 4858 1533 4914 moribus
1590 4863 1780 4931 procul

156 4934 342 4990 dubio
365 4936 685 5005 reperimus.
705 4937 921 4994 ldumazi
947 4956 1180 5011 namque
1203 4945 1459 5002 dicuntur
1479 4952 1775 5022 sanguinei,

153 5024 247 5079 vel
278 5027 498 5079 terreni.
531 5026 685 5095 Quod
715 5028 866 5085 vobis
897 5030 1082 5101 utique
1105 5036 1379 5106 congruit,
1403 5039 1495 5108 qui
1524 5040 1649 5096 dum
1676 5044 1780 5098 ista

153 5117 524 5182 contenditis,
556 5133 773 5175 carnem
816 5129 870 5176 et
918 5125 1236 5194 sanguinem
1268 5142 1367 5183 vos
1395 5142 1537 5194 esse,
1568 5140 1622 5186 et
1657 5147 1776 5185 om-

149 5209 294 5263 nino
325 5216 575 5264 terrenos
604 5212 946 5280 apertissime
975 5215 1382 5273 demonstratis.
1426 5220 1570 5277 Estis
1608 5224 1773 5279 etiam

146 5298 477 5363 lsma-~litae,
508 5300 557 5355 id
584 5312 683 5366 est,
716 5304 1031 5372 obedientes,
1066 5324 1172 5363 non
1216 5309 1349 5377 Deo,
1398 5314 1493 5369 sed
1539 5318 1771 5382 mundo;

146 5406 266 5445 non
322 5390 523 5445 divinae
558 5391 698 5463 legi,
746 5396 838 5449 sed
877 5398 1049 5452 carui.
1089 5397 1245 5455 Moab
1292 5415 1421 5459 vero
1471 5406 1671 5462 dicitur
1710 5426 1775 5463 ea:

141 5490 333 5553 patre,
369 5495 468 5550 per
502 5483 644 5552 quod
671 5523 685 5549 ,
728 5486 982 5554 quoniam
1010 5498 1270 5558 paternus
1308 5492 1548 5551 incestus
1577 5500 1774 5555 intelli-

142 5576 333 5647 gitur,
364 5581 547 5629 veatra
572 5592 789 5648 quoque
815 5578 1027 5636 luxuria
1064 5582 1480 5643 condemnatur.
1511 5588 1770 5660 Agareni,

138 5667 200 5723 id
239 5674 357 5731 est,
405 5667 687 5739 proselgti,
734 5671 820 5726 vel
863 5673 1103 5741 aduente,
1132 5693 1241 5748 quo
1270 5679 1629 5753 designantur
1675 5702 1771 5741 no-
1843 5690 1849 5705 ‘

136 5760 301 5815 mine
327 5797 345 5824 ,
397 5759 489 5827 qui
534 5775 633 5831 per
658 5765 988 5822 exteriorem
1018 5770 1239 5837 quidem
1271 5773 1588 5831 societatem
1617 5778 1773 5834 Chri-

136 5850 334 5907 stiano
363 5850 562 5920 populo
600 5867 660 5910 se
694 5857 951 5918 concives
989 5859 1268 5933 simulant,
1313 5865 1407 5921 sed
1438 5866 1539 5939 legi
1570 5870 1773 5928 Christi

1906 3414 2013 3454 non
2043 3398 2306 3455 meretur.
2336 3402 2448 3457 Zeb
2476 3403 2677 3460 dicitur
2717 3404 2911 3475 lupus;
2940 3406 3121 3463 Zebee
3159 3411 3391 3466 victima.
3425 3412 3533 3468 Rc-

1904 3492 2060 3562 probi
2090 3508 2329 3564 namque
2352 3535 2368 3561 ,
2412 3495 2502 3565 qui
2552 3506 2681 3551 sunt
2728 3512 2954 3568 rapaces
2985 3500 3037 3556 in
3068 3503 3301 3571 saeculo,
3333 3515 3391 3561 et
3420 3506 3529 3577 Inpi

1906 3594 2053 3653 sunt,
2108 3596 2163 3642 et
2212 3589 2312 3660 ipsi
2365 3600 2495 3645 sunt
2542 3592 2821 3660 victima;
2855 3597 2983 3666 quia
3022 3597 3149 3653 dum
3194 3600 3531 3659 infirmiore.-

1904 3692 2152 3748 quosque
2177 3679 2443 3736 devorare
2466 3683 2828 3751 contendunt,
2857 3694 2913 3740 et
2939 3686 3039 3757 ipsi
3069 3689 3372 3759 spiritualis
3395 3692 3528 3766 lupi.

1904 3770 2010 3827 hoc
2038 3781 2147 3840 est,
2201 3771 2403 3830 diaboli
2455 3776 2709 3833 dentibus
2761 3794 3132 3851 exponuntur.
3169 3784 3278 3842 Sed
3319 3798 3379 3843 ut
3422 3791 3525 3845 hu~

1896 3863 2135 3935 jusmodi
2167 3866 2448 3922 nominum
2491 3870 2766 3940 etpositio
2812 3872 2882 3928 ab
2921 3872 3082 3942 hujus
3132 3876 3527 3947 disputationis

1901 3957 2094 4012 ordine
2127 3972 2233 4013 non
2263 3958 2583 4023 dissentiat,
2610 3964 2765 4031 quasi
2795 3963 2906 4035 lupi
2936 3975 3061 4020 sunt
3094 3968 3244 4025 silva:
3281 3976 3525 4041 perversi

1902 4048 2157 4106 doctores
2187 4051 2464 4108 Ecclesiae.
2496 4053 2599 4121 Qui
2628 4055 2888 4111 nimirum
2937 4068 2992 4114 et
3040 4058 3151 4131 lupi
3183 4073 3331 4131 sunt,
3365 4066 3528 4123 simul

1898 4148 1955 4194 et
1982 4139 2256 4196 victimae:
2284 4143 2409 4213 quia
2439 4144 2565 4199 dum
2595 4146 2919 4205 innocentes
2950 4166 3196 4223 quosque
3224 4156 3372 4213 velut
3395 4174 3527 4216 oves

1896 4232 2141 4288 cruentis
2161 4248 2345 4304 pravae
2374 4237 2782 4305 prtedicationis
2810 4241 3064 4300 dentibus
3106 4259 3353 4305 mactant
3375 4292 3389 4315 ,
3424 4252 3525 4322 ipsi

1894 4336 2114 4393 quoque
2146 4324 2338 4395 rapina
2364 4325 2516 4393 facti,
2542 4337 2597 4383 et
2619 4328 2673 4384 in
2700 4330 2902 4387 diaboli
2926 4333 3242 4394 devorantis
3265 4338 3524 4396 intestina

1896 4413 2135 4484 trajecti,
2187 4416 2558 4473 insatiabilem
2604 4418 2724 4488 ejus
2774 4422 3068 4493 ingluviem
3120 4439 3396 4486 recreant.
3447 4431 3524 4487 De

1893 4505 2091 4573 quibus
2138 4516 2194 4562 et
2244 4524 2345 4578 per
2377 4508 2727 4566 Psalmistam
2758 4512 2960 4569 dicitur
2991 4532 3005 4569 :
3041 4536 3059 4569 ι
3092 4517 3247 4575 Sicut
3291 4536 3424 4579 oves
3472 4526 3526 4580 in

1892 4593 2106 4651 inferno
2161 4599 2327 4667 positi
2382 4609 2533 4666 sunt,
2586 4609 2640 4656 et
2704 4619 2853 4660 mors
2903 4607 3163 4678 depascet
3206 4626 3303 4667 eos
3345 4612 3521 4685 (Psal.

1889 4694 2101 4757 xum).
2141 4708 2157 4740 ι
2209 4689 2468 4747 Diabolus
2524 4693 2688 4764 170
2726 4697 2871 4751 enim
2916 4715 3059 4755 mors
3098 4702 3333 4762 dicitur:
3380 4705 3522 4761 sicut

1886 4777 1941 4831 in
1971 4778 2295 4852 Apocalypsi
2322 4784 2587 4854 scriptum
2617 4796 2702 4841 est
2733 4802 2746 4840 :
2786 4806 2805 4839 ι
2839 4788 2979 4857 Quia
3006 4804 3126 4849 erat
3149 4810 3323 4864 equus
3357 4798 3519 4866 palli-

1886 4871 2010 4936 dus,
2064 4882 2119 4927 ct
2160 4874 2254 4944 qui
2284 4876 2511 4931 sciebat
2568 4894 2737 4949 super
2782 4898 2931 4948 eum,
2993 4902 3194 4943 nomen
3241 4889 3318 4944 illi
3364 4907 3519 4950 mors

1886 4964 2073 5036 (Apoc.
2098 4968 2195 5039 vr).
2223 4988 2241 5021 ι
2269 4970 2581 5026 Cavendum
2608 4988 2737 5045 ergo
2770 4977 2947 5044 vobis,
2989 4994 3056 5036 ne
3086 4980 3216 5037 dum
3246 4987 3519 5044 mortibus

1883 5056 2237 5125 parvulorum
2270 5072 2508 5116 vestram
2539 5065 2750 5121 satiatis
2783 5070 3056 5137 esuriem,
3090 5080 3147 5128 et
3180 5075 3285 5144 ipsi
3312 5078 3518 5134 occulti

1886 5150 2125 5218 raptoris
2148 5149 2461 5207 eﬂiciamini
2494 5155 2748 5219 victimzr,
2777 5172 2919 5227 quos
2953 5160 3041 5216 ille
3072 5178 3242 5218 vorax
3272 5175 3329 5221 et
3360 5167 3515 5224 insa-

1888 5238 2089 5295 tiabilis
2116 5240 2389 5298 homicida
2418 5246 2469 5298 in
2495 5262 2589 5300 sua
2617 5249 2908 5304 transferat
2927 5252 3211 5310 alimenta.
3245 5255 3514 5315 Salmaua

1883 5328 2086 5385 dicitur
2108 5333 2291 5387 umbra
2321 5339 2718 5402 commotionis;
2751 5354 2805 5395 et
2831 5344 3067 5399 caritatis
3090 5348 3346 5417 quisquis
3379 5352 3510 5406 dum

1884 5422 2243 5478 umbraticam
2270 5424 2589 5483 felicitatem
2614 5432 2883 5499 sequitur,
2911 5437 3139 5491 veritate
3166 5449 3502 5515 contempta,

1882 5526 1979 5581 per
1993 5513 2171 5569 varias
2187 5517 2373 5571 mundi
2389 5514 2861 5589 concupiscentias
2882 5540 3282 5587 commovetur.
3301 5513 3502 5591 Cisson

1880 5614 2082 5671 autem,
2135 5613 2188 5661 tn
2231 5624 2339 5677 quo
2388 5611 2598 5667 scilicet
2651 5622 2894 5671 torrente
2947 5634 3138 5677 omnes
3179 5623 3254 5679 illi
3294 5626 3495 5681 devicti

1878 5702 2025 5759 sunt,
2055 5696 2253 5751 duritia
2280 5716 2462 5753 eorum
2494 5701 2909 5772 interpretatur.
2943 5708 2998 5763 In
3045 5710 3244 5766 duritia
3294 5715 3496 5785 quippe

1878 5799 1977 5840 sua
2008 5785 2337 5855 depereant,
2368 5791 2459 5859 qui
2489 5807 2653 5860 prava
2688 5794 2967 5864 docentes,
3000 5801 3217 5857 veritati
3248 5810 3491 5873 pertina-

1878 5877 2036 5940 citer,
2070 5884 2123 5931 et
2155 5876 2427 5933 obstinate-
2456 5882 2733 5939 resistunt.
2770 5884 2955 5946 Endor
2976 5890 3163 5961 etiam,
3196 5894 3289 5949 ubi
3308 5897 3488 5967 perie-

3990 0 5259 133 "
