5428 6610
183 434 289 492 ἰϐθ
1299 428 1504 484 LIBER
1543 422 1886 495 QUINTUS,
1928 417 2145 477 EPIST.
2192 418 2373 475 XVIII.
3397 403 3506 461 370

191 551 354 606 ritate
376 546 674 618 persistere
703 541 795 600 :et
821 542 874 598 in
904 540 1216 613 apostolica:
1245 541 1368 597 tidei
1392 550 1546 613 petra
1579 538 1778 596 funda-
1809 537 1858 599 Α
1890 534 1962 589 illi
2009 534 2206 590 merito
2233 542 2491 590 notantur
2535 533 2812 597 haeretici,
2863 530 2957 601 qui
2993 533 3333 600 prtesnmuut
3360 523 3508 595 quod

191 651 302 703 tos.
325 637 538 696 cunctis
560 648 847 707 pravorum
878 634 1192 704 dogmatum
1238 633 1520 690 erroribus
1566 633 1785 702 insupe-

192 729 444 787 rabiliter
507 726 793 784 resultare.
864 727 1089 782 Annuat
1142 725 1296 782 vobis
1349 727 1402 781 in
1457 724 1622 796 hujus
1662 726 1788 780 vitae

195 820 426 878 transitu
456 819 535 875 sic
559 832 656 888 per
679 817 863 874 omnia
889 817 1093 883 vivere,
1126 827 1185 872 ut
1223 833 1346 874 cum
1383 831 1449 872 eo
1479 817 1663 883 simul,
1695 816 1789 888 qui

195 919 388 968 auctor
411 915 497 966 est
522 910 666 974 vitae,
689 909 744 966 in
775 909 864 965 illa
897 908 1108 966 ccclesti
1136 908 1438 966 Jerusalem
1471 907 1791 966 mereamiui

197 1002 314 1057 sine
345 998 454 1056 fine
482 1001 739 1072 gaudere.
777 999 971 1055 Amen.

750 1112 1088 1171 EPISTOLA
1127 1115 1242 1169 XV.

851 1222 920 1262 Λυ
958 1221 1186 1262 εοςωζιι.

200 1297 600 1355 Aacuncuruu.
629 1329 699 1339 —
721 1297 926 1354 Eadem
969 1299 1022 1353 in
1050 1300 1153 1354 hac
1193 1297 1445 1367 epistola,
1475 1312 1596 1367 qua:
1625 1297 1677 1351 in
1708 1312 1800 1351 su-

557 1369 758 1439 periori
790 1368 1011 1425 brevius
1039 1369 1409 1424 continentur.

276 1459 467 1515 Petrus
489 1459 758 1526 Damiani,
793 1460 1103 1526 Ronucrno,
1153 1457 1370 1526 νει-λιι,
1403 1457 1670 1522 Autumo,
1693 1455 1803 1514 Elt-

208 1564 485 1606 Leuuswo
514 1550 772 1606 fratribus
801 1551 1056 1607 salutem.

278 1640 496 1696 Gratias
522 1641 732 1712 agimus
773 1640 906 1707 Deo,
933 1635 1080 1712 quod
1125 1640 1399 1698 constanti
1453 1638 1612 1692 fama:
1652 1637 1801 1693 audi-

209 1748 331 1787 mus
378 1747 476 1789 vos
518 1740 834 1788 constanter
875 1733 1136 1788 adversus
1185 1734 1373 1789 hostes
1421 1731 1807 1787 ecclesiasticae

211 1821 508 1893 disciplina:
546 1829 778 1878 certare.
814 1821 1207 1878 Nicolaitarum
1256 1820 1503 1886 haeresis,
1543 1835 1667 1892 qua:
1713 1834 1809 1876 vo-

1892 628 1996 682 sihi
2046 627 2243 683 melius
2294 627 2508 682 videtur
2533 625 2735 699 eligere
2767 644 2779 678 :
2813 625 3178 694 dedignantur
3239 627 3424 673 autem
3456 617 3508 671 iu

1893 719 2018 786 bis,
2064 733 2189 790 quae
2217 733 2250 773 a
2291 718 2500 774 sanctis
2545 727 2671 774 sunt
2704 716 2955 773 instituta
2999 710 3354 775 doctoribus,
3385 723 3515 780 per-

1894 824 2139 866 manere.
2187 809 2302 880 Ego
2344 818 2528 866 autem
2570 809 2697 880 quia
2743 822 2853 864 non
2898 806 3063 862 modo
3112 812 3361 860 veterum
3389 815 3518 857 san-

1894 911 2139 970 ctorum,
2170 903 2264 957 sed
2294 910 2351 957 et
2383 901 2736 972 pmsentium
2766 913 2855 955 me
2883 895 3210 968 discipulum
3239 907 3363 958 esse
3390 906 3521 965 pto-

1897 994 2088 1060 llteor,
2143 1000 2198 1046 ct
2243 991 2486 1048 doctoris
2540 991 2672 1047 mihi
2731 990 3050 1047 cathedram
3106 1003 3216 1044 non
3272 1000 3519 1055 usurpo,

1899 1100 2008 1138 non
2059 1082 2154 1139 tibi
2207 1097 2403 1137 novam
2457 1097 2623 1154 super
2671 1082 2801 1146 his,
2855 1096 2978 1153 qua!
3030 1078 3310 1142 consulis,
3363 1092 3524 1148 regu-

1902 1174 2007 1228 lam
2055 1173 2265 1237 condo,
2315 1187 2424 1228 non
2473 1172 2605 1245 legis
2648 1170 2774 1241 jura
2831 1169 3122 1243 promulgo
3173 1190 3186 1223 :
3240 1169 3336 1224 sed
3375 1166 3524 1237 quod

1901 1266 1986 1320 vel
2019 1266 2133 1337 ipse
2179 1264 2232 1320 in
2265 1263 2508 1320 Romana
2558 1263 2800 1320 Ecclesia
2843 1264 2978 1335 ipsis
3025 1262 3341 1334 apostolica:
3379 1260 3529 1315 sedis

1904 1361 2119 1417 aedituis
2149 1375 2238 1416 me
2265 1361 2591 1417 docentibus
2623 1361 2882 1417 consuevi
2911 1401 2926 1424 ,
2974 1359 3058 1415 vel
3092 1359 3144 1413 in
3179 1357 3303 1412 aliis
3335 1354 3524 1411 Eccle-

1906 1452 2002 1508 siis
2031 1449 2232 1516 didici,
2270 1465 2334 1506 ac
2360 1451 2558 1521 sapius
2607 1450 2988 1521 frequentavi,
3020 1448 3344 1520 simpliciter
3371 1446 3528 1501 inuo-

1909 1553 2078 1599 tesco.
2130 1541 2499 1598 Sacrosancto
2551 1543 2736 1612 itaque
2776 1542 3124 1614 baptismatis
3175 1540 3395 1596 lavacro
3428 1553 3530 1608 ego

1903 1634 2057 1706 juxta
2087 1647 2295 1690 morem
2327 1633 2585 1689 Romana:
2611 1634 2870 1690 Ecclesia:
2905 1633 3081 1690 solum
3112 1631 3352 1688 chrisma
3386 1645 3531 1685 sem—

1908 1739 2006 1796 per
2040 1724 2345 1788 immiscui,
2389 1725 2575 1779 vinum
2634 1739 2766 1781 vero
2811 1723 3170 1795 permisceri,
3213 1721 3296 1777 vel
3344 1719 3528 1777 oleum

1913 1829 2193 1884 nunquam
2238 1813 2369 1870 vidi.
2415 1812 2552 1868 Nam
2595 1814 2785 1873 eLilla
2824 1814 3142 1885 Scriptura.
3185 1828 3310 1884 quae
3356 1810 3410 1866 in
3444 1810 3534 1866 die

213 1914 296 1969 his
321 1913 603 1970 nobiscum
631 1915 1029 1982 laborantibus,
1062 1915 1350 1972 videbatur
1375 1915 1558 1972 evulsa
1583 1956 1596 1982 ,
1629 1913 1806 1986 repqu
1835 1919 1884 1980 Β
1911 1921 2086 1964 caena:
2134 1906 2351 1962 Domini
2392 1906 2622 1980 legitur,
2666 1923 2790 1978 qua:
2823 1909 2990 1962 etiam
3042 1905 3123 1962 sic
3167 1903 3480 1959 attitulatnr
3515 1919 3527 1955 :

214 2004 366 2062 lulat.
397 2004 542 2063 Deus
570 2007 684 2062 vult
710 2008 948 2079 probare
973 2012 1340 2067 constantiam
1370 2025 1616 2068 suorum.
1638 2010 1803 2078 Ecce,

213 2099 304 2168 qui
331 2099 482 2169 prius
508 2098 899 2156 Nicolaitarum
948 2109 1004 2158 et
1034 2099 1361 2160 Simouiara:
1409 2103 1682 2159 haereseos
1729 2102 1812 2156 la-

214 2191 368 2260 queis
393 2192 742 2256 tenebantur,
771 2193 1003 2249 uuncad
1027 2195 1350 2264 perditionis
1390 2210 1500 2250 suae
1527 2193 1806 2250 cumulum

216 2291 342 2336 sunt
366 2283 530 2339 etiam
557 2282 758 2340 violato
781 2295 1127 2343 sacramento
1162 2286 1388 2358 perjuri.
1442 2286 1599 2354 Quod
1628 2297 1808 2341 tamen

219 2373 275 2425 in
298 2371 676 2430 Mediolanensi
707 2374 951 2432 Ecclesia
978 2391 1086 2432 non
1118 2390 1204 2434 cst
1232 2392 1433 2434 novum
1469 2395 1481 2432 :
1516 2394 1638 2450 qua:
1669 2393 1812 2434 sem-

216 2478 316 2532 per
366 2461 565 2520 diversi
621 2464 890 2537 dogmatis
947 2466 1196 2524 homines
1260 2469 1470 2535 habuit,
1535 2468 1691 2528 initio.
1743 2469 1812 2523 ab

218 2551 488 2611 Ausentio
509 2564 672 2627 atque
693 2557 989 2615 Ambrosio
1021 2558 1299 2615 inchoato.

757 2665 1091 2724 EPISTOLA
1135 2668 1274 2724 XVI.

384 2772 452 2812 ΔΙ)
491 2773 844 2818 ιλκουιιιιιυι
883 2777 1150 2820 οιειυεωί
1191 2780 1656 2820 ωεοιοιιικεκεει.

365 2843 629 2915 (llabetur
655 2858 782 2904 toni.
825 2849 945 2917 111,
970 2863 1148 2924 estque
1190 2854 1498 2924 opusculum
1527 2856 1641 2926 $2.)

755 2941 1094 3000 EPISTOLA
1137 2943 1295 3000 XVll.

727 3047 797 3087 AD
846 3048 894 3090 8.
948 3051 1353 3094 ΡΒΕΒΒΥΤΕΒΒΙ.

495 3122 916 3193 (Habetur‘tom.
944 3128 1066 3196 III,
1095 3132 1151 3186 in
1190 3133 1441 3202 Opust-alo
1471 3133 1549 3198 8.)

645 3218 803 3290 173
843 3219 1173 3279 EPISTOLA
1216 3222 1396 3280 X\lll.

630 3326 694 3366 λυ
732 3329 982 3369 υιειιτυι
1022 3331 1400 3375 PRESBYTER!!!
1410 3358 1423 3373 .

228 3401 625 3482 accensurum.
645 3435 715 3445 —
744 3407 824 3462 Ad
846 3409 1179 3482 quaestiones
1209 3409 1398 3482 Uberti
1433 3413 1735 3482 presbyteri
1763 3415 1830 3471 de

302 3474 624 3602 basimque
645 3517 660 3541 ,
700 3485 757 3533 et
786 3474 965 3535 missa:
998 3480 1269 3538 sacriﬁcio
1307 3483 1412 3538 bac
1434 3474 1687 3554 'epistola
1742 3499 1829 3538 re-

303 3561 364 3602 μυ
403 3561 433 3597 ιι
533 3586 547 3599 ο

303 3561 547 3612 spondet.

309 3635 512 3691 Damno
538 3635 761 3695 Uuenro
790 3640 1042 3713 religioso
1069 3645 1393 3716 presbytero
1419 3686 1432 3710 ,
1463 3644 1678 3704 Penus
1704 3661 1833 3717 pec-

232 3737 388 3781 calor
436 3729 736 3790 monachus
782 3731 1073 3791 individua:
1116 3733 1385 3806 glutinum
1437 3738 1724 3794 charitatis
1780 3741 1836 3795 in

236 3818 486 3874 Domino.

307 3908 725 3977 Questiuuculas
769 3931 926 3981 tuas,
978 3915 1304 3974 venerabilis
1354 3916 1558 3985 frater,
1607 3920 1676 3976 de
1729 3921 1841 3992 spi-

239 3999 448 4058 rilualis
484 4003 696 4070 studii,
749 4007 894 4076 quod
929 4007 984 4062 in
1031 4016 1085 4063 te
1126 4009 1381 4065 nobiliter
1428 4018 1627 4066 :estuat
1656 4052 1672 4076 ,
1731 4028 1839 4068 non

241 4092 454 4166 ambigo
511 4093 722 4153 fervore
761 4098 1102 4169 procedere:
1134 4101 1331 4171 quibus
1381 4101 1554 4160 latore
1600 4119 1840 4174 prmscn-

243 4184 374 4240 tium
427 4187 663 4244 reditum
705 4189 1032 4262 festinante,
1083 4208 1305 4251 necesse
1351 4206 1436 4252 est
1475 4210 1563 4252 me
1602 4197 1844 4254 breviter

241 4279 599 4348 respondere;
650 4283 949 4352 praesertim
996 4299 1120 4341 cum
1165 4301 1354 4343 earum
1395 4287 1593 4342 solutio
1630 4289 1842 4359 prolixo

243 4383 497 4428 sermone
533 4387 642 4429 non
686 4383 878 4446 egeat,
927 4376 1055 4433 dum
1100 4379 1180 4435 sic
1224 4387 1413 4451 aperta
1469 4380 1579 4437 sint
1617 4383 1799 4438 omnia
1826 4424 1842 4448 ,

244 4471 302 4517 ut
351 4463 405 4518 in
434 4461 770 4522 hisomniao
810 4483 918 4524 non
949 4468 1156 4526 haereat
1198 4472 1446 4543 quisquis
1485 4472 1842 4530 ecclesiastici

1910 1997 2094 2056 Sermo
2137 1999 2401 2071 generalis
2440 2001 2505 2055 de
2549 2000 2876 2066 confectione
2925 1998 3230 2054 chrismatis
3259 2039 3272 2061 ,
3315 1995 3419 2051 hoc
3452 1995 3532 2049 vi-

1911 2091 2069 2148 detur
2099 2089 2261 2162 1⁸14
2286 2089 2597 2160 exprimere
2623 2130 2638 2155 ,
2682 2099 2741 2144 ut
2766 2089 2840 2144 nil
2874 2098 3075 2160 praeter
3100 2095 3354 2144 sanctum
3379 2084 3532 2139 chri-

1911 2196 2027 2238 sma
2049 2181 2349 2238 debeamus
2373 2180 2509 2238 fonti
2535 2181 2882 2254 baptismatis
2909 2180 3235 2236 admiscere.
3262 2179 3356 2234 Ait
3379 2177 3528 2232 enim

1914 2274 2058 2330 inter
2090 2281 2286 2331 caetera
2323 2291 2335 2328 :
2373 2291 2392 2326 ι
2444 2272 2577 2331 Oleo
2626 2289 2757 2330 vero
2804 2274 2947 2330 sacri
2995 2271 3313 2328 chrismatis
3360 2267 3533 2325 conli-

1914 2366 2058 2421 eitur
2085 2379 2225 2436 aqua
2270 2365 2646 2436 baptismatis,
2696 2376 2752 2421 et
2779 2364 3015 2421 edicitur
3045 2363 3166 2420 fons
3195 2362 3385 2434 gratiae
3419 2375 3534 2417 coe-

1915 2459 2089 2516 lestis.
2145 2477 2165 2512 ι
2198 2457 2335 2514 Nam
2380 2476 2506 2516 cum
2556 2461 2644 2515 ille
2693 2460 2966 2516 sermonis
3015 2458 3178 2515 istius
3229 2465 3424 2512 auctor
3476 2457 3544 2510 de

1917 2552 2039 2607 uico
2093 2550 2440 2608 sanetiticato
2495 2549 2830 2607 sudicicuter
2889 2549 3142 2622 superius
3205 2548 3496 2618 eloquatur
3527 2586 3542 2610 ,

1918 2643 2138 2714 quando
2183 2635 2316 2697 vero
2363 2642 2431 2695 ad
2469 2641 2733 2713 baptisma
2788 2640 3106 2706 descendit,
3163 2638 3333 2694 tacito
3381 2636 3543 2700 oleo.

1920 2735 2038 2788 sulo
2086 2730 2216 2787 illud
2268 2730 2516 2801 perhibet
2566 2731 2864 2785 chrismate
2920 2726 3155 2794 conﬁci;
3206 2734 3360 2798 patet
3411 2740 3546 2797 pro-

1922 2825 2010 2881 cul
2043 2823 2210 2880 dubio
2229 2823 2358 2894 quia
2388 2823 2532 2891 quod
2577 2822 2900 2888 nominavit,
2932 2820 2987 2876 id
3012 2818 3191 2876 solum
3221 2817 3393 2875 voluit
3416 2831 3547 2888 per-

1925 2920 2170 2978 misceri.
2189 2919 2325 2974 Nam
2363 2919 2405 2975 si
2449 2919 2654 2986 vinum,
2704 2917 2993 2974 vcloleum
3037 2914 3373 2972 fundendum
3421 2926 3548 2968 esse

1927 3009 2271 3077 decerneret,
2349 3009 2633 3065 nominato
2693 3009 3021 3074 chrismate,
3077 3005 3184 3062 hoc
3234 3004 3404 3060 etiam
3440 3019 3552 3059 non

1928 3111 2156 3163 taceret.

2004 3195 2080 3249 De
2110 3191 2451 3250 celebrandis
2477 3208 2607 3249 vero
2637 3194 2930 3249 missarum
2957 3188 3239 3248 solemniis
3268 3203 3368 3245 nos
3402 3188 3548 3244 hanc

1853 3290 1900 3354 C
1931 3284 2341 3343 consuetudinis
2396 3283 2637 3354 regulam
2678 3285 2732 3338 in
2782 3281 3145 3353 disciplinatis
3197 3279 3464 3335 Eccleslis
3497 3289 3557 3335 et

1933 3376 2253 3442 didicimus,
2307 3385 2362 3430 et
2417 3384 2697 3440 tenemus,
2735 3385 2796 3429 ut
2856 3373 3083 3430 calicem
3131 3370 3452 3428 diﬂ'erantns
3501 3373 3557 3427 in

1934 3468 2227 3523 missarum
2279 3464 2390 3520 line
2444 3463 2810 3534 perfundere,
2864 3464 2910 3518 si
2961 3461 3328 3534 nosmetipsos
3361 3461 3557 3518 eodem

1936 3559 2024 3614 die
2073 3554 2409 3613 sacrificium
2457 3555 2635 3611 denuo
2686 3570 2974 3625 speramus
3024 3551 3270 3610 oderre:
3311 3553 3558 3622 alioquin

1937 3646 2375 3719 qu:mdocunque
2428 3661 2616 3701 sacras
2665 3647 2876 3702 hostias
2921 3643 3301 3708 immolemus,
3352 3644 3408 3700 in
3453 3644 3563 3700 tino

1938 3737 2166 3794 calicem
2210 3750 2431 3806 semper
2476 3751 2542 3790 ex
2582 3750 2734 3792 more
2779 3735 3177 3806 perfundimus.
3235 3732 3409 3790 Porro
3445 3735 3563 3790 sive

1934 3828 2285 3899 jejunamus.
2322 3827 2436 3883 sive
2493 3824 2808 3891 reiicimur,
2861 3826 3008 3881 hanc
3050 3822 3413 3896 perfundendi
3475 3838 3560 3880 re—

1940 3918 2121 3993 gulam
2163 3933 2268 3974 non
2326 3930 2617 3974 mutamus.
2652 3919 2807 3986 Quod
2829 3928 3015 3974 autem
3061 3915 3353 3989 perhibes,
3387 3931 3556 3987 quos-

1942 4013 2067 4068 dam
2119 4011 2304 4068 dicere
2357 4027 2486 4083 quia
2519 4021 2813 4082 postquam
2841 4011 3121 4083 perfundit
3165 4011 3439 4083 quispiam
3466 4025 3562 4065 ca-

1943 4105 2134 4174 licem,
2185 4121 2295 4161 non
2341 4116 2426 4162 est
2468 4106 2732 4162 dicendus
2774 4121 2896 4163 esse
2929 4103 3186 4177 jejunus,
3230 4115 3286 4160 et
3329 4119 3427 4176 per
3458 4105 3561 4160 bas

1943 4201 2168 4258 frivolas
2224 4210 2496 4258 conantur
2548 4201 2784 4271 ineptias
2829 4201 2986 4272 quasi
3039 4200 3406 4271 quaestionum
3449 4213 3566 4254 mo-

1945 4310 2074 4350 vere
2119 4293 2398 4363 litigium:
2431 4292 2519 4349 hic
2566 4292 2696 4348 illud
2742 4293 2838 4348 tibi
2887 4293 3191 4348 cavendum
3243 4301 3366 4356 est,
3419 4293 3568 4362 quod

1943 4385 2080 4440 dicit
2129 4383 2425 4455 Apostolus
2457 4402 2471 4439 :
2508 4403 2526 4436 ι
2567 4383 2777 4440 Stultas
2806 4395 2990 4440 autem
3032 4395 3085 4440 et
3115 4385 3236 4439 sine
3279 4383 3570 4454 disciplina

1945 4477 2277 4548 quastioncs
2305 4475 2490 4532 devita
2509 4517 2524 4542 ,
2567 4491 2750 4532 sciens
2790 4477 2916 4547 quia
2949 4485 3218 4546 generant
3247 4475 3372 4530 lites
3405 4493 3419 4528 :
3449 4488 3570 4529 ser-

243 4553 450 4612 ordinis
492 4557 737 4630 regulam
786 4575 892 4617 non
926 4562 1162 4632 ignorat.
1195 4563 1302 4621 Nos
1333 4567 1479 4621 enim
1507 4582 1703 4622 novum
1731 4583 1847 4624 mo-
1948 4585 2074 4623 vum
2119 4578 2304 4625 autem
2349 4569 2567 4626 Domini
2598 4586 2704 4626 non
2743 4579 2960 4640 oportet
3010 4569 3258 4642 litigare,
3289 4568 3384 4625 sed
3415 4582 3573 4624 man-

246 4665 362 4706 rcm
406 4651 662 4720 Ecclesia:
711 4668 821 4710 non
867 4654 1178 4714 inducimus
1214 4675 1227 4712 :
1277 4659 1373 4714 sed
1413 4675 1477 4714 ea
1531 4674 1654 4730 qtae
1713 4644 1920 4717 suntD
1944 4672 2157 4716 suetum
2184 4675 2306 4718 esse
2333 4662 2402 4717 ad
2422 4675 2616 4718 omnes
2642 4659 2728 4733 ιιι
2763 4660 2904 4716 Tim.
2929 4661 3014 4732 ιι).
3049 4680 3070 4716 ι
3107 4659 3355 4717 Sufficiat
3383 4660 3574 4733 itaque

245 4761 276 4800 a
302 4743 554 4803 Patribus
580 4747 828 4805 instituta
879 4765 1182 4807 servamus.
1216 4751 1283 4807 Et
1311 4752 1570 4822 quoniam
1600 4751 1671 4808 ab
1716 4766 1841 4823 apo-

246 4833 395 4892 stolis
423 4836 584 4893 iidem
604 4880 618 4906 ,
655 4840 724 4896 ab
764 4840 1075 4912 apostolicis
1103 4850 1282 4899 autem
1310 4843 1445 4899 viris
1481 4841 1838 4898 conversandi

248 4932 301 4985 in
331 4930 566 4988 Ecclesia
610 4935 956 5005 percepimus
995 4937 1282 5001 ordinem,
1331 4937 1407 4992 ita
1444 4936 1836 5008 propemodum

189 5030 215 5045 '
249 5039 354 5079 non
406 5035 681 5083 mutamus
727 5027 1027 5099 disciplina
1073 5029 1292 5086 modum
1342 5047 1373 5084 a
1407 5029 1703 5100 majoribus
1733 5039 1833 5084 tra-

246 5117 450 5183 ditttm,
499 5119 640 5174 sicut
677 5118 941 5175 illibatum
973 5130 1222 5177 tenemus
1251 5122 1428 5193 ipsum
1471 5135 1688 5192 quoque
1718 5121 1841 5176 lidei

249 5206 673 5264 fundamentum.
737 5210 888 5268 Unde
931 5212 998 5266 ad
1046 5210 1390 5270 Timotheum
1437 5214 1570 5270 dicit
1612 5213 1842 5282 Aposto-

249 5303 382 5356 lus‘:
433 5320 452 5356 ι
489 5302 561 5360 Ut
607 5305 751 5360 scias
809 5304 1082 5374 quomodo
1129 5315 1383 5377 oporteat
1428 5306 1482 5362 in
1529 5307 1692 5362 domo
1743 5303 1841 5360 Dei

249 5395 592 5462 conversari,
645 5412 765 5466 qum
804 5407 890 5451 est
926 5395 1170 5454 Ecclesia
1215 5397 1310 5453 Dei
1355 5397 1500 5460 vivi,
1551 5397 1841 5462 columna,

248 5499 304 5545 et
352 5487 749 5546 firmamentum
797 5489 1118 5560 vcritatis(l
1157 5489 1292 5548 Tim.
1341 5494 1448 5562 ut).
1490 5510 1508 5542 ι
1536 5490 1654 5546 Non
1695 5490 1842 5546 cnim

245 5579 360 5650 jam
385 5581 511 5639 licet
536 5582 743 5638 ultimis
769 5582 1029 5639 Ecclesiae
1058 5584 1319 5641 membris
1343 5627 1357 5650 ,
1405 5584 1550 5656 quod
1605 5582 1708 5640 sibi
1748 5599 1843 5653 po-

250 5673 519 5729 nissimum
564 5673 810 5742 videtur,
859 5675 1092 5748 eligere;
1145 5676 1241 5732 sed
1295 5691 1519 5734 necesse
1565 5687 1650 5732 est
1697 5675 1841 5731 anti-

249 5769 436 5838 quitus
458 5769 732 5833 ordinata,
759 5771 994 5825 maxime
1020 5779 1183 5841 prout
1212 5769 1460 5825 ﬂuuiana
1490 5780 1636 5825 tenet
1668 5768 1846 5824 Eccle-

249 5861 363 5923 sia,
405 5872 752 5918 conservare.
795 5859 1029 5920 Hart-sis
1076 5862 1222 5918 enim
1276 5861 1470 5919 electio
1509 5863 1726 5918 dicitur.
1782 5861 1848 5918 Et

1948 4751 2045 4808 tibi
2092 4753 2372 4810 succincte
2421 4753 2694 4826 digestam
2747 4755 2972 4818 audire,
3021 4769 3188 4824 quam
3234 4769 3380 4810 nunc
3419 4762 3572 4810 tenet

1947 4844 2233 4910 Ecclesia,
2293 4845 2750 4915 consuetudinem
2784 4886 2802 4914 ,
2863 4862 2966 4904 nec
3018 4847 3114 4902 tibi
3164 4845 3318 4901 reddi
3370 4859 3570 4901 conse-

1949 4945 2183 5009 quenter
2228 4939 2418 5008 eaigas
2464 4939 2778 5007 rationem,
2829 4939 3094 5009 quoniam
3142 4936 3420 5010 negotium
3468 4936 3574 4992 hoc

1951 5029 2199 5101 pluribus
2243 5029 2448 5100 indiget
2495 5029 2710 5095 verbis,
2759 5039 2816 5086 et
2861 5029 3078 5086 facilius
3129 5029 3190 5084 fit
3251 5027 3576 5086 confabula-

1950 5131 2096 5186 tione
2125 5130 2428 5186 communis
2466 5128 2701 5199 eloquii,
2736 5145 2906 5200 quam
2956 5140 3014 5185 ut
3044 5129 3308 5185 dictantis
3339 5127 3576 5184 articulo

1951 5221 2122 5292 possit
2153 5219 2396 5291 expleri."
2431 5219 2538 5275 Nec
2587 5218 2840 5286 mireris,
2874 5220 2920 5275 si
2951 5235 3075 5274 cum
3110 5229 3259 5274 tanta
3288 5219 3578 5276 celeritate

1950 5313 2185 5368 decursa
2213 5311 2600 5384 scriptiuncula
2633 5312 2731 5367 tibi
2763 5313 2868 5368 ista
2899 5327 3009 5367 non
3039 5310 3261 5377 suﬂicit,
3289 5311 3371 5363 vel
3399 5309 3571 5365 etiam

1951 5404 2086 5461 vitio
2141 5404 2464 5460 rusticitatis
2514 5403 2774 5459 ostendit.
2838 5400 3116 5472 biterroga
3177 5400 3424 5477 gerulum
3486 5399 3571 5452 lit-

1953 5508 2194 5556 terarum
2225 5538 2240 5564 ,
2290 5497 2418 5569 quia
2466 5513 2588 5554 cum
2619 5510 2756 5566 pene
2787 5495 3060 5550 mediante
3085 5494 3226 5564 jam
3257 5492 3347 5548 die
3391 5492 3565 5546 ltustti

1953 5591 2154 5648 montis
2201 5605 2463 5647 cacumen
2512 5590 2851 5652 ascenderit,
2902 5588 3043 5642 hanc
3093 5583 3402 5639 chartulam
3434 5592 3565 5638 ante

1951 5697 2208 5738 occasum
2262 5681 2393 5738 solis
2449 5680 2676 5750 acrt‘pil.
2733 5679 2925 5734 Adhuc
2987 5685 3167 5729 tamen
3223 5671 3440 5743 inquire
3495 5675 3562 5727 du

1953 5772 2255 5844 baptismo,
2302 5771 2347 5828 si
2388 5772 2521 5841 quid
2565 5771 2696 5824 tuihi
2749 5768 2996 5824 fortassis
3043 5764 3278 5824 excidit.
3327 5763 3459 5832 quid
3506 5764 3558 5816 in

1957 5867 2202 5923 liomaua
2243 5872 2498 5920 teneatur
2529 5860 2784 5919 Ecclesia.
2820 5859 3067 5913 Divinam
3095 5869 3280 5924 qum
3317 5853 3557 5907 clctnen-
