5428 6544
237 325 343 381 573

240 449 362 491 reas
414 430 601 504 plenas
652 427 1155 491 odoramentortun,
1207 438 1327 493 qum
1378 430 1506 479 sunt
1557 422 1838 477 orationes
1866 431 1916 488 Α

240 531 552 578 sanctorum
606 520 791 591 (Apoc.
843 516 948 587 ιιι).
979 536 998 570 ι
1046 515 1157 571 IIoc
1195 528 1387 569 aurum
1445 514 1679 577 cunctis,
1719 526 1841 583 quae

241 612 538 670 desiderari
570 618 815 682 possunt,
849 606 1304 678 acquisitionibus
1339 603 1600 675 praefero,
1632 604 1737 659 hoc
1760 603 1841 657 in-

244 706 462 761 hianter
513 688 835 771 amplector,
868 700 922 755 in
980 696 1141 765 hujus
1189 697 1599 768 comparatione
1645 703 1842 751 cuncta

242 794 443 852 terreni
491 802 732 865 quaestus
783 787 1065 847 commoda
1123 788 1476 858 lloceipendo.
1512 785 1666 842 Unde
1710 801 1839 841 sau-

240 897 341 943 cta:
371 884 653 942 charitatis
705 895 831 951 ture,
878 880 1209 937 venerabilis
1238 879 1422 943 Pater,
1462 878 1691 947 imploro
1734 876 1843 933 cle-

241 980 523 1043 mentiam,
553 984 611 1031 ut
639 976 768 1031 illud
798 986 991 1030 vestrae
1022 974 1334 1044 sponsionis
1357 970 1676 1053 indiculum,
1704 970 1843 1025 sicut

246 1070 303 1125 in
345 1078 535 1125 saneto
561 1066 902 1123 Cluniacensi
942 1063 1275 1120 monasterio
1310 1058 1587 1133 scriptum\
1619 1070 1721 1121 est,
1764 1060 1841 1115 ita

249 1160 628 1227 nihilominus,
654 1168 709 1215 ct
757 1158 809 1213 in
843 1156 1088 1228 reliquis,
1135 1169 1257 1224 quae
1286 1154 1589 1224 disciplina:
1643 1157 1842 1205 vestrae

244 1250 607 1321 subjiciuntur
656 1249 907 1320 imperio,
951 1245 1352 1304 conscribatur.
1404 1245 1596 1300 Adhuc
1649 1240 1840 1314 pietati

247 1352 352 1400 tua:
406 1344 680 1400 humiliter
726 1342 916 1414 prodo,
953 1341 1181 1413 vestigia
1214 1351 1303 1396 tua
1332 1349 1521 1395 sancta
1580 1337 1718 1393 fusis
1766 1336 1842 1391 Ia-

245 1432 447 1504 crymis
488 1430 807 1504 provolutus
858 1429 1200 1499 amplector,
1257 1436 1319 1484 ut
1345 1428 1491 1498 quod
1546 1427 1678 1481 mihi
1746 1440 1844 1497 per

248 1525 445 1581 seriem
503 1521 835 1578 memorialis
892 1520 1108 1577 articuli
1146 1520 1401 1592 dignatus
1455 1526 1542 1575 est
1570 1516 1841 1590 polliceri,

241 1612 433 1683 iubeas
460 1613 623 1670 etiam
654 1627 752 1684 per
782 1610 988 1683 reliqua
1017 1610 1374 1674 monasteria,
1411 1623 1534 1679 quae
1567 1608 1675 1663 tuis
1717 1614 1844 1663 sunt

244 1704 451 1777 legibus
472 1702 735 1775 subjecta,
774 1702 1089 1759 transcribi.
1125 1701 1280 1770 Quod
1327 1700 1373 1757 si
1402 1700 1684 1773 petitionis
1739 1698 1842 1754 hu-

1426 312 1624 369 LIBhll
1666 309 1961 377 διελίυδ,
2000 309 2217 366 EPIST.
2246 309 2333 364 IV.

3443 300 3546 356 ὃτι

2019 425 2339 487 nasteriuin,
2382 430 2436 476 et
2484 421 2875 477 Cluniacenses
2929 432 3230 474 monacnos
3281 416 3547 472 beneficia

2018 495 2345 553 contulerat.
2391 493 2496 549 Pro
2545 494 2765 562 quibus,
2821 500 2879 545 ut
2928 491 3166 562 aliquam
3216 490 3277 562 ei
3314 488 3548 562 gratiam

2016 566 2307 631 referrent,
2336 580 2445 620 uno
2475 560 2719 618 omnium
2750 560 3033 618 consensu
3056 560 3281 632 polliciti
3310 560 3548 632 fuerant,

2017 637 2121 692 sibi
2146 638 2502 710 posterisque
2545 635 2662 710 suis
2701 634 2821 703 ejus
2867 630 3256 710 obittts'dicm,
3296 630 3554 710 precibus

2016 701 2365 778 apud—Deum
2395 701 2550 770 fusis,
2583 701 2884 778 solemnem
2915 702 3050 778 fore.
3092 701 3262 769 llujus
3295 701 3552 778 promissi

2017 773 2167 849 (quia
2222 792 2540 849 supremum
2577 776 2681 831 sibi
2728 774 2873 829 diem
2923 775 3130 849 instare
3162 773 3554 843 praesenserat)

2017 844 2162 903 nunc
2207 844 2307 903 eos'
2352 848 2609 904 admonet
2640 863 2654 900 :
2682 854 2762 909 et,
2812 854 2874 900 ut
2922 844 3087 900 ﬁdem
3126 852 3404 916 praestare
3444 859 3554 916 non

2018 920 2292 991 negligant
2346 918 2707 991 vehementer
2754 916 3084 991 obtestatur.
3128 914 3271 991 'Ilzec
3322 914 3555 986 epistola

2016 985 2357 1059 potissimum
2401 990 2454 1043 in
2492 988 2988 1059 commemorandis
3013 985 3331 1059 eorumdem
3358 985 3555 1042 mona-

2018 1056 2246 1116 chorum
2303 1059 2597 1125 laudibus,
2644 1066 2703 1116 et
2748 1056 2853 1118 loci
2902 1056 3049 1114 illius
3090 1057 3385 1123 sanctitate
3430 1071 3556 1113 ver-

2012 1144 2187 1188 BJIUI'.

2016 1244 2226 1301 Domno
2253 1242 2319 1301 ll.
2368 1243 2701 1316 archangelo
2773 1242 3201 1309 monachorum,
3254 1251 3559 1315 sanctoque
3641 1314 3649 1327 ι

1944 1337 2289 1405 conventui,‘
2340 1336 2559 1394 PETRUS
2612 1344 2870 1409 peccator
2920 1334 3224 1392 monachus
3291 1333 3559 1407 quidquid

1944 1445 2157 1487 servus.

2014 1523 2312 1595 Postquam
2373 1522 2548 1579 feram
2616 1521 2787 1580 semel
2846 1528 3083 1579 venator
3142 1520 3447 1592 illaqueat,
3509 1518 3556 1575 si

1945 1630 2146 1674 nexum
2190 1616 2312 1688 ejus
2361 1615 2594 1687 pedibus
2628 1614 2823 1687 injicit,
2846 1613 2962 1685 jam
3008 1615 3128 1671 sine
3156 1610 3419 1685 perdendi
3447 1610 3558 1667 for-

1946 1707 2151 1763 midine
2194 1705 2408 1777 longius
2451 1721 2574 1763 eam
2621 1708 2843 1779 evagari
2882 1706 2987 1763 sub
3033 1707 3270 1794 quadam
3302 1705 3560 1762 libertate

236 1795 329 1865 leS
357 1796 607 1855 effectum
638 1806 880 1853 I'IISUCUS
909 1810 1090 1852 sermo
1142 1810 1251 1850 IIOII
1290 1794 1568 1866 impetrat,
1607 1791 1843 1861 Spiritus
1874 1797 1921 1859 Β
1952 1799 2240 1871 ρριιῖιιίιι,ίιρ
2274 1799 2327 1857 lg
2356 1801 2541 1867 aiam,
2571 1802 2664 1873 qui
2691 1800 2925 1874 aucupio
2954 1791 3282 1867 delectatur,
3308 1800 3451 1856 dum'
3470 1799 3557 1855 in-

208 1960 213 1963 _
244 1896 465 1944 sanctus
493 1887 584 1958 qui
620 1887 696 1942 tui
745 1885 986 1958 pectoris
1014 1886 1320 1942 sacrarium
1363 1883 1631 1956 possidet,
1658 1881 1839 1954 preci-

248 1980 355 2035 bus
412 1987 464 2035 te
496 1980 634 2036 meis
662 1993 908 2035 annuere
946 1978 1247 2034 clementer
1291 1976 1542 2043 inspiret.
1590 1973 1662 2031 Ut
1700 1976 1845 2031 sicut

243 2088 343 2139 ego
378 2088 477 2145 pro
505 2074 657 2130 vobis
688 2090 794 2130 non
818 2073 1059 2144 dubitavi
1091 2089 1293 2150 corpus
1324 2088 1506 2129 meum
1530 2072 1845 2129 crudelibus

243 2162 439 2220 olferre
469 2166 766 2235 periculis;
824 2166 899 2221 ita
934 2180 1031 2237 per
1051 2181 1148 2222 vos
1179 2180 1415 2236 superna
1443 2164 1731 2221 clementia
1756 2164 1840 2219 di-

244 2264 443 2325 gnetur
474 2257 711 2312 animam
742 2272 914 2312 nzcam
962 2257 1031 2312 ab
1069 2256 1430 2313 infernalibus
1462 2256 1695 2314 liberare
1726 2266 1842 2312 tor-

242 2344 463 2411 mentis,
493 2356 549 2402 et
573 2361 670 2417 per
691 2355 888 2403 vestra:
914 2347 1225 2420 scriptionis
1251 2347 1539 2405 articulum
1568 2348 1840 2406 conscribi

245 2449 461 2491 merear
481 2436 535 2493 in
564 2445 712 2494 sorte
735 2440 1031 2510 justorum.

814 2528 1148 2588 EPISTOLA
1176 2531 1267 2587 111.

598 2638 666 2679 AD
702 2638 923 2679 ευιιιιειι
964 2640 1177 2682 υςοδειι
1218 2641 1484 2682 ΑΒΒΑΊΈΙ.

242 2710 637 2794 Διεξιίιιιιιιτιιξε
668 2744 739 2794 -_-
768 2715 1033 2787 ligonem,
1084 2726 1143 2771 ut
1196 2716 1355 2772 facile
1384 2718 1578 2789 conjici
1636 2726 1841 2794 potest,

313 2784 561 2859 abbatem
577 2784 985 2859 Cluniacensem
1011 2799 1215 2859 quanto
1238 2804 1424 2859 amore
1445 2784 1831 2859 prosequatur,

316 2856 573 2920 ostendit,
604 2856 874 2926 simulque
900 2857 1077 2912 cidem
1112 2856 1710 2914 Damianumsuum'cx
1752 2878 1841 2912 su-

321 2939 443 2980 rore
474 2936 746 2996 nepotem,
801 2942 963 2996 quem
1023 2928 1076 2982 iu
1149 2928 1380 2983 Galliam
1456 2931 1523 2983 ad
1592 2930 1846 2986 iiberales

313 3004 457 3078 artes
510 2997 894 3078 perdiscendus
951 2997 1253 3078 miserat,
1318 3000 1718 3078 cemiucmlat;
1784 3008 1845 3058 ut

313 3066 431 3134 ejus
507 3066 561 3140 i_n
607 3068 870 3140 omnibus
897 3108 911 3132 ,
946 3076 1056 3122 tam
1098 3085 1219 3139 qua:
1265 3070 1333 3123 ad
1380 3070 1630 3140 corporis
1680 3085 1842 3138 quam

310 3150 433 3206 qua:
470 3136 538 3191 ad
575 3137 742 3191 animi
787 3137 993 3193 cultum
1028 3136 1346 3208 pertinent,
1411 3136 1599 3194 curam
1656 3136 1833 3211 gerat.

313 3224 426 3295 (94)
488 3263 503 3280 .
545 3265 560 3281 .
600 3265 615 3280 .
661 3266 675 3282 .
720 3265 736 3281 .
796 3227 1072 3285 Sanctitas
1102 3230 1282 3284 intulit
1314 3271 1329 3295 ,
1387 3246 1551 3297 quam
1611 3246 1837 3300 prorsus

237 3315 550 3382 obliterata,
588 3332 750 3388 quam
780 3334 845 3373 ex
898 3318 1126 3385 intimis,
1174 3328 1235 3374 ut
1288 3320 1362 3375 ita
1422 3320 1634 3390 loquar,
1688 3320 1833 3375 ceris

245 3408 410 3480 1-78
446 3410 548 3466 mei
584 3413 819 3481 pectoris
850 3412 1049 3467 abolita
1098 3428 1115 3467 :
1164 3412 1273 3470 imo
1319 3413 1371 3468 iu
1417 3423 1620 3484 quanta
1667 3412 1837 3467 bene-

240 3498 480 3555 dictione
508 3515 704 3556 nomen
740 3509 889 3555 tuum
918 3502 990 3556 sit
1019 3501 1072 3556 in
1100 3516 1197 3558 ore
1234 3518 1378 3569 meo,
1410 3503 1634 3572 quantis
1663 3501 1832 3557 etiam

242 3591 517 3661 angelicus
544 3601 669 3649 tuus
725 3593 815 3649 ille
846 3603 1151 3650 conventus
1209 3596 1352 3667 apud
1403 3610 1488 3649 me
1542 3593 1833 3665 praeconiis

241 3685 566 3752 celebretur,
594 3694 763 3743 testes
783 3695 912 3743 sunt
952 3695 1010 3743 et
1035 3688 1125 3758 qui
1156 3688 1288 3743 mihi
1327 3688 1380 3742 in
1412 3687 1620 3743 Christi
1659 3702 1835 3743 servr-

243 3786 359 3831 tnto
382 3776 714 3843 cobabitant,
733 3787 788 3833 et
816 3778 910 3849 qui
939 3793 1027 3833 me
1058 3792 1158 3847 pro
1186 3778 1301 3849 ejus
1333 3792 1519 3834 amore
1570 3778 1825 3849 frequen-

242 3875 379 3921 tant.
412 3866 561 3938 Rogo
589 3876 849 3937 praeterea
896 3868 1205 3947 sanctitatis
1234 3878 1433 3925 vestrm
1486 3870 1837 3926 clementiam

241 3972 407 4027 super
456 3957 863 4016 adolescentulo
916 3960 1057 4025 isto,
1103 3960 1334 4015 uterina:
1390 3962 1643 4017 videlicet
1703 3977 1838 4020 mea:

239 4049 446 4107 sororis
470 4049 601 4116 filio,
634 4059 692 4106 ut
721 4050 799 4106 illi
827 4052 1147 4123 magistrum
1170 4092 1185 4119 ,
1224 4053 1382 4107 simul
1433 4064 1487 4108 et
1526 4054 1726 4109 victum
1742 4072 1836 4126 pa-

244 4149 399 4195 terna
425 4142 625 4211 pietate
658 4143 940 4212 provideat
974 4160 989 4199 :
1041 4152 1099 4198 et
1154 4144 1368 4207 rudem,
1416 4145 1835 4214 imperitumque

241 4236 568 4306 suscipiens,
599 4251 664 4291 ac
693 4235 841 4291 velut
878 4234 1049 4293 Iacob
1093 4237 1288 4293 baculo
1339 4238 1661 4308 simpliciter
1692 4240 1836 4294 inui-

243 4332 445 4380 tentem
480 4322 633 4395 (Cen.
671 4328 871 4399 χχιιι),
921 4327 989 4383 ad
1035 4326 1253 4398 propria
1311 4330 1655 4399 postmodum
1712 4346 1834 4385 cum

241 4415 451 4485 gemina
485 4415 648 4479 trivii,
696 4415 782 4472 vel
809 4416 1100 4486 quadrivii,
1134 4433 1306 4475 uxore
1338 4419 1606 4474 remittat.
1642 4420 1699 4474 In
1732 4420 1835 4477 hoc

242 4506 408 4577 igitur
437 4521 604 4578 puero
652 4508 944 4587 imaginem
972 4525 1148 4565 meam
1179 4512 1390 4581 respice
1416 4553 1431 4577 ,
1461 4514 1515 4567 in
1575 4514 1675 4569 hoc
1706 4528 1832 4584 spe-
1866 4530 1918 4593 ο

240 4596 379 4650 ciem
410 4597 515 4651 mei
562 4597 742 4652 vultus
764 4600 986 4656 attende
1016 4617 1031 4655 :
1059 4609 1113 4656 et
1159 4602 1423 4673 quidquid
1481 4603 1555 4657 illi
1614 4605 1833 4674 pictatis

240 4685 541 4755 impensum
568 4685 751 4754 fuerit,
777 4704 884 4745 non
911 4691 1037 4757 sibi,
1067 4691 1161 4747 sed
1183 4692 1316 4747 mihi
1340 4708 1564 4764 prorsus
1591 4697 1826 4752 ascribe.

238 4774 513 4831 Outinam
563 4778 779 4836 mittere
826 4780 923 4836 tibi
964 4796 1203 4852 possem,
1258 4799 1381 4855 qua:
1443 4786 1651 4843 sanctis
1700 4787 1830 4844 Clu-

238 4866 585 4924 niacensibus
639 4872 854 4942 scripsi,
910 4873 995 4929 vel
1063 4874 1169 4929 alia
1246 4878 1456 4944 multa,
1519 4895 1642 4951 quae
1708 4890 1833 4951 post

236 4954 423 5011 Galliae
485 4958 717 5013 reditum
787 4975 855 5016 ex
906 4962 1138 5020 diversis
1191 4966 1520 5025 thematibus
1570 4972 1823 5027 exaravi!

235 5047 590 5119 Omnipotens
616 5050 757 5107 Deus
784 5060 859 5116 te,
880 5055 1209 5111 venerabilis
1240 5056 1420 5127 Pater,
1453 5061 1520 5116 ad
1543 5075 1825 5117 servorum

238 5154 458 5195 suorum
473 5142 772 5198 custodiam
801 5144 1003 5201 diutius
1026 5156 1209 5203 servet
1230 5149 1557 5218 incolumen,
1580 5164 1636 5207 et
1660 5169 1829 5226 ange-

238 5235 398 5291 licam
414 5235 596 5292 vultus
620 5237 695 5291 tui
719 5239 953 5309 speciem
969 5256 1053 5295 me
1067 5240 1233 5297 faciat
1256 5244 1443 5301 videre
1469 5258 1815 5319 praesentem.

806 5331 1143 5390 EPISTULA
1183 5336 1271 5391 IV.

296 5434 365 5473 AD
400 5432 621 5475 BUIDII
660 5435 869 5478 υοοιιιιιι
906 5439 1151 5480 ΔΒΒᾹΤΕΙ
1190 5440 1419 5492 ειυδουι
1454 5444 1777 5487 ιιοιηλδτειιιι

290 5538 301 5593 ὅ
878 5510 1176 5552 ιιοΝΑῦιιοε.

237 5582 637 5640 Assensit-run.
660 5612 731 5625 -
755 5584 954 5642 Doctor
987 5588 1368 5647 sanctissimus
1406 5606 1530 5648 cum
1578 5594 1630 5648 in
1661 5594 1834 5651 Gallia

311 5653 457 5709 sedis
481 5656 791 5724 apostolicae
814 5656 1028 5729 legatus
1058 5669 1389 5727 versaretur,
1422 5663 1589 5719 multa
1628 5666 1683 5721 iu
1715 5683 1833 5720 mu-

314 5766 430 5834 (96)
466 5770 797 5839 Principium
846 5772 1188 5829 desideratur
1224 5774 1279 5829 in
1312 5773 1440 5832 Mss.

1937 1891 2086 1963 jecto
2118 1891 2359 1949 funiculo
2386 1892 2619 1965 pedibus
2643 1901 2794 1950 tenet
2831 1893 3131 1959 volucrem,
3166 1907 3393 1949 securus
3421 1905 3557 1947 avo-

1943 1984 2090 2041 landi
2143 1986 2327 2043 datam
2377 1986 2604 2042 simulat.
2658 1984 3018 2053 facultatem;
3075 1994 3131 2041 et
3194 1984 3285 2040 illa
3334 1982 3560 2054 quidem

1943 2078 2129 2152 fugam
2158 2087 2355 2145 tentat,
2383 2078 2597 2134 alarum
2626 2078 2791 2133 librat
2817 2093 2885 2135 ex
2912 2090 3067 2133 more
3099 2076 3392 2149 remigium
3417 2093 3432 2132 :
3458 2074 3557 2132 sed

1944 2173 2072 2229 dum
2100 2172 2320 2229 exsilire
2357 2180 2609 2238 conatur,
2642 2184 2853 2242 aucupe
2892 2168 3200 2225 funiculum
3248 2167 3560 2240 stringente

1945 2265 2263 2322 retrahitur.
2299 2266 2409 2323 Vos
2444 2266 2612 2323 etiam
2663 2279 2752 2321 me
2793 2272 2911 2319 tuto
2956 2263 3027 2319 ad
3062 2261 3284 2334 propria
3332 2258 3557 2317 remisi—

1944 2360 2068 2425 stis,
2097 2375 2259 2431 quem
2292 2358 2547 2416 videlicet
2588 2358 2800 2431 glutiuo
2842 2365 3039 2414 vestras
3077 2354 3365 2414 charitatis
3392 2351 3561 2410 astri-

1945 2464 2091 2509 crum
2124 2452 2490 2509 insolubiliter
2524 2451 2796 2509 retinetis.
2849 2448 2986 2506 liam
3033 2449 3295 2508 recedere
3333 2445 3559 2520 quidem

1945 2560 2174 2613 corpore
2216 2545 2391 2616 potui,
2432 2544 2525 2601 sed
2576 2553 2761 2600 mente
2805 2544 2872 2599 de
2905 2542 3107 2600 vestris
3154 2539 3409 2598 manibus
3448 2552 3559 2597 non

1954 2637 2110 2693 :xivi.
2142 2636 2218 2690 Ita
2248 2649 2443 2705 nempe
2479 2634 2748 2691 mirandae
2777 2631 3219 2689 conversationis
3240 2640 3440 2689 vestrae
3468 2644 3559 2686 me

1948 2729 2127 2782 viscus
2166 2727 2486 2785 obstrinxit.
2547 2726 2809 2797 angelicae
2847 2726 2973 2782 vitae
3016 2720 3281 2797 coagulus
3321 2722 3555 2796 aggluti-

1949 2818 2119 2881 uavit,
2150 2817 2380 2873 sincera:
2419 2817 2706 2873 charitatis
2752 2816 2983 2887 laqueus
3013 2815 3271 2881 irrctivit,
3317 2821 3377 2869 ut
3422 2811 3557 2867 faci-

1950 2909 2051 2965 lius
2081 2911 2278 2965 suimet
2304 2909 2577 2976 oblivisci,
2615 2925 2779 2981 quam
2813 2928 2842 2964 a
2885 2914 3066 2966 vestra
3092 2907 3361 2965 memoria
3400 2920 3558 2963 mens

1948 3016 2068 3055 mea
2099 3000 2262 3073 179
2284 3002 2461 3071 possit
2508 3002 2690 3057 avelli.
2745 3001 2864 3056 Vidi
2922 3000 3191 3073 siquidem
3238 2998 3557 3073 paradisum

1949 3100 2185 3161 quatuor
2214 3091 2637 3161 Evangeliorum
2676 3091 2895 3148 liuentis
2939 3093 3232 3165 irriguum,
3281 3092 3392 3147 imo
3432 3090 3559 3145 toti-

1867 3176 1910 3234 Ο
1946 3182 2068 3238 dcm
2125 3184 2495 3252 spiritualium
2556 3184 2691 3239 rivis
2740 3184 3048 3240 exuberare
3100 3185 3364 3239 virtutum
3397 3197 3412 3237 :
3445 3181 3558 3237 vidi

1944 3277 2164 3332 hortum
2212 3276 2536 3332 deliciarum
2593 3277 2842 3333 diversas
2894 3292 3143 3333 rosarum
3191 3292 3257 3332 ac
3314 3275 3557 3331 liliorum

1944 3368 2151 3438 gratias
2197 3369 2624 3439 germinantem,
2678 3376 2731 3423 et
2783 3366 3071 3424 melliﬂnas
3127 3376 3442 3425 aromatum
3492 3381 3559 3423 ac

1944 3461 2349 3531 pigmentorum
2374 3460 2707 3531 fragrantias
2731 3462 2974 3517 suaviter
3012 3461 3373 3529 redolentem,
3402 3470 3464 3518 ut
3489 3461 3561 3517 de

1946 3549 2036 3605 illo
2092 3565 2220 3606 vere
2271 3550 2448 3606 valeat
2496 3551 2640 3605 Deus
2687 3552 3035 3621 omnipotens
3089 3552 3272 3609 dicere
3318 3568 3384 3605 ει
3415 3551 3561 3608 Ecce

1945 3641 2081 3698 odor
2128 3641 2222 3696 lilii
2270 3642 2375 3698 mei
2418 3642 2561 3698 sicut
2601 3642 2739 3699 odor
2782 3643 2898 3714 agri
2944 3641 3115 3713 pleni,
3159 3643 3246 3699 cui
3279 3642 3563 3699 benedixit

1946 3734 2209 3790 Dominus
2252 3732 2411 3805 (Gen.
2457 3735 2631 3805 xm).
2667 3756 2686 3788 ι
2736 3735 2799 3790 Et
2840 3737 2973 3807 quid
3020 3735 3167 3791 aliud
3194 3734 3560 3794 Cluniacense

1945 3826 2367 3893 monasterium,
2398 3825 2501 3882 nisi
2538 3843 2732 3899 agrum
2781 3827 2993 3881 Domini
3034 3828 3255 3899 plenum
3293 3828 3552 3893 dixerim,

1944 3920 2035 3977 ubi
2076 3919 2227 3975 velut
2260 3933 2490 3974 acervus
2541 3929 2627 3974 est
2674 3919 2983 3975 caelestium
3032 3927 3299 3991 segetum,
3352 3919 3558 3975 chorus

1946 4021 2026 4067 tot
2056 4011 2113 4065 in
2150 4010 2424 4066 charitate
2454 4009 2771 4083 degentium
2806 4010 3238 4066 monachorum?
3287 4008 3435 4080 Ager
3464 4008 3562 4065 ille

1944 4104 2267 4176 quotidiana
2289 4113 2492 4159 sancta:
2516 4105 2920 4175 praedicationis
2944 4105 3121 4177 ligone
3150 4106 3557 4177 praescinditur,

1942 4204 1998 4251 ct
2050 4196 2104 4249 in
2144 4210 2211 4251 eo
2265 4194 2507 4251 caelestis
2557 4195 2759 4266 eloquii
2826 4197 3037 4251 semina
3088 4206 3555 4268 consperguutur.

1941 4288 2056 4342 illic
2106 4286 2477 4358 spiritualium
2527 4286 2745 4359 frugum
2796 4297 3095 4359 proventus
3128 4289 3444 4357 aggeritur,
3491 4295 3555 4342 ιιι

1941 4380 2155 4436 horreis
2185 4382 2533 4451 postmodum
2564 4381 2884 4437 cmlestibus
2926 4379 3212 4436 inferatur.
3242 4380 3401 4437 Unde
3430 4397 3554 4437 cum

1944 4488 2017 4543 te,
2043 4476 2176 4533 felix
2211 4477 2497 4543 Cluniace,
2526 4477 2839 4542 considero,
2870 4476 2972 4533 hoc
3016 4477 3111 4531 tibi
3142 4492 3341 4533 nomen
3379 4478 3555 4548 impo-

1942 4571 2110 4626 situm
2174 4585 2283 4627 non
2332 4572 2455 4626 sine
2507 4569 2680 4624 divini
2729 4567 2983 4639 prtesagii
3031 4557 3392 4640 dispositione
3434 4583 3563 4639 per-

1940 4660 2141 4732 pendo.
2191 4658 2308 4716 Hoc
2352 4660 2555 4732 quippe
2584 4656 2914 4715 vocabulum
2961 4673 3029 4714 ex
3062 4658 3317 4715 clunibus
3349 4667 3407 4715 et
3458 4673 3559 4715 acu

1940 4753 2322 4822 componitur,
2383 4766 2485 4823 per
2540 4752 2689 4822 quod
2758 4750 3016 4807 videlicet
3065 4751 3342 4807 arantium
3391 4750 3559 4806 boum

1940 4844 2264 4899 exercitium
2288 4843 2631 4923 designatur.
2668 4842 2779 4899 Bos
2808 4843 2955 4898 enim
2999 4842 3054 4897 in
3087 4842 3343 4898 clunibus
3368 4840 3560 4898 aculeo

1942 4942 2200 5013 pungitur
2251 4951 2312 4996 ut
2358 4949 2601 4995 aratrum
2666 4940 2877 5006 trahat,
2930 4948 2987 4994 et
3034 4954 3167 4995 arva
3216 4937 3559 5009 proscindat.

1936 5033 2050 5089 Illic
2078 5032 2224 5089 enim
2252 5032 2476 5089 humani
2509 5032 2692 5088 cordis
2731 5046 2867 5104 ager
2896 5032 3195 5098 excolitur,
3221 5031 3365 5087 unde
3395 5043 3557 5101 seges

1939 5126 2029 5181 illa
2070 5126 2365 5197 colligitur,
2391 5139 2515 5196 qua
2546 5125 2911 5197 promptuarii
2936 5124 3184 5181 caelestis
3219 5124 3432 5180 aedibus
3470 5123 3554 5179 in-

1938 5219 2265 5273 sarcinatur.
2298 5216 2409 5273 Illic
2436 5216 2655 5273 aculeus
2684 5216 2773 5273 ille
2803 5217 2979 5273 bobus
3018 5206 3307 5290 inﬂigitur,
3342 5220 3411 5273 de
3448 5230 3560 5287 quo

1940 5309 2279 5378 superbieuti
2316 5308 2495 5364 adhuc
2530 5308 2699 5364 Saulo
2736 5308 2945 5363 dictum
2996 5318 3124 5364 est:
3158 5328 3178 5361 ι
3210 5308 3422 5365 Durum
3468 5315 3557 5364 est

1941 5401 2039 5455 tibi
2085 5410 2277 5456 contra
2326 5401 2606 5456 stimulum
2653 5400 2942 5457 calcitrare
2972 5400 3114 5465 (Act.
3161 5400 3261 5471 ix).
3299 5420 3317 5453 ι
3350 5400 3448 5457 Ille
3482 5400 3556 5454 si-

1942 5490 2163 5561 quidem
2218 5500 2481 5560 tanquam
2525 5491 2795 5561 superbus
2836 5500 2892 5545 et
2936 5490 3090 5545 ferox
3135 5490 3315 5546 adhuc
3357 5498 3550 5558 taurus

1924 5597 2126 5637 arcam
2160 5583 2397 5645 Domini,
2424 5599 2546 5653 quae
2573 5593 2656 5638 est
2686 5581 2950 5642 Ecclesia.
2992 5583 3257 5651 superbiae
3284 5583 3548 5637 cornibus

1944 5673 2271 5738 vcntilabat;
2302 5672 2396 5728 sed
2420 5672 2552 5745 jugo
2582 5673 2705 5729 ﬁdei
2732 5672 2988 5728 divinitus
3030 5671 3302 5735 subditur,
3333 5679 3392 5726 ut
3422 5686 3545 5726 ara-

3990 0 5191 115 ‘*
