5428 6564
202 407 295 461 377

1351 391 1559 451 LIBER
1589 377 1893 446 SEXTUS,
1931 374 2154 433 El’lST.
2197 374 2260 430 γ.

3416 365 3523 423 378

205 519 413 578 stt-bant
431 510 760 573 cerimoniis
802 507 1090 566 idolorum.
1138 509 1214 564 De
1249 509 1449 580 quibus
1496 508 1628 565 dicit
1655 507 1796 574 Apo-
1826 503 1873 564 Λ
1903 507 1960 555 et
1987 497 2133 568 quod
2161 511 2191 550 a
2221 494 2375 550 vobis
2412 493 2546 548 mihi
2575 506 2674 563 per
2707 487 3128 580 intentationem
3153 483 3521 580 anathematis

207 610 404 672 stolus:
437 625 458 660 ε
488 605 625 674 Quia
659 603 825 659 Deum
857 615 964 658 non
993 601 1572 673 gloriticaveruttt,aut
1594 599 1801 672 gratias

205 709 465 771 egerunt,
523 695 618 753 sed
664 702 1006 751 evanuerunt
1059 692 1124 747 ’in
1201 693 1629 766 cogitationibus
1688 692 1804 748 suis

208 789 373 863 (liam.
404 791 471 859 t).
509 803 528 838 ›
604 783 809 840 Horum
859 784 1025 856 igitur
1082 783 1316 838 duorum
1375 781 1704 854 populorum
1735 797 1803 837 ex

208 880 438 940 maxima
489 887 644 950 parte
689 876 998 934 dominatus
1027 885 1113 930 est
1159 874 1563 939 Adonibezeclt.
1604 875 1660 930 id
1697 883 1800 935 est,

207 972 465 1047 reprobus
510 971 764 1041 nequitia:
792 968 1058 1038 Spiritus;
1089 969 1224 1039 quia,
1262 975 1319 1023 et
1365 967 1468 1024 iste
1512 969 1672 1039 quasi
1703 965 1806 1020 ful-

203 1077 324 1122 tuen
365 1062 566 1117 micare
601 1060 798 1130 cmpit,
841 1067 898 1113 et
927 1058 1133 1123 desiit;
1173 1066 1232 1114 et
1260 1058 1352 1114 ille
1397 1058 1528 1114 dum
1563 1059 1807 1113 vanitate

203 1153 507 1212 dmmouum
532 1159 824 1206 contentus
852 1148 1082 1216 exstitit,
1113 1149 1320 1219 proprii
1347 1148 1628 1206 Creatoris
1652 1149 1807 1205 auxi-

203 1241 334 1298 lium
374 1257 479 1298 non
525 1241 794 1312 qumsivit.
826 1239 916 1306 Et,
951 1247 1011 1295 ut
1052 1241 1120 1294 ad
1159 1241 1501 1310 propositum
1561 1241 1804 1302 redeam.

1906 590 2172 660 scriptum
2198 596 2304 653 est,
2355 585 2627 641 veraciter
2660 581 2960 654 impleatis,
2987 579 3152 650 quod,
3183 586 3245 633 ut
3279 574 3520 639 faciatis,

1909 679 2070 749 hujus
2116 676 2341 749 quidem
2385 675 2541 731 vobis
2595 672 2986 730 obtestatiouis
3017 667 3290 739 adjurittm
3329 679 3517 738 pono:

1907 771 1953 826 si
1976 785 2105 842 vero
2137 784 2243 824 non
2273 767 2536 833 feceritis,
2565 781 2692 822 cum
2737 779 2837 835 per
2877 760 3268 818 auctoritatem
3295 763 3521 829 aposto-

1909 861 2026 918 'ica:
2072 860 2220 916 sedis
2244 867 2625 930 competenter
2649 856 2702 912 id
2739 868 2984 926 possem,
3011 860 3195 907 tamen
3229 863 3396 921 super
3425 862 3526 903 an-

1908 955 2094 1028 gelica:
2114 953 2325 1010 militia:
2351 953 2582 1008 chorum
2629 963 2742 1006 tam
2767 947 3031 1006 terribilis
3053 944 3348 1002 sententia:
3369 942 3528 1012 jacu-

1907 1046 2020 1101 luzn
2051 1061 2158 1100 non
2200 1045 2432 1102 intento.
2490 1041 2579 1098 Sit
2603 1049 2842 1106 tantum,
2892 1038 2986 1110 qui
3019 1035 3152 1092 mihi
3183 1036 3238 1091 in
3264 1033 3372 1092 hac
3390 1033 3528 1107 peti-

1909 1138 2058 1193 tione
2106 1150 2226 1192 ntea
2282 1135 2470 1190 favere
2499 1130 2897 1204 contempserit
2931 1147 2944 1184 :
2979 1127 3075 1194 sit,
3127 1127 3374 1198 inquam,
3402 1135 3532 1179 reus

1909 1227 2204 1291 mendacii,
2248 1227 2320 1282 sit
2355 1225 2579 1281 debitor
2634 1222 2854 1278 violata:
2893 1217 3208 1292 sponsionis
3250 1216 3306 1272 in
3333 1215 3528 1272 ultimo

203 1333 310 1388 illic
331 1331 501 1404 Eglou
530 1304 581 1385 in
615 1339 742 1401 typo
771 1304 1021 1391 luxuriae.
1052 1304 1212 1384 fortis
1231 1304 1375 1384 A-oth
1411 1327 1581 1384 infixa
1627 1330 1804 1387 ventri
1901 1319 2020 1389 illi“
2042 1319 2111 1374 -ίο
2137 1319 2347 1374 veri!“

1411 1327 1581 1384 infixa
1627 1330 1804 1387 ventri
1901 1319 2111 1389 judiio
2137 1318 2412 1374 veritatis.
2459 1315 2693 1381 Titillat,
2723 1323 2785 1370 ut
2809 1313 3032 1379 addam,
3062 1304 3527 1404 deleatur-deli-

203 1425 317 1481 sica
347 1420 973 1496 perfoditut-(Judic.ttt)
1005 1435 1020 1475 :
1046 1419 1156 1476 illic
1170 1419 1324 1476 clavo
1349 1421 1688 1477 tabernaculi
1720 1437 1809 1477 su-

201 1516 357 1588 perbi
386 1515 584 1571 Sisara
633 1513 924 1569 cerebrum
965 1512 1283 1584 perforatur
1315 1513 1521 1585 (indic.
1553 1515 1630 1584 tv)
1656 1530 1672 1580 ;
1698 1513 1810 1571 illic

202 1603 256 1662 in
284 1605 527 1661 avaritia:
549 1605 791 1676 signum,
820 1603 1005 1661 Achar
1031 1603 1441 1660 ﬂliumearmi
1473 1604 1686 1676 lapides
1711 1604 1808 1660 ob-

201 1703 388 1759 ruunt,
413 1695 768 1765 omniumque
812 1693 1072 1752 vitiorum
1111 1702 1318 1766 pestes,
1345 1703 1605 1766 tanquam
1631 1694 1806 1753 rebel-

198 1785 280 1843 les
307 1786 546 1844 hostium
595 1786 765 1854 acies,
797 1785 1020 1842 fortium
1056 1785 1428 1844 lsraelitarum
1456 1787 1667 1859 gladios
1694 1802 1803 1843 non

1909 1412 2010 1468 bro
2040 1429 2053 1465 :
2097 1411 2192 1467 sed
2215 1410 2342 1465 dum
2399 1407 2763 1464 reverentiam
2804 1413 3044 1462 vestram
3084 1417 3198 1476 pra:
3218 1397 3399 1457 oculis
3427 1396 3531 1454 ba-

1907 1506 2036 1568 beo.
2089 1504 2361 1576 proferre,
2410 1501 2555 1574 quod
2587 1515 2744 1558 mens
2781 1498 3048 1572 suggerit,
3091 1512 3201 1552 non
3228 1506 3527 1566 praesumo.

1909 1598 2064 1667 Quod
2096 1599 2142 1655 si
2189 1596 2438 1670 petitioni
2486 1610 2623 1652 mea:
2669 1610 2777 1650 non
2833 1589 3119 1661 denegatis
3164 1587 3444 1651 effectum,
3475 1593 3531 1639 et

1909 1698 2035 1761 post
2073 1687 2284 1742 obitum
2314 1701 2496 1741 meum
2523 1699 2623 1755 per
2643 1681 3093 1738 anniversarium
3117 1693 3354 1749 semper,
3386 1675 3533 1731 sicut

1912 1782 2227 1840 condictum
2257 1789 2344 1836 cst
2398 1789 2563 1849 atque
2581 1775 2990 1848 prmscriptum,
3019 1779 3229 1829 sancta
3263 1766 3534 1824 orationis

197 1877 589 1952 evadunt(Jos.
607 1877 1046 1948 vtt);illicverus
1062 1879 1254 1946 David,
1273 1878 1491 1936 velutin
1517 1879 1661 1936 arcis
1674 1878 1808 1938 Sion
1839 1867 1885 1928 Β
1913 1885 2110 1932 vestra:
2141 1873 2276 1930 mihi
2311 1871 2659 1945 praebueritis
2683 1869 2974 1931 auxilium,
3012 1861 3407 1935 omnipotentis
3433 1859 3530 1952 Dei

195 1970 436 2028 culmine
456 1970 786 2032 constitutus
799 1970 1005 2041 bicipiti
1021 1970 1222 2043 gladio,
1237 1971 1330 2042 qui
1345 1989 1414 2028 ex
1429 1972 1552 2044 ejus
1565 1987 1662 2028 ore
1677 1989 1807 2044 pro-

196 2068 366 2135 cedit,
381 2067 621 2138 umiiquc
633 2065 734 2128 sibi
752 2065 1438 2123 reluctantesadversarios
1443 2065 1677 2137 jugulat,
1693 2080 1812 2120 om-

196 2160 348 2215 nium
376 2160 477 2217 sibi
506 2157 878 2215 resistentium
901 2159 1149 2214 cervices
1165 2158 1488 2223 obtruncat;
1517 2156 1672 2213 iubis
1695 2155 1810 2227 gal-

193 2251 355 2323 galis,
379 2267 502 2323 quae
533 2251 799 2308 revelatio
813 2249 1370 2325 [revolutio]dicitur,
1394 2267 1425 2306 a
1449 2251 1614 2306 nobis
1633 2248 1810 2306 lsrae-

193 2339 310 2398 litis
335 2340 558 2415 Egypti
605 2340 958 2412 opprobrium
992 2339 1233 2406 tollitur,
1265 2341 1394 2396 dum
1435 2355 1537 2412 per
1557 2339 1807 2412 lapideos

191 2434 373 2494 cultos
405 2433 641 2489 secunda
683 2432 1034 2489 circumcisio
1062 2432 1401 2496 celebratur,
1446 2430 1555 2488 illic
1578 2436 1812 2503 pascha-

192 2522 262 2584 lis
287 2524 606 2599 §0leutuitas
635 2523 851 2592 colitur,
881 2533 980 2579 eta
1006 2523 1277 2579 velamine
1298 2522 1468 2596 Boysi
1495 2522 1565 2578 ab
1595 2520 1811 2578 revela-

194 2612 369 2670 tionis
393 2612 696 2685 speculum,
728 2611 858 2669 Jesu
883 2612 1041 2680 duce,
1067 2613 1336 2669 transitur
1363 2611 1563 2683 (Exod.
1597 2614 1808 2686 xxxtv).

267 2703 454 2762 Nostis
492 2713 780 2775 pneterea,
843 2705 1209 2768 dilectissimi,
1254 2720 1355 2777 pro
1397 2703 1599 2760 tuenda
1637 2704 1816 2762 salute

194 2806 383 2853 vestra
411 2805 650 2867 quantus
690 2812 780 2853 me
821 2796 979 2853 labor
1021 2797 1322 2864 attriverit,
1355 2797 1501 2868 quod
1540 2797 1592 2852 in
1618 2797 1809 2853 ultima

194 2901 486 2949 senectute
517 2907 636 2948 mea
669 2900 749 2947 tot
793 2900 1070 2965 praerupta
1121 2893 1416 2958 montium,
1453 2901 1533 2947 tot
1562 2891 1813 2949 inhorre—

194 2982 472 3037 scentium
502 2980 720 3052 Alpium
766 2979 899 3053 juga
935 2981 1367 3038 transcenderint
1395 2997 1410 3048 ;
1441 2990 1522 3047 et,
1574 2988 1632 3035 ut
1658 2982 1809 3040 brevi

193 3089 394 3136 cuncta
424 3078 770 3149 complectar,
803 3094 908 3151 ego
929 3081 1123 3134 mortis
1153 3079 1465 3135 acrediuetn
1490 3078 1711 3150 pertuli,
1751 3087 1812 3134 ut

193 3190 298 3231 vos
353 3175 598 3231 suaviter
650 3175 946 3238 viveretis,
1008 3173 1174 3229 vitam
1236 3187 1414 3227 nteant
1470 3173 1811 3228 inmanibus

193 3271 342 3326 tncis
369 3269 546 3340 posui,
583 3276 640 3324 et
664 3282 763 3322 vos
799 3282 898 3340 per
927 3265 1068 3338 ejus,
1115 3265 1200 3322 cui
1249 3264 1471 3322 servitis
1523 3264 1814 3330 auxilium,
1843 3238 1890 3301 ο

193 3363 266 3418 de
320 3361 766 3434 persequentium
839 3360 1095 3416 manibus
1143 3357 1390 3416 liberavi.
1443 3357 1815 3426 Quamobrem

190 3467 396 3515 omnes
432 3453 486 3510 in
534 3452 775 3524 capitulo
803 3451 1110 3508 residentes
1137 3450 1416 3508 communi
1460 3448 1670 3519 judicio
1703 3458 1816 3506 sta-

191 3543 409 3610 tuistis,
464 3552 521 3601 et
576 3543 850 3601 scitedulis
880 3543 1049 3599 inseri
1113 3558 1214 3615 per
1244 3543 1625 3615 rescriptionis
1678 3543 1815 3599 arti-

187 3635 384 3692 culum
414 3634 735 3692 decrevistis
769 3649 784 3689 :
817 3642 876 3690 ut
910 3642 968 3690 et
1013 3650 1132 3701 vos,
1163 3643 1218 3691 et
1245 3635 1448 3706 posteri
1475 3633 1642 3690 vestri
1670 3649 1815 3690 sem-

186 3741 297 3799 per
319 3725 376 3782 in
405 3725 783 3782 anniversario
813 3724 920 3781 mei
943 3723 1124 3781 obitus
1155 3725 1365 3797 insigne
1388 3725 1594 3796 aliquid
1621 3741 1817 3796 agere-

189 3818 267 3874 tis
303 3835 318 3872 :
346 3824 619 3888 quatenus
643 3823 700 3872 et
739 3817 882 3871 tubae
904 3828 1096 3871 omnes
1119 3813 1370 3871 festivius
1391 3813 1730 3888 clangerent,
1757 3824 1817 3873 et

186 3907 402 3963 fratres
427 3923 525 3979 pro
548 3906 722 3962 fratre
763 3903 1039 3962 solemnes
1080 3904 1394 3961 orationum
1443 3913 1612 3976 atque
1635 3906 1814 3963 sacri-

187 3996 453 4052 liciorum
506 3993 800 4066 exsequias
828 3992 1193 4050 celebrarent.
1243 3991 1360 4050 Hoc
1408 3992 1814 4066 astipulationis

185 4097 400 4146 vestra;
437 4086 744 4154 decretum,
785 4101 855 4142 ne
883 4085 1242 4158 quandolibet
1288 4086 1616 4157 intercipere
1639 4086 1815 4158 possit

184 4185 422 4250 oblivio,
462 4185 517 4241 in
536 4184 706 4242 vestri
739 4183 925 4242 cordis
951 4184 1200 4255 margine
1228 4185 1498 4254 reperitur
1519 4182 1807 4238 insertum.

187 4274 378 4349 Unde
412 4283 617 4332 sancta:
653 4272 942 4332 ebaritatis
979 4282 1178 4330 vestra:
1229 4274 1575 4330 dulcedinem
1631 4273 1811 4349 iacry-

1911 1966 2163 2024 custoJia
2209 1979 2379 2035 super
2433 1963 2539 2018 ltoe
2571 1961 2966 2018 monasterium
3015 1971 3232 2028 semper
3262 1951 3534 2026 invigilet,

1913 2073 2036 2129 quae
2060 2065 2117 2113 et
2144 2071 2244 2112 vos
2268 2054 2339 2110 ab
2363 2051 2722 2110 iuvisibilium
2745 2051 2986 2107 hostium
3011 2046 3269 2104 defendat
3291 2042 3532 2109 insidiis,

1913 2159 1971 2206 et
2010 2149 2153 2205 bona
2204 2157 2388 2204 vestra
2446 2146 2517 2202 ab
2571 2144 2944 2202 exterioribus
2999 2149 3222 2197 tueatur
3256 2134 3533 2194 adversis.

1914 2243 2278 2324 Omnipotens
2325 2240 2566 2314 Spiritus
2596 2237 2766 2296 corda
2785 2245 2970 2292 vestra
2995 2233 3297 2306 possideat,
3329 2239 3387 2288 et
3418 2227 3534 2324 fere

1914 2320 2049 2392 vore
2081 2332 2345 2390 continuo
2395 2345 2511 2388 sua
2548 2329 2865 2387 dilectionis
2922 2326 3232 2383 ascendat:
3265 2320 3533 2394 teutplutn

1915 2424 2018 2482 sibi
2071 2439 2216 2480 nunc
2272 2424 2326 2479 itt
2369 2422 2570 2480 vestris
2608 2421 2928 2493 pectoribus
2957 2424 3269 2481 construat,
3303 2422 3357 2471 et
3383 2421 3531 2485 post‘

1916 2515 2139 2572 modum
2162 2529 2261 2572 vos
2283 2527 2536 2586 supernae
2555 2509 2866 2570 Jerusalem
2892 2509 3171 2566 moenibus
3197 2505 3532 2564 iutrodueat.

1916 2606 2115 2663 Amen.

2491 2690 2832 2751 EPISTOLA
2877 2690 2944 2748 ν.

2123 2807 2189 2845 AD
2226 2803 2509 2846 κοκλειιοε
2546 2801 2880 2843 Ιοκλετειιιι
2929 2789 3332 2842 ειυηιλεεκςιε.

1914 2877 2806 2938 Ascuam-rum—Cluuiaeenses
2833 2873 3158 2938 monachos,
3188 2871 3387 2942 quibus
3409 2883 3534 2923 cunt

1990 2958 2360 3022 maguauetat
2405 2947 2792 3022 benevolentia
2845 2946 3194 3022 coujttuctus,
3239 2950 3534 3022 propterea

1989 3012 2134 3092 quo'd
2169 3019 2290 3086 illos
2317 3036 2345 3072 a
2376 3021 2506 3092 sede
2528 3089 2537 3092 _
2560 3016 2860 3092 aposlttiica
2891 3012 3206 3092 in'gstlliam
3238 3012 3450 3092 legatus
3481 3025 3535 3092 .a

1990 3079 2293 3163 cupiditate
2346 3079 2651 3163 cujusdam
2687 3087 2928 3163 episcopi
2973 3079 3423 3163 jurisdictioitem
3479 3079 3537 3163 in

1991 3151 2089 3218 eos
2133 3151 2736 3233 usurpareg'couantisf
2763 3151 3077 3233 liberasset,
3099 3151 3450 3233 sanctitatis,
3475 3157 3538 3233 et

1993 3233 2218 3304 pietatis
2271 3220 2494 3304 nomine
2518 3230 2574 3304 in
2613 3220 2718 3284 hac
2765 3227 2998 3304 epistola
3028 3224 3305 3280 collaudat
3338 3240 3352 3277 :
3389 3220 3537 3304 ordi-

1995 3297 2233 3372 itemque
2258 3309 2318 3356 et
2337 3298 2707 3372 disciplinam,
2738 3297 2907 3368 quam
2943 3297 2998 3352 in
3031 3310 3223 3372 eorum
3254 3301 3536 3372 monaste-

1993 3373 2077 3429 rio
2099 3360 2309 3428 servari
2359 3360 2605 3441 praesens
2632 3360 2771 3439 ipse'
2789 3375 3104 3438 aspexerat,
3133 3366 3189 3422 in
3221 3364 3425 3441 malum
3447 3360 3536 3420 ef-

1989 3443 2120 3510 fert,
2137 3433 2803 3513 tanquamgutilissititam,
2825 3433 3260 3513 sanctorumque
3283 3433 3538 3513 Patrum2

1989 3521 2046 3570 et
2094 3502 2268 3570 sacra?
2297 3502 2936 3588 Scripturteprzeeeptis
2961 3502 3538 3588 consentaneam..A‘d

1986 3594 2300 3640 extremum
2324 3579 2547 3639 eosdem
2581 3579 2862 3645 obsecrat,
2898 3589 2959 3635 ut
2987 3579 3074 3635 sui
3099 3591 3374 3634 memores
3400 3579 3536 3640 sint,

1989 3666 2039 3711 et
2075 3670 2136 3712 se
2180 3653 2459 3721 precibus,
2488 3667 2554 3708 ac
2581 3654 2627 3708 si
2673 3661 2825 3708 esset
2865 3667 2934 3708 ex
2978 3651 3225 3721 ipsorum
3279 3659 3534 3714 numero,

1988 3727 2131 3796 apud
2168 3724 2338 3782 Deum
2373 3724 2636 3793 adjuvare
2659 3738 2767 3779 non
2794 3731 3042 3778 cessent.

1993 3815 2155 3888 183
2216 3813 2357 3871 Vere
2409 3813 2642 3880 sanctis,
2673 3823 2728 3870 et
2761 3811 3008 3882 angelica
3048 3809 3410 3866 veneratione
3444 3822 3540 3864 eo-

1915 3909 2062 3965 lcndi
2088 3907 2468 3965 Cluttiacensis
2495 3905 2817 3962 monasterii
2845 3901 3126 3968 fratribus,
3164 3898 3388 3957 erttus
3409 3913 3542 3972 pec-

1915 4009 2071 4056 cator
2094 3995 2596 4070 mouacltusjugem
2621 3997 2675 4052 in
2701 3995 2936 4053 Domino
2960 3993 3316 4051 servitutem.

1987 4091 2127 4149 Nolo
2176 4105 2277 4148 vos
2329 4089 2522 4157 lateat,
2553 4088 2924 4155 dilectissimi,
2951 4087 3079 4159 quia
3109 4093 3481 4141 revertentem
3505 4097 3536 4138 a

1915 4187 2094 4253 vobis,
2125 4186 2310 4259 gravis
2352 4201 2440 4243 me
2483 4185 2629 4240 tutdii
2668 4197 2878 4240 mteror
2920 4180 3209 4238 absorbuit
3237 4198 3252 4236 :
3277 4194 3343 4237 ac
3363 4178 3537 4236 multa

1913 4276 2311 4348 cogitationum
2375 4273 2553 4346 caligo
2613 4273 3065 4343 pusillanimitate
3123 4269 3397 4340 deiectum
3438 4283 3539 4327 eor

184 4345 478 4421 mabiiiter
501 4364 750 4430 obsecro,
807 4379 1007 4436 meque
1031 4366 1231 4423 vestris
1256 4381 1432 4438 prono
1455 4365 1624 4423 corde
1645 4345 1812 4424 vesti-
1914 4345 2208 4438 impatiens
2239 4345 2522 4423 tabefeeit.
2573 4363 2743 4420 Plane
2767 4364 2894 4419 dum
2940 4375 3028 4418 me
3057 4360 3360 4419 recolerem
3389 4361 3541 4419 velut

182 4458 301 4529 giis
366 4465 674 4528 prostratus
728 4457 1004 4523 advolvo;
1081 4466 1143 4514 ttt
1197 4457 1344 4530 quod
1405 4473 1567 4515 servo
1625 4472 1810 4516 vestro
1913 4471 2146 4529 puerum
2195 4471 2302 4513 ovo
2334 4455 2643 4518 seductum,
2678 4463 2734 4511 et
2759 4456 2832 4510 ita
2859 4453 3164 4510 delenificis
3199 4452 3380 4510 verbis
3409 4461 3537 4510 tan-

187 4545 368 4619 182
381 4543 727 4617 promisistis,
744 4559 872 4602 mox
886 4547 1302 4603 utvocationem
1330 4561 1510 4603 meam
1534 4561 1635 4618 pro
1655 4557 1809 4606 certo
1840 4613 1880 4622 _
1913 4565 2082 4622 quam
2109 4549 2373 4614 blattinis,
2407 4549 2496 4604 vel
2527 4548 2749 4605 delicati
2780 4547 3069 4620 hyacinthi
3093 4545 3352 4602 mollibus
3380 4545 3538 4604 insti-

180 4613 799 4704 tiove—ritismmcaeiter
821 4639 1413 4710 impleatiszbominus
1434 4613 1600 4698 etiam
1629 4657 1803 4708 meus,
1836 4613 1889 4674 θ
1914 4613 1986 4700 tis
2043 4641 2369 4712 obligatum,
2404 4640 2554 4696 aliud
2599 4613 2841 4712 denique
2891 4651 3151 4696 sermone
3177 4626 3537 4711 promissum,

180 4745 259 4786 ac
300 4728 637 4786 venerabilis
680 4727 848 4787 Pater
894 4729 1069 4789 abbas
1121 4743 1306 4789 vester
1334 4731 1474 4804 Ugo,
1503 4733 1646 4790 sicut
1674 4734 1808 4791 mihi

177 4821 477 4895 pollicitus
499 4829 606 4890 est,
639 4823 788 4880 hunc
834 4824 1089 4882 eumdem
1118 4839 1229 4881 sua:
1257 4827 1572 4897 sponsionis
1598 4826 1808 4883 indicu-

179 4916 312 4971 lum
337 4913 462 4970 vivo
483 4928 740 4971 sermone
763 4930 863 4986 per
875 4915 1095 4988 propria
1121 4915 1290 4973 faciat
1316 4918 1647 4974 monasteria
1670 4934 1810 4989 prm-

183 5005 402 5072 dieari,
451 5015 510 5063 et
551 5005 608 5062 in
637 5021 828 5070 eorum
878 5008 1098 5066 codices
1149 5009 1292 5082 styio
1335 5011 1809 5081 jubeateurrente

176 5097 528 5167 transcribi;
579 5107 641 5155 ut
662 5099 935 5156 'veritatis
958 5101 1186 5158 omnino
1210 5100 1512 5173 discipulus
1536 5111 1727 5158 teneat.
1743 5101 1807 5158 tl-

176 5191 348 5257 dettt,
372 5205 473 5247 nec
515 5190 760 5263 stipulati
807 5190 1034 5248 ftederis
1085 5192 1252 5250 violet
1281 5193 1617 5252 cautionem.
1651 5194 1808 5267 Rogo

175 5297 296 5355 per
325 5279 538 5349 Jesutn,
563 5283 658 5354 qui
687 5283 792 5340 sub
812 5282 1012 5351 Pontio
1057 5283 1236 5355 Pilato
1264 5286 1639 5343 testimonium
1678 5289 1807 5344 red‘

176 5375 270 5428 dit
303 5369 361 5444 (1
389 5371 526 5428 Tini.
545 5373 663 5446 vt):
693 5388 792 5444 per
815 5375 1060 5434 terribile
1074 5373 1345 5445 judicium
1365 5376 1506 5446 ejus,
1524 5393 1634 5450 quo
1657 5379 1808 5438 vivos

177 5479 256 5520 ac
306 5473 562 5522 mortuos
595 5462 898 5534 judicabit;
951 5482 1051 5540 per
1093 5468 1320 5540 angelos
1340 5480 1397 5526 et
1419 5471 1803 5545 archangelos,

172 5569 294 5627 per
326 5552 546 5612 Petrum
593 5564 650 5612 et
675 5555 930 5626 Paulum,
955 5569 1012 5615 et
1032 5575 1228 5617 omnes
1255 5563 1536 5634 apostolos
1564 5579 1630 5622 ac
1660 5580 1808 5622 mar-

182 5659 356 5721 tyres
398 5646 702 5720 deprecor:
749 5665 847 5722 per
892 5663 1098 5709 sancite
1150 5654 1474 5711 Itoutnttsion
1522 5656 1809 5715 Trinitatis

178 5751 402 5796 nomen
437 5738 704 5808 obtestor,
751 5751 813 5824 ut
860 5752 917 5800 et
971 5759 1091 5811 vos,
1129 5757 1183 5800 et
1233 5747 1436 5816 posteri
1485 5750 1650 5803 vestri
1701 5751 1807 5806 mei

180 5831 528 5886 ntcmor'mtu
560 5830 613 5885 in
647 5833 845 5890 vestris
896 5838 1102 5891 sanctis
1142 5837 1488 5896 orationibus
1511 5838 1758 5898 habeatis
1788 5857 1803 5896 :

1916 4734 2060 4791 aliud
2085 4734 2314 4792 omnino
2372 4733 2540 4791 rebus
2575 4733 2904 4799 exhibitutn,
2949 4731 3285 4789 fluctuabam
3313 4728 3536 4797 animo,

1911 4836 1968 4884 ct
2014 4828 2340 4886 aberrantes
2360 4826 2594 4897 quilibet
2621 4842 2651 4881 a
2683 4826 2939 4882 veritatis
2975 4825 3119 4881 linea
3146 4833 3297 4890 tunc,
3334 4821 3533 4888 fateor,

1912 4918 2035 4990 plus
2057 4916 2217 4974 solito
2253 4917 2640 4990 displicebant.
2669 4917 2908 4984 Nam,ut
2936 4932 3105 4972 unum
3143 4916 3412 4972 duntaxat
3440 4913 3536 4970 ad-

1915 5019 2110 5066 notare
2154 5007 2410 5075 suﬂiciat,
2439 5023 2550 5079 quo
2571 5018 2771 5066 caetera
2808 5009 3161 5080 colligantur,
3199 5006 3536 5079 promissum

1915 5103 2048 5158 mihi
2082 5111 2189 5170 est,
2223 5102 2368 5174 quod
2399 5103 2454 5159 in
2483 5101 2746 5159 Kalendis
2783 5103 3017 5175 Augusti
3050 5101 3225 5157 furem
3251 5115 3537 5172 regtessus

1916 5199 1983 5255 ad
2017 5199 2257 5269 propria,
2281 5197 2376 5259 sed
2407 5196 2694 5270 profligato
2739 5195 3097 5266 postmodum
3124 5195 3392 5252 trimestri
3419 5193 3538 5250 fere

1915 5287 2217 5354 curriculo,
2243 5299 2300 5344 et
2329 5296 2538 5360 quanta
2585 5288 2734 5357 potui
2772 5285 3063 5344 celeritate
3099 5283 3343 5348 cucurri,
3374 5291 3432 5340 et
3454 5291 3535 5340 ta-

1917 5384 2040 5434 men
2067 5379 2158 5434 vix
2188 5379 2383 5450 quinto
2415 5386 2542 5435 ante
2586 5375 2860 5433 Kalendas
2905 5374 3237 5432 Novembris
3267 5374 3380 5440 die,
3408 5371 3532 5430 fon-

1917 5469 1988 5525 tis
2031 5467 2302 5537 Avellani,
2355 5469 2501 5526 unde
2547 5481 2932 5540 processeram
2967 5479 3238 5521 cacumen
3287 5461 3531 5519 asceudi.

1918 5561 2074 5620 Unde
2119 5573 2307 5621 noster
2357 5543 2576 5619 anittius
2621 5563 2749 5618 dum
2793 5576 2893 5633 per
2925 5570 3008 5617 tot
3044 5553 3534 5616 iutumescentium

1917 5659 2054 5713 vada
2085 5658 2439 5724 torrentium,
2464 5673 2562 5730 per
2584 5665 2665 5713 tot
2697 5657 2970 5714 nivalium
2992 5654 3212 5726 Alpium
3241 5652 3532 5724 scopulosa

1917 5756 2194 5826 prteripia,
2229 5769 2329 5825 per
2360 5763 2439 5809 tot
2483 5753 2672 5820 etiam,
2715 5753 2862 5823 quod
2899 5751 3052 5824 pejus
3077 5760 3218 5815 erat,
3251 5749 3533 5804 (ladaluici

1919 5843 2121 5900 furoris
2175 5843 2526 5908 conglobatus
2583 5845 2830 5904 insidias.
2891 5852 3180 5914 suspectus
3225 5841 3526 5908 int-ederet,
