5428 6562
239 309 339 370 581
1399 311 1598 372 UBER
1625 305 1925 368 SEXTUS.
1956 302 2176 361 EPIST.
2211 303 2276 361 ν.
3455 303 3562 362 332

239 425 332 490 cit,
363 433 421 480 et
448 441 542 498 pes
567 433 692 491 tuus
714 442 822 483 non
850 434 933 483 est
955 425 1244 482 subtritus.
1277 424 1358 480 Eu
1385 427 1837 497 quadragesimus
1867 427 1914 491 Α
1944 421 2087 478 Naas
2132 422 2526 485 Ammouitcm,
2579 419 2875 490 superbum
2912 420 3165 476 videlicet
3203 435 3385 491 regem
3411 460 3424 482 ,
3458 420 3560 474 nisi

237 529 413 570 annus
439 525 547 580 est,
573 525 633 572 ut
661 516 928 588 recogites
960 515 1013 570 in
1047 515 1216 571 corde
1247 524 1358 580 luo,
1390 516 1518 586 quia
1546 515 1687 571 sicut
1710 532 1838 571 eru-

233 607 310 662 dit
335 608 498 662 homo
529 607 696 662 tilium
731 622 914 674 suum,
957 607 1036 664 sic
1066 607 1334 663 Dominus
1369 607 1510 663 Deus
1544 618 1668 663 tuus
1709 624 1837 664 ern-

232 697 367 752 divit
409 707 490 762 te;
524 706 584 752 ut
625 699 901 756 custodias
947 702 1205 755 mandata
1246 699 1460 756 Domim
1505 702 1599 756 Dei
1645 703 1745 769 tui,
1779 711 1836 759 et

232 791 477 846 ambules
508 791 561 845 in
602 791 706 847 viis
734 791 872 862 ejus,
920 801 976 848 et
1013 793 1206 848 timeas
1245 809 1369 848 eum
1402 793 1582 865 (Deut.
1615 796 1760 864 vui).
1810 815 1828 846 1

229 880 284 936 111
337 881 533 952 quibus
581 883 762 938 verbis
806 883 938 938 illud
982 893 1066 938 cst
1109 886 1367 940 solertius
1414 885 1828 951 attendendum,

225 970 368 1039 quod
403 971 481 1028 ait
516 990 530 1028 :
580 992 597 1025 ι
636 974 796 1030 Dedit
831 975 924 1030 tibi
957 991 1178 1042 manna,
1216 985 1274 1030 ut
1302 978 1642 1045 ostenderet,
1675 978 1832 1050 quod

226 1063 421 1118 nonin
461 1064 577 1119 solo
618 1079 758 1134 pane
802 1065 936 1121 vivit
979 1067 1164 1131 homo,
1199 1068 1296 1123 sed
1343 1068 1394 1122 in
1444 1069 1592 1123 omni
1637 1071 1826 1137 verbo,

220 1154 364 1221 quod
389 1155 666 1226 egreditur
692 1173 756 1211 ex
785 1172 881 1213 ore
921 1157 1042 1213 Dei.
1079 1177 1099 1211 1
1147 1158 1250 1215 Ubi
1296 1158 1415 1216 luce
1458 1159 1660 1216 clarius
1697 1176 1828 1217 con-

223 1252 333 1299 stat
382 1246 509 1315 quia
541 1246 669 1301 illud
700 1263 920 1314 manna,
945 1265 1055 1320 quo
1085 1249 1160 1305 illi
1183 1251 1482 1308 carnaliter
1508 1253 1824 1317 alebantur,

217 1333 324 1390 hoc
367 1333 534 1389 divini
567 1337 721 1390 verbi
752 1339 1099 1408 signiﬁcabat
1133 1339 1414 1410 pabulum,
1446 1357 1556 1413 quo
1593 1359 1739 1400 nunc
1770 1345 1824 1399 in

215 1423 396 1479 anima
424 1440 758 1483 recreamur.
789 1428 856 1484 Et
881 1430 1184 1486 notandum
1209 1432 1354 1502 quod
1385 1432 1453 1488 de
1484 1434 1589 1490 hoc
1620 1451 1822 1492 manna

216 1515 271 1570 in
304 1514 444 1572 libro
484 1517 652 1573 Exodi
698 1518 896 1592 legitur
931 1540 942 1575 :
985 1540 1004 1574 1
1053 1522 1206 1591 Quod
1246 1541 1369 1580 cum
1415 1527 1699 1594 vidissent,
1739 1529 1823 1584 111-

213 1607 351 1677 quit,
403 1607 499 1663 lilii
551 1610 741 1678 lsrael,
777 1613 1034 1669 dixerunt
1079 1616 1145 1670 ad
1174 1616 1412 1672 invicem
1459 1637 1472 1673 :
1524 1619 1765 1677 Manhu?
1796 1641 1816 1675 1

211 1697 355 1754 nuod
391 1697 681 1769 signiﬁcat,
719 1719 738 1751 1
792 1702 921 1772 quid
961 1712 1047 1759 est
1079 1706 1220 1760 hoc?
1264 1726 1282 1758 1
1321 1706 1522 1780 (Exod.
1557 1711 1694 1778 xvi.)
1739 1711 1817 1767 Illi

1944 515 2022 570 vel
2057 517 2318 570 mundum
2367 510 2617 570 Creatori
2667 527 2765 567 suo
2816 511 3096 576 rebellem,
3147 510 3231 565 vel
3285 509 3559 588 diabolum

1939 599 2056 676 ejus
2083 609 2435 679 intelligimus
2459 607 2798 678 principem?
2821 605 2895 660 De
2919 622 3028 676 quo
3054 605 3313 660 nimirum
3336 605 3556 670 dicitur,

1939 698 2064 767 quia
2099 718 2116 748 1
2155 698 2276 768 ipse
2302 707 2385 753 est
2417 713 2508 752 rex
2537 713 2703 768 super
2730 712 2922 753 onmcs
2948 696 3086 752 filios
3112 695 3382 765 superbiae
3433 695 3557 767 (Job

1938 790 2070 860 xu).
2107 811 2124 840 ι
2177 791 2242 845 Et
2290 791 2416 860 quia
2462 789 2625 852 Naas,
2677 806 2892 860 serpens
2941 790 3362 859 interpretatur,
3407 798 3558 847 recte

1935 895 2033 949 per
2075 881 2216 936 hunc
2249 896 2558 937 venenosus
2608 880 2721 946 ille,
2755 889 2811 936 et
2859 881 3101 936 lubricus
3149 881 3343 950 anguis
3370 882 3556 952 expri-

1938 974 2124 1024 mitur.
2155 973 2294 1039 Quid
2328 989 2460 1027 vero
2489 989 2586 1043 per
2615 971 2802 1036 Iabes,
2831 989 2954 1043 qua:
2998 973 3194 1029 civitas
3229 981 3344 1028 erat
3377 972 3555 1029 lsrae-

1933 1060 2103 1126 litica,
2135 1061 2238 1116 nisi
2269 1063 2452 1117 anima
2483 1062 2734 1116 innuitur
2780 1061 3094 1118 Christiana
3144 1063 3212 1117 ad
3259 1061 3552 1118 videndum

1932 1149 2101 1204 Deum
2132 1167 2229 1222 per
2256 1152 2496 1208 studium
2526 1152 3012 1224 contemplationis
3050 1154 3296 1210 intenta?
3324 1153 3391 1208 Et
3421 1154 3550 1225 quia

1928 1241 2090 1300 labes
2138 1245 2534 1315 interpretatur
2579 1247 2847 1305 exsiccata
2867 1287 2883 1312 ,
2911 1246 2996 1300 vel
3027 1247 3244 1301 siccitas
3265 1287 3280 1312 ,
3310 1258 3552 1318 congrue

1927 1351 2027 1406 per
2054 1335 2219 1392 Jahes
2247 1337 2334 1392 illa
2369 1337 2696 1409 intelligitur
2725 1337 2932 1402 ani‘tba,
2963 1353 3085 1409 quae
3130 1352 3381 1409 supernae
3416 1352 3547 1409 gra—

1929 1426 2016 1480 tim
2044 1427 2428 1497 pinguedinem
2471 1429 2696 1492 deserit,
2727 1437 2783 1483 et
2830 1428 2884 1483 in
2921 1437 3056 1484 aestu
3089 1429 3547 1498 concupiscentia

1924 1519 2164 1574 carnalis
2187 1522 2390 1582 arescit
2420 1534 2435 1574 τ
2468 1522 2729 1576 recedens
2758 1521 2960 1590 quippe
2986 1521 3056 1576 ab
3085 1521 3349 1576 inhiando
3375 1521 3544 1577 divini

1923 1610 2172 1664 muneris
2204 1625 2327 1664 rore
2359 1610 2415 1662 fit
2461 1611 2628 1676 sicca,
2657 1627 2820 1680 quem
2851 1620 3012 1666 antea
3043 1612 3170 1669 dum
3212 1612 3541 1683 perciperet,

1921 1698 2141 1769 vigebat
2188 1700 2485 1756 salubriter
2535 1699 2782 1774 irrigata,
2827 1703 3057 1757 Domino
3086 1701 3426 1774 ρει-,1611111111
3455 1703 3542 1758 di-

210 1802 343 1858 ergo
370 1805 590 1854 manna,
629 1792 680 1846 id
708 1801 813 1860 est,
848 1813 866 1845 ε
907 1797 1038 1866 quid
1062 1807 1149 1852 est
1177 1799 1298 1862 hoc,
1348 1819 1366 1852 ι
1419 1802 1693 1858 veraciter
1720 1819 1812 1859 co-
1844 1793 1887 1852 Β
1917 1801 2074 1846 cente
2101 1808 2114 1845 Ξ
2147 1810 2164 1843 1
2197 1791 2484 1846 Etl'undam
2513 1808 2710 1864 aquam
2734 1809 2900 1864 super
2923 1793 3223 1857 sitientem,
3256 1804 3311 1849 et
3335 1793 3538 1850 ﬂuenta

209 1883 452 1949 medunt,
501 1885 591 1954 qui
634 1886 759 1941 dum
796 1887 1007 1960 legunt,
1039 1889 1124 1944 vel
1167 1891 1419 1958 audiunt,
1458 1893 1628 1950 divini
1660 1895 1811 1952 verbi

209 1977 526 2046 mysterium
575 1980 806 2036 solerter
850 1983 1156 2053 inquirunt.
1208 1985 1309 2054 Qui
1363 1988 1619 2044 nimirum
1667 1990 1810 2045 intra

207 2065 455 2122 litteralis
477 2069 649 2139 paleae
677 2071 916 2138 thecam,
945 2073 1158 2130 dulcem
1183 2077 1561 2150 intelligentiae
1590 2081 1811 2152 spirita-

204 2151 272 2212 lis
297 2159 546 2216 ambiunt
571 2163 863 2222 enucleare
908 2169 1226 2225 medullam.
1257 2171 1356 2228 llic
1399 2184 1572 2241 certe,
1616 2194 1636 2227 1
1678 2176 1808 2246 quid

201 2256 286 2329 est
311 2249 433 2316 hoc,
457 2271 475 2304 1
497 2255 768 2311 veraciter
783 2258 1044 2325 vescitur,
1069 2262 1161 2331 qui
1177 2261 1229 2315 in
1260 2265 1479 2320 assidua
1505 2265 1807 2339 Scriptura:

198 2341 373 2396 Sacra:
416 2342 650 2400 solerter
697 2349 1050 2418 inquisitione
1114 2365 1387 2408 versatur.
1438 2357 1606 2425 Quasi
1657 2360 1804 2415 enim

198 2432 558 2498 qttaistionein
599 2439 915 2506 quamdam,
965 2450 1020 2498 et
1072 2465 1089 2493 ι
1129 2446 1260 2514 quid
1301 2456 1386 2501 est
1417 2448 1520 2504 hoc
1575 2469 1594 2502 1
1644 2453 1806 2508 avido

197 2524 383 2580 cordis
403 2540 499 2582 ore
525 2530 886 2597 comedimus,
923 2547 1046 2588 cum
1077 2527 1144 2591 ad
1171 2541 1507 2606 penetrantia
1543 2545 1802 2614 mySteria

197 2616 606 2688 Scripturarum
639 2623 929 2694 vigilanter
967 2627 1295 2694 insistimus,
1325 2647 1450 2686 cum
1480 2635 1670 2703 cpulas
1695 2651 1804 2691 cte-

195 2708 349 2763 lcstis
377 2709 575 2779 eloquii
607 2713 884 2771 subtiliter
933 2719 1298 2775 ruminamus.
1345 2723 1411 2776 Et
1460 2740 1623 2793 quam
1659 2727 1801 2782 bene

193 2800 498 2858 lsraelitico
541 2805 616 2859 illi
657 2808 860 2877 populo
895 2813 1222 2868 monachica
1255 2817 1531 2883 possessio
1560 2817 1797 2888 [profes-

191 2893 296 2966 sta]
328 2898 594 2968 congruit,
638 2900 766 2970 quia
808 2903 953 2959 unde
1004 2905 1080 2959 illi
1117 2916 1245 2962 tunc
1293 2909 1580 2966 alebantur
1609 2915 1660 2967 in
1704 2915 1796 2969 de-

192 2995 360 3049 serto,
395 2989 554 3042 modo
602 3005 700 3046 nos
732 2992 1025 3062 epulamur
1057 2998 1110 3050 in
1142 2999 1417 3054 claustro?
1461 3002 1599 3069 Quid
1647 3005 1790 3059 enim

189 3075 489 3143 desertum,
520 3080 622 3134 nisi
653 3082 722 3137 ab
753 3083 992 3140 humana
1027 3098 1190 3141 sonat
1221 3091 1560 3146 habitatione
1583 3095 1791 3150 discre-

1917 1899 2083 1952 super
2129 1884 2339 1938 aridam
2391 1883 2527 1954 (Isa.
2583 1886 2754 1953 xuv).
2791 1905 2808 1936 1
2843 1884 2950 1939 Sed
2998 1884 3143 1940 Naas
3195 1900 3320 1940 cum
3372 1883 3540 1946 labes

1917 1973 2097 2030 {trdus
2123 1975 2283 2031 aliter
2330 1977 2659 2046 dedignatur
2691 1977 2857 2042 inire,
2893 1977 2994 2032 nisi
3028 1975 3248 2032 oculum
3277 1977 3535 2033 dextrum

1914 2067 2233 2136 paciscatur
2267 2083 2466 2122 eruere
2497 2087 2508 2121 :
2543 2069 2668 2138 quia
2706 2069 2956 2139 quisquis
3005 2068 3088 2124 vel
3130 2069 3361 2139 antiquo
3392 2069 3536 2126 hosti

1913 2155 1978 2210 in.
2021 2172 2282 2226 perversa
2336 2159 2686 2228 suggestione
2740 2160 3146 2225 substernitur,
3200 2159 3284 2215 vel
3344 2159 3533 2217 mundi

1912 2245 2076 2316 hujus
2127 2249 2386 2318 inquietis
2429 2251 2740 2307 aetionibns
2781 2251 3113 2320 intplicalur,
3143 2253 3270 2307 dum
3303 2267 3364 2309 se
3405 2261 3532 2308 tan-

1909 2353 2072 2407 quam
2116 2338 2350 2409 supcrbo
2397 2341 2509 2410 regi
2545 2340 2777 2410 turpiter
2822 2342 3077 2408 fmdcrat,
3108 2357 3334 2398 necesse
3359 2349 3534 2398 estut

1909 2430 2160 2486 dextrum
2205 2431 2453 2497 oculum,
2488 2434 2591 2488 hoc
2622 2441 2732 2496 est,
2787 2433 2970 2488 lumen
3019 2433 3528 2504 contemplationis,

1907 2523 2157 2587 amittat;
2192 2533 2248 2580 et
2294 2525 2374 2579 sic
2399 2525 2754 2595 opprobrium
2788 2524 2841 2580 in
2879 2525 3046 2582 lsrael
3093 2527 3361 2598 ponitur:
3400 2527 3528 2596 quia

1906 2612 2034 2667 dum
2082 2631 2110 2667 a
2157 2615 2641 2686 contemplationis
2686 2632 2815 2673 arce
2874 2619 2942 2673 ad
2997 2627 3248 2685 terrena,
3287 2618 3373 2673 vel
3427 2619 3530 2673 im-

1905 2706 2102 2759 munda
2142 2706 2397 2774 qnzelibet
2438 2708 2786 2778 exsequenda
2818 2709 3144 2776 devolvitur,
3179 2725 3528 2781 consequens

1901 2805 2008 2862 est,
2042 2808 2099 2851 ut
2149 2799 2200 2852 in
2235 2799 2477 2854 Ecclesia
2535 2801 2813 2872 probrosa:
2843 2801 3137 2859 derisiouis
3168 2803 3526 2858 obtrectatio-

1901 2890 2063 2944 nibus
2095 2893 2432 2947 mordeatur.
2463 2892 2663 2948 Petunt
2700 2902 2884 2950 autem
2933 2895 3007 2950 illi
3048 2905 3257 2967 septem
3290 2897 3406 2952 dies
3437 2897 3522 2951 in-

1898 2981 2105 3044 ducias,
2136 2993 2191 3037 et
2235 2985 2361 3053 quia
2396 2985 2539 3040 Deus
2570 2987 2805 3056 septimo
2841 2987 2926 3042 die
2957 2988 3294 3059 requievisse
3323 3004 3352 3042 a
3390 3004 3522 3045 con-

1896 3071 2022 3126 ditis
2047 3074 2306 3142 operibus
2338 3075 2540 3146 legitur
2560 3074 2716 3147 (Gen.
2746 3077 2831 3148 tt),
2860 3079 2991 3148 quid
3023 3093 3120 3148 per
3146 3079 3520 3149 septenarium

191 3168 341 3220 mm?
371 3168 508 3235 Quid
557 3173 720 3227 cum"
753 3176 1074 3243 Clausum".
1133 3181 1235 3234 nisi
1279 3183 1348 3237 ab
1393 3185 1540 3238 omni
1589 3187 1790 3254 negotii
1819 3154 1863 3215 C
1895 3180 2211 3254 numerum,
2247 3167 2350 3221 nisi
2385 3167 2603 3238 requies
2635 3169 3190 3239 designaturilstum
3225 3186 3515 3224 numerum

188 3259 463 3316 smcularis
503 3264 718 3320 actione
748 3268 1106 3324 conclusum?
1147 3271 1214 3325 Et
1253 3273 1396 3328 sicut
1440 3290 1540 3345 per
1575 3277 1789 3333 deserta

186 3348 559 3416 gradientibus
590 3354 677 3408 lux
714 3356 868 3426 ignea
903 3360 1045 3415 inter
1082 3371 1384 3419 nocturnas
1417 3369 1676 3423 tenebras
1707 3370 1790 3424 111-

186 3433 442 3506 fulgehat,
500 3441 578 3497 sic
625 3445 790 3500 etiam
841 3461 1246 3508 commorantcs
1303 3455 1357 3508 in
1411 3457 1789 3524 spiritualibns

183 3525 438 3583 claustris
469 3546 718 3600 superna:
750 3536 887 3592 lucis
922 3556 1062 3610 saepe
1095 3545 1258 3598 radiis
1291 3545 1664 3615 illustrantur,
1692 3553 1785 3622 qui

179 3620 237 3672 et
271 3622 567 3676 carnalium
621 3627 932 3695 passionum
981 3634 1236 3689 tenebras
1282 3637 1530 3708 abigant,
1582 3620 1786 3713 eosque

180 3712 660 3782 contemplationis
692 3720 895 3777 iniuria:
935 3725 1114 3779 nitore
1151 3728 1503 3796 perfundant.
1548 3712 1785 3803 Fugien-

179 3801 285 3858 dus
304 3813 389 3860 est
410 3821 540 3878 ergo
569 3813 825 3878 mundus,
854 3817 946 3884 qui
977 3818 1233 3876 tenebras
1260 3824 1516 3891 parturit,
1549 3801 1781 3902 petenda

179 3898 432 3964 remotio,
487 3900 577 3955 ubi
639 3911 896 3976 tanquam
951 3909 1004 3963 in
1059 3911 1278 3969 deserto
1337 3931 1523 3972 verum
1574 3898 1778 3976 'lumen
1869 3957 1874 3966 -

176 3989 434 4060 erumpit.
479 3991 713 4052 Prorsus
739 4012 769 4052 a
809 4010 995 4056 nostra
1036 4005 1379 4074 repellendus
1402 4019 1485 4065 est
1512 4013 1774 4080 amicitia,

174 4079 267 4147 qui
291 4081 545 4138 nimirum
575 4084 703 4142 dum
729 4091 1083 4147 tenebrarum
1117 4095 1170 4148 in
1201 4098 1400 4166 quibus
1426 4117 1642 4171 semper
1668 4114 1772 4172 est,

174 4171 435 4242 caligines
453 4175 663 4245 inserit,
680 4183 1150 4239 consentientibus
1199 4190 1301 4243 sibi
1337 4201 1500 4262 atque
1524 4171 1776 4252 obedien-

175 4264 320 4322 tibus
346 4268 524 4325 lumen
557 4275 876 4346 exstinguit,
899 4279 1280 4338 imodebemus
1305 4286 1354 4340 ei
1383 4303 1600 4358 seraper
1620 4291 1774 4346 inite-

172 4359 416 4417 dcrabile
440 4363 662 4432 bellum,
701 4366 865 4440 [deest
906 4373 1167 4442 indicere,
1211 4379 1289 4432 vel
1321 4380 1472 4434 aliud
1510 4384 1771 4453 ejusmodi

171 4451 509 4526 rerbum]qui
533 4472 754 4514 suorum
772 4463 962 4519 oculos
984 4467 1166 4521 obruit
1185 4471 1509 4528 amicorum.
1533 4451 1669 4530 Hinc
1685 4489 1770 4533 cst

131 4544 314 4615 ,quod
337 4560 490 4602 sacra
523 4547 728 4622 Regum
758 4552 983 4609 historia
1013 4571 1271 4616 narrante
1293 4563 1608 4632 didicimus,
1639 4571 1764 4639 quia

159 4650 228 4690 cu
246 4651 295 4690 m
321 4634 460 4693 Naas
477 4639 821 4700 Ammonitcs
834 4649 1155 4705 ascenderet
1168 4660 1224 4705 ut
1238 4652 1400 4708 Jabes
1421 4656 1626 4714 Galaad
1643 4634 1764 4714 eum

159 4728 286 4783 suis
303 4729 465 4802 186
484 4735 791 4804 agminibus
809 4751 1168 4812 expugnaret,
1192 4759 1381 4801 omnes
1397 4748 1495 4802 viri
1520 4749 1681 4805 labes
1700 4755 1764 4807 ad

162 4819 332 4884 Naas,
361 4838 465 4878 una
513 4840 646 4881 voce
676 4828 971 4887 dixerunt:
1010 4853 1026 4882 ς
1064 4833 1272 4891 Habeto
1307 4855 1411 4893 non
1446 4839 1761 4908 fmderatos,

160 4923 219 4966 et
261 4915 561 4972 serviemus
592 4918 708 4975 tibi.
746 4941 764 4972 D
798 4922 1005 4988 Quibus
1039 4925 1125 4980 illc
1163 4933 1440 4992 respondit
1473 4950 1485 4986 :
1522 4953 1539 4982 ι
1580 4933 1635 4988 1η
1663 4936 1764 4992 hoc

164 5004 359 5059 feriam
393 5007 666 5065 vobiscum
705 5010 897 5076 laetius.
941 5027 999 5070 ut
1025 5034 1212 5074 eruam
1241 5025 1484 5080 omnium
1517 5038 1759 5082 vestrum

164 5096 354 5152 oculos
382 5097 622 5168 dextros,
655 5119 964 5176 ponamque
988 5124 1084 5164 vos
1109 5115 1459 5183 opprobrium
1507 5119 1759 5175 universo

164 5185 369 5240 lsraeli.
403 5187 770 5263 Dixeruntque
799 5195 865 5249 ad
895 5211 1017 5251 eum
1059 5202 1302 5258 seniores
1343 5203 1506 5262 Jabes
1558 5225 1570 5262 :
1621 5209 1758 5264 Con-

161 5277 294 5332 cede
321 5279 474 5334 nobis
504 5292 710 5352 septem
742 5286 857 5342 dies
891 5299 948 5343 ut
973 5292 1256 5348 mittamus
1281 5299 1500 5354 nuntios
1534 5300 1585 5354 in
1630 5303 1753 5356 uni~

160 5386 346 5426 versos
377 5375 636 5432 terminos
664 5377 850 5446 lsrael,
880 5385 1000 5438 etsi
1034 5400 1139 5440 non
1172 5386 1354 5455 tuerit,
1381 5393 1472 5462 qui
1503 5394 1756 5451 defendat

161 5476 281 5525 nos,
314 5464 657 5533 egrediemur
699 5472 762 5524 ad
811 5482 862 5526 te
891 5473 944 5541 (1
978 5475 1106 5546 Reg.
1151 5479 1248 5544 xi).
1305 5502 1321 5534 1
1357 5482 1594 5541 Audiens
1639 5487 1751 5544 haec

158 5551 330 5613 Saul.
384 5556 660 5613 exercitus
709 5561 1109 5620 multitudinem
1155 5576 1542 5644 congregavit,
1599 5592 1748 5632 artua

155 5643 458 5714 corripuit,
508 5657 562 5702 et
603 5665 666 5706 ex
716 5654 1056 5718 Ammonitis,
1103 5664 1249 5729 gravi
1286 5643 1574 5726 admodum
1603 5683 1748 5726 eteuc

150 5750 262 5809 per.
287 5738 451 5802 tussis,
496 5756 613 5792 cum
647 5744 813 5814 gloria
851 5747 1222 5821 triumphavit.
1251 5757 1388 5824 Quid
1418 5761 1616 5832 itaque,
1654 5782 1747 5835 per

1896 3253 2026 3308 Saul
2076 3256 2398 3314 inobediens
2445 3261 2742 3330 ignoravit,
2775 3277 2898 3316 cum
2929 3277 3029 3332 per
3056 3277 3183 3317 eum
3209 3278 3269 3318 se
3293 3261 3514 3319 Samuel

1890 3347 2320 3416 praestolantium
2373 3364 2496 3405 esse
2549 3353 2809 3421 praecepit
2861 3371 2872 3405 :
2925 3372 2942 3403 1
2998 3352 3254 3424 Septem,
3304 3354 3513 3424 inquit,

1891 3437 2084 3494 dielms
2110 3442 2477 3510 exspectabis,
2507 3443 2683 3497 donec
2709 3443 2920 3497 veniam
2947 3443 3013 3498 ad
3047 3453 3118 3510 te,
3148 3453 3205 3499 et
3227 3445 3511 3501 ostendam

1891 3527 1984 3583 tibi
2033 3545 2154 3599 qua:
2198 3529 2376 3587 facias
2415 3530 2466 3603 (1
2504 3531 2629 3602 Reg.
2664 3533 2743 3604 ι).
2783 3553 2800 3585 1
2837 3534 2946 3588 Sed
2989 3533 3116 3604 quia
3165 3535 3507 3605 spiritualem

1889 3637 1948 3676 re
1973 3624 2132 3688 piem
2201 3623 2285 3676 vir
2334 3623 2600 3694 reprobus
2649 3624 2879 3694 sprevit,
2932 3625 3319 3696 exagitandum
3379 3642 3506 3682 eum

1887 3713 2115 3783 Spiritus
2147 3713 2321 3768 malus
2348 3713 2601 3783 arripuit.
2641 3714 2744 3770 Per
2787 3717 3156 3785 septenarium
3206 3734 3339 3789 ergo
3388 3719 3507 3775 die-

1887 3821 2006 3858 rum
2050 3820 2335 3859 numerum
2387 3807 2453 3860 ab
2500 3806 2686 3876 iniquo
2716 3823 2844 3878 rege
2889 3806 3052 3864 Jabes
3082 3809 3278 3864 civitas
3309 3810 3506 3867 libera-

1885 3904 1975 3950 tur
2010 3915 2020 3948 :
2056 3897 2183 3965 quia
2210 3896 2470 3966 quailibet
2503 3898 2710 3962 anima,
2760 3915 2922 3968 quam
2971 3900 3236 3956 suadente
3287 3901 3507 3958 diabolo

1881 3988 2122 4044 mundus
2173 3988 2239 4042 ad
2287 4004 2347 4044 se
2395 3998 2630 4044 conatur
2674 3991 2995 4055 attrahere,
3044 4007 3108 4046 ac
3155 3994 3502 4060 negotiorum

1879 4080 2225 4136 saecularium
2262 4083 2501 4138 tenebris
2533 4099 2848 4148 csc:ccare,
2892 4085 3119 4140 illaesum
3162 4088 3502 4158 contempla-

1881 4171 2043 4224 tionis
2092 4171 2312 4225 oculttm
2365 4182 2570 4241 servat,
2623 4175 2664 4228 si
2700 4175 2924 4230 omnino
2962 4177 3250 4244 resistens,
3285 4180 3338 4234 in
3386 4196 3499 4236 sua:

1877 4261 2078 4330 quietis
2130 4263 2416 4332 proposito
2461 4273 2777 4334 perseverat
2823 4285 2835 4318 :
2880 4281 3111 4337 eamque
3163 4269 3499 4342 Redemptor

1877 4361 2064 4407 noster
2094 4353 2159 4407 de
2190 4355 2513 4420 tentatione,
2542 4370 2706 4425 quam
2737 4358 2968 4425 patitur,
2997 4359 3182 4428 eripit,
3217 4377 3340 4415 cum
3370 4377 3491 4418 eam

1877 4444 1927 4498 in
1982 4444 2300 4510 remotionis
2331 4461 2446 4502 sua:
2494 4461 2729 4502 censura
2767 4449 3055 4518 quiescere
3105 4452 3496 4523 deprehendit.

1800 4521 1847 4579 υ
1880 4535 2030 4591 Unde
2079 4535 2190 4590 illic
2238 4536 2506 4606 scriptum
2554 4548 2640 4593 est
2675 4553 2688 4593 :
2731 4557 2749 4590 1
2789 4539 2925 4595 Cum
2959 4521 3232 4607 venisset,
3285 4545 3494 4616 inquit,

1874 4626 1991 4681 dies
2027 4627 2326 4692 crastinus,
2359 4629 2649 4684 co..stituit
2679 4630 2811 4686 Saul
2842 4632 3100 4701 populum
3134 4635 3185 4688 in
3221 4643 3331 4690 tres
3359 4651 3492 4706 par-

1874 4728 1976 4779 tes.
2007 4727 2063 4772 et
2100 4718 2377 4789 ingressus
2407 4729 2493 4775 est
2535 4721 2715 4776 media
2749 4733 2930 4778 castra
2980 4725 3034 4778 in
3081 4725 3264 4795 vigilia
3307 4739 3492 4782 matu-

1873 4809 2004 4869 tina,
2038 4818 2092 4862 et
2142 4809 2410 4878 percussit
2458 4809 2690 4865 Ammon
2725 4827 2900 4882 usque
2949 4813 3077 4868 dum
3130 4815 3496 4873 incalesceret

1871 4901 1988 4954 dies
2016 4899 2066 4970 (ι
2092 4900 2217 4971 Reg.
2250 4901 2349 4971 XI).
2394 4923 2412 4955 1
2445 4901 2587 4970 Quid
2625 4904 2770 4959 enim
2799 4920 2898 4974 per
2925 4904 3081 4971 Saul,
3114 4908 3209 4977 qui
3243 4891 3493 4964 Christus

1868 4990 2083 5045 Domini
2114 4992 2418 5058 dicebatur,
2463 4993 2566 5059 nisi
2601 4995 2674 5057 is,
2715 4995 2877 5068 187
2909 4997 3001 5067 qui
3049 5011 3214 5052 verus
3263 5015 3359 5054 rex
3406 5011 3492 5056 est

1866 5081 2054 5147 lsrael,
2087 5083 2179 5140 Dei
2245 5086 2635 5155 hominumque
2681 5089 2953 5142 mediator
3002 5087 3291 5144 innuitur?
3341 5091 3487 5158 Quid

1863 5186 1968 5241 est,
2019 5177 2161 5247 quod
2216 5179 2472 5248 p0pnlum
2521 5180 2572 5232 in
2620 5189 2730 5234 tres
2774 5181 3062 5235 constituit
3108 5194 3319 5251 partes,
3377 5185 3482 5240 nisi

1861 5270 1988 5338 quia
2018 5278 2126 5324 tres
2156 5281 2283 5326 sunt
2326 5271 2655 5340 principales
2699 5273 2894 5327 anima:
2922 5273 3172 5338 virtutes,
3209 5274 3346 5332 tides
3373 5278 3482 5332 sci-

1863 5359 2009 5425 licet,
2045 5375 2169 5431 spes
2199 5370 2256 5416 et
2293 5362 2568 5416 charitas‘.’
2592 5364 2646 5417 In
2681 5363 2910 5418 trifariis
2939 5363 3123 5435 itaque
3145 5365 3474 5424 bellatorum

1861 5463 2107 5533 partibus
2154 5466 2403 5533 victoria,
2443 5467 2758 5523 certaminis
2785 5467 3082 5535 obtinetur,
3117 5471 3244 5541 quia
3280 5471 3474 5528 'tribus

1862 5563 1946 5616 his
1976 5563 2284 5628 virtutibus,
2321 5567 2457 5620 duec
2489 5564 2738 5629 Christo,
2773 5567 2952 5624 omnis
2980 5567 3243 5624 diabolica
3287 5579 3466 5624 tenta-

1860 5665 1934 5719 tio
1965 5667 2217 5720 vincitur.
2250 5665 2420 5723 Porro
2443 5683 2543 5724 nec
2575 5670 2686 5740 ipse
2717 5687 2744 5724 a
2779 5671 3038 5742 mysterio
3074 5681 3231 5725 var-at
3259 5687 3449 5743 pugna-

1858 5774 2033 5819 torum
2068 5781 2347 5834 numerus,
2379 5786 2538 5840 quem
2573 5771 2854 5844 Scriptura
2890 5773 3223 5844 pronuntiat.
3264 5789 3281 5822 1
3323 5771 3465 5829 Fue-
