  <div class='ocr_page' id='page_1' title='image "/cluster/home/n/w/nwhite01/storage/ocr_20150623/144-145/uc1.31175001639262/200.png"; bbox 0 0 5428 6562; ppageno 0'>
   <div class='ocr_carea' id='block_1_1' title="bbox 198 365 3528 461">
    <p class='ocr_par' dir='ltr' id='par_1_1' title="bbox 198 365 3528 461">
     <span class='ocr_line' id='line_1_1' title="bbox 198 365 3528 461; baseline -0.003 -25"><span class='ocrx_word' id='word_1_1' title='bbox 198 407 305 461; x_wconf 61' lang='lat'><strong>335</strong></span> <span class='ocrx_word' id='word_1_2' title='bbox 1441 382 1638 440; x_wconf 74' lang='lat' dir='ltr'><strong>uasa</strong></span> <span class='ocrx_word' id='word_1_3' title='bbox 1687 375 1997 444; x_wconf 69' lang='lat' dir='ltr'><strong>sanus,</strong></span> <span class='ocrx_word' id='word_1_4' title='bbox 2037 372 2257 431; x_wconf 83' lang='lat' dir='ltr'><strong>EPIST.</strong></span> <span class='ocrx_word' id='word_1_5' title='bbox 2294 370 2406 429; x_wconf 87' lang='lat' dir='ltr'><strong>vn.</strong></span> <span class='ocrx_word' id='word_1_6' title='bbox 3423 365 3528 426; x_wconf 75' lang='lat' dir='ltr'><strong>ssc</strong></span> 
     </span>
    </p>
   </div>
   <div class='ocr_carea' id='block_1_2' title="bbox 199 481 3530 577">
    <p class='ocr_par' dir='ltr' id='par_1_2' title="bbox 199 481 3530 577">
     <span class='ocr_line' id='line_1_2' title="bbox 199 481 3530 577; baseline -0.011 -4"><span class='ocrx_word' id='word_1_7' title='bbox 199 517 394 574; x_wconf 88' lang='lat' dir='ltr'><strong>videns</strong></span> <span class='ocrx_word' id='word_1_8' title='bbox 434 515 680 572; x_wconf 79' lang='lat' dir='ltr'><strong>ordinem</strong></span> <span class='ocrx_word' id='word_1_9' title='bbox 720 516 961 565; x_wconf 87' lang='lat' dir='ltr'><strong>vestrum</strong></span> <span class='ocrx_word' id='word_1_10' title='bbox 992 501 1139 577; x_wconf 75' lang='lat' dir='ltr'><strong>(Col.</strong></span> <span class='ocrx_word' id='word_1_11' title='bbox 1167 502 1251 574; x_wconf 84' lang='grc' dir='ltr'><strong>ιι).</strong></span> <span class='ocrx_word' id='word_1_12' title='bbox 1291 519 1310 555; x_wconf 80' lang='lat' dir='ltr'><strong>s</strong></span> <span class='ocrx_word' id='word_1_13' title='bbox 1361 499 1514 555; x_wconf 88' lang='lat' dir='ltr'><strong>Sicut</strong></span> <span class='ocrx_word' id='word_1_14' title='bbox 1549 512 1680 564; x_wconf 79' lang='lat' dir='ltr'><strong>ergo</strong></span> <span class='ocrx_word' id='word_1_15' title='bbox 1718 494 1806 548; x_wconf 79' lang='lat' dir='ltr'><strong>ille</strong></span> <span class='ocrx_word' id='word_1_16' title='bbox 1837 497 1883 555; x_wconf 84' lang='grc' dir='ltr'><strong>Λ</strong></span> <span class='ocrx_word' id='word_1_17' title='bbox 1912 489 2280 562; x_wconf 77' lang='lat' dir='ltr'><strong>apostolorum</strong></span> <span class='ocrx_word' id='word_1_18' title='bbox 2328 500 2552 542; x_wconf 91' lang='lat' dir='ltr'><strong>suorum</strong></span> <span class='ocrx_word' id='word_1_19' title='bbox 2601 483 2748 540; x_wconf 90' lang='lat' dir='ltr'><strong>Petri</strong></span> <span class='ocrx_word' id='word_1_20' title='bbox 2801 493 2858 539; x_wconf 91' lang='lat' dir='ltr'><strong>et</strong></span> <span class='ocrx_word' id='word_1_21' title='bbox 2908 482 3095 548; x_wconf 90' lang='lat' dir='ltr'><strong>Pauli,</strong></span> <span class='ocrx_word' id='word_1_22' title='bbox 3153 482 3221 539; x_wconf 88' lang='lat' dir='ltr'><strong>ab</strong></span> <span class='ocrx_word' id='word_1_23' title='bbox 3272 481 3530 539; x_wconf 81' lang='lat' dir='ltr'><strong>omnibus</strong></span> 
     </span>
    </p>
   </div>
   <div class='ocr_carea' id='block_1_3' title="bbox 203 591 1811 683">
    <p class='ocr_par' dir='ltr' id='par_1_3' title="bbox 203 591 1811 683">
     <span class='ocr_line' id='line_1_3' title="bbox 203 591 1811 683; baseline -0.017 -15"><span class='ocrx_word' id='word_1_24' title='bbox 203 611 314 683; x_wconf 85' lang='lat' dir='ltr'><strong>regi</strong></span> <span class='ocrx_word' id='word_1_25' title='bbox 368 608 592 665; x_wconf 89' lang='lat' dir='ltr'><strong>tradidit</strong></span> <span class='ocrx_word' id='word_1_26' title='bbox 636 604 830 666; x_wconf 88' lang='lat' dir='ltr'><strong>filium,</strong></span> <span class='ocrx_word' id='word_1_27' title='bbox 877 600 950 654; x_wconf 89' lang='lat' dir='ltr'><strong>ita</strong></span> <span class='ocrx_word' id='word_1_28' title='bbox 999 607 1056 653; x_wconf 90' lang='lat' dir='ltr'><strong>et</strong></span> <span class='ocrx_word' id='word_1_29' title='bbox 1097 611 1199 669; x_wconf 94' lang='lat' dir='ltr'><strong>ego</strong></span> <span class='ocrx_word' id='word_1_30' title='bbox 1248 592 1525 666; x_wconf 84' lang='lat' dir='ltr'><strong>propriam</strong></span> <span class='ocrx_word' id='word_1_31' title='bbox 1571 591 1811 644; x_wconf 86' lang='lat' dir='ltr'><strong>animam</strong></span> 
     </span>
    </p>
   </div>
   <div class='ocr_carea' id='block_1_4' title="bbox 203 685 1814 759">
    <p class='ocr_par' dir='ltr' id='par_1_4' title="bbox 203 685 1814 759">
     <span class='ocr_line' id='line_1_4' title="bbox 203 685 1814 759; baseline -0.014 -5"><span class='ocrx_word' id='word_1_32' title='bbox 203 700 403 757; x_wconf 84' lang='lat' dir='ltr'><strong>vestris</strong></span> <span class='ocrx_word' id='word_1_33' title='bbox 432 696 681 754; x_wconf 88' lang='lat' dir='ltr'><strong>manibus</strong></span> <span class='ocrx_word' id='word_1_34' title='bbox 724 690 905 756; x_wconf 83' lang='lat' dir='ltr'><strong>trado,</strong></span> <span class='ocrx_word' id='word_1_35' title='bbox 943 697 1107 759; x_wconf 90' lang='lat' dir='ltr'><strong>atque</strong></span> <span class='ocrx_word' id='word_1_36' title='bbox 1135 695 1195 742; x_wconf 92' lang='lat' dir='ltr'><strong>ut</strong></span> <span class='ocrx_word' id='word_1_37' title='bbox 1225 685 1294 740; x_wconf 87' lang='lat' dir='ltr'><strong>ad</strong></span> <span class='ocrx_word' id='word_1_38' title='bbox 1341 697 1584 738; x_wconf 90' lang='lat' dir='ltr'><strong>mensam</strong></span> <span class='ocrx_word' id='word_1_39' title='bbox 1619 689 1814 734; x_wconf 80' lang='lat' dir='ltr'><strong>vestrae</strong></span> 
     </span>
    </p>
   </div>
   <div class='ocr_carea' id='block_1_5' title="bbox 203 774 1813 854">
    <p class='ocr_par' dir='ltr' id='par_1_5' title="bbox 203 774 1813 854">
     <span class='ocr_line' id='line_1_5' title="bbox 203 774 1813 854; baseline -0.013 -10"><span class='ocrx_word' id='word_1_40' title='bbox 203 790 470 845; x_wconf 91' lang='lat' dir='ltr'><strong>orationis</strong></span> <span class='ocrx_word' id='word_1_41' title='bbox 502 788 699 849; x_wconf 87' lang='lat' dir='ltr'><strong>alatur,</strong></span> <span class='ocrx_word' id='word_1_42' title='bbox 735 782 986 854; x_wconf 86' lang='lat' dir='ltr'><strong>imploro.</strong></span> <span class='ocrx_word' id='word_1_43' title='bbox 1036 779 1327 834; x_wconf 79' lang='lat' dir='ltr'><strong>Enimvero</strong></span> <span class='ocrx_word' id='word_1_44' title='bbox 1369 789 1493 830; x_wconf 92' lang='lat' dir='ltr'><strong>cum</strong></span> <span class='ocrx_word' id='word_1_45' title='bbox 1526 774 1664 827; x_wconf 86' lang='lat' dir='ltr'><strong>bona</strong></span> <span class='ocrx_word' id='word_1_46' title='bbox 1715 785 1813 839; x_wconf 93' lang='lat' dir='ltr'><strong>pro</strong></span> 
     </span>
    </p>
   </div>
   <div class='ocr_carea' id='block_1_6' title="bbox 208 863 1813 950">
    <p class='ocr_par' dir='ltr' id='par_1_6' title="bbox 208 863 1813 950">
     <span class='ocr_line' id='line_1_6' title="bbox 208 863 1813 950; baseline -0.012 -16"><span class='ocrx_word' id='word_1_47' title='bbox 208 881 363 935; x_wconf 87' lang='lat' dir='ltr'><strong>malis</strong></span> <span class='ocrx_word' id='word_1_48' title='bbox 396 879 587 950; x_wconf 84' lang='lat' dir='ltr'><strong>jubeat</strong></span> <span class='ocrx_word' id='word_1_49' title='bbox 628 876 713 930; x_wconf 78' lang='lat' dir='ltr'><strong>lex</strong></span> <span class='ocrx_word' id='word_1_50' title='bbox 743 874 923 928; x_wconf 89' lang='lat' dir='ltr'><strong>divina</strong></span> <span class='ocrx_word' id='word_1_51' title='bbox 959 869 1191 934; x_wconf 89' lang='lat' dir='ltr'><strong>restitui,</strong></span> <span class='ocrx_word' id='word_1_52' title='bbox 1220 875 1425 939; x_wconf 88' lang='lat' dir='ltr'><strong>quanto</strong></span> <span class='ocrx_word' id='word_1_53' title='bbox 1467 863 1642 934; x_wconf 81' lang='lat' dir='ltr'><strong>magis</strong></span> <span class='ocrx_word' id='word_1_54' title='bbox 1670 863 1813 917; x_wconf 89' lang='lat' dir='ltr'><strong>bona</strong></span> 
     </span>
    </p>
   </div>
   <div class='ocr_carea' id='block_1_7' title="bbox 206 952 1813 1040">
    <p class='ocr_par' dir='ltr' id='par_1_7' title="bbox 206 952 1813 1040">
     <span class='ocr_line' id='line_1_7' title="bbox 206 952 1813 1040; baseline -0.01 -16"><span class='ocrx_word' id='word_1_55' title='bbox 206 972 364 1026; x_wconf 89' lang='lat' dir='ltr'><strong>bonis</strong></span> <span class='ocrx_word' id='word_1_56' title='bbox 405 969 664 1040; x_wconf 65' lang='lat' dir='ltr'><strong>praecepit</strong></span> <span class='ocrx_word' id='word_1_57' title='bbox 706 964 1001 1023; x_wconf 85' lang='lat' dir='ltr'><strong>redhiberi.</strong></span> <span class='ocrx_word' id='word_1_58' title='bbox 1033 961 1172 1029; x_wconf 84' lang='lat' dir='ltr'><strong>Quid</strong></span> <span class='ocrx_word' id='word_1_59' title='bbox 1199 959 1346 1016; x_wconf 92' lang='lat' dir='ltr'><strong>enim</strong></span> <span class='ocrx_word' id='word_1_60' title='bbox 1379 958 1599 1021; x_wconf 88' lang='lat' dir='ltr'><strong>mirum,</strong></span> <span class='ocrx_word' id='word_1_61' title='bbox 1629 952 1674 1009; x_wconf 88' lang='lat' dir='ltr'><strong>si</strong></span> <span class='ocrx_word' id='word_1_62' title='bbox 1710 954 1813 1008; x_wconf 92' lang='lat' dir='ltr'><strong>hoc</strong></span> 
     </span>
    </p>
   </div>
   <div class='ocr_carea' id='block_1_8' title="bbox 208 1045 1813 1122">
    <p class='ocr_par' dir='ltr' id='par_1_8' title="bbox 208 1045 1813 1122">
     <span class='ocr_line' id='line_1_8' title="bbox 208 1045 1813 1122; baseline -0.012 -5"><span class='ocrx_word' id='word_1_63' title='bbox 208 1064 442 1118; x_wconf 89' lang='lat' dir='ltr'><strong>humana</strong></span> <span class='ocrx_word' id='word_1_64' title='bbox 489 1060 630 1114; x_wconf 83' lang='lat' dir='ltr'><strong>ratio</strong></span> <span class='ocrx_word' id='word_1_65' title='bbox 667 1073 735 1114; x_wconf 80' lang='lat' dir='ltr'><strong>ex</strong></span> <span class='ocrx_word' id='word_1_66' title='bbox 782 1057 985 1112; x_wconf 90' lang='lat' dir='ltr'><strong>indicta</strong></span> <span class='ocrx_word' id='word_1_67' title='bbox 1030 1053 1136 1109; x_wconf 87' lang='lat' dir='ltr'><strong>sibi</strong></span> <span class='ocrx_word' id='word_1_68' title='bbox 1181 1051 1298 1122; x_wconf 90' lang='lat' dir='ltr'><strong>lege</strong></span> <span class='ocrx_word' id='word_1_69' title='bbox 1347 1045 1663 1120; x_wconf 81' lang='lat' dir='ltr'><strong>persolvat,</strong></span> <span class='ocrx_word' id='word_1_70' title='bbox 1689 1058 1813 1100; x_wconf 91' lang='lat' dir='ltr'><strong>cum</strong></span> 
     </span>
    </p>
   </div>
   <div class='ocr_carea' id='block_1_9' title="bbox 208 1137 1815 1222">
    <p class='ocr_par' dir='ltr' id='par_1_9' title="bbox 208 1137 1815 1222">
     <span class='ocr_line' id='line_1_9' title="bbox 208 1137 1815 1222; baseline -0.011 -16"><span class='ocrx_word' id='word_1_71' title='bbox 208 1151 438 1222; x_wconf 85' lang='lat' dir='ltr'><strong>idipsum</strong></span> <span class='ocrx_word' id='word_1_72' title='bbox 471 1149 763 1220; x_wconf 82' lang='lat' dir='ltr'><strong>aliquando</strong></span> <span class='ocrx_word' id='word_1_73' title='bbox 807 1147 973 1202; x_wconf 91' lang='lat' dir='ltr'><strong>etiam</strong></span> <span class='ocrx_word' id='word_1_74' title='bbox 1011 1144 1172 1200; x_wconf 88' lang='lat' dir='ltr'><strong>bruta</strong></span> <span class='ocrx_word' id='word_1_75' title='bbox 1219 1141 1476 1196; x_wconf 79' lang='lat' dir='ltr'><strong>animalia</strong></span> <span class='ocrx_word' id='word_1_76' title='bbox 1524 1137 1686 1194; x_wconf 88' lang='lat' dir='ltr'><strong>nullis</strong></span> <span class='ocrx_word' id='word_1_77' title='bbox 1716 1137 1815 1191; x_wconf 90' lang='lat' dir='ltr'><strong>ob-</strong></span> 
     </span>
    </p>
   </div>
   <div class='ocr_carea' id='block_1_10' title="bbox 210 1225 1813 1313">
    <p class='ocr_par' dir='ltr' id='par_1_10' title="bbox 210 1225 1813 1313">
     <span class='ocr_line' id='line_1_10' title="bbox 210 1225 1813 1313; baseline -0.011 -15"><span class='ocrx_word' id='word_1_78' title='bbox 210 1243 369 1298; x_wconf 75' lang='lat' dir='ltr'><strong>noxia</strong></span> <span class='ocrx_word' id='word_1_79' title='bbox 414 1241 624 1313; x_wconf 88' lang='lat' dir='ltr'><strong>legibus</strong></span> <span class='ocrx_word' id='word_1_80' title='bbox 658 1238 960 1311; x_wconf 77' lang='lat' dir='ltr'><strong>impleant?</strong></span> <span class='ocrx_word' id='word_1_81' title='bbox 1007 1236 1144 1292; x_wconf 82' lang='lat' dir='ltr'><strong>Nam</strong></span> <span class='ocrx_word' id='word_1_82' title='bbox 1197 1235 1342 1290; x_wconf 88' lang='lat' dir='ltr'><strong>sicut</strong></span> <span class='ocrx_word' id='word_1_83' title='bbox 1388 1231 1630 1288; x_wconf 89' lang='lat' dir='ltr'><strong>fraterna</strong></span> <span class='ocrx_word' id='word_1_84' title='bbox 1680 1225 1813 1282; x_wconf 91' lang='lat' dir='ltr'><strong>mihi</strong></span> 
     </span>
    </p>
   </div>
   <div class='ocr_carea' id='block_1_11' title="bbox 209 1321 1814 1402">
    <p class='ocr_par' dir='ltr' id='par_1_11' title="bbox 209 1321 1814 1402">
     <span class='ocr_line' id='line_1_11' title="bbox 209 1321 1814 1402; baseline -0.008 -13"><span class='ocrx_word' id='word_1_85' title='bbox 209 1342 426 1389; x_wconf 85' lang='lat' dir='ltr'><strong>constat</strong></span> <span class='ocrx_word' id='word_1_86' title='bbox 451 1331 713 1388; x_wconf 83' lang='lat' dir='ltr'><strong>relatione</strong></span> <span class='ocrx_word' id='word_1_87' title='bbox 740 1330 1037 1402; x_wconf 88' lang='lat' dir='ltr'><strong>vulgatum,</strong></span> <span class='ocrx_word' id='word_1_88' title='bbox 1064 1326 1254 1382; x_wconf 83' lang='lat' dir='ltr'><strong>Veneti</strong></span> <span class='ocrx_word' id='word_1_89' title='bbox 1284 1325 1506 1396; x_wconf 87' lang='lat' dir='ltr'><strong>quidam</strong></span> <span class='ocrx_word' id='word_1_90' title='bbox 1538 1321 1814 1377; x_wconf 90' lang='lat' dir='ltr'><strong>institores</strong></span> 
     </span>
    </p>
   </div>
   <div class='ocr_carea' id='block_1_12' title="bbox 211 1416 1814 1488">
    <p class='ocr_par' dir='ltr' id='par_1_12' title="bbox 211 1416 1814 1488">
     <span class='ocr_line' id='line_1_12' title="bbox 211 1416 1814 1488; baseline -0.006 -10"><span class='ocrx_word' id='word_1_91' title='bbox 211 1422 422 1478; x_wconf 87' lang='lat' dir='ltr'><strong>marina</strong></span> <span class='ocrx_word' id='word_1_92' title='bbox 447 1421 764 1478; x_wconf 85' lang='lat' dir='ltr'><strong>discrimina</strong></span> <span class='ocrx_word' id='word_1_93' title='bbox 787 1419 1000 1488; x_wconf 75' lang='lat' dir='ltr'><strong>remigii</strong></span> <span class='ocrx_word' id='word_1_94' title='bbox 1026 1417 1214 1473; x_wconf 87' lang='lat' dir='ltr'><strong>labore</strong></span> <span class='ocrx_word' id='word_1_95' title='bbox 1235 1416 1555 1471; x_wconf 88' lang='lat' dir='ltr'><strong>sulcabant:</strong></span> <span class='ocrx_word' id='word_1_96' title='bbox 1582 1429 1814 1484; x_wconf 91' lang='lat' dir='ltr'><strong>cumque</strong></span> 
     </span>
    </p>
   </div>
   <div class='ocr_carea' id='block_1_13' title="bbox 214 1505 1812 1583">
    <p class='ocr_par' dir='ltr' id='par_1_13' title="bbox 214 1505 1812 1583">
     <span class='ocr_line' id='line_1_13' title="bbox 214 1505 1812 1583; baseline -0.005 -17"><span class='ocrx_word' id='word_1_97' title='bbox 214 1511 621 1583; x_wconf 84' lang='lat' dir='ltr'><strong>applicuissent,</strong></span> <span class='ocrx_word' id='word_1_98' title='bbox 663 1508 1074 1566; x_wconf 88' lang='lat' dir='ltr'><strong>formidolosum</strong></span> <span class='ocrx_word' id='word_1_99' title='bbox 1123 1506 1559 1579; x_wconf 90' lang='lat' dir='ltr'><strong>stnpendumque</strong></span> <span class='ocrx_word' id='word_1_100' title='bbox 1589 1505 1812 1574; x_wconf 85' lang='lat' dir='ltr'><strong>conspi-</strong></span> 
     </span>
    </p>
   </div>
   <div class='ocr_carea' id='block_1_14' title="bbox 214 1599 1814 1674">
    <p class='ocr_par' dir='ltr' id='par_1_14' title="bbox 214 1599 1814 1674">
     <span class='ocr_line' id='line_1_14' title="bbox 214 1599 1814 1674; baseline -0.006 -14"><span class='ocrx_word' id='word_1_101' title='bbox 214 1605 364 1660; x_wconf 89' lang='lat' dir='ltr'><strong>ciunt</strong></span> <span class='ocrx_word' id='word_1_102' title='bbox 405 1619 511 1660; x_wconf 90' lang='lat' dir='ltr'><strong>non</strong></span> <span class='ocrx_word' id='word_1_103' title='bbox 542 1603 730 1674; x_wconf 91' lang='lat' dir='ltr'><strong>procul</strong></span> <span class='ocrx_word' id='word_1_104' title='bbox 773 1601 842 1658; x_wconf 91' lang='lat' dir='ltr'><strong>ab</strong></span> <span class='ocrx_word' id='word_1_105' title='bbox 887 1601 1004 1671; x_wconf 88' lang='lat' dir='ltr'><strong>ipsa</strong></span> <span class='ocrx_word' id='word_1_106' title='bbox 1047 1600 1280 1656; x_wconf 72' lang='lat' dir='ltr'><strong>littoreaa</strong></span> <span class='ocrx_word' id='word_1_107' title='bbox 1320 1599 1618 1670; x_wconf 89' lang='lat' dir='ltr'><strong>crepidinis</strong></span> <span class='ocrx_word' id='word_1_108' title='bbox 1646 1613 1814 1652; x_wconf 89' lang='lat' dir='ltr'><strong>arena</strong></span> 
     </span>
    </p>
   </div>
   <div class='ocr_carea' id='block_1_15' title="bbox 211 1690 1813 1766">
    <p class='ocr_par' dir='ltr' id='par_1_15' title="bbox 211 1690 1813 1766">
     <span class='ocr_line' id='line_1_15' title="bbox 211 1690 1813 1766; baseline -0.006 -18"><span class='ocrx_word' id='word_1_109' title='bbox 211 1705 557 1766; x_wconf 89' lang='lat' dir='ltr'><strong>portentum;</strong></span> <span class='ocrx_word' id='word_1_110' title='bbox 604 1695 817 1750; x_wconf 90' lang='lat' dir='ltr'><strong>leonem</strong></span> <span class='ocrx_word' id='word_1_111' title='bbox 866 1692 1076 1747; x_wconf 86' lang='lat' dir='ltr'><strong>scilicet</strong></span> <span class='ocrx_word' id='word_1_112' title='bbox 1121 1690 1366 1756; x_wconf 84' lang='lat' dir='ltr'><strong>trabalis,</strong></span> <span class='ocrx_word' id='word_1_113' title='bbox 1409 1700 1469 1745; x_wconf 91' lang='lat' dir='ltr'><strong>ut</strong></span> <span class='ocrx_word' id='word_1_114' title='bbox 1506 1690 1813 1753; x_wconf 88' lang='lat' dir='ltr'><strong>videbatur,</strong></span> 
     </span>
    </p>
   </div>
   <div class='ocr_carea' id='block_1_16' title="bbox 216 1781 1818 1860">
    <p class='ocr_par' dir='ltr' id='par_1_16' title="bbox 216 1781 1818 1860">
     <span class='ocr_line' id='line_1_16' title="bbox 216 1781 1818 1860; baseline -0.004 -20"><span class='ocrx_word' id='word_1_115' title='bbox 216 1788 468 1844; x_wconf 87' lang='lat' dir='ltr'><strong>draconis</strong></span> <span class='ocrx_word' id='word_1_116' title='bbox 499 1789 663 1860; x_wconf 85' lang='lat' dir='ltr'><strong>spiris</strong></span> <span class='ocrx_word' id='word_1_117' title='bbox 690 1785 1019 1842; x_wconf 80' lang='lat' dir='ltr'><strong>obelmtibus</strong></span> <span class='ocrx_word' id='word_1_118' title='bbox 1043 1785 1366 1840; x_wconf 86' lang='lat' dir='ltr'><strong>involutum.</strong></span> <span class='ocrx_word' id='word_1_119' title='bbox 1395 1782 1642 1853; x_wconf 89' lang='lat' dir='ltr'><strong>Cumque</strong></span> <span class='ocrx_word' id='word_1_120' title='bbox 1671 1781 1818 1835; x_wconf 87' lang='lat' dir='ltr'><strong>illinc</strong></span> 
     </span>
    </p>
   </div>
   <div class='ocr_carea' id='block_1_17' title="bbox 1920 573 3528 654">
    <p class='ocr_par' dir='ltr' id='par_1_17' title="bbox 1920 573 3528 654">
     <span class='ocr_line' id='line_1_17' title="bbox 1920 573 3528 654; baseline -0.007 -18"><span class='ocrx_word' id='word_1_121' title='bbox 1920 581 2080 654; x_wconf 76' lang='lat'><strong>190</strong></span> <span class='ocrx_word' id='word_1_122' title='bbox 2122 595 2220 635; x_wconf 87' lang='lat' dir='ltr'><strong>vos</strong></span> <span class='ocrx_word' id='word_1_123' title='bbox 2253 578 2492 649; x_wconf 85' lang='lat' dir='ltr'><strong>peccatis</strong></span> <span class='ocrx_word' id='word_1_124' title='bbox 2532 577 2804 639; x_wconf 87' lang='lat' dir='ltr'><strong>absolvat,</strong></span> <span class='ocrx_word' id='word_1_125' title='bbox 2849 585 2904 630; x_wconf 92' lang='lat' dir='ltr'><strong>et</strong></span> <span class='ocrx_word' id='word_1_126' title='bbox 2952 573 3255 628; x_wconf 83' lang='lat' dir='ltr'><strong>electorum</strong></span> <span class='ocrx_word' id='word_1_127' title='bbox 3304 588 3528 629; x_wconf 85' lang='lat' dir='ltr'><strong>suorum</strong></span> 
     </span>
    </p>
   </div>
   <div class='ocr_carea' id='block_1_18' title="bbox 1915 664 3530 740">
    <p class='ocr_par' dir='ltr' id='par_1_18' title="bbox 1915 664 3530 740">
     <span class='ocr_line' id='line_1_18' title="bbox 1915 664 3530 740; baseline -0.006 -10"><span class='ocrx_word' id='word_1_128' title='bbox 1915 687 2098 730; x_wconf 87' lang='lat' dir='ltr'><strong>secum</strong></span> <span class='ocrx_word' id='word_1_129' title='bbox 2127 673 2247 728; x_wconf 90' lang='lat' dir='ltr'><strong>sine</strong></span> <span class='ocrx_word' id='word_1_130' title='bbox 2283 670 2389 725; x_wconf 86' lang='lat' dir='ltr'><strong>fine</strong></span> <span class='ocrx_word' id='word_1_131' title='bbox 2415 669 2760 740; x_wconf 90' lang='lat' dir='ltr'><strong>regnantium</strong></span> <span class='ocrx_word' id='word_1_132' title='bbox 2794 667 3047 723; x_wconf 90' lang='lat' dir='ltr'><strong>coneives</strong></span> <span class='ocrx_word' id='word_1_133' title='bbox 3081 664 3300 721; x_wconf 87' lang='lat' dir='ltr'><strong>efficiat.</strong></span> <span class='ocrx_word' id='word_1_134' title='bbox 3329 666 3530 721; x_wconf 82' lang='lat' dir='ltr'><strong>Amen.</strong></span> 
     </span>
    </p>
   </div>
   <div class='ocr_carea' id='block_1_19' title="bbox 1915 755 3532 831">
    <p class='ocr_par' dir='ltr' id='par_1_19' title="bbox 1915 755 3532 831">
     <span class='ocr_line' id='line_1_19' title="bbox 1915 755 3532 831; baseline -0.006 -11"><span class='ocrx_word' id='word_1_135' title='bbox 1915 764 2231 820; x_wconf 88' lang='lat' dir='ltr'><strong>Benedictio</strong></span> <span class='ocrx_word' id='word_1_136' title='bbox 2261 763 2355 818; x_wconf 89' lang='lat' dir='ltr'><strong>Dei</strong></span> <span class='ocrx_word' id='word_1_137' title='bbox 2383 760 2562 817; x_wconf 84' lang='lat' dir='ltr'><strong>Patris</strong></span> <span class='ocrx_word' id='word_1_138' title='bbox 2584 759 2996 831; x_wconf 87' lang='lat' dir='ltr'><strong>omnipotentis,</strong></span> <span class='ocrx_word' id='word_1_139' title='bbox 3023 767 3080 813; x_wconf 88' lang='lat' dir='ltr'><strong>et</strong></span> <span class='ocrx_word' id='word_1_140' title='bbox 3101 755 3246 825; x_wconf 87' lang='lat' dir='ltr'><strong>Filii,</strong></span> <span class='ocrx_word' id='word_1_141' title='bbox 3276 767 3332 812; x_wconf 89' lang='lat' dir='ltr'><strong>et</strong></span> <span class='ocrx_word' id='word_1_142' title='bbox 3357 757 3532 829; x_wconf 84' lang='lat' dir='ltr'><strong>Spiri-</strong></span> 
     </span>
    </p>
   </div>
   <div class='ocr_carea' id='block_1_20' title="bbox 1918 848 3456 921">
    <p class='ocr_par' dir='ltr' id='par_1_20' title="bbox 1918 848 3456 921">
     <span class='ocr_line' id='line_1_20' title="bbox 1918 848 3456 921; baseline -0.005 -10"><span class='ocrx_word' id='word_1_143' title='bbox 1918 864 2004 912; x_wconf 91' lang='lat' dir='ltr'><strong>tus</strong></span> <span class='ocrx_word' id='word_1_144' title='bbox 2031 856 2205 912; x_wconf 87' lang='lat' dir='ltr'><strong>sancti</strong></span> <span class='ocrx_word' id='word_1_145' title='bbox 2237 853 2555 916; x_wconf 84' lang='lat' dir='ltr'><strong>descendat,</strong></span> <span class='ocrx_word' id='word_1_146' title='bbox 2587 861 2645 907; x_wconf 92' lang='lat' dir='ltr'><strong>et</strong></span> <span class='ocrx_word' id='word_1_147' title='bbox 2673 859 2893 906; x_wconf 89' lang='lat' dir='ltr'><strong>maneat</strong></span> <span class='ocrx_word' id='word_1_148' title='bbox 2920 863 3085 921; x_wconf 87' lang='lat' dir='ltr'><strong>super</strong></span> <span class='ocrx_word' id='word_1_149' title='bbox 3111 862 3230 905; x_wconf 89' lang='lat' dir='ltr'><strong>vos.</strong></span> <span class='ocrx_word' id='word_1_150' title='bbox 3263 848 3456 904; x_wconf 82' lang='lat' dir='ltr'><strong>Amen.</strong></span> 
     </span>
    </p>
   </div>
   <div class='ocr_carea' id='block_1_21' title="bbox 2488 959 2957 1017">
    <p class='ocr_par' dir='ltr' id='par_1_21' title="bbox 2488 959 2957 1017">
     <span class='ocr_line' id='line_1_21' title="bbox 2488 959 2957 1017; baseline -0.009 0"><span class='ocrx_word' id='word_1_151' title='bbox 2488 960 2828 1017; x_wconf 67' lang='lat' dir='ltr'><strong>EPISTOLA</strong></span> <span class='ocrx_word' id='word_1_152' title='bbox 2871 959 2957 1014; x_wconf 79' lang='lat' dir='ltr'><strong>VI.</strong></span> 
     </span>
    </p>
   </div>
   <div class='ocr_carea' id='block_1_22' title="bbox 2149 1068 3288 1111">
    <p class='ocr_par' dir='ltr' id='par_1_22' title="bbox 2149 1068 3288 1111">
     <span class='ocr_line' id='line_1_22' title="bbox 2149 1068 3288 1111; baseline -0.004 -1"><span class='ocrx_word' id='word_1_153' title='bbox 2149 1071 2220 1110; x_wconf 79' lang='grc' dir='ltr'><strong>ΔΙ)</strong></span> <span class='ocrx_word' id='word_1_154' title='bbox 2258 1069 2540 1111; x_wconf 66' lang='grc' dir='ltr'><strong>Ιοκλοηοε</strong></span> <span class='ocrx_word' id='word_1_155' title='bbox 2575 1069 2904 1110; x_wconf 68' lang='grc' dir='ltr'><strong>κοκιδετειιη</strong></span> <span class='ocrx_word' id='word_1_156' title='bbox 2946 1068 3288 1108; x_wconf 70' lang='lat' dir='ltr'><strong>POIPUbIANI.</strong></span> 
     </span>
    </p>
   </div>
   <div class='ocr_carea' id='block_1_23' title="bbox 1916 1143 3534 1216">
    <p class='ocr_par' dir='ltr' id='par_1_23' title="bbox 1916 1143 3534 1216">
     <span class='ocr_line' id='line_1_23' title="bbox 1916 1143 3534 1216; baseline -0.004 -14"><span class='ocrx_word' id='word_1_157' title='bbox 1916 1147 2397 1203; x_wconf 70' lang='lat' dir='ltr'><strong>Aaconuruu.—</strong></span> <span class='ocrx_word' id='word_1_158' title='bbox 2411 1144 2760 1216; x_wconf 90' lang='lat' dir='ltr'><strong>Pomposiani</strong></span> <span class='ocrx_word' id='word_1_159' title='bbox 2782 1144 3100 1198; x_wconf 86' lang='lat' dir='ltr'><strong>monasterii</strong></span> <span class='ocrx_word' id='word_1_160' title='bbox 3124 1143 3411 1198; x_wconf 85' lang='lat' dir='ltr'><strong>monachis</strong></span> <span class='ocrx_word' id='word_1_161' title='bbox 3441 1159 3534 1197; x_wconf 79' lang='lat' dir='ltr'><strong>ne-</strong></span> 
     </span>
    </p>
   </div>
   <div class='ocr_carea' id='block_1_24' title="bbox 1988 1215 3533 1287">
    <p class='ocr_par' dir='ltr' id='par_1_24' title="bbox 1988 1215 3533 1287">
     <span class='ocr_line' id='line_1_24' title="bbox 1988 1215 3533 1287; baseline -0.005 -13"><span class='ocrx_word' id='word_1_162' title='bbox 1988 1219 2106 1274; x_wconf 88' lang='lat' dir='ltr'><strong>scio</strong></span> <span class='ocrx_word' id='word_1_163' title='bbox 2155 1217 2298 1287; x_wconf 90' lang='lat' dir='ltr'><strong>quod</strong></span> <span class='ocrx_word' id='word_1_164' title='bbox 2329 1231 2529 1287; x_wconf 87' lang='lat' dir='ltr'><strong>munus</strong></span> <span class='ocrx_word' id='word_1_165' title='bbox 2552 1215 2758 1275; x_wconf 32' lang='lat' dir='ltr'><strong>’mittit.</strong></span> <span class='ocrx_word' id='word_1_166' title='bbox 2785 1231 3053 1284; x_wconf 82' lang='lat' dir='ltr'><strong>suamque</strong></span> <span class='ocrx_word' id='word_1_167' title='bbox 3083 1231 3213 1284; x_wconf 79' lang='lat' dir='ltr'><strong>erga</strong></span> <span class='ocrx_word' id='word_1_168' title='bbox 3238 1230 3335 1271; x_wconf 90' lang='lat' dir='ltr'><strong>eos</strong></span> <span class='ocrx_word' id='word_1_169' title='bbox 3369 1215 3533 1269; x_wconf 87' lang='lat' dir='ltr'><strong>bene-</strong></span> 
     </span>
    </p>
   </div>
   <div class='ocr_carea' id='block_1_25' title="bbox 1995 1286 3536 1349">
    <p class='ocr_par' dir='ltr' id='par_1_25' title="bbox 1995 1286 3536 1349">
     <span class='ocr_line' id='line_1_25' title="bbox 1995 1286 3536 1349; baseline -0.003 -7"><span class='ocrx_word' id='word_1_170' title='bbox 1995 1286 2289 1344; x_wconf 87' lang='lat' dir='ltr'><strong>volentiam</strong></span> <span class='ocrx_word' id='word_1_171' title='bbox 2330 1286 2612 1342; x_wconf 88' lang='lat' dir='ltr'><strong>declarat:</strong></span> <span class='ocrx_word' id='word_1_172' title='bbox 2653 1287 2875 1341; x_wconf 87' lang='lat' dir='ltr'><strong>eosdem</strong></span> <span class='ocrx_word' id='word_1_173' title='bbox 2932 1288 3097 1341; x_wconf 82' lang='lat' dir='ltr'><strong>etiam</strong></span> <span class='ocrx_word' id='word_1_174' title='bbox 3143 1287 3423 1349; x_wconf 85' lang='lat' dir='ltr'><strong>obsecrat,</strong></span> <span class='ocrx_word' id='word_1_175' title='bbox 3477 1294 3536 1340; x_wconf 92' lang='lat' dir='ltr'><strong>ut</strong></span> 
     </span>
    </p>
   </div>
   <div class='ocr_carea' id='block_1_26' title="bbox 1991 1353 3534 1426">
    <p class='ocr_par' dir='ltr' id='par_1_26' title="bbox 1991 1353 3534 1426">
     <span class='ocr_line' id='line_1_26' title="bbox 1991 1353 3534 1426; baseline -0.003 -12"><span class='ocrx_word' id='word_1_176' title='bbox 1991 1360 2072 1414; x_wconf 90' lang='lat' dir='ltr'><strong>sui</strong></span> <span class='ocrx_word' id='word_1_177' title='bbox 2100 1358 2421 1413; x_wconf 85' lang='lat' dir='ltr'><strong>memoriam</strong></span> <span class='ocrx_word' id='word_1_178' title='bbox 2444 1366 2570 1426; x_wconf 92' lang='lat' dir='ltr'><strong>post</strong></span> <span class='ocrx_word' id='word_1_179' title='bbox 2600 1367 2832 1411; x_wconf 87' lang='lat' dir='ltr'><strong>mortem</strong></span> <span class='ocrx_word' id='word_1_180' title='bbox 2860 1353 3084 1421; x_wconf 76' lang='lat' dir='ltr'><strong>faciant,</strong></span> <span class='ocrx_word' id='word_1_181' title='bbox 3115 1371 3308 1424; x_wconf 90' lang='lat' dir='ltr'><strong>preces</strong></span> <span class='ocrx_word' id='word_1_182' title='bbox 3338 1370 3439 1426; x_wconf 89' lang='lat' dir='ltr'><strong>pro</strong></span> <span class='ocrx_word' id='word_1_183' title='bbox 3465 1370 3534 1410; x_wconf 89' lang='lat' dir='ltr'><strong>eo</strong></span> 
     </span>
    </p>
   </div>
   <div class='ocr_carea' id='block_1_27' title="bbox 1991 1427 3534 1498">
    <p class='ocr_par' dir='ltr' id='par_1_27' title="bbox 1991 1427 3534 1498">
     <span class='ocr_line' id='line_1_27' title="bbox 1991 1427 3534 1498; baseline -0.003 -14"><span class='ocrx_word' id='word_1_184' title='bbox 1991 1429 2308 1493; x_wconf 87' lang='lat' dir='ltr'><strong>fundentes,</strong></span> <span class='ocrx_word' id='word_1_185' title='bbox 2339 1427 2482 1483; x_wconf 89' lang='lat' dir='ltr'><strong>sicut</strong></span> <span class='ocrx_word' id='word_1_186' title='bbox 2521 1442 2623 1498; x_wconf 90' lang='lat' dir='ltr'><strong>pro</strong></span> <span class='ocrx_word' id='word_1_187' title='bbox 2655 1428 2772 1482; x_wconf 89' lang='lat' dir='ltr'><strong>suis</strong></span> <span class='ocrx_word' id='word_1_188' title='bbox 2800 1427 3087 1482; x_wconf 87' lang='lat' dir='ltr'><strong>monachis</strong></span> <span class='ocrx_word' id='word_1_189' title='bbox 3113 1433 3534 1482; x_wconf 81' lang='lat' dir='ltr'><strong>consueverant.</strong></span> 
     </span>
    </p>
   </div>
   <div class='ocr_carea' id='block_1_28' title="bbox 1991 1516 3539 1592">
    <p class='ocr_par' dir='ltr' id='par_1_28' title="bbox 1991 1516 3539 1592">
     <span class='ocr_line' id='line_1_28' title="bbox 1991 1516 3539 1592; baseline -0.002 -17"><span class='ocrx_word' id='word_1_190' title='bbox 1991 1519 2440 1592; x_wconf 79' lang='lat' dir='ltr'><strong>Religiosissimis</strong></span> <span class='ocrx_word' id='word_1_191' title='bbox 2465 1528 2520 1576; x_wconf 90' lang='lat' dir='ltr'><strong>et</strong></span> <span class='ocrx_word' id='word_1_192' title='bbox 2543 1519 2748 1574; x_wconf 86' lang='lat' dir='ltr'><strong>sanctis</strong></span> <span class='ocrx_word' id='word_1_193' title='bbox 2773 1519 2910 1574; x_wconf 90' lang='lat' dir='ltr'><strong>viris</strong></span> <span class='ocrx_word' id='word_1_194' title='bbox 2940 1518 3219 1583; x_wconf 91' lang='lat' dir='ltr'><strong>omnibus,</strong></span> <span class='ocrx_word' id='word_1_195' title='bbox 3249 1517 3343 1588; x_wconf 92' lang='lat' dir='ltr'><strong>qui</strong></span> <span class='ocrx_word' id='word_1_196' title='bbox 3377 1516 3539 1572; x_wconf 79' lang='lat' dir='ltr'><strong>Pom—</strong></span> 
     </span>
    </p>
   </div>
   <div class='ocr_carea' id='block_1_29' title="bbox 1919 1606 3539 1681">
    <p class='ocr_par' dir='ltr' id='par_1_29' title="bbox 1919 1606 3539 1681">
     <span class='ocr_line' id='line_1_29' title="bbox 1919 1606 3539 1681; baseline -0.001 -17"><span class='ocrx_word' id='word_1_197' title='bbox 1919 1611 2087 1681; x_wconf 68' lang='lat' dir='ltr'><strong>pos-ia:</strong></span> <span class='ocrx_word' id='word_1_198' title='bbox 2112 1610 2223 1666; x_wconf 87' lang='lat' dir='ltr'><strong>Deo</strong></span> <span class='ocrx_word' id='word_1_199' title='bbox 2247 1609 2585 1672; x_wconf 88' lang='lat' dir='ltr'><strong>deserviunt,</strong></span> <span class='ocrx_word' id='word_1_200' title='bbox 2617 1606 2835 1663; x_wconf 78' lang='lat' dir='ltr'><strong>Psraus</strong></span> <span class='ocrx_word' id='word_1_201' title='bbox 2863 1608 3232 1663; x_wconf 71' lang='lat' dir='ltr'><strong>devotissimae</strong></span> <span class='ocrx_word' id='word_1_202' title='bbox 3260 1606 3539 1662; x_wconf 76' lang='lat' dir='ltr'><strong>servitutis</strong></span> 
     </span>
    </p>
   </div>
   <div class='ocr_carea' id='block_1_30' title="bbox 1920 1700 2268 1770">
    <p class='ocr_par' dir='ltr' id='par_1_30' title="bbox 1920 1700 2268 1770">
     <span class='ocr_line' id='line_1_30' title="bbox 1920 1700 2268 1770; baseline -0.011 -15"><span class='ocrx_word' id='word_1_203' title='bbox 1920 1700 2268 1770; x_wconf 82' lang='lat' dir='ltr'><strong>obsequium.</strong></span> 
     </span>
    </p>
   </div>
   <div class='ocr_carea' id='block_1_31' title="bbox 1997 1785 3538 1860">
    <p class='ocr_par' dir='ltr' id='par_1_31' title="bbox 1997 1785 3538 1860">
     <span class='ocr_line' id='line_1_31' title="bbox 1997 1785 3538 1860; baseline -0.003 -14"><span class='ocrx_word' id='word_1_204' title='bbox 1997 1791 2348 1846; x_wconf 86' lang='lat' dir='ltr'><strong>Dilectissimi</strong></span> <span class='ocrx_word' id='word_1_205' title='bbox 2391 1789 2582 1845; x_wconf 86' lang='lat' dir='ltr'><strong>Patres</strong></span> <span class='ocrx_word' id='word_1_206' title='bbox 2617 1799 2671 1844; x_wconf 90' lang='lat' dir='ltr'><strong>et</strong></span> <span class='ocrx_word' id='word_1_207' title='bbox 2699 1789 2928 1855; x_wconf 90' lang='lat' dir='ltr'><strong>domini,</strong></span> <span class='ocrx_word' id='word_1_208' title='bbox 2952 1785 3192 1860; x_wconf 80' lang='lat' dir='ltr'><strong>qualiter</strong></span> <span class='ocrx_word' id='word_1_209' title='bbox 3235 1803 3333 1843; x_wconf 91' lang='lat' dir='ltr'><strong>cor</strong></span> <span class='ocrx_word' id='word_1_210' title='bbox 3356 1803 3538 1843; x_wconf 89' lang='lat' dir='ltr'><strong>meum</strong></span> 
     </span>
    </p>
   </div>
   <div class='ocr_carea' id='block_1_32' title="bbox 213 1863 3538 1951">
    <p class='ocr_par' dir='ltr' id='par_1_32' title="bbox 213 1863 3538 1951">
     <span class='ocr_line' id='line_1_32' title="bbox 213 1863 3538 1951; baseline -0.001 -17"><span class='ocrx_word' id='word_1_211' title='bbox 213 1880 380 1936; x_wconf 86' lang='lat' dir='ltr'><strong>draco</strong></span> <span class='ocrx_word' id='word_1_212' title='bbox 409 1888 626 1951; x_wconf 89' lang='lat' dir='ltr'><strong>captum</strong></span> <span class='ocrx_word' id='word_1_213' title='bbox 674 1879 742 1933; x_wconf 90' lang='lat' dir='ltr'><strong>ad</strong></span> <span class='ocrx_word' id='word_1_214' title='bbox 774 1879 1090 1949; x_wconf 87' lang='lat' dir='ltr'><strong>speluncam</strong></span> <span class='ocrx_word' id='word_1_215' title='bbox 1129 1892 1284 1933; x_wconf 90' lang='lat' dir='ltr'><strong>suam</strong></span> <span class='ocrx_word' id='word_1_216' title='bbox 1329 1876 1597 1932; x_wconf 85' lang='lat' dir='ltr'><strong>violenter</strong></span> <span class='ocrx_word' id='word_1_217' title='bbox 1644 1883 1818 1928; x_wconf 88' lang='lat' dir='ltr'><strong>attra-</strong></span> <span class='ocrx_word' id='word_1_218' title='bbox 1854 1863 1895 1920; x_wconf 72' lang='grc' dir='ltr'><strong>Β</strong></span> <span class='ocrx_word' id='word_1_219' title='bbox 1929 1892 2125 1938; x_wconf 77' lang='lat' dir='ltr'><strong>vestra:</strong></span> <span class='ocrx_word' id='word_1_220' title='bbox 2192 1881 2481 1937; x_wconf 88' lang='lat' dir='ltr'><strong>charitatis</strong></span> <span class='ocrx_word' id='word_1_221' title='bbox 2544 1881 2798 1935; x_wconf 85' lang='lat' dir='ltr'><strong>inccndio</strong></span> <span class='ocrx_word' id='word_1_222' title='bbox 2854 1878 3097 1944; x_wconf 78' lang='lat' dir='ltr'><strong>ferveat,</strong></span> <span class='ocrx_word' id='word_1_223' title='bbox 3150 1879 3350 1949; x_wconf 89' lang='lat' dir='ltr'><strong>quibus</strong></span> <span class='ocrx_word' id='word_1_224' title='bbox 3391 1877 3538 1934; x_wconf 77' lang='lat' dir='ltr'><strong>circa</strong></span> 
     </span>
    </p>
   </div>
   <div class='ocr_carea' id='block_1_33' title="bbox 217 1968 1817 2041">
    <p class='ocr_par' dir='ltr' id='par_1_33' title="bbox 217 1968 1817 2041">
     <span class='ocr_line' id='line_1_33' title="bbox 217 1968 1817 2041; baseline -0.004 -13"><span class='ocrx_word' id='word_1_225' title='bbox 217 1975 392 2040; x_wconf 88' lang='lat' dir='ltr'><strong>heret,</strong></span> <span class='ocrx_word' id='word_1_226' title='bbox 418 1974 547 2030; x_wconf 89' lang='lat' dir='ltr'><strong>hinc</strong></span> <span class='ocrx_word' id='word_1_227' title='bbox 576 1971 904 2028; x_wconf 87' lang='lat' dir='ltr'><strong>miserabilis</strong></span> <span class='ocrx_word' id='word_1_228' title='bbox 949 1972 1054 2035; x_wconf 91' lang='lat' dir='ltr'><strong>leo,</strong></span> <span class='ocrx_word' id='word_1_229' title='bbox 1091 1969 1289 2041; x_wconf 92' lang='lat' dir='ltr'><strong>quibus</strong></span> <span class='ocrx_word' id='word_1_230' title='bbox 1327 1968 1540 2023; x_wconf 87' lang='lat' dir='ltr'><strong>valebat</strong></span> <span class='ocrx_word' id='word_1_231' title='bbox 1586 1968 1817 2032; x_wconf 88' lang='lat' dir='ltr'><strong>nisibus,</strong></span> 
     </span>
    </p>
   </div>
   <div class='ocr_carea' id='block_1_34' title="bbox 217 2059 1820 2132">
    <p class='ocr_par' dir='ltr' id='par_1_34' title="bbox 217 2059 1820 2132">
     <span class='ocr_line' id='line_1_34' title="bbox 217 2059 1820 2132; baseline -0.006 -11"><span class='ocrx_word' id='word_1_232' title='bbox 217 2065 538 2131; x_wconf 85' lang='lat' dir='ltr'><strong>relnctaret;</strong></span> <span class='ocrx_word' id='word_1_233' title='bbox 570 2063 788 2118; x_wconf 87' lang='lat' dir='ltr'><strong>tandem</strong></span> <span class='ocrx_word' id='word_1_234' title='bbox 815 2077 924 2130; x_wconf 90' lang='lat' dir='ltr'><strong>quo</strong></span> <span class='ocrx_word' id='word_1_235' title='bbox 950 2062 1034 2117; x_wconf 89' lang='lat' dir='ltr'><strong>leo</strong></span> <span class='ocrx_word' id='word_1_236' title='bbox 1063 2061 1228 2132; x_wconf 68' lang='lat' dir='ltr'><strong>cmpit</strong></span> <span class='ocrx_word' id='word_1_237' title='bbox 1263 2060 1549 2130; x_wconf 89' lang='lat' dir='ltr'><strong>desperata</strong></span> <span class='ocrx_word' id='word_1_238' title='bbox 1587 2059 1820 2114; x_wconf 84' lang='lat' dir='ltr'><strong>relucta-</strong></span> 
     </span>
    </p>
   </div>
   <div class='ocr_carea' id='block_1_35' title="bbox 219 2151 1822 2225">
    <p class='ocr_par' dir='ltr' id='par_1_35' title="bbox 219 2151 1822 2225">
     <span class='ocr_line' id='line_1_35' title="bbox 219 2151 1822 2225; baseline -0.002 -16"><span class='ocrx_word' id='word_1_239' title='bbox 219 2157 366 2212; x_wconf 91' lang='lat' dir='ltr'><strong>tione</strong></span> <span class='ocrx_word' id='word_1_240' title='bbox 409 2156 662 2222; x_wconf 83' lang='lat' dir='ltr'><strong>deficere,</strong></span> <span class='ocrx_word' id='word_1_241' title='bbox 712 2163 867 2209; x_wconf 90' lang='lat' dir='ltr'><strong>tanto</strong></span> <span class='ocrx_word' id='word_1_242' title='bbox 917 2153 1091 2225; x_wconf 87' lang='lat' dir='ltr'><strong>magis</strong></span> <span class='ocrx_word' id='word_1_243' title='bbox 1140 2154 1303 2208; x_wconf 86' lang='lat' dir='ltr'><strong>draco</strong></span> <span class='ocrx_word' id='word_1_244' title='bbox 1351 2151 1822 2207; x_wconf 82' lang='lat' dir='ltr'><strong>inextricabilibus</strong></span> 
     </span>
    </p>
   </div>
   <div class='ocr_carea' id='block_1_36' title="bbox 220 2240 1817 2302">
    <p class='ocr_par' dir='ltr' id='par_1_36' title="bbox 220 2240 1817 2302">
     <span class='ocr_line' id='line_1_36' title="bbox 220 2240 1817 2302; baseline -0.004 0"><span class='ocrx_word' id='word_1_245' title='bbox 220 2261 346 2302; x_wconf 92' lang='lat' dir='ltr'><strong>eum</strong></span> <span class='ocrx_word' id='word_1_246' title='bbox 375 2247 530 2302; x_wconf 89' lang='lat' dir='ltr'><strong>nodis</strong></span> <span class='ocrx_word' id='word_1_247' title='bbox 555 2246 840 2300; x_wconf 90' lang='lat' dir='ltr'><strong>innectens</strong></span> <span class='ocrx_word' id='word_1_248' title='bbox 861 2245 1209 2300; x_wconf 89' lang='lat' dir='ltr'><strong>auimabatur</strong></span> <span class='ocrx_word' id='word_1_249' title='bbox 1232 2243 1518 2299; x_wconf 90' lang='lat' dir='ltr'><strong>victoriam</strong></span> <span class='ocrx_word' id='word_1_250' title='bbox 1545 2240 1817 2297; x_wconf 89' lang='lat' dir='ltr'><strong>obtinere.</strong></span> 
     </span>
    </p>
   </div>
   <div class='ocr_carea' id='block_1_37' title="bbox 219 2333 1824 2408">
    <p class='ocr_par' dir='ltr' id='par_1_37' title="bbox 219 2333 1824 2408">
     <span class='ocr_line' id='line_1_37' title="bbox 219 2333 1824 2408; baseline -0.002 -16"><span class='ocrx_word' id='word_1_251' title='bbox 219 2339 328 2396; x_wconf 89' lang='lat' dir='ltr'><strong>Sed</strong></span> <span class='ocrx_word' id='word_1_252' title='bbox 371 2339 672 2405; x_wconf 87' lang='lat' dir='ltr'><strong>Pandoces,</strong></span> <span class='ocrx_word' id='word_1_253' title='bbox 711 2339 803 2407; x_wconf 89' lang='lat' dir='ltr'><strong>qui</strong></span> <span class='ocrx_word' id='word_1_254' title='bbox 852 2345 1073 2408; x_wconf 88' lang='lat' dir='ltr'><strong>repente</strong></span> <span class='ocrx_word' id='word_1_255' title='bbox 1116 2336 1244 2391; x_wconf 90' lang='lat' dir='ltr'><strong>huic</strong></span> <span class='ocrx_word' id='word_1_256' title='bbox 1280 2333 1593 2405; x_wconf 88' lang='lat' dir='ltr'><strong>spectaculo</strong></span> <span class='ocrx_word' id='word_1_257' title='bbox 1632 2346 1824 2404; x_wconf 86' lang='lat' dir='ltr'><strong>super-</strong></span> 
     </span>
    </p>
   </div>
   <div class='ocr_carea' id='block_1_38' title="bbox 221 2426 1826 2497">
    <p class='ocr_par' dir='ltr' id='par_1_38' title="bbox 221 2426 1826 2497">
     <span class='ocr_line' id='line_1_38' title="bbox 221 2426 1826 2497; baseline -0.004 -12"><span class='ocrx_word' id='word_1_258' title='bbox 221 2440 506 2497; x_wconf 73' lang='lat' dir='ltr'><strong>venerant,</strong></span> <span class='ocrx_word' id='word_1_259' title='bbox 534 2431 858 2486; x_wconf 88' lang='lat' dir='ltr'><strong>miserantes</strong></span> <span class='ocrx_word' id='word_1_260' title='bbox 890 2427 1159 2484; x_wconf 78' lang='lat' dir='ltr'><strong>infelicem</strong></span> <span class='ocrx_word' id='word_1_261' title='bbox 1189 2427 1361 2483; x_wconf 88' lang='lat' dir='ltr'><strong>leonis</strong></span> <span class='ocrx_word' id='word_1_262' title='bbox 1387 2426 1582 2490; x_wconf 89' lang='lat' dir='ltr'><strong>vicem,</strong></span> <span class='ocrx_word' id='word_1_263' title='bbox 1615 2427 1826 2480; x_wconf 81' lang='lat' dir='ltr'><strong>auden-</strong></span> 
     </span>
    </p>
   </div>
   <div class='ocr_carea' id='block_1_39' title="bbox 222 2516 1826 2589">
    <p class='ocr_par' dir='ltr' id='par_1_39' title="bbox 222 2516 1826 2589">
     <span class='ocr_line' id='line_1_39' title="bbox 222 2516 1826 2589; baseline -0.002 -14"><span class='ocrx_word' id='word_1_264' title='bbox 222 2530 306 2575; x_wconf 91' lang='lat' dir='ltr'><strong>ter</strong></span> <span class='ocrx_word' id='word_1_265' title='bbox 334 2535 485 2575; x_wconf 89' lang='lat' dir='ltr'><strong>arma</strong></span> <span class='ocrx_word' id='word_1_266' title='bbox 512 2519 839 2589; x_wconf 84' lang='lat' dir='ltr'><strong>corripiunt,</strong></span> <span class='ocrx_word' id='word_1_267' title='bbox 861 2518 1158 2572; x_wconf 84' lang='lat' dir='ltr'><strong>draconem</strong></span> <span class='ocrx_word' id='word_1_268' title='bbox 1182 2517 1481 2587; x_wconf 89' lang='lat' dir='ltr'><strong>perimunt,</strong></span> <span class='ocrx_word' id='word_1_269' title='bbox 1517 2516 1728 2571; x_wconf 91' lang='lat' dir='ltr'><strong>leonem</strong></span> <span class='ocrx_word' id='word_1_270' title='bbox 1759 2517 1826 2572; x_wconf 90' lang='lat' dir='ltr'><strong>de</strong></span> 
     </span>
    </p>
   </div>
   <div class='ocr_carea' id='block_1_40' title="bbox 219 2606 1823 2680">
    <p class='ocr_par' dir='ltr' id='par_1_40' title="bbox 219 2606 1823 2680">
     <span class='ocr_line' id='line_1_40' title="bbox 219 2606 1823 2680; baseline -0.001 -16"><span class='ocrx_word' id='word_1_271' title='bbox 219 2610 468 2667; x_wconf 84' lang='lat' dir='ltr'><strong>faucibus</strong></span> <span class='ocrx_word' id='word_1_272' title='bbox 511 2611 704 2666; x_wconf 87' lang='lat' dir='ltr'><strong>mortis</strong></span> <span class='ocrx_word' id='word_1_273' title='bbox 730 2620 980 2680; x_wconf 88' lang='lat' dir='ltr'><strong>ereptum</strong></span> <span class='ocrx_word' id='word_1_274' title='bbox 1011 2607 1162 2664; x_wconf 88' lang='lat' dir='ltr'><strong>abire</strong></span> <span class='ocrx_word' id='word_1_275' title='bbox 1189 2607 1530 2678; x_wconf 88' lang='lat' dir='ltr'><strong>permittunt.</strong></span> <span class='ocrx_word' id='word_1_276' title='bbox 1579 2607 1686 2662; x_wconf 90' lang='lat' dir='ltr'><strong>Sed</strong></span> <span class='ocrx_word' id='word_1_277' title='bbox 1716 2606 1823 2669; x_wconf 90' lang='lat' dir='ltr'><strong>leo.</strong></span> 
     </span>
    </p>
   </div>
   <div class='ocr_carea' id='block_1_41' title="bbox 220 2695 1822 2770">
    <p class='ocr_par' dir='ltr' id='par_1_41' title="bbox 220 2695 1822 2770">
     <span class='ocr_line' id='line_1_41' title="bbox 220 2695 1822 2770; baseline -0.004 -14"><span class='ocrx_word' id='word_1_278' title='bbox 220 2711 280 2756; x_wconf 90' lang='lat' dir='ltr'><strong>ut</strong></span> <span class='ocrx_word' id='word_1_279' title='bbox 307 2703 376 2756; x_wconf 86' lang='lat' dir='ltr'><strong>ita</strong></span> <span class='ocrx_word' id='word_1_280' title='bbox 395 2700 508 2770; x_wconf 85' lang='lat' dir='ltr'><strong>jam</strong></span> <span class='ocrx_word' id='word_1_281' title='bbox 534 2701 709 2755; x_wconf 89' lang='lat' dir='ltr'><strong>dicam</strong></span> <span class='ocrx_word' id='word_1_282' title='bbox 737 2699 1110 2755; x_wconf 87' lang='lat' dir='ltr'><strong>nobilissimus</strong></span> <span class='ocrx_word' id='word_1_283' title='bbox 1131 2697 1428 2754; x_wconf 87' lang='lat' dir='ltr'><strong>bestiarum</strong></span> <span class='ocrx_word' id='word_1_284' title='bbox 1454 2696 1636 2768; x_wconf 84' lang='lat' dir='ltr'><strong>(Prov.</strong></span> <span class='ocrx_word' id='word_1_285' title='bbox 1667 2695 1822 2768; x_wconf 77' lang='lat' dir='ltr'><strong>xxx),</strong></span> 
     </span>
    </p>
   </div>
   <div class='ocr_carea' id='block_1_42' title="bbox 221 2789 1826 2866">
    <p class='ocr_par' dir='ltr' id='par_1_42' title="bbox 221 2789 1826 2866">
     <span class='ocr_line' id='line_1_42' title="bbox 221 2789 1826 2866; baseline -0.004 -16"><span class='ocrx_word' id='word_1_286' title='bbox 221 2805 408 2866; x_wconf 87' lang='lat' dir='ltr'><strong>gratus</strong></span> <span class='ocrx_word' id='word_1_287' title='bbox 438 2796 559 2849; x_wconf 65' lang='lat' dir='ltr'><strong>vine</strong></span> <span class='ocrx_word' id='word_1_288' title='bbox 608 2809 720 2849; x_wconf 76' lang='lat' dir='ltr'><strong>suae</strong></span> <span class='ocrx_word' id='word_1_289' title='bbox 748 2792 1068 2848; x_wconf 90' lang='lat' dir='ltr'><strong>auctoribus</strong></span> <span class='ocrx_word' id='word_1_290' title='bbox 1095 2791 1328 2855; x_wconf 81' lang='lat' dir='ltr'><strong>exstitit,</strong></span> <span class='ocrx_word' id='word_1_291' title='bbox 1369 2798 1426 2846; x_wconf 89' lang='lat' dir='ltr'><strong>et</strong></span> <span class='ocrx_word' id='word_1_292' title='bbox 1471 2805 1568 2860; x_wconf 92' lang='lat' dir='ltr'><strong>per</strong></span> <span class='ocrx_word' id='word_1_293' title='bbox 1614 2789 1826 2859; x_wconf 71' lang='lat' dir='ltr'><strong>aliquos</strong></span> 
     </span>
    </p>
   </div>
   <div class='ocr_carea' id='block_1_43' title="bbox 222 2879 1828 2957">
    <p class='ocr_par' dir='ltr' id='par_1_43' title="bbox 222 2879 1828 2957">
     <span class='ocr_line' id='line_1_43' title="bbox 222 2879 1828 2957; baseline -0.004 -19"><span class='ocrx_word' id='word_1_294' title='bbox 222 2887 360 2952; x_wconf 82' lang='lat' dir='ltr'><strong>dies,</strong></span> <span class='ocrx_word' id='word_1_295' title='bbox 383 2887 580 2957; x_wconf 88' lang='lat' dir='ltr'><strong>quibus</strong></span> <span class='ocrx_word' id='word_1_296' title='bbox 612 2884 720 2939; x_wconf 91' lang='lat' dir='ltr'><strong>illic</strong></span> <span class='ocrx_word' id='word_1_297' title='bbox 749 2882 1013 2938; x_wconf 88' lang='lat' dir='ltr'><strong>remorati</strong></span> <span class='ocrx_word' id='word_1_298' title='bbox 1090 2891 1205 2946; x_wconf 79' lang='lat' dir='ltr'><strong>.mt,</strong></span> <span class='ocrx_word' id='word_1_299' title='bbox 1239 2896 1405 2936; x_wconf 90' lang='lat' dir='ltr'><strong>unam</strong></span> <span class='ocrx_word' id='word_1_300' title='bbox 1442 2879 1551 2935; x_wconf 89' lang='lat' dir='ltr'><strong>illic</strong></span> <span class='ocrx_word' id='word_1_301' title='bbox 1586 2880 1828 2949; x_wconf 87' lang='lat' dir='ltr'><strong>quotidie</strong></span> 
     </span>
    </p>
   </div>
   <div class='ocr_carea' id='block_1_44' title="bbox 224 2971 1829 3048">
    <p class='ocr_par' dir='ltr' id='par_1_44' title="bbox 224 2971 1829 3048">
     <span class='ocr_line' id='line_1_44' title="bbox 224 2971 1829 3048; baseline -0.003 -17"><span class='ocrx_word' id='word_1_302' title='bbox 224 2977 416 3048; x_wconf 89' lang='lat' dir='ltr'><strong>pellem</strong></span> <span class='ocrx_word' id='word_1_303' title='bbox 447 2976 591 3047; x_wconf 90' lang='lat' dir='ltr'><strong>capti</strong></span> <span class='ocrx_word' id='word_1_304' title='bbox 621 2991 653 3030; x_wconf 92' lang='lat' dir='ltr'><strong>a</strong></span> <span class='ocrx_word' id='word_1_305' title='bbox 700 2991 761 3031; x_wconf 90' lang='lat' dir='ltr'><strong>se</strong></span> <span class='ocrx_word' id='word_1_306' title='bbox 805 2973 1056 3029; x_wconf 87' lang='lat' dir='ltr'><strong>animalis</strong></span> <span class='ocrx_word' id='word_1_307' title='bbox 1085 2972 1323 3029; x_wconf 77' lang='lat' dir='ltr'><strong>advexit.</strong></span> <span class='ocrx_word' id='word_1_308' title='bbox 1372 2971 1512 3040; x_wconf 88' lang='lat' dir='ltr'><strong>Quid</strong></span> <span class='ocrx_word' id='word_1_309' title='bbox 1556 2986 1688 3043; x_wconf 88' lang='lat' dir='ltr'><strong>ergo</strong></span> <span class='ocrx_word' id='word_1_310' title='bbox 1728 2972 1829 3026; x_wconf 61' lang='lat' dir='ltr'><strong>mi-</strong></span> 
     </span>
    </p>
   </div>
   <div class='ocr_carea' id='block_1_45' title="bbox 230 3064 1826 3137">
    <p class='ocr_par' dir='ltr' id='par_1_45' title="bbox 230 3064 1826 3137">
     <span class='ocr_line' id='line_1_45' title="bbox 230 3064 1826 3137; baseline -0.005 -12"><span class='ocrx_word' id='word_1_311' title='bbox 230 3088 373 3137; x_wconf 88' lang='lat' dir='ltr'><strong>rum,</strong></span> <span class='ocrx_word' id='word_1_312' title='bbox 418 3071 465 3124; x_wconf 86' lang='lat' dir='ltr'><strong>si</strong></span> <span class='ocrx_word' id='word_1_313' title='bbox 496 3069 673 3126; x_wconf 88' lang='lat' dir='ltr'><strong>sancti</strong></span> <span class='ocrx_word' id='word_1_314' title='bbox 721 3068 996 3134; x_wconf 87' lang='lat' dir='ltr'><strong>homines,</strong></span> <span class='ocrx_word' id='word_1_315' title='bbox 1029 3076 1086 3122; x_wconf 91' lang='lat' dir='ltr'><strong>et</strong></span> <span class='ocrx_word' id='word_1_316' title='bbox 1128 3065 1329 3122; x_wconf 80' lang='lat' dir='ltr'><strong>divinis</strong></span> <span class='ocrx_word' id='word_1_317' title='bbox 1361 3064 1572 3137; x_wconf 85' lang='lat' dir='ltr'><strong>legibus</strong></span> <span class='ocrx_word' id='word_1_318' title='bbox 1606 3065 1826 3127; x_wconf 72' lang='lat' dir='ltr'><strong>eruditi,</strong></span> 
     </span>
    </p>
   </div>
   <div class='ocr_carea' id='block_1_46' title="bbox 224 3155 1826 3232">
    <p class='ocr_par' dir='ltr' id='par_1_46' title="bbox 224 3155 1826 3232">
     <span class='ocr_line' id='line_1_46' title="bbox 224 3155 1826 3232; baseline -0.006 -15"><span class='ocrx_word' id='word_1_319' title='bbox 224 3171 482 3232; x_wconf 89' lang='lat' dir='ltr'><strong>percepto</strong></span> <span class='ocrx_word' id='word_1_320' title='bbox 511 3161 799 3216; x_wconf 90' lang='lat' dir='ltr'><strong>charitatis</strong></span> <span class='ocrx_word' id='word_1_321' title='bbox 841 3159 1018 3216; x_wconf 84' lang='lat' dir='ltr'><strong>oflieio</strong></span> <span class='ocrx_word' id='word_1_322' title='bbox 1062 3167 1219 3229; x_wconf 84' lang='lat' dir='ltr'><strong>grata</strong></span> <span class='ocrx_word' id='word_1_323' title='bbox 1264 3155 1384 3212; x_wconf 92' lang='lat' dir='ltr'><strong>vice</strong></span> <span class='ocrx_word' id='word_1_324' title='bbox 1429 3155 1826 3227; x_wconf 89' lang='lat' dir='ltr'><strong>respondeant;</strong></span> 
     </span>
    </p>
   </div>
   <div class='ocr_carea' id='block_1_47' title="bbox 1926 1972 3538 2044">
    <p class='ocr_par' dir='ltr' id='par_1_47' title="bbox 1926 1972 3538 2044">
     <span class='ocr_line' id='line_1_47' title="bbox 1926 1972 3538 2044; baseline -0.004 -14"><span class='ocrx_word' id='word_1_325' title='bbox 1926 1974 2231 2044; x_wconf 74' lang='lat' dir='ltr'><strong>Pompasize</strong></span> <span class='ocrx_word' id='word_1_326' title='bbox 2263 1973 2658 2030; x_wconf 86' lang='lat' dir='ltr'><strong>monasterium</strong></span> <span class='ocrx_word' id='word_1_327' title='bbox 2692 1973 2926 2027; x_wconf 70' lang='lat' dir='ltr'><strong>amoris&#39;</strong></span> <span class='ocrx_word' id='word_1_328' title='bbox 2951 1972 3164 2026; x_wconf 86' lang='lat' dir='ltr'><strong>facibus</strong></span> <span class='ocrx_word' id='word_1_329' title='bbox 3206 1972 3538 2034; x_wconf 83' lang='lat' dir='ltr'><strong>inardescat,</strong></span> 
     </span>
    </p>
   </div>
   <div class='ocr_carea' id='block_1_48' title="bbox 1927 2063 3544 2130">
    <p class='ocr_par' dir='ltr' id='par_1_48' title="bbox 1927 2063 3544 2130">
     <span class='ocr_line' id='line_1_48' title="bbox 1927 2063 3544 2130; baseline -0.003 -6"><span class='ocrx_word' id='word_1_330' title='bbox 1927 2069 2053 2124; x_wconf 90' lang='lat' dir='ltr'><strong>nolo</strong></span> <span class='ocrx_word' id='word_1_331' title='bbox 2104 2067 2375 2130; x_wconf 80' lang='lat' dir='ltr'><strong>scribere,</strong></span> <span class='ocrx_word' id='word_1_332' title='bbox 2431 2081 2500 2122; x_wconf 89' lang='lat' dir='ltr'><strong>ne</strong></span> <span class='ocrx_word' id='word_1_333' title='bbox 2539 2064 2774 2122; x_wconf 85' lang='lat' dir='ltr'><strong>fortasse</strong></span> <span class='ocrx_word' id='word_1_334' title='bbox 2804 2065 2996 2121; x_wconf 89' lang='lat' dir='ltr'><strong>videar</strong></span> <span class='ocrx_word' id='word_1_335' title='bbox 3022 2063 3430 2120; x_wconf 87' lang='lat' dir='ltr'><strong>adulationibus</strong></span> <span class='ocrx_word' id='word_1_336' title='bbox 3451 2065 3544 2119; x_wconf 88' lang='lat' dir='ltr'><strong>de-</strong></span> 
     </span>
    </p>
   </div>
   <div class='ocr_carea' id='block_1_49' title="bbox 1925 2154 3543 2230">
    <p class='ocr_par' dir='ltr' id='par_1_49' title="bbox 1925 2154 3543 2230">
     <span class='ocr_line' id='line_1_49' title="bbox 1925 2154 3543 2230; baseline -0.006 -12"><span class='ocrx_word' id='word_1_337' title='bbox 1925 2162 2152 2218; x_wconf 89' lang='lat' dir='ltr'><strong>servire.</strong></span> <span class='ocrx_word' id='word_1_338' title='bbox 2184 2158 2354 2230; x_wconf 86' lang='lat' dir='ltr'><strong>Cujus</strong></span> <span class='ocrx_word' id='word_1_339' title='bbox 2403 2160 2480 2216; x_wconf 91' lang='lat' dir='ltr'><strong>rei</strong></span> <span class='ocrx_word' id='word_1_340' title='bbox 2534 2159 2690 2213; x_wconf 89' lang='lat' dir='ltr'><strong>testis</strong></span> <span class='ocrx_word' id='word_1_341' title='bbox 2734 2165 2820 2214; x_wconf 89' lang='lat' dir='ltr'><strong>est</strong></span> <span class='ocrx_word' id='word_1_342' title='bbox 2871 2157 2986 2228; x_wconf 89' lang='lat' dir='ltr'><strong>ipsa</strong></span> <span class='ocrx_word' id='word_1_343' title='bbox 3020 2156 3355 2212; x_wconf 90' lang='lat' dir='ltr'><strong>conscientia</strong></span> <span class='ocrx_word' id='word_1_344' title='bbox 3391 2169 3409 2211; x_wconf 87' lang='lat'><strong>:</strong></span> <span class='ocrx_word' id='word_1_345' title='bbox 3439 2154 3543 2210; x_wconf 89' lang='lat' dir='ltr'><strong>illis</strong></span> 
     </span>
    </p>
   </div>
   <div class='ocr_carea' id='block_1_50' title="bbox 1925 2249 3546 2322">
    <p class='ocr_par' dir='ltr' id='par_1_50' title="bbox 1925 2249 3546 2322">
     <span class='ocr_line' id='line_1_50' title="bbox 1925 2249 3546 2322; baseline -0.005 -13"><span class='ocrx_word' id='word_1_346' title='bbox 1925 2254 2090 2310; x_wconf 88' lang='lat' dir='ltr'><strong>etiam</strong></span> <span class='ocrx_word' id='word_1_347' title='bbox 2119 2268 2227 2308; x_wconf 88' lang='lat' dir='ltr'><strong>non</strong></span> <span class='ocrx_word' id='word_1_348' title='bbox 2259 2261 2345 2308; x_wconf 80' lang='lat' dir='ltr'><strong>est</strong></span> <span class='ocrx_word' id='word_1_349' title='bbox 2365 2267 2597 2322; x_wconf 88' lang='lat' dir='ltr'><strong>prorsus</strong></span> <span class='ocrx_word' id='word_1_350' title='bbox 2614 2249 3026 2321; x_wconf 90' lang='lat' dir='ltr'><strong>oceultum,qni</strong></span> <span class='ocrx_word' id='word_1_351' title='bbox 3056 2263 3274 2304; x_wconf 90' lang='lat' dir='ltr'><strong>mecum</strong></span> <span class='ocrx_word' id='word_1_352' title='bbox 3311 2257 3546 2320; x_wconf 83' lang='lat' dir='ltr'><strong>possunt</strong></span> 
     </span>
    </p>
   </div>
   <div class='ocr_carea' id='block_1_51' title="bbox 1927 2337 3550 2414">
    <p class='ocr_par' dir='ltr' id='par_1_51' title="bbox 1927 2337 3550 2414">
     <span class='ocr_line' id='line_1_51' title="bbox 1927 2337 3550 2414; baseline -0.002 -16"><span class='ocrx_word' id='word_1_353' title='bbox 1927 2342 2248 2414; x_wconf 90' lang='lat' dir='ltr'><strong>frequenter</strong></span> <span class='ocrx_word' id='word_1_354' title='bbox 2294 2341 2500 2398; x_wconf 87' lang='lat' dir='ltr'><strong>habere</strong></span> <span class='ocrx_word' id='word_1_355' title='bbox 2542 2341 2896 2411; x_wconf 91' lang='lat' dir='ltr'><strong>colloquium.</strong></span> <span class='ocrx_word' id='word_1_356' title='bbox 2939 2341 3045 2396; x_wconf 84' lang='lat' dir='ltr'><strong>Vos</strong></span> <span class='ocrx_word' id='word_1_357' title='bbox 3074 2340 3240 2394; x_wconf 91' lang='lat' dir='ltr'><strong>etiam</strong></span> <span class='ocrx_word' id='word_1_358' title='bbox 3265 2379 3277 2397; x_wconf 91' lang='lat'><strong>.</strong></span> <span class='ocrx_word' id='word_1_359' title='bbox 3305 2337 3550 2394; x_wconf 68' lang='lat' dir='ltr'><strong>dilecti:-</strong></span> 
     </span>
    </p>
   </div>
   <div class='ocr_carea' id='block_1_52' title="bbox 1930 2427 3546 2502">
    <p class='ocr_par' dir='ltr' id='par_1_52' title="bbox 1930 2427 3546 2502">
     <span class='ocr_line' id='line_1_52' title="bbox 1930 2427 3546 2502; baseline -0.004 -14"><span class='ocrx_word' id='word_1_360' title='bbox 1930 2434 2076 2498; x_wconf 90' lang='lat' dir='ltr'><strong>simi,</strong></span> <span class='ocrx_word' id='word_1_361' title='bbox 2113 2433 2239 2487; x_wconf 90' lang='lat' dir='ltr'><strong>licet</strong></span> <span class='ocrx_word' id='word_1_362' title='bbox 2273 2431 2524 2502; x_wconf 86' lang='lat' dir='ltr'><strong>corporis</strong></span> <span class='ocrx_word' id='word_1_363' title='bbox 2565 2427 2907 2486; x_wconf 78' lang='lat' dir='ltr'><strong>habitatione</strong></span> <span class='ocrx_word' id='word_1_364' title='bbox 2933 2437 3226 2490; x_wconf 90' lang='lat' dir='ltr'><strong>semotum.</strong></span> <span class='ocrx_word' id='word_1_365' title='bbox 3261 2427 3430 2484; x_wconf 91' lang='lat' dir='ltr'><strong>nolite</strong></span> <span class='ocrx_word' id='word_1_366' title='bbox 3459 2444 3546 2483; x_wconf 86' lang='lat' dir='ltr'><strong>me</strong></span> 
     </span>
    </p>
   </div>
   <div class='ocr_carea' id='block_1_53' title="bbox 1929 2520 3545 2581">
    <p class='ocr_par' dir='ltr' id='par_1_53' title="bbox 1929 2520 3545 2581">
     <span class='ocr_line' id='line_1_53' title="bbox 1929 2520 3545 2581; baseline -0.004 -1"><span class='ocrx_word' id='word_1_367' title='bbox 1929 2535 2260 2580; x_wconf 78' lang='lat' dir='ltr'><strong>extraneum</strong></span> <span class='ocrx_word' id='word_1_368' title='bbox 2292 2539 2415 2581; x_wconf 86' lang='lat' dir='ltr'><strong>esse</strong></span> <span class='ocrx_word' id='word_1_369' title='bbox 2433 2525 2764 2579; x_wconf 90' lang='lat' dir='ltr'><strong>decernere:</strong></span> <span class='ocrx_word' id='word_1_370' title='bbox 2787 2523 2956 2578; x_wconf 90' lang='lat' dir='ltr'><strong>nolite</strong></span> <span class='ocrx_word' id='word_1_371' title='bbox 2995 2537 3082 2576; x_wconf 89' lang='lat' dir='ltr'><strong>me</strong></span> <span class='ocrx_word' id='word_1_372' title='bbox 3111 2524 3276 2578; x_wconf 91' lang='lat' dir='ltr'><strong>etiam</strong></span> <span class='ocrx_word' id='word_1_373' title='bbox 3304 2520 3545 2575; x_wconf 89' lang='lat' dir='ltr'><strong>amicum</strong></span> 
     </span>
    </p>
   </div>
   <div class='ocr_carea' id='block_1_54' title="bbox 1931 2607 3548 2686">
    <p class='ocr_par' dir='ltr' id='par_1_54' title="bbox 1931 2607 3548 2686">
     <span class='ocr_line' id='line_1_54' title="bbox 1931 2607 3548 2686; baseline -0.004 -16"><span class='ocrx_word' id='word_1_374' title='bbox 1931 2615 2260 2686; x_wconf 82' lang='lat' dir='ltr'><strong>quemlibet,</strong></span> <span class='ocrx_word' id='word_1_375' title='bbox 2293 2614 2376 2668; x_wconf 89' lang='lat' dir='ltr'><strong>vel</strong></span> <span class='ocrx_word' id='word_1_376' title='bbox 2407 2614 2847 2683; x_wconf 84' lang='lat' dir='ltr'><strong>qualemcunque</strong></span> <span class='ocrx_word' id='word_1_377' title='bbox 2895 2613 3104 2667; x_wconf 89' lang='lat' dir='ltr'><strong>socium</strong></span> <span class='ocrx_word' id='word_1_378' title='bbox 3135 2611 3419 2681; x_wconf 86' lang='lat' dir='ltr'><strong>deputare,</strong></span> <span class='ocrx_word' id='word_1_379' title='bbox 3452 2607 3548 2664; x_wconf 79' lang='lat' dir='ltr'><strong>sed</strong></span> 
     </span>
    </p>
   </div>
   <div class='ocr_carea' id='block_1_55' title="bbox 1930 2701 3549 2774">
    <p class='ocr_par' dir='ltr' id='par_1_55' title="bbox 1930 2701 3549 2774">
     <span class='ocr_line' id='line_1_55' title="bbox 1930 2701 3549 2774; baseline -0.005 -12"><span class='ocrx_word' id='word_1_380' title='bbox 1930 2718 1986 2762; x_wconf 91' lang='lat' dir='ltr'><strong>et</strong></span> <span class='ocrx_word' id='word_1_381' title='bbox 2013 2721 2134 2770; x_wconf 88' lang='lat' dir='ltr'><strong>nos,</strong></span> <span class='ocrx_word' id='word_1_382' title='bbox 2167 2720 2222 2760; x_wconf 73' lang='lat' dir='ltr'><strong>et</strong></span> <span class='ocrx_word' id='word_1_383' title='bbox 2263 2713 2440 2761; x_wconf 89' lang='lat' dir='ltr'><strong>totum</strong></span> <span class='ocrx_word' id='word_1_384' title='bbox 2477 2715 2725 2761; x_wconf 91' lang='lat' dir='ltr'><strong>nostrum</strong></span> <span class='ocrx_word' id='word_1_385' title='bbox 2765 2713 3097 2762; x_wconf 88' lang='lat' dir='ltr'><strong>conventum</strong></span> <span class='ocrx_word' id='word_1_386' title='bbox 3139 2702 3295 2774; x_wconf 90' lang='lat' dir='ltr'><strong>quasi</strong></span> <span class='ocrx_word' id='word_1_387' title='bbox 3341 2701 3549 2773; x_wconf 75' lang='lat' dir='ltr'><strong>proprii</strong></span> 
     </span>
    </p>
   </div>
   <div class='ocr_carea' id='block_1_56' title="bbox 1933 2793 3548 2866">
    <p class='ocr_par' dir='ltr' id='par_1_56' title="bbox 1933 2793 3548 2866">
     <span class='ocr_line' id='line_1_56' title="bbox 1933 2793 3548 2866; baseline -0.003 -15"><span class='ocrx_word' id='word_1_388' title='bbox 1933 2797 2100 2851; x_wconf 86' lang='lat' dir='ltr'><strong>vestri</strong></span> <span class='ocrx_word' id='word_1_389' title='bbox 2138 2796 2281 2866; x_wconf 80' lang='lat' dir='ltr'><strong>juris</strong></span> <span class='ocrx_word' id='word_1_390' title='bbox 2329 2795 2736 2866; x_wconf 87' lang='lat' dir='ltr'><strong>possessionem</strong></span> <span class='ocrx_word' id='word_1_391' title='bbox 2781 2809 2907 2850; x_wconf 91' lang='lat' dir='ltr'><strong>esse</strong></span> <span class='ocrx_word' id='word_1_392' title='bbox 2955 2793 3329 2849; x_wconf 88' lang='lat' dir='ltr'><strong>indubitanter</strong></span> <span class='ocrx_word' id='word_1_393' title='bbox 3381 2806 3548 2862; x_wconf 81' lang='lat' dir='ltr'><strong>agno-</strong></span> 
     </span>
    </p>
   </div>
   <div class='ocr_carea' id='block_1_57' title="bbox 1938 2881 3553 2957">
    <p class='ocr_par' dir='ltr' id='par_1_57' title="bbox 1938 2881 3553 2957">
     <span class='ocr_line' id='line_1_57' title="bbox 1938 2881 3553 2957; baseline -0.004 -15"><span class='ocrx_word' id='word_1_394' title='bbox 1938 2888 2095 2948; x_wconf 84' lang='lat' dir='ltr'><strong>scite.</strong></span> <span class='ocrx_word' id='word_1_395' title='bbox 2132 2895 2189 2942; x_wconf 94' lang='lat' dir='ltr'><strong>et</strong></span> <span class='ocrx_word' id='word_1_396' title='bbox 2223 2885 2490 2957; x_wconf 83' lang='lat' dir='ltr'><strong>quidquid</strong></span> <span class='ocrx_word' id='word_1_397' title='bbox 2521 2885 2679 2941; x_wconf 89' lang='lat' dir='ltr'><strong>vobis</strong></span> <span class='ocrx_word' id='word_1_398' title='bbox 2721 2884 3031 2955; x_wconf 90' lang='lat' dir='ltr'><strong>placuerit,</strong></span> <span class='ocrx_word' id='word_1_399' title='bbox 3063 2894 3320 2952; x_wconf 89' lang='lat' dir='ltr'><strong>tanquam</strong></span> <span class='ocrx_word' id='word_1_400' title='bbox 3352 2881 3553 2936; x_wconf 84' lang='lat' dir='ltr'><strong>vestris</strong></span> 
     </span>
    </p>
   </div>
   <div class='ocr_carea' id='block_1_58' title="bbox 1935 2974 3554 3048">
    <p class='ocr_par' dir='ltr' id='par_1_58' title="bbox 1935 2974 3554 3048">
     <span class='ocr_line' id='line_1_58' title="bbox 1935 2974 3554 3048; baseline -0.004 -14"><span class='ocrx_word' id='word_1_401' title='bbox 1935 2977 2200 3047; x_wconf 78' lang='lat' dir='ltr'><strong>subjectis</strong></span> <span class='ocrx_word' id='word_1_402' title='bbox 2236 2987 2408 3048; x_wconf 88' lang='lat' dir='ltr'><strong>atque</strong></span> <span class='ocrx_word' id='word_1_403' title='bbox 2437 2977 2775 3040; x_wconf 84' lang='lat' dir='ltr'><strong>domesticis,</strong></span> <span class='ocrx_word' id='word_1_404' title='bbox 2811 2976 3016 3045; x_wconf 89' lang='lat' dir='ltr'><strong>absque</strong></span> <span class='ocrx_word' id='word_1_405' title='bbox 3042 2974 3152 3030; x_wconf 90' lang='lat' dir='ltr'><strong>ulla</strong></span> <span class='ocrx_word' id='word_1_406' title='bbox 3202 2975 3554 3030; x_wconf 75' lang='lat' dir='ltr'><strong>cunctatione</strong></span> 
     </span>
    </p>
   </div>
   <div class='ocr_carea' id='block_1_59' title="bbox 1929 3062 3545 3138">
    <p class='ocr_par' dir='ltr' id='par_1_59' title="bbox 1929 3062 3545 3138">
     <span class='ocr_line' id='line_1_59' title="bbox 1929 3062 3545 3138; baseline -0.007 -12"><span class='ocrx_word' id='word_1_407' title='bbox 1929 3069 2136 3138; x_wconf 87' lang='lat' dir='ltr'><strong>jubete.</strong></span> <span class='ocrx_word' id='word_1_408' title='bbox 2173 3067 2331 3125; x_wconf 86' lang='lat' dir='ltr'><strong>Unde</strong></span> <span class='ocrx_word' id='word_1_409' title='bbox 2357 3083 2475 3132; x_wconf 91' lang='lat' dir='ltr'><strong>vos,</strong></span> <span class='ocrx_word' id='word_1_410' title='bbox 2508 3066 2875 3130; x_wconf 89' lang='lat' dir='ltr'><strong>dilectissimi,</strong></span> <span class='ocrx_word' id='word_1_411' title='bbox 2925 3063 3354 3135; x_wconf 85' lang='lat' dir='ltr'><strong>lacrymabiliter</strong></span> <span class='ocrx_word' id='word_1_412' title='bbox 3377 3062 3545 3118; x_wconf 86' lang='lat' dir='ltr'><strong>obsc-</strong></span> 
     </span>
    </p>
   </div>
   <div class='ocr_carea' id='block_1_60' title="bbox 1936 3158 3554 3229">
    <p class='ocr_par' dir='ltr' id='par_1_60' title="bbox 1936 3158 3554 3229">
     <span class='ocr_line' id='line_1_60' title="bbox 1936 3158 3554 3229; baseline -0.003 -13"><span class='ocrx_word' id='word_1_413' title='bbox 1936 3178 2054 3225; x_wconf 77' lang='lat' dir='ltr'><strong>cro,</strong></span> <span class='ocrx_word' id='word_1_414' title='bbox 2113 3175 2168 3217; x_wconf 72' lang='lat' dir='ltr'><strong>et</strong></span> <span class='ocrx_word' id='word_1_415' title='bbox 2219 3160 2288 3217; x_wconf 90' lang='lat' dir='ltr'><strong>ad</strong></span> <span class='ocrx_word' id='word_1_416' title='bbox 2339 3169 2529 3216; x_wconf 86' lang='lat' dir='ltr'><strong>sancta</strong></span> <span class='ocrx_word' id='word_1_417' title='bbox 2585 3158 2817 3229; x_wconf 89' lang='lat' dir='ltr'><strong>vestigia</strong></span> <span class='ocrx_word' id='word_1_418' title='bbox 2875 3167 3055 3214; x_wconf 87' lang='lat' dir='ltr'><strong>vestra</strong></span> <span class='ocrx_word' id='word_1_419' title='bbox 3112 3171 3198 3213; x_wconf 62' lang='lat' dir='ltr'><strong>nte</strong></span> <span class='ocrx_word' id='word_1_420' title='bbox 3246 3164 3554 3228; x_wconf 78' lang='lat' dir='ltr'><strong>prostratus</strong></span> 
     </span>
    </p>
   </div>
   <div class='ocr_carea' id='block_1_61' title="bbox 227 3247 3552 3326">
    <p class='ocr_par' dir='ltr' id='par_1_61' title="bbox 227 3247 3552 3326">
     <span class='ocr_line' id='line_1_61' title="bbox 227 3247 3552 3326; baseline -0.002 -16"><span class='ocrx_word' id='word_1_421' title='bbox 227 3269 350 3310; x_wconf 87' lang='lat' dir='ltr'><strong>cum</strong></span> <span class='ocrx_word' id='word_1_422' title='bbox 397 3251 632 3323; x_wconf 82' lang='lat' dir='ltr'><strong>idipsum</strong></span> <span class='ocrx_word' id='word_1_423' title='bbox 663 3261 721 3307; x_wconf 91' lang='lat' dir='ltr'><strong>et</strong></span> <span class='ocrx_word' id='word_1_424' title='bbox 761 3252 983 3308; x_wconf 88' lang='lat' dir='ltr'><strong>brutum</strong></span> <span class='ocrx_word' id='word_1_425' title='bbox 1029 3248 1231 3304; x_wconf 85' lang='lat' dir='ltr'><strong>animal</strong></span> <span class='ocrx_word' id='word_1_426' title='bbox 1259 3248 1510 3304; x_wconf 90' lang='lat' dir='ltr'><strong>videatur</strong></span> <span class='ocrx_word' id='word_1_427' title='bbox 1539 3247 1830 3317; x_wconf 80' lang='lat' dir='ltr'><strong>implesse?</strong></span> <span class='ocrx_word' id='word_1_428' title='bbox 1859 3253 1904 3313; x_wconf 72' lang='grc' dir='ltr'>ρ</span> <span class='ocrx_word' id='word_1_429' title='bbox 1937 3255 2190 3321; x_wconf 66' lang='lat' dir='ltr'><strong>advolvo,</strong></span> <span class='ocrx_word' id='word_1_430' title='bbox 2229 3263 2290 3310; x_wconf 81' lang='lat' dir='ltr'><strong>ut</strong></span> <span class='ocrx_word' id='word_1_431' title='bbox 2312 3268 2412 3326; x_wconf 78' lang='lat' dir='ltr'><strong>pro</strong></span> <span class='ocrx_word' id='word_1_432' title='bbox 2442 3267 2530 3308; x_wconf 88' lang='lat' dir='ltr'><strong>me</strong></span> <span class='ocrx_word' id='word_1_433' title='bbox 2555 3266 2719 3308; x_wconf 85' lang='lat' dir='ltr'><strong>servo</strong></span> <span class='ocrx_word' id='word_1_434' title='bbox 2735 3260 2920 3307; x_wconf 83' lang='lat' dir='ltr'><strong>vestro</strong></span> <span class='ocrx_word' id='word_1_435' title='bbox 2937 3265 3156 3320; x_wconf 86' lang='lat' dir='ltr'><strong>semper</strong></span> <span class='ocrx_word' id='word_1_436' title='bbox 3175 3265 3337 3305; x_wconf 88' lang='lat' dir='ltr'><strong>orare</strong></span> <span class='ocrx_word' id='word_1_437' title='bbox 3364 3251 3552 3321; x_wconf 79' lang='lat' dir='ltr'><strong>digne-</strong></span> 
     </span>
    </p>
   </div>
   <div class='ocr_carea' id='block_1_62' title="bbox 229 3340 1832 3414">
    <p class='ocr_par' dir='ltr' id='par_1_62' title="bbox 229 3340 1832 3414">
     <span class='ocr_line' id='line_1_62' title="bbox 229 3340 1832 3414; baseline -0.004 -14"><span class='ocrx_word' id='word_1_438' title='bbox 229 3346 298 3400; x_wconf 78' lang='lat' dir='ltr'><strong>Et</strong></span> <span class='ocrx_word' id='word_1_439' title='bbox 325 3345 426 3402; x_wconf 88' lang='lat' dir='ltr'><strong>hoc</strong></span> <span class='ocrx_word' id='word_1_440' title='bbox 454 3344 704 3402; x_wconf 86' lang='lat' dir='ltr'><strong>fortassis</strong></span> <span class='ocrx_word' id='word_1_441' title='bbox 728 3343 1038 3414; x_wconf 77' lang='lat' dir='ltr'><strong>exemplum</strong></span> <span class='ocrx_word' id='word_1_442' title='bbox 1065 3342 1301 3413; x_wconf 89' lang='lat' dir='ltr'><strong>quadam</strong></span> <span class='ocrx_word' id='word_1_443' title='bbox 1336 3340 1491 3397; x_wconf 88' lang='lat' dir='ltr'><strong>vobis</strong></span> <span class='ocrx_word' id='word_1_444' title='bbox 1524 3341 1704 3396; x_wconf 85' lang='lat' dir='ltr'><strong>valeat</strong></span> <span class='ocrx_word' id='word_1_445' title='bbox 1741 3355 1832 3394; x_wconf 88' lang='lat' dir='ltr'><strong>ra-</strong></span> 
     </span>
    </p>
   </div>
   <div class='ocr_carea' id='block_1_63' title="bbox 229 3432 1836 3514">
    <p class='ocr_par' dir='ltr' id='par_1_63' title="bbox 229 3432 1836 3514">
     <span class='ocr_line' id='line_1_63' title="bbox 229 3432 1836 3514; baseline -0.004 -23"><span class='ocrx_word' id='word_1_446' title='bbox 229 3437 374 3494; x_wconf 90' lang='lat' dir='ltr'><strong>tione</strong></span> <span class='ocrx_word' id='word_1_447' title='bbox 404 3451 722 3514; x_wconf 80' lang='lat' dir='ltr'><strong>congruere.</strong></span> <span class='ocrx_word' id='word_1_448' title='bbox 755 3436 865 3491; x_wconf 79' lang='lat' dir='ltr'><strong>Vos</strong></span> <span class='ocrx_word' id='word_1_449' title='bbox 891 3435 1037 3490; x_wconf 90' lang='lat' dir='ltr'><strong>enim</strong></span> <span class='ocrx_word' id='word_1_450' title='bbox 1066 3435 1150 3490; x_wconf 91' lang='lat' dir='ltr'><strong>leo</strong></span> <span class='ocrx_word' id='word_1_451' title='bbox 1186 3448 1296 3490; x_wconf 90' lang='lat' dir='ltr'><strong>non</strong></span> <span class='ocrx_word' id='word_1_452' title='bbox 1328 3433 1446 3489; x_wconf 89' lang='lat' dir='ltr'><strong>sine</strong></span> <span class='ocrx_word' id='word_1_453' title='bbox 1475 3447 1641 3488; x_wconf 89' lang='lat' dir='ltr'><strong>causa</strong></span> <span class='ocrx_word' id='word_1_454' title='bbox 1667 3432 1836 3504; x_wconf 77' lang='lat' dir='ltr'><strong>signi-</strong></span> 
     </span>
    </p>
   </div>
   <div class='ocr_carea' id='block_1_64' title="bbox 233 3518 1838 3601">
    <p class='ocr_par' dir='ltr' id='par_1_64' title="bbox 233 3518 1838 3601">
     <span class='ocr_line' id='line_1_64' title="bbox 233 3518 1838 3601; baseline -0.002 -17"><span class='ocrx_word' id='word_1_455' title='bbox 233 3528 384 3594; x_wconf 83' lang='lat' dir='ltr'><strong>ficat,</strong></span> <span class='ocrx_word' id='word_1_456' title='bbox 413 3518 611 3601; x_wconf 77' lang='lat' dir='ltr'><strong>quisic</strong></span> <span class='ocrx_word' id='word_1_457' title='bbox 637 3528 889 3586; x_wconf 90' lang='lat' dir='ltr'><strong>dormitis</strong></span> <span class='ocrx_word' id='word_1_458' title='bbox 915 3543 945 3582; x_wconf 92' lang='lat' dir='ltr'><strong>a</strong></span> <span class='ocrx_word' id='word_1_459' title='bbox 977 3526 1192 3594; x_wconf 74' lang='lat' dir='ltr'><strong>szcculo,</strong></span> <span class='ocrx_word' id='word_1_460' title='bbox 1217 3536 1276 3582; x_wconf 90' lang='lat' dir='ltr'><strong>ut</strong></span> <span class='ocrx_word' id='word_1_461' title='bbox 1300 3525 1592 3597; x_wconf 82' lang='lat' dir='ltr'><strong>pervigiles</strong></span> <span class='ocrx_word' id='word_1_462' title='bbox 1617 3541 1838 3596; x_wconf 88' lang='lat' dir='ltr'><strong>semper</strong></span> 
     </span>
    </p>
   </div>
   <div class='ocr_carea' id='block_1_65' title="bbox 228 3618 1832 3689">
    <p class='ocr_par' dir='ltr' id='par_1_65' title="bbox 228 3618 1832 3689">
     <span class='ocr_line' id='line_1_65' title="bbox 228 3618 1832 3689; baseline -0.002 -13"><span class='ocrx_word' id='word_1_463' title='bbox 228 3620 418 3676; x_wconf 89' lang='lat' dir='ltr'><strong>oculos</strong></span> <span class='ocrx_word' id='word_1_464' title='bbox 451 3619 700 3675; x_wconf 87' lang='lat' dir='ltr'><strong>habeatis</strong></span> <span class='ocrx_word' id='word_1_465' title='bbox 729 3619 782 3674; x_wconf 93' lang='lat' dir='ltr'><strong>in</strong></span> <span class='ocrx_word' id='word_1_466' title='bbox 812 3619 942 3684; x_wconf 91' lang='lat' dir='ltr'><strong>Deo,</strong></span> <span class='ocrx_word' id='word_1_467' title='bbox 969 3618 1098 3674; x_wconf 90' lang='lat' dir='ltr'><strong>illud</strong></span> <span class='ocrx_word' id='word_1_468' title='bbox 1121 3633 1246 3674; x_wconf 91' lang='lat' dir='ltr'><strong>eum</strong></span> <span class='ocrx_word' id='word_1_469' title='bbox 1276 3633 1474 3689; x_wconf 84' lang='lat' dir='ltr'><strong>sponsa</strong></span> <span class='ocrx_word' id='word_1_470' title='bbox 1507 3627 1791 3674; x_wconf 84' lang='lat' dir='ltr'><strong>cantantes</strong></span> <span class='ocrx_word' id='word_1_471' title='bbox 1819 3637 1832 3672; x_wconf 90' lang='lat'><strong>:</strong></span> 
     </span>
    </p>
   </div>
   <div class='ocr_carea' id='block_1_66' title="bbox 237 3709 1836 3784">
    <p class='ocr_par' dir='ltr' id='par_1_66' title="bbox 237 3709 1836 3784">
     <span class='ocr_line' id='line_1_66' title="bbox 237 3709 1836 3784; baseline 0.001 -20"><span class='ocrx_word' id='word_1_472' title='bbox 237 3731 256 3764; x_wconf 76' lang='grc' dir='ltr'>ι</span> <span class='ocrx_word' id='word_1_473' title='bbox 295 3711 408 3784; x_wconf 79' lang='lat' dir='ltr'><strong>Ego</strong></span> <span class='ocrx_word' id='word_1_474' title='bbox 447 3713 680 3778; x_wconf 87' lang='lat' dir='ltr'><strong>dormio,</strong></span> <span class='ocrx_word' id='word_1_475' title='bbox 722 3720 779 3768; x_wconf 86' lang='lat' dir='ltr'><strong>et</strong></span> <span class='ocrx_word' id='word_1_476' title='bbox 807 3726 905 3767; x_wconf 93' lang='lat' dir='ltr'><strong>cor</strong></span> <span class='ocrx_word' id='word_1_477' title='bbox 939 3726 1116 3766; x_wconf 90' lang='lat' dir='ltr'><strong>meum</strong></span> <span class='ocrx_word' id='word_1_478' title='bbox 1146 3710 1336 3780; x_wconf 80' lang='lat' dir='ltr'><strong>vigilat</strong></span> <span class='ocrx_word' id='word_1_479' title='bbox 1361 3709 1542 3780; x_wconf 74' lang='lat' dir='ltr'><strong>(Cant.</strong></span> <span class='ocrx_word' id='word_1_480' title='bbox 1565 3712 1621 3778; x_wconf 91' lang='lat' dir='ltr'><strong>v)</strong></span> <span class='ocrx_word' id='word_1_481' title='bbox 1678 3730 1697 3763; x_wconf 73' lang='grc' dir='ltr'><strong>ι</strong></span> <span class='ocrx_word' id='word_1_482' title='bbox 1733 3710 1836 3778; x_wconf 87' lang='lat' dir='ltr'><strong>Qui</strong></span> 
     </span>
    </p>
   </div>
   <div class='ocr_carea' id='block_1_67' title="bbox 232 3801 1840 3876">
    <p class='ocr_par' dir='ltr' id='par_1_67' title="bbox 232 3801 1840 3876">
     <span class='ocr_line' id='line_1_67' title="bbox 232 3801 1840 3876; baseline -0.002 -15"><span class='ocrx_word' id='word_1_483' title='bbox 232 3819 395 3876; x_wconf 85' lang='lat' dir='ltr'><strong>super</strong></span> <span class='ocrx_word' id='word_1_484' title='bbox 413 3804 655 3876; x_wconf 89' lang='lat' dir='ltr'><strong>aspidem</strong></span> <span class='ocrx_word' id='word_1_485' title='bbox 678 3811 736 3860; x_wconf 79' lang='lat' dir='ltr'><strong>et</strong></span> <span class='ocrx_word' id='word_1_486' title='bbox 758 3802 1073 3859; x_wconf 80' lang='lat' dir='ltr'><strong>basiliseum</strong></span> <span class='ocrx_word' id='word_1_487' title='bbox 1098 3801 1408 3864; x_wconf 85' lang='lat' dir='ltr'><strong>ambulatis,</strong></span> <span class='ocrx_word' id='word_1_488' title='bbox 1425 3810 1479 3856; x_wconf 92' lang='lat' dir='ltr'><strong>et</strong></span> <span class='ocrx_word' id='word_1_489' title='bbox 1500 3802 1840 3859; x_wconf 83' lang='lat' dir='ltr'><strong>conculcatis</strong></span> 
     </span>
    </p>
   </div>
   <div class='ocr_carea' id='block_1_68' title="bbox 234 3891 1840 3966">
    <p class='ocr_par' dir='ltr' id='par_1_68' title="bbox 234 3891 1840 3966">
     <span class='ocr_line' id='line_1_68' title="bbox 234 3891 1840 3966; baseline 0 -14"><span class='ocrx_word' id='word_1_490' title='bbox 234 3899 445 3954; x_wconf 91' lang='lat' dir='ltr'><strong>leonem</strong></span> <span class='ocrx_word' id='word_1_491' title='bbox 483 3904 540 3954; x_wconf 86' lang='lat' dir='ltr'><strong>et</strong></span> <span class='ocrx_word' id='word_1_492' title='bbox 578 3897 868 3952; x_wconf 88' lang='lat' dir='ltr'><strong>draconem</strong></span> <span class='ocrx_word' id='word_1_493' title='bbox 901 3891 1074 3966; x_wconf 82' lang='lat' dir='ltr'><strong>(Psal.</strong></span> <span class='ocrx_word' id='word_1_494' title='bbox 1103 3895 1194 3964; x_wconf 78' lang='lat' dir='ltr'><strong>x);</strong></span> <span class='ocrx_word' id='word_1_495' title='bbox 1228 3894 1320 3964; x_wconf 89' lang='lat' dir='ltr'><strong>qui</strong></span> <span class='ocrx_word' id='word_1_496' title='bbox 1366 3893 1599 3964; x_wconf 87' lang='lat' dir='ltr'><strong>denique</strong></span> <span class='ocrx_word' id='word_1_497' title='bbox 1643 3903 1703 3949; x_wconf 93' lang='lat' dir='ltr'><strong>ut</strong></span> <span class='ocrx_word' id='word_1_498' title='bbox 1753 3895 1840 3952; x_wconf 93' lang='lat' dir='ltr'><strong>leo</strong></span> 
     </span>
    </p>
   </div>
   <div class='ocr_carea' id='block_1_69' title="bbox 233 3987 1838 4054">
    <p class='ocr_par' dir='ltr' id='par_1_69' title="bbox 233 3987 1838 4054">
     <span class='ocr_line' id='line_1_69' title="bbox 233 3987 1838 4054; baseline 0.001 -10"><span class='ocrx_word' id='word_1_499' title='bbox 233 3989 354 4044; x_wconf 90' lang='lat' dir='ltr'><strong>sine</strong></span> <span class='ocrx_word' id='word_1_500' title='bbox 383 3998 588 4046; x_wconf 88' lang='lat' dir='ltr'><strong>terrore</strong></span> <span class='ocrx_word' id='word_1_501' title='bbox 612 3987 906 4054; x_wconf 88' lang='lat' dir='ltr'><strong>confiditis,</strong></span> <span class='ocrx_word' id='word_1_502' title='bbox 939 3997 996 4043; x_wconf 90' lang='lat' dir='ltr'><strong>et</strong></span> <span class='ocrx_word' id='word_1_503' title='bbox 1029 4003 1316 4044; x_wconf 87' lang='lat' dir='ltr'><strong>occursum</strong></span> <span class='ocrx_word' id='word_1_504' title='bbox 1356 3988 1699 4044; x_wconf 89' lang='lat' dir='ltr'><strong>adversantis</strong></span> <span class='ocrx_word' id='word_1_505' title='bbox 1737 4005 1838 4045; x_wconf 79' lang='lat' dir='ltr'><strong>ne-</strong></span> 
     </span>
    </p>
   </div>
   <div class='ocr_carea' id='block_1_70' title="bbox 235 4081 1838 4155">
    <p class='ocr_par' dir='ltr' id='par_1_70' title="bbox 235 4081 1838 4155">
     <span class='ocr_line' id='line_1_70' title="bbox 235 4081 1838 4155; baseline -0.001 -17"><span class='ocrx_word' id='word_1_506' title='bbox 235 4083 420 4154; x_wconf 76' lang='lat' dir='ltr'><strong>quitize</strong></span> <span class='ocrx_word' id='word_1_507' title='bbox 446 4098 554 4139; x_wconf 90' lang='lat' dir='ltr'><strong>non</strong></span> <span class='ocrx_word' id='word_1_508' title='bbox 581 4082 793 4154; x_wconf 87' lang='lat' dir='ltr'><strong>pavetis</strong></span> <span class='ocrx_word' id='word_1_509' title='bbox 817 4081 1002 4154; x_wconf 79' lang='lat' dir='ltr'><strong>(Prov.</strong></span> <span class='ocrx_word' id='word_1_510' title='bbox 1022 4082 1176 4155; x_wconf 77' lang='lat' dir='ltr'><strong>xxx).</strong></span> <span class='ocrx_word' id='word_1_511' title='bbox 1206 4081 1410 4138; x_wconf 90' lang='lat' dir='ltr'><strong>Pellem</strong></span> <span class='ocrx_word' id='word_1_512' title='bbox 1434 4091 1616 4138; x_wconf 89' lang='lat' dir='ltr'><strong>autem</strong></span> <span class='ocrx_word' id='word_1_513' title='bbox 1641 4081 1838 4138; x_wconf 77' lang='lat' dir='ltr'><strong>Michol</strong></span> 
     </span>
    </p>
   </div>
   <div class='ocr_carea' id='block_1_71' title="bbox 237 4171 1840 4245">
    <p class='ocr_par' dir='ltr' id='par_1_71' title="bbox 237 4171 1840 4245">
     <span class='ocr_line' id='line_1_71' title="bbox 237 4171 1840 4245; baseline 0 -17"><span class='ocrx_word' id='word_1_514' title='bbox 237 4173 307 4229; x_wconf 85' lang='lat' dir='ltr'><strong>ad</strong></span> <span class='ocrx_word' id='word_1_515' title='bbox 330 4182 492 4245; x_wconf 92' lang='lat' dir='ltr'><strong>caput</strong></span> <span class='ocrx_word' id='word_1_516' title='bbox 532 4173 701 4229; x_wconf 84' lang='lat' dir='ltr'><strong>David</strong></span> <span class='ocrx_word' id='word_1_517' title='bbox 736 4173 942 4243; x_wconf 91' lang='lat' dir='ltr'><strong>posuit,</strong></span> <span class='ocrx_word' id='word_1_518' title='bbox 982 4187 1082 4242; x_wconf 92' lang='lat' dir='ltr'><strong>per</strong></span> <span class='ocrx_word' id='word_1_519' title='bbox 1125 4188 1288 4242; x_wconf 86' lang='lat' dir='ltr'><strong>quam</strong></span> <span class='ocrx_word' id='word_1_520' title='bbox 1332 4171 1420 4228; x_wconf 90' lang='lat' dir='ltr'><strong>ille</strong></span> <span class='ocrx_word' id='word_1_521' title='bbox 1460 4173 1668 4244; x_wconf 85' lang='lat' dir='ltr'><strong>gladios</strong></span> <span class='ocrx_word' id='word_1_522' title='bbox 1708 4172 1840 4228; x_wconf 90' lang='lat' dir='ltr'><strong>Sanl</strong></span> 
     </span>
    </p>
   </div>
   <div class='ocr_carea' id='block_1_72' title="bbox 239 4263 1842 4338">
    <p class='ocr_par' dir='ltr' id='par_1_72' title="bbox 239 4263 1842 4338">
     <span class='ocr_line' id='line_1_72' title="bbox 239 4263 1842 4338; baseline -0.001 -16"><span class='ocrx_word' id='word_1_523' title='bbox 239 4266 384 4338; x_wconf 82' lang='lat' dir='ltr'><strong>regis</strong></span> <span class='ocrx_word' id='word_1_524' title='bbox 425 4266 600 4323; x_wconf 87' lang='lat' dir='ltr'><strong>evasit</strong></span> <span class='ocrx_word' id='word_1_525' title='bbox 630 4263 681 4335; x_wconf 91' lang='grc'><strong>(1</strong></span> <span class='ocrx_word' id='word_1_526' title='bbox 712 4263 843 4336; x_wconf 82' lang='lat' dir='ltr'><strong>Reg.</strong></span> <span class='ocrx_word' id='word_1_527' title='bbox 877 4265 1068 4334; x_wconf 73' lang='lat' dir='ltr'><strong>XVIII);</strong></span> <span class='ocrx_word' id='word_1_528' title='bbox 1113 4263 1352 4334; x_wconf 92' lang='lat' dir='ltr'><strong>pelliceis</strong></span> <span class='ocrx_word' id='word_1_529' title='bbox 1393 4278 1612 4335; x_wconf 86' lang='lat' dir='ltr'><strong>quoque</strong></span> <span class='ocrx_word' id='word_1_530' title='bbox 1643 4266 1842 4321; x_wconf 88' lang='lat' dir='ltr'><strong>tunicis</strong></span> 
     </span>
    </p>
   </div>
   <div class='ocr_carea' id='block_1_73' title="bbox 241 4356 1842 4429">
    <p class='ocr_par' dir='ltr' id='par_1_73' title="bbox 241 4356 1842 4429">
     <span class='ocr_line' id='line_1_73' title="bbox 241 4356 1842 4429; baseline -0.002 -17"><span class='ocrx_word' id='word_1_531' title='bbox 241 4359 445 4427; x_wconf 87' lang='lat' dir='ltr'><strong>primos</strong></span> <span class='ocrx_word' id='word_1_532' title='bbox 494 4367 748 4429; x_wconf 87' lang='lat' dir='ltr'><strong>parentes</strong></span> <span class='ocrx_word' id='word_1_533' title='bbox 798 4365 1016 4412; x_wconf 88' lang='lat' dir='ltr'><strong>nostros</strong></span> <span class='ocrx_word' id='word_1_534' title='bbox 1071 4357 1212 4411; x_wconf 89' lang='lat' dir='ltr'><strong>Deus</strong></span> <span class='ocrx_word' id='word_1_535' title='bbox 1266 4356 1613 4425; x_wconf 87' lang='lat' dir='ltr'><strong>omnipotens</strong></span> <span class='ocrx_word' id='word_1_536' title='bbox 1665 4356 1842 4411; x_wconf 88' lang='lat' dir='ltr'><strong>induit</strong></span> 
     </span>
    </p>
   </div>
   <div class='ocr_carea' id='block_1_74' title="bbox 240 4444 1838 4524">
    <p class='ocr_par' dir='ltr' id='par_1_74' title="bbox 240 4444 1838 4524">
     <span class='ocr_line' id='line_1_74' title="bbox 240 4444 1838 4524; baseline -0.003 -20"><span class='ocrx_word' id='word_1_537' title='bbox 240 4447 394 4524; x_wconf 80' lang='lat' dir='ltr'><strong>(Gen.</strong></span> <span class='ocrx_word' id='word_1_538' title='bbox 439 4449 545 4520; x_wconf 86' lang='lat' dir='ltr'>III),</span> <span class='ocrx_word' id='word_1_539' title='bbox 593 4448 791 4519; x_wconf 87' lang='lat' dir='ltr'><strong>quibus</strong></span> <span class='ocrx_word' id='word_1_540' title='bbox 841 4447 1028 4517; x_wconf 89' lang='lat' dir='ltr'><strong>utique</strong></span> <span class='ocrx_word' id='word_1_541' title='bbox 1081 4446 1340 4501; x_wconf 88' lang='lat' dir='ltr'><strong>mortales</strong></span> <span class='ocrx_word' id='word_1_542' title='bbox 1385 4444 1639 4515; x_wconf 79' lang='lat' dir='ltr'><strong>effectos,</strong></span> <span class='ocrx_word' id='word_1_543' title='bbox 1687 4459 1838 4504; x_wconf 84' lang='lat' dir='ltr'><strong>reatu</strong></span> 
     </span>
    </p>
   </div>
   <div class='ocr_carea' id='block_1_75' title="bbox 243 4536 1857 4612">
    <p class='ocr_par' dir='ltr' id='par_1_75' title="bbox 243 4536 1857 4612">
     <span class='ocr_line' id='line_1_75' title="bbox 243 4536 1857 4612; baseline -0.001 -18"><span class='ocrx_word' id='word_1_544' title='bbox 243 4539 689 4612; x_wconf 86' lang='lat' dir='ltr'><strong>transgressionis</strong></span> <span class='ocrx_word' id='word_1_545' title='bbox 715 4538 968 4610; x_wconf 77' lang='lat' dir='ltr'><strong>exigente</strong></span> <span class='ocrx_word' id='word_1_546' title='bbox 997 4536 1250 4609; x_wconf 88' lang='lat' dir='ltr'><strong>signavit.</strong></span> <span class='ocrx_word' id='word_1_547' title='bbox 1293 4537 1402 4592; x_wconf 73' lang='lat' dir='ltr'><strong>Vos</strong></span> <span class='ocrx_word' id='word_1_548' title='bbox 1441 4538 1624 4608; x_wconf 89' lang='lat' dir='ltr'><strong>itaque</strong></span> <span class='ocrx_word' id='word_1_549' title='bbox 1651 4540 1857 4594; x_wconf 80' lang='lat' dir='ltr'><strong>draco-°</strong></span> 
     </span>
    </p>
   </div>
   <div class='ocr_carea' id='block_1_76' title="bbox 1942 3340 3554 3416">
    <p class='ocr_par' dir='ltr' id='par_1_76' title="bbox 1942 3340 3554 3416">
     <span class='ocr_line' id='line_1_76' title="bbox 1942 3340 3554 3416; baseline -0.003 -16"><span class='ocrx_word' id='word_1_550' title='bbox 1942 3347 2072 3400; x_wconf 88' lang='lat' dir='ltr'><strong>mini</strong></span> <span class='ocrx_word' id='word_1_551' title='bbox 2111 3363 2126 3399; x_wconf 86' lang='lat'><strong>:</strong></span> <span class='ocrx_word' id='word_1_552' title='bbox 2153 3354 2210 3400; x_wconf 93' lang='lat' dir='ltr'><strong>et</strong></span> <span class='ocrx_word' id='word_1_553' title='bbox 2238 3347 2513 3416; x_wconf 74' lang='lat' dir='ltr'><strong>pnccipue</strong></span> <span class='ocrx_word' id='word_1_554' title='bbox 2544 3357 2668 3397; x_wconf 91' lang='lat' dir='ltr'><strong>cum</strong></span> <span class='ocrx_word' id='word_1_555' title='bbox 2698 3350 2947 3396; x_wconf 89' lang='lat' dir='ltr'><strong>mortuus</strong></span> <span class='ocrx_word' id='word_1_556' title='bbox 2976 3340 3153 3405; x_wconf 91' lang='lat' dir='ltr'><strong>fuero,</strong></span> <span class='ocrx_word' id='word_1_557' title='bbox 3181 3340 3449 3410; x_wconf 88' lang='lat' dir='ltr'><strong>quidquid</strong></span> <span class='ocrx_word' id='word_1_558' title='bbox 3486 3341 3554 3395; x_wconf 90' lang='lat' dir='ltr'><strong>de</strong></span> 
     </span>
    </p>
   </div>
   <div class='ocr_carea' id='block_1_77' title="bbox 1938 3433 3558 3508">
    <p class='ocr_par' dir='ltr' id='par_1_77' title="bbox 1938 3433 3558 3508">
     <span class='ocr_line' id='line_1_77' title="bbox 1938 3433 3558 3508; baseline -0.001 -17"><span class='ocrx_word' id='word_1_559' title='bbox 1938 3446 2137 3494; x_wconf 88' lang='lat' dir='ltr'><strong>vestrae</strong></span> <span class='ocrx_word' id='word_1_560' title='bbox 2185 3435 2632 3508; x_wconf 85' lang='lat' dir='ltr'><strong>congregationis</strong></span> <span class='ocrx_word' id='word_1_561' title='bbox 2681 3433 2951 3489; x_wconf 86' lang='lat' dir='ltr'><strong>monacho</strong></span> <span class='ocrx_word' id='word_1_562' title='bbox 2999 3433 3203 3496; x_wconf 90' lang='lat' dir='ltr'><strong>facitis,</strong></span> <span class='ocrx_word' id='word_1_563' title='bbox 3260 3434 3364 3489; x_wconf 90' lang='lat' dir='ltr'><strong>hoc</strong></span> <span class='ocrx_word' id='word_1_564' title='bbox 3391 3434 3558 3489; x_wconf 66' lang='lat' dir='ltr'><strong>etiam</strong></span> 
     </span>
    </p>
   </div>
   <div class='ocr_carea' id='block_1_78' title="bbox 1939 3526 3556 3600">
    <p class='ocr_par' dir='ltr' id='par_1_78' title="bbox 1939 3526 3556 3600">
     <span class='ocr_line' id='line_1_78' title="bbox 1939 3526 3556 3600; baseline -0.004 -13"><span class='ocrx_word' id='word_1_565' title='bbox 1939 3532 2005 3588; x_wconf 89' lang='lat' dir='ltr'><strong>de</strong></span> <span class='ocrx_word' id='word_1_566' title='bbox 2035 3545 2123 3586; x_wconf 92' lang='lat' dir='ltr'><strong>me</strong></span> <span class='ocrx_word' id='word_1_567' title='bbox 2159 3531 2367 3586; x_wconf 89' lang='lat' dir='ltr'><strong>misero</strong></span> <span class='ocrx_word' id='word_1_568' title='bbox 2389 3530 2573 3585; x_wconf 88' lang='lat' dir='ltr'><strong>facere</strong></span> <span class='ocrx_word' id='word_1_569' title='bbox 2603 3527 2898 3584; x_wconf 70' lang='lat' dir='ltr'><strong>sstideatis.</strong></span> <span class='ocrx_word' id='word_1_570' title='bbox 2931 3526 3086 3600; x_wconf 81' lang='lat' dir='ltr'><strong>Rogo</strong></span> <span class='ocrx_word' id='word_1_571' title='bbox 3116 3536 3323 3593; x_wconf 90' lang='lat' dir='ltr'><strong>autem,</strong></span> <span class='ocrx_word' id='word_1_572' title='bbox 3350 3527 3556 3583; x_wconf 84' lang='lat' dir='ltr'><strong>domini</strong></span> 
     </span>
    </p>
   </div>
   <div class='ocr_carea' id='block_1_79' title="bbox 1940 3619 3560 3692">
    <p class='ocr_par' dir='ltr' id='par_1_79' title="bbox 1940 3619 3560 3692">
     <span class='ocr_line' id='line_1_79' title="bbox 1940 3619 3560 3692; baseline -0.002 -16"><span class='ocrx_word' id='word_1_573' title='bbox 1940 3622 2070 3687; x_wconf 89' lang='lat' dir='ltr'><strong>mei,</strong></span> <span class='ocrx_word' id='word_1_574' title='bbox 2122 3620 2407 3692; x_wconf 87' lang='lat' dir='ltr'><strong>parvulam</strong></span> <span class='ocrx_word' id='word_1_575' title='bbox 2430 3619 2870 3676; x_wconf 88' lang='lat' dir='ltr'><strong>benedictionem</strong></span> <span class='ocrx_word' id='word_1_576' title='bbox 2916 3619 2983 3674; x_wconf 92' lang='lat' dir='ltr'><strong>de</strong></span> <span class='ocrx_word' id='word_1_577' title='bbox 3044 3633 3207 3674; x_wconf 89' lang='lat' dir='ltr'><strong>manu</strong></span> <span class='ocrx_word' id='word_1_578' title='bbox 3239 3620 3435 3690; x_wconf 88' lang='lat' dir='ltr'><strong>(servi,</strong></span> <span class='ocrx_word' id='word_1_579' title='bbox 3481 3619 3560 3674; x_wconf 75' lang='lat' dir='ltr'><strong>vel</strong></span> 
     </span>
    </p>
   </div>
   <div class='ocr_carea' id='block_1_80' title="bbox 1939 3704 3563 3786">
    <p class='ocr_par' dir='ltr' id='par_1_80' title="bbox 1939 3704 3563 3786">
     <span class='ocr_line' id='line_1_80' title="bbox 1939 3704 3563 3786; baseline -0.001 -17"><span class='ocrx_word' id='word_1_580' title='bbox 1939 3715 2068 3786; x_wconf 83' lang='lat' dir='ltr'><strong>quid</strong></span> <span class='ocrx_word' id='word_1_581' title='bbox 2094 3713 2272 3769; x_wconf 79' lang='lat' dir='ltr'><strong>simile</strong></span> <span class='ocrx_word' id='word_1_582' title='bbox 2301 3704 2517 3784; x_wconf 74' lang='lat' dir='ltr'><strong>addid.)</strong></span> <span class='ocrx_word' id='word_1_583' title='bbox 2553 3712 2723 3768; x_wconf 87' lang='lat' dir='ltr'><strong>vestri</strong></span> <span class='ocrx_word' id='word_1_584' title='bbox 2757 3712 2993 3784; x_wconf 84' lang='lat' dir='ltr'><strong>benigne</strong></span> <span class='ocrx_word' id='word_1_585' title='bbox 3017 3712 3297 3783; x_wconf 81' lang='lat' dir='ltr'><strong>suscipere</strong></span> <span class='ocrx_word' id='word_1_586' title='bbox 3323 3729 3338 3765; x_wconf 88' lang='lat'><strong>:</strong></span> <span class='ocrx_word' id='word_1_587' title='bbox 3369 3721 3423 3768; x_wconf 89' lang='lat' dir='ltr'><strong>et</strong></span> <span class='ocrx_word' id='word_1_588' title='bbox 3452 3728 3563 3768; x_wconf 83' lang='lat' dir='ltr'><strong>non</strong></span> 
     </span>
    </p>
   </div>
   <div class='ocr_carea' id='block_1_81' title="bbox 1941 3803 3564 3876">
    <p class='ocr_par' dir='ltr' id='par_1_81' title="bbox 1941 3803 3564 3876">
     <span class='ocr_line' id='line_1_81' title="bbox 1941 3803 3564 3876; baseline -0.001 -16"><span class='ocrx_word' id='word_1_589' title='bbox 1941 3805 2096 3876; x_wconf 89' lang='lat' dir='ltr'><strong>quid,</strong></span> <span class='ocrx_word' id='word_1_590' title='bbox 2133 3806 2231 3861; x_wconf 89' lang='lat' dir='ltr'><strong>sed</strong></span> <span class='ocrx_word' id='word_1_591' title='bbox 2260 3821 2290 3859; x_wconf 85' lang='lat' dir='ltr'><strong>a</strong></span> <span class='ocrx_word' id='word_1_592' title='bbox 2323 3819 2472 3876; x_wconf 88' lang='lat' dir='ltr'><strong>quo;</strong></span> <span class='ocrx_word' id='word_1_593' title='bbox 2517 3819 2623 3860; x_wconf 92' lang='lat' dir='ltr'><strong>non</strong></span> <span class='ocrx_word' id='word_1_594' title='bbox 2651 3812 2946 3875; x_wconf 83' lang='lat' dir='ltr'><strong>quantum,</strong></span> <span class='ocrx_word' id='word_1_595' title='bbox 2974 3803 3071 3860; x_wconf 89' lang='lat' dir='ltr'><strong>sed</strong></span> <span class='ocrx_word' id='word_1_596' title='bbox 3108 3817 3178 3860; x_wconf 78' lang='lat' dir='ltr'><strong>ex</strong></span> <span class='ocrx_word' id='word_1_597' title='bbox 3201 3813 3409 3874; x_wconf 88' lang='lat' dir='ltr'><strong>quanto</strong></span> <span class='ocrx_word' id='word_1_598' title='bbox 3435 3819 3564 3875; x_wconf 89' lang='lat' dir='ltr'><strong>pro-</strong></span> 
     </span>
    </p>
   </div>
   <div class='ocr_carea' id='block_1_82' title="bbox 1943 3897 2496 3968">
    <p class='ocr_par' dir='ltr' id='par_1_82' title="bbox 1943 3897 2496 3968">
     <span class='ocr_line' id='line_1_82' title="bbox 1943 3897 2496 3968; baseline -0.007 -15"><span class='ocrx_word' id='word_1_599' title='bbox 1943 3897 2178 3968; x_wconf 87' lang='lat' dir='ltr'><strong>feratur,</strong></span> <span class='ocrx_word' id='word_1_600' title='bbox 2203 3898 2496 3955; x_wconf 89' lang='lat' dir='ltr'><strong>attendite.</strong></span> 
     </span>
    </p>
   </div>
   <div class='ocr_carea' id='block_1_83' title="bbox 2506 3966 3007 4025">
    <p class='ocr_par' dir='ltr' id='par_1_83' title="bbox 2506 3966 3007 4025">
     <span class='ocr_line' id='line_1_83' title="bbox 2506 3966 3007 4025; baseline -0.002 -1"><span class='ocrx_word' id='word_1_601' title='bbox 2506 3966 2852 4025; x_wconf 74' lang='lat' dir='ltr'><strong>EPISTULA</strong></span> <span class='ocrx_word' id='word_1_602' title='bbox 2893 3967 3007 4025; x_wconf 75' lang='lat' dir='ltr'><strong>VII.</strong></span> 
     </span>
    </p>
   </div>
   <div class='ocr_carea' id='block_1_84' title="bbox 2393 4075 3122 4120">
    <p class='ocr_par' dir='ltr' id='par_1_84' title="bbox 2393 4075 3122 4120">
     <span class='ocr_line' id='line_1_84' title="bbox 2393 4075 3122 4120; baseline -0.004 -1"><span class='ocrx_word' id='word_1_603' title='bbox 2393 4078 2463 4119; x_wconf 72' lang='lat' dir='ltr'><strong>AD</strong></span> <span class='ocrx_word' id='word_1_604' title='bbox 2502 4079 2812 4120; x_wconf 70' lang='lat' dir='ltr'><strong>ALTIZONSI</strong></span> <span class='ocrx_word' id='word_1_605' title='bbox 2850 4075 3122 4119; x_wconf 71' lang='grc' dir='ltr'><strong>ΔΙΒΑΤΕΙ.</strong></span> 
     </span>
    </p>
   </div>
   <div class='ocr_carea' id='block_1_85' title="bbox 1943 4151 3567 4224">
    <p class='ocr_par' dir='ltr' id='par_1_85' title="bbox 1943 4151 3567 4224">
     <span class='ocr_line' id='line_1_85' title="bbox 1943 4151 3567 4224; baseline -0.002 -13"><span class='ocrx_word' id='word_1_606' title='bbox 1943 4154 2689 4212; x_wconf 73' lang='lat' dir='ltr'><strong>Ancuveuruu.—Altisoul</strong></span> <span class='ocrx_word' id='word_1_607' title='bbox 2724 4153 2909 4224; x_wconf 84' lang='lat' dir='ltr'><strong>abbati</strong></span> <span class='ocrx_word' id='word_1_608' title='bbox 2926 4153 3228 4224; x_wconf 85' lang='lat' dir='ltr'><strong>scribitse</strong></span> <span class='ocrx_word' id='word_1_609' title='bbox 3243 4167 3442 4224; x_wconf 84' lang='lat' dir='ltr'><strong>magno</strong></span> <span class='ocrx_word' id='word_1_610' title='bbox 3470 4151 3567 4208; x_wconf 82' lang='lat' dir='ltr'><strong>do-</strong></span> 
     </span>
    </p>
   </div>
   <div class='ocr_carea' id='block_1_86' title="bbox 2018 4223 3566 4307">
    <p class='ocr_par' dir='ltr' id='par_1_86' title="bbox 2018 4223 3566 4307">
     <span class='ocr_line' id='line_1_86' title="bbox 2018 4223 3566 4307; baseline 0 -29"><span class='ocrx_word' id='word_1_611' title='bbox 2018 4227 2138 4307; x_wconf 64' lang='lat' dir='ltr'><strong>lore</strong></span> <span class='ocrx_word' id='word_1_612' title='bbox 2164 4226 2423 4307; x_wconf 70' lang='lat' dir='ltr'><strong>affectum</strong></span> <span class='ocrx_word' id='word_1_613' title='bbox 2468 4241 2595 4307; x_wconf 78' lang='lat' dir='ltr'><strong>esse</strong></span> <span class='ocrx_word' id='word_1_614' title='bbox 2623 4267 2638 4288; x_wconf 89' lang='lat'><strong><em>.</em></strong></span> <span class='ocrx_word' id='word_1_615' title='bbox 2665 4227 2814 4307; x_wconf 86' lang='lat' dir='ltr'><strong>quod</strong></span> <span class='ocrx_word' id='word_1_616' title='bbox 2861 4223 2938 4307; x_wconf 76' lang='lat' dir='ltr'><strong>illi</strong></span> <span class='ocrx_word' id='word_1_617' title='bbox 2967 4238 3112 4294; x_wconf 88' lang='lat' dir='ltr'><strong>equo</strong></span> <span class='ocrx_word' id='word_1_618' title='bbox 3142 4223 3408 4296; x_wconf 87' lang='lat' dir='ltr'><strong>indigenti</strong></span> <span class='ocrx_word' id='word_1_619' title='bbox 3426 4239 3566 4307; x_wconf 77' lang='lat' dir='ltr'><strong>con-</strong></span> 
     </span>
    </p>
   </div>
   <div class='ocr_carea' id='block_1_87' title="bbox 2017 4296 3570 4368">
    <p class='ocr_par' dir='ltr' id='par_1_87' title="bbox 2017 4296 3570 4368">
     <span class='ocr_line' id='line_1_87' title="bbox 2017 4296 3570 4368; baseline -0.001 -16"><span class='ocrx_word' id='word_1_620' title='bbox 2017 4297 2200 4352; x_wconf 90' lang='lat' dir='ltr'><strong>festim</strong></span> <span class='ocrx_word' id='word_1_621' title='bbox 2231 4314 2340 4353; x_wconf 84' lang='lat' dir='ltr'><strong>non</strong></span> <span class='ocrx_word' id='word_1_622' title='bbox 2365 4296 2537 4368; x_wconf 83' lang='lat' dir='ltr'><strong>fuerit</strong></span> <span class='ocrx_word' id='word_1_623' title='bbox 2561 4296 2814 4368; x_wconf 89' lang='lat' dir='ltr'><strong>largitus,</strong></span> <span class='ocrx_word' id='word_1_624' title='bbox 2837 4296 3104 4368; x_wconf 63' lang='lat' dir='ltr'><strong>eiquese,</strong></span> <span class='ocrx_word' id='word_1_625' title='bbox 3133 4309 3307 4366; x_wconf 85' lang='lat' dir='ltr'><strong>equos</strong></span> <span class='ocrx_word' id='word_1_626' title='bbox 3332 4311 3399 4352; x_wconf 89' lang='lat' dir='ltr'><strong>ac</strong></span> <span class='ocrx_word' id='word_1_627' title='bbox 3423 4296 3570 4352; x_wconf 84' lang='lat' dir='ltr'><strong>bona</strong></span> 
     </span>
    </p>
   </div>
   <div class='ocr_carea' id='block_1_88' title="bbox 2016 4363 3096 4424">
    <p class='ocr_par' dir='ltr' id='par_1_88' title="bbox 2016 4363 3096 4424">
     <span class='ocr_line' id='line_1_88' title="bbox 2016 4363 3096 4424; baseline -0.006 0"><span class='ocrx_word' id='word_1_628' title='bbox 2016 4369 2202 4424; x_wconf 90' lang='lat' dir='ltr'><strong>omnia</strong></span> <span class='ocrx_word' id='word_1_629' title='bbox 2241 4367 2564 4423; x_wconf 70' lang='lat' dir='ltr'><strong>monasterii</strong></span> <span class='ocrx_word' id='word_1_630' title='bbox 2590 4363 2890 4423; x_wconf 73' lang='lat' dir='ltr'><strong>liberaliter</strong></span> <span class='ocrx_word' id='word_1_631' title='bbox 2911 4363 3096 4422; x_wconf 80' lang='lat' dir='ltr'><strong>offert.</strong></span> 
     </span>
    </p>
   </div>
   <div class='ocr_carea' id='block_1_89' title="bbox 2023 4457 3572 4532">
    <p class='ocr_par' dir='ltr' id='par_1_89' title="bbox 2023 4457 3572 4532">
     <span class='ocr_line' id='line_1_89' title="bbox 2023 4457 3572 4532; baseline -0.003 -15"><span class='ocrx_word' id='word_1_632' title='bbox 2023 4461 2179 4532; x_wconf 77' lang='lat'><strong>191</strong></span> <span class='ocrx_word' id='word_1_633' title='bbox 2225 4461 2438 4516; x_wconf 90' lang='lat' dir='ltr'><strong>Domno</strong></span> <span class='ocrx_word' id='word_1_634' title='bbox 2468 4461 2537 4515; x_wconf 83' lang='lat' dir='ltr'><strong>A.</strong></span> <span class='ocrx_word' id='word_1_635' title='bbox 2579 4461 2805 4517; x_wconf 90' lang='lat' dir='ltr'><strong>domino</strong></span> <span class='ocrx_word' id='word_1_636' title='bbox 2838 4474 2975 4526; x_wconf 87' lang='lat' dir='ltr'><strong>suo,</strong></span> <span class='ocrx_word' id='word_1_637' title='bbox 3033 4457 3260 4517; x_wconf 74' lang='grc' dir='ltr'><strong>Ρετιυι</strong></span> <span class='ocrx_word' id='word_1_638' title='bbox 3309 4467 3572 4530; x_wconf 78' lang='lat' dir='ltr'><strong>peccator</strong></span> 
     </span>
    </p>
   </div>
   <div class='ocr_carea' id='block_1_90' title="bbox 1952 4554 2807 4626">
    <p class='ocr_par' dir='ltr' id='par_1_90' title="bbox 1952 4554 2807 4626">
     <span class='ocr_line' id='line_1_90' title="bbox 1952 4554 2807 4626; baseline -0.001 -16"><span class='ocrx_word' id='word_1_639' title='bbox 1952 4556 2258 4610; x_wconf 84' lang='lat' dir='ltr'><strong>monachus</strong></span> <span class='ocrx_word' id='word_1_640' title='bbox 2283 4554 2548 4626; x_wconf 88' lang='lat' dir='ltr'><strong>qttidquid</strong></span> <span class='ocrx_word' id='word_1_641' title='bbox 2590 4568 2807 4610; x_wconf 83' lang='lat' dir='ltr'><strong>servus.</strong></span> 
     </span>
    </p>
   </div>
   <div class='ocr_carea' id='block_1_91' title="bbox 240 4616 2384 4711">
    <p class='ocr_par' dir='ltr' id='par_1_91' title="bbox 240 4616 2384 4709">
     <span class='ocr_line' id='line_1_91' title="bbox 240 4616 2384 4709; baseline -0.001 -25"><span class='ocrx_word' id='word_1_642' title='bbox 240 4631 364 4684; x_wconf 86' lang='lat' dir='ltr'><strong>neis</strong></span> <span class='ocrx_word' id='word_1_643' title='bbox 390 4645 488 4700; x_wconf 92' lang='lat' dir='ltr'><strong>per</strong></span> <span class='ocrx_word' id='word_1_644' title='bbox 529 4646 617 4685; x_wconf 91' lang='lat' dir='ltr'><strong>me</strong></span> <span class='ocrx_word' id='word_1_645' title='bbox 656 4629 885 4684; x_wconf 68' lang='lat' dir='ltr'><strong>nexibus</strong></span> <span class='ocrx_word' id='word_1_646' title='bbox 911 4629 1170 4698; x_wconf 74' lang='lat' dir='ltr'><strong>expediti,</strong></span> <span class='ocrx_word' id='word_1_647' title='bbox 1208 4627 1400 4700; x_wconf 89' lang='lat' dir='ltr'><strong>pellem</strong></span> <span class='ocrx_word' id='word_1_648' title='bbox 1438 4644 1538 4700; x_wconf 92' lang='lat' dir='ltr'><strong>pro</strong></span> <span class='ocrx_word' id='word_1_649' title='bbox 1578 4629 1844 4686; x_wconf 88' lang='lat' dir='ltr'><strong>beneficio</strong></span> <span class='ocrx_word' id='word_1_650' title='bbox 1876 4616 1923 4674; x_wconf 85' lang='grc' dir='ltr'><strong>Ῑ)</strong></span> <span class='ocrx_word' id='word_1_651' title='bbox 2023 4646 2083 4702; x_wconf 47' lang='grc' dir='ltr'>(λ</span> <span class='ocrx_word' id='word_1_652' title='bbox 2108 4616 2384 4709; x_wconf 41' lang='grc' dir='ltr'><strong>επιες,είιξιε1</strong></span> 
     </span>
    </p>
   </div>
   <div class='ocr_carea' id='block_1_92' title="bbox 1425 4616 3569 4711">
    <p class='ocr_par' dir='ltr' id='par_1_92' title="bbox 1438 4616 3569 4711">
     <span class='ocr_line' id='line_1_92' title="bbox 1438 4616 3569 4711; baseline -0.002 -11"><span class='ocrx_word' id='word_1_653' title='bbox 1438 4644 1538 4700; x_wconf 83' lang='grc' dir='ltr'>Ρ¹¹⁰</span> <span class='ocrx_word' id='word_1_654' title='bbox 1578 4629 1844 4686; x_wconf 67' lang='grc' dir='ltr'><strong>δθηείίεῖο</strong></span> <span class='ocrx_word' id='word_1_655' title='bbox 1876 4616 1923 4674; x_wconf 77' lang='lat' dir='ltr'><strong>D</strong></span> <span class='ocrx_word' id='word_1_656' title='bbox 2023 4646 2083 4702; x_wconf 70' lang='grc' dir='ltr'><strong>(ἒς</strong></span> <span class='ocrx_word' id='word_1_657' title='bbox 2108 4616 2397 4711; x_wconf 81' lang='lat' dir='ltr'><strong>arissime,</strong></span> <span class='ocrx_word' id='word_1_658' title='bbox 2433 4616 2632 4701; x_wconf 78' lang='lat' dir='ltr'><strong>melius</strong></span> <span class='ocrx_word' id='word_1_659' title='bbox 2661 4645 2797 4701; x_wconf 82' lang='lat' dir='ltr'><strong>mihi</strong></span> <span class='ocrx_word' id='word_1_660' title='bbox 2842 4643 3060 4700; x_wconf 89' lang='lat' dir='ltr'><strong>videtur</strong></span> <span class='ocrx_word' id='word_1_661' title='bbox 3097 4642 3304 4698; x_wconf 89' lang='lat' dir='ltr'><strong>nullam</strong></span> <span class='ocrx_word' id='word_1_662' title='bbox 3333 4642 3569 4698; x_wconf 78' lang='lat' dir='ltr'><strong>ebarita-</strong></span> 
     </span>
    </p>
   </div>
   <div class='ocr_carea' id='block_1_93' title="bbox 242 4722 1846 4792">
    <p class='ocr_par' dir='ltr' id='par_1_93' title="bbox 242 4722 1846 4792">
     <span class='ocr_line' id='line_1_93' title="bbox 242 4722 1846 4792; baseline 0 -14"><span class='ocrx_word' id='word_1_663' title='bbox 242 4722 484 4787; x_wconf 87' lang='lat' dir='ltr'><strong>reddite,</strong></span> <span class='ocrx_word' id='word_1_664' title='bbox 541 4722 870 4792; x_wconf 88' lang='lat' dir='ltr'><strong>vitalemque</strong></span> <span class='ocrx_word' id='word_1_665' title='bbox 921 4722 1056 4778; x_wconf 89' lang='lat' dir='ltr'><strong>mihi</strong></span> <span class='ocrx_word' id='word_1_666' title='bbox 1114 4722 1592 4780; x_wconf 81' lang='lat' dir='ltr'><strong>mortificationem</strong></span> <span class='ocrx_word' id='word_1_667' title='bbox 1648 4725 1846 4780; x_wconf 77' lang='lat' dir='ltr'><strong>vestris</strong></span> 
     </span>
    </p>
   </div>
   <div class='ocr_carea' id='block_1_94' title="bbox 241 4813 1848 4884">
    <p class='ocr_par' dir='ltr' id='par_1_94' title="bbox 241 4813 1848 4884">
     <span class='ocr_line' id='line_1_94' title="bbox 241 4813 1848 4884; baseline 0 -14"><span class='ocrx_word' id='word_1_668' title='bbox 241 4813 584 4870; x_wconf 88' lang='lat' dir='ltr'><strong>orationibus</strong></span> <span class='ocrx_word' id='word_1_669' title='bbox 613 4814 921 4884; x_wconf 87' lang='lat' dir='ltr'><strong>impetrate,</strong></span> <span class='ocrx_word' id='word_1_670' title='bbox 966 4829 1036 4869; x_wconf 90' lang='lat' dir='ltr'><strong>ne</strong></span> <span class='ocrx_word' id='word_1_671' title='bbox 1081 4814 1216 4870; x_wconf 91' lang='lat' dir='ltr'><strong>mihi</strong></span> <span class='ocrx_word' id='word_1_672' title='bbox 1260 4815 1327 4870; x_wconf 90' lang='lat' dir='ltr'><strong>de</strong></span> <span class='ocrx_word' id='word_1_673' title='bbox 1371 4824 1571 4871; x_wconf 75' lang='lat' dir='ltr'><strong>caetero</strong></span> <span class='ocrx_word' id='word_1_674' title='bbox 1616 4816 1848 4871; x_wconf 80' lang='lat' dir='ltr'><strong>tnundns</strong></span> 
     </span>
    </p>
   </div>
   <div class='ocr_carea' id='block_1_95' title="bbox 246 4906 1845 4979">
    <p class='ocr_par' dir='ltr' id='par_1_95' title="bbox 246 4906 1845 4979">
     <span class='ocr_line' id='line_1_95' title="bbox 246 4906 1845 4979; baseline 0 -19"><span class='ocrx_word' id='word_1_675' title='bbox 246 4907 484 4972; x_wconf 85' lang='lat' dir='ltr'><strong>advivat,</strong></span> <span class='ocrx_word' id='word_1_676' title='bbox 520 4907 616 4963; x_wconf 90' lang='lat' dir='ltr'><strong>sed</strong></span> <span class='ocrx_word' id='word_1_677' title='bbox 644 4907 689 4963; x_wconf 87' lang='lat' dir='ltr'><strong>si</strong></span> <span class='ocrx_word' id='word_1_678' title='bbox 715 4906 846 4978; x_wconf 90' lang='lat' dir='ltr'><strong>qttid</strong></span> <span class='ocrx_word' id='word_1_679' title='bbox 874 4907 1051 4962; x_wconf 87' lang='lat' dir='ltr'><strong>adhuc</strong></span> <span class='ocrx_word' id='word_1_680' title='bbox 1083 4907 1244 4978; x_wconf 85' lang='lat' dir='ltr'><strong>hujus</strong></span> <span class='ocrx_word' id='word_1_681' title='bbox 1275 4907 1407 4962; x_wconf 88' lang='lat' dir='ltr'><strong>mihi</strong></span> <span class='ocrx_word' id='word_1_682' title='bbox 1446 4907 1712 4979; x_wconf 87' lang='lat' dir='ltr'><strong>reliquum</strong></span> <span class='ocrx_word' id='word_1_683' title='bbox 1741 4919 1845 4970; x_wconf 36' lang='lat' dir='ltr'><strong>ett,</strong></span> 
     </span>
    </p>
   </div>
   <div class='ocr_carea' id='block_1_96' title="bbox 244 4997 1848 5069">
    <p class='ocr_par' dir='ltr' id='par_1_96' title="bbox 244 4997 1848 5069">
     <span class='ocr_line' id='line_1_96' title="bbox 244 4997 1848 5069; baseline 0 -15"><span class='ocrx_word' id='word_1_684' title='bbox 244 4998 305 5054; x_wconf 91' lang='lat' dir='ltr'><strong>in</strong></span> <span class='ocrx_word' id='word_1_685' title='bbox 353 4998 680 5068; x_wconf 89' lang='lat' dir='ltr'><strong>acquirenda</strong></span> <span class='ocrx_word' id='word_1_686' title='bbox 727 4997 920 5054; x_wconf 85' lang='lat' dir='ltr'><strong>salutis</strong></span> <span class='ocrx_word' id='word_1_687' title='bbox 958 4997 1176 5054; x_wconf 40' lang='lat' dir='ltr'><strong>fatorum</strong></span> <span class='ocrx_word' id='word_1_688' title='bbox 1221 4998 1372 5054; x_wconf 87' lang='lat' dir='ltr'><strong>lucra</strong></span> <span class='ocrx_word' id='word_1_689' title='bbox 1422 5000 1690 5069; x_wconf 85' lang='lat' dir='ltr'><strong>proficiat.</strong></span> <span class='ocrx_word' id='word_1_690' title='bbox 1743 5001 1848 5056; x_wconf 88' lang='lat' dir='ltr'><strong>Sed</strong></span> 
     </span>
    </p>
   </div>
   <div class='ocr_carea' id='block_1_97' title="bbox 243 5091 1850 5166">
    <p class='ocr_par' dir='ltr' id='par_1_97' title="bbox 243 5091 1850 5166">
     <span class='ocr_line' id='line_1_97' title="bbox 243 5091 1850 5166; baseline 0.002 -22"><span class='ocrx_word' id='word_1_691' title='bbox 243 5105 561 5166; x_wconf 87' lang='lat' dir='ltr'><strong>quanquam</strong></span> <span class='ocrx_word' id='word_1_692' title='bbox 589 5091 881 5162; x_wconf 78' lang='lat' dir='ltr'><strong>Apostolus</strong></span> <span class='ocrx_word' id='word_1_693' title='bbox 909 5091 1057 5148; x_wconf 89' lang='lat' dir='ltr'><strong>dicat</strong></span> <span class='ocrx_word' id='word_1_694' title='bbox 1084 5110 1099 5146; x_wconf 90' lang='lat'><strong>:</strong></span> <span class='ocrx_word' id='word_1_695' title='bbox 1137 5111 1155 5144; x_wconf 75' lang='grc' dir='ltr'>ι</span> <span class='ocrx_word' id='word_1_696' title='bbox 1189 5093 1325 5160; x_wconf 80' lang='lat' dir='ltr'><strong>Quia</strong></span> <span class='ocrx_word' id='word_1_697' title='bbox 1353 5093 1557 5164; x_wconf 90' lang='lat' dir='ltr'><strong>absque</strong></span> <span class='ocrx_word' id='word_1_698' title='bbox 1585 5093 1688 5152; x_wconf 86' lang='lat' dir='ltr'><strong>ulla</strong></span> <span class='ocrx_word' id='word_1_699' title='bbox 1719 5109 1850 5150; x_wconf 84' lang='lat' dir='ltr'><strong>con-</strong></span> 
     </span>
    </p>
   </div>
   <div class='ocr_carea' id='block_1_98' title="bbox 248 5177 1856 5256">
    <p class='ocr_par' dir='ltr' id='par_1_98' title="bbox 248 5177 1856 5256">
     <span class='ocr_line' id='line_1_98' title="bbox 248 5177 1856 5256; baseline 0.004 -19"><span class='ocrx_word' id='word_1_700' title='bbox 248 5183 593 5251; x_wconf 90' lang='lat' dir='ltr'><strong>tradictione,</strong></span> <span class='ocrx_word' id='word_1_701' title='bbox 643 5184 735 5256; x_wconf 91' lang='lat' dir='ltr'><strong>qui</strong></span> <span class='ocrx_word' id='word_1_702' title='bbox 785 5184 964 5241; x_wconf 89' lang='lat' dir='ltr'><strong>minus</strong></span> <span class='ocrx_word' id='word_1_703' title='bbox 1011 5194 1116 5252; x_wconf 90' lang='lat' dir='ltr'><strong>est,</strong></span> <span class='ocrx_word' id='word_1_704' title='bbox 1166 5201 1197 5242; x_wconf 90' lang='lat' dir='ltr'><strong>a</strong></span> <span class='ocrx_word' id='word_1_705' title='bbox 1245 5177 1469 5242; x_wconf 82' lang='lat' dir='ltr'><strong>meliore</strong></span> <span class='ocrx_word' id='word_1_706' title='bbox 1517 5187 1856 5244; x_wconf 70' lang='lat' dir='ltr'><strong>lieuedicitur</strong></span> 
     </span>
    </p>
   </div>
   <div class='ocr_carea' id='block_1_99' title="bbox 250 5272 1854 5355">
    <p class='ocr_par' dir='ltr' id='par_1_99' title="bbox 250 5272 1854 5355">
     <span class='ocr_line' id='line_1_99' title="bbox 250 5272 1854 5355; baseline 0.005 -28"><span class='ocrx_word' id='word_1_707' title='bbox 250 5272 443 5346; x_wconf 77' lang='lat' dir='ltr'><strong>(Hebr.</strong></span> <span class='ocrx_word' id='word_1_708' title='bbox 473 5275 570 5355; x_wconf 88' lang='lat' dir='ltr'><strong>vn)</strong></span> <span class='ocrx_word' id='word_1_709' title='bbox 599 5293 613 5331; x_wconf 87' lang='lat'><strong>:</strong></span> <span class='ocrx_word' id='word_1_710' title='bbox 657 5295 677 5330; x_wconf 74' lang='grc' dir='ltr'><strong><em>ι</em></strong></span> <span class='ocrx_word' id='word_1_711' title='bbox 719 5284 901 5332; x_wconf 88' lang='lat' dir='ltr'><strong>tamen</strong></span> <span class='ocrx_word' id='word_1_712' title='bbox 932 5276 1058 5347; x_wconf 89' lang='lat' dir='ltr'><strong>quia</strong></span> <span class='ocrx_word' id='word_1_713' title='bbox 1100 5277 1370 5333; x_wconf 90' lang='lat' dir='ltr'><strong>ebaritate</strong></span> <span class='ocrx_word' id='word_1_714' title='bbox 1401 5278 1718 5348; x_wconf 88' lang='lat' dir='ltr'><strong>compellor,</strong></span> <span class='ocrx_word' id='word_1_715' title='bbox 1757 5280 1854 5334; x_wconf 88' lang='lat' dir='ltr'><strong>be-</strong></span> 
     </span>
    </p>
   </div>
   <div class='ocr_carea' id='block_1_100' title="bbox 250 5364 1858 5439">
    <p class='ocr_par' dir='ltr' id='par_1_100' title="bbox 250 5364 1858 5439">
     <span class='ocr_line' id='line_1_100' title="bbox 250 5364 1858 5439; baseline 0.002 -19"><span class='ocrx_word' id='word_1_716' title='bbox 250 5364 613 5420; x_wconf 90' lang='lat' dir='ltr'><strong>nedictionem</strong></span> <span class='ocrx_word' id='word_1_717' title='bbox 646 5367 933 5438; x_wconf 89' lang='lat' dir='ltr'><strong>prohibere</strong></span> <span class='ocrx_word' id='word_1_718' title='bbox 964 5384 1070 5423; x_wconf 92' lang='lat' dir='ltr'><strong>non</strong></span> <span class='ocrx_word' id='word_1_719' title='bbox 1109 5367 1284 5424; x_wconf 91' lang='lat' dir='ltr'><strong>valeo.</strong></span> <span class='ocrx_word' id='word_1_720' title='bbox 1317 5367 1672 5439; x_wconf 90' lang='lat' dir='ltr'><strong>Omnipotens</strong></span> <span class='ocrx_word' id='word_1_721' title='bbox 1718 5369 1858 5424; x_wconf 87' lang='lat' dir='ltr'><strong>Deus</strong></span> 
     </span>
    </p>
   </div>
   <div class='ocr_carea' id='block_1_101' title="bbox 254 5458 1855 5542">
    <p class='ocr_par' dir='ltr' id='par_1_101' title="bbox 254 5458 1855 5542">
     <span class='ocr_line' id='line_1_101' title="bbox 254 5458 1855 5542; baseline 0.003 -30"><span class='ocrx_word' id='word_1_722' title='bbox 254 5475 287 5512; x_wconf 85' lang='lat' dir='ltr'><strong>a</strong></span> <span class='ocrx_word' id='word_1_723' title='bbox 317 5458 526 5514; x_wconf 88' lang='lat' dir='ltr'><strong>cunctis</strong></span> <span class='ocrx_word' id='word_1_724' title='bbox 555 5460 786 5532; x_wconf 87' lang='lat' dir='ltr'><strong>improbi</strong></span> <span class='ocrx_word' id='word_1_725' title='bbox 817 5460 1035 5516; x_wconf 77' lang='lat' dir='ltr'><strong>Satana:</strong></span> <span class='ocrx_word' id='word_1_726' title='bbox 1066 5477 1163 5518; x_wconf 88' lang='lat' dir='ltr'><strong>vos</strong></span> <span class='ocrx_word' id='word_1_727' title='bbox 1192 5461 1632 5542; x_wconf 77' lang='lat' dir='ltr'><strong>infestationibus</strong></span> <span class='ocrx_word' id='word_1_728' title='bbox 1669 5473 1855 5531; x_wconf 90' lang='lat' dir='ltr'><strong>prote-</strong></span> 
     </span>
    </p>
   </div>
   <div class='ocr_carea' id='block_1_102' title="bbox 255 5553 1854 5624">
    <p class='ocr_par' dir='ltr' id='par_1_102' title="bbox 255 5553 1854 5624">
     <span class='ocr_line' id='line_1_102' title="bbox 255 5553 1854 5624; baseline 0.002 -19"><span class='ocrx_word' id='word_1_729' title='bbox 255 5560 368 5621; x_wconf 78' lang='lat' dir='ltr'><strong>gat,</strong></span> <span class='ocrx_word' id='word_1_730' title='bbox 414 5559 471 5606; x_wconf 92' lang='lat' dir='ltr'><strong>et</strong></span> <span class='ocrx_word' id='word_1_731' title='bbox 516 5553 695 5606; x_wconf 89' lang='lat' dir='ltr'><strong>omnia</strong></span> <span class='ocrx_word' id='word_1_732' title='bbox 731 5553 912 5607; x_wconf 83' lang='lat' dir='ltr'><strong>carnis</strong></span> <span class='ocrx_word' id='word_1_733' title='bbox 954 5570 1016 5609; x_wconf 89' lang='lat' dir='ltr'><strong>ac</strong></span> <span class='ocrx_word' id='word_1_734' title='bbox 1065 5554 1288 5624; x_wconf 90' lang='lat' dir='ltr'><strong>spiritus</strong></span> <span class='ocrx_word' id='word_1_735' title='bbox 1336 5569 1365 5607; x_wconf 92' lang='lat' dir='ltr'><strong>a</strong></span> <span class='ocrx_word' id='word_1_736' title='bbox 1415 5555 1570 5608; x_wconf 87' lang='lat' dir='ltr'><strong>vobis</strong></span> <span class='ocrx_word' id='word_1_737' title='bbox 1600 5554 1854 5624; x_wconf 87' lang='lat' dir='ltr'><strong>inquina-</strong></span> 
     </span>
    </p>
   </div>
   <div class='ocr_carea' id='block_1_103' title="bbox 257 5643 1858 5717">
    <p class='ocr_par' dir='ltr' id='par_1_103' title="bbox 257 5643 1858 5717">
     <span class='ocr_line' id='line_1_103' title="bbox 257 5643 1858 5717; baseline 0.001 -18"><span class='ocrx_word' id='word_1_738' title='bbox 257 5653 438 5699; x_wconf 84' lang='lat' dir='ltr'><strong>menta</strong></span> <span class='ocrx_word' id='word_1_739' title='bbox 469 5643 733 5716; x_wconf 86' lang='lat' dir='ltr'><strong>detergat,</strong></span> <span class='ocrx_word' id='word_1_740' title='bbox 761 5646 955 5701; x_wconf 76' lang='lat' dir='ltr'><strong>Amen.</strong></span> <span class='ocrx_word' id='word_1_741' title='bbox 991 5645 1312 5717; x_wconf 78' lang='lat' dir='ltr'><strong>Exstinguat</strong></span> <span class='ocrx_word' id='word_1_742' title='bbox 1357 5646 1411 5701; x_wconf 89' lang='lat' dir='ltr'><strong>in</strong></span> <span class='ocrx_word' id='word_1_743' title='bbox 1436 5646 1592 5701; x_wconf 88' lang='lat' dir='ltr'><strong>vobis</strong></span> <span class='ocrx_word' id='word_1_744' title='bbox 1620 5654 1858 5700; x_wconf 58' lang='lat' dir='ltr'><strong>astuan-</strong></span> 
     </span>
    </p>
   </div>
   <div class='ocr_carea' id='block_1_104' title="bbox 261 5733 1862 5802">
    <p class='ocr_par' dir='ltr' id='par_1_104' title="bbox 261 5733 1862 5802">
     <span class='ocr_line' id='line_1_104' title="bbox 261 5733 1862 5802; baseline 0 -14"><span class='ocrx_word' id='word_1_745' title='bbox 261 5733 394 5789; x_wconf 87' lang='lat' dir='ltr'><strong>tium</strong></span> <span class='ocrx_word' id='word_1_746' title='bbox 423 5734 650 5791; x_wconf 86' lang='lat' dir='ltr'><strong>comites</strong></span> <span class='ocrx_word' id='word_1_747' title='bbox 673 5737 928 5790; x_wconf 91' lang='lat' dir='ltr'><strong>vitiorum</strong></span> <span class='ocrx_word' id='word_1_748' title='bbox 949 5778 964 5802; x_wconf 94' lang='lat'><strong>,</strong></span> <span class='ocrx_word' id='word_1_749' title='bbox 993 5745 1050 5792; x_wconf 91' lang='lat' dir='ltr'><strong>et</strong></span> <span class='ocrx_word' id='word_1_750' title='bbox 1085 5735 1282 5793; x_wconf 78' lang='lat' dir='ltr'><strong>florere</strong></span> <span class='ocrx_word' id='word_1_751' title='bbox 1315 5751 1408 5792; x_wconf 91' lang='lat' dir='ltr'><strong>vos</strong></span> <span class='ocrx_word' id='word_1_752' title='bbox 1435 5736 1600 5792; x_wconf 88' lang='lat' dir='ltr'><strong>faciat</strong></span> <span class='ocrx_word' id='word_1_753' title='bbox 1626 5750 1862 5790; x_wconf 88' lang='lat' dir='ltr'><strong>vernan-</strong></span> 
     </span>
    </p>
   </div>
   <div class='ocr_carea' id='block_1_105' title="bbox 259 5825 1860 5886">
    <p class='ocr_par' dir='ltr' id='par_1_105' title="bbox 259 5825 1860 5886">
     <span class='ocr_line' id='line_1_105' title="bbox 259 5825 1860 5886; baseline 0 -6"><span class='ocrx_word' id='word_1_754' title='bbox 259 5825 394 5881; x_wconf 88' lang='lat' dir='ltr'><strong>tium</strong></span> <span class='ocrx_word' id='word_1_755' title='bbox 440 5827 638 5882; x_wconf 89' lang='lat' dir='ltr'><strong>decore</strong></span> <span class='ocrx_word' id='word_1_756' title='bbox 681 5827 963 5882; x_wconf 86' lang='lat' dir='ltr'><strong>virtutum.</strong></span> <span class='ocrx_word' id='word_1_757' title='bbox 1009 5827 1204 5886; x_wconf 80' lang='lat' dir='ltr'><strong>Amen.</strong></span> <span class='ocrx_word' id='word_1_758' title='bbox 1261 5827 1363 5885; x_wconf 90' lang='lat' dir='ltr'><strong>Per</strong></span> <span class='ocrx_word' id='word_1_759' title='bbox 1414 5826 1860 5884; x_wconf 84' lang='lat' dir='ltr'><strong>intercessionem</strong></span> 
     </span>
    </p>
   </div>
   <div class='ocr_carea' id='block_1_106' title="bbox 1956 4735 3576 4809">
    <p class='ocr_par' dir='ltr' id='par_1_106' title="bbox 1956 4735 3576 4809">
     <span class='ocr_line' id='line_1_106' title="bbox 1956 4735 3576 4809; baseline -0.005 -15"><span class='ocrx_word' id='word_1_760' title='bbox 1956 4752 2062 4795; x_wconf 89' lang='lat' dir='ltr'><strong>tem</strong></span> <span class='ocrx_word' id='word_1_761' title='bbox 2116 4739 2342 4804; x_wconf 87' lang='lat' dir='ltr'><strong>habere,</strong></span> <span class='ocrx_word' id='word_1_762' title='bbox 2395 4754 2558 4808; x_wconf 84' lang='lat' dir='ltr'><strong>quam</strong></span> <span class='ocrx_word' id='word_1_763' title='bbox 2628 4737 2835 4809; x_wconf 82' lang='lat' dir='ltr'><strong>ﬁngere</strong></span> <span class='ocrx_word' id='word_1_764' title='bbox 2880 4753 2894 4791; x_wconf 90' lang='lat'><strong>:</strong></span> <span class='ocrx_word' id='word_1_765' title='bbox 2947 4745 3002 4793; x_wconf 90' lang='lat' dir='ltr'><strong>et</strong></span> <span class='ocrx_word' id='word_1_766' title='bbox 3053 4735 3392 4792; x_wconf 89' lang='lat' dir='ltr'><strong>tolerabilius</strong></span> <span class='ocrx_word' id='word_1_767' title='bbox 3443 4747 3576 4806; x_wconf 87' lang='lat' dir='ltr'><strong>puto</strong></span> 
     </span>
    </p>
   </div>
   <div class='ocr_carea' id='block_1_107' title="bbox 1955 4826 3576 4902">
    <p class='ocr_par' dir='ltr' id='par_1_107' title="bbox 1955 4826 3576 4902">
     <span class='ocr_line' id='line_1_107' title="bbox 1955 4826 3576 4902; baseline -0.005 -13"><span class='ocrx_word' id='word_1_768' title='bbox 1955 4834 2226 4889; x_wconf 88' lang='lat' dir='ltr'><strong>ebaritate</strong></span> <span class='ocrx_word' id='word_1_769' title='bbox 2251 4832 2552 4902; x_wconf 85' lang='lat' dir='ltr'><strong>quemlibet</strong></span> <span class='ocrx_word' id='word_1_770' title='bbox 2581 4845 2813 4887; x_wconf 84' lang='lat' dir='ltr'><strong>vacuum</strong></span> <span class='ocrx_word' id='word_1_771' title='bbox 2850 4843 2994 4896; x_wconf 84' lang='lat' dir='ltr'><strong>esse,</strong></span> <span class='ocrx_word' id='word_1_772' title='bbox 3025 4843 3190 4898; x_wconf 90' lang='lat' dir='ltr'><strong>quam</strong></span> <span class='ocrx_word' id='word_1_773' title='bbox 3235 4827 3354 4898; x_wconf 77' lang='lat' dir='ltr'><strong>ejus</strong></span> <span class='ocrx_word' id='word_1_774' title='bbox 3403 4826 3576 4898; x_wconf 87' lang='lat' dir='ltr'><strong>pleni-</strong></span> 
     </span>
    </p>
   </div>
   <div class='ocr_carea' id='block_1_108' title="bbox 1959 4921 3575 4992">
    <p class='ocr_par' dir='ltr' id='par_1_108' title="bbox 1959 4921 3575 4992">
     <span class='ocr_line' id='line_1_108' title="bbox 1959 4921 3575 4992; baseline -0.003 -12"><span class='ocrx_word' id='word_1_775' title='bbox 1959 4926 2204 4981; x_wconf 88' lang='lat' dir='ltr'><strong>tudinem</strong></span> <span class='ocrx_word' id='word_1_776' title='bbox 2234 4923 2515 4979; x_wconf 85' lang='lat' dir='ltr'><strong>simulare.</strong></span> <span class='ocrx_word' id='word_1_777' title='bbox 2556 4923 2658 4980; x_wconf 90' lang='lat' dir='ltr'><strong>Ubi</strong></span> <span class='ocrx_word' id='word_1_778' title='bbox 2699 4925 2847 4978; x_wconf 83' lang='lat' dir='ltr'><strong>enim</strong></span> <span class='ocrx_word' id='word_1_779' title='bbox 2886 4923 3034 4978; x_wconf 90' lang='lat' dir='ltr'><strong>nulla</strong></span> <span class='ocrx_word' id='word_1_780' title='bbox 3058 4921 3302 4977; x_wconf 79' lang='lat' dir='ltr'><strong>Charitas</strong></span> <span class='ocrx_word' id='word_1_781' title='bbox 3331 4929 3447 4986; x_wconf 91' lang='lat' dir='ltr'><strong>est,</strong></span> <span class='ocrx_word' id='word_1_782' title='bbox 3475 4936 3575 4992; x_wconf 83' lang='lat' dir='ltr'><strong>po-</strong></span> 
     </span>
    </p>
   </div>
   <div class='ocr_carea' id='block_1_109' title="bbox 1963 5012 3578 5090">
    <p class='ocr_par' dir='ltr' id='par_1_109' title="bbox 1963 5012 3578 5090">
     <span class='ocr_line' id='line_1_109' title="bbox 1963 5012 3578 5090; baseline -0.004 -16"><span class='ocrx_word' id='word_1_783' title='bbox 1963 5027 2067 5074; x_wconf 91' lang='lat' dir='ltr'><strong>test</strong></span> <span class='ocrx_word' id='word_1_784' title='bbox 2106 5032 2205 5090; x_wconf 89' lang='lat' dir='ltr'><strong>per</strong></span> <span class='ocrx_word' id='word_1_785' title='bbox 2241 5017 2481 5073; x_wconf 89' lang='lat' dir='ltr'><strong>divinam</strong></span> <span class='ocrx_word' id='word_1_786' title='bbox 2518 5017 2754 5086; x_wconf 84' lang='lat' dir='ltr'><strong>gratiam</strong></span> <span class='ocrx_word' id='word_1_787' title='bbox 2786 5015 2938 5071; x_wconf 89' lang='lat' dir='ltr'><strong>nasci</strong></span> <span class='ocrx_word' id='word_1_788' title='bbox 2973 5033 2987 5068; x_wconf 87' lang='lat'><strong><em>:</em></strong></span> <span class='ocrx_word' id='word_1_789' title='bbox 3021 5015 3114 5069; x_wconf 82' lang='lat' dir='ltr'><strong>tibi</strong></span> <span class='ocrx_word' id='word_1_790' title='bbox 3147 5028 3281 5068; x_wconf 85' lang='lat' dir='ltr'><strong>vero</strong></span> <span class='ocrx_word' id='word_1_791' title='bbox 3320 5012 3443 5068; x_wconf 83' lang='lat' dir='ltr'><strong>ﬁcta</strong></span> <span class='ocrx_word' id='word_1_792' title='bbox 3469 5023 3578 5078; x_wconf 84' lang='lat' dir='ltr'><strong>est,</strong></span> 
     </span>
    </p>
   </div>
   <div class='ocr_carea' id='block_1_110' title="bbox 1956 5108 3582 5184">
    <p class='ocr_par' dir='ltr' id='par_1_110' title="bbox 1956 5108 3582 5184">
     <span class='ocr_line' id='line_1_110' title="bbox 1956 5108 3582 5184; baseline -0.002 -21"><span class='ocrx_word' id='word_1_793' title='bbox 1956 5126 2066 5181; x_wconf 91' lang='lat' dir='ltr'><strong>quo</strong></span> <span class='ocrx_word' id='word_1_794' title='bbox 2107 5110 2396 5166; x_wconf 89' lang='lat' dir='ltr'><strong>veritatem</strong></span> <span class='ocrx_word' id='word_1_795' title='bbox 2427 5109 2530 5164; x_wconf 91' lang='lat' dir='ltr'><strong>sub</strong></span> <span class='ocrx_word' id='word_1_796' title='bbox 2565 5108 2808 5178; x_wconf 82' lang='lat' dir='ltr'><strong>figmenti</strong></span> <span class='ocrx_word' id='word_1_797' title='bbox 2838 5109 3025 5164; x_wconf 91' lang='lat' dir='ltr'><strong>colore</strong></span> <span class='ocrx_word' id='word_1_798' title='bbox 3058 5109 3356 5184; x_wconf 87' lang='lat' dir='ltr'><strong>mentitur,</strong></span> <span class='ocrx_word' id='word_1_799' title='bbox 3383 5121 3450 5161; x_wconf 94' lang='lat' dir='ltr'><strong>eo</strong></span> <span class='ocrx_word' id='word_1_800' title='bbox 3487 5116 3582 5160; x_wconf 89' lang='lat' dir='ltr'><strong>aut</strong></span> 
     </span>
    </p>
   </div>
   <div class='ocr_carea' id='block_1_111' title="bbox 1959 5197 3582 5272">
    <p class='ocr_par' dir='ltr' id='par_1_111' title="bbox 1959 5197 3582 5272">
     <span class='ocr_line' id='line_1_111' title="bbox 1959 5197 3582 5272; baseline -0.002 -16"><span class='ocrx_word' id='word_1_801' title='bbox 1959 5216 2236 5272; x_wconf 89' lang='lat' dir='ltr'><strong>nunquam</strong></span> <span class='ocrx_word' id='word_1_802' title='bbox 2284 5211 2379 5256; x_wconf 88' lang='lat' dir='ltr'><strong>attt</strong></span> <span class='ocrx_word' id='word_1_803' title='bbox 2434 5200 2707 5256; x_wconf 87' lang='lat' dir='ltr'><strong>diflicilius</strong></span> <span class='ocrx_word' id='word_1_804' title='bbox 2763 5209 3111 5256; x_wconf 85' lang='lat' dir='ltr'><strong>emendatur.</strong></span> <span class='ocrx_word' id='word_1_805' title='bbox 3162 5197 3392 5255; x_wconf 86' lang='lat' dir='ltr'><strong>Noverit</strong></span> <span class='ocrx_word' id='word_1_806' title='bbox 3445 5213 3582 5270; x_wconf 83' lang='lat' dir='ltr'><strong>ergo</strong></span> 
     </span>
    </p>
   </div>
   <div class='ocr_carea' id='block_1_112' title="bbox 1962 5290 3582 5362">
    <p class='ocr_par' dir='ltr' id='par_1_112' title="bbox 1962 5290 3582 5362">
     <span class='ocr_line' id='line_1_112' title="bbox 1962 5290 3582 5362; baseline -0.002 -14"><span class='ocrx_word' id='word_1_807' title='bbox 1962 5294 2277 5349; x_wconf 83' lang='lat' dir='ltr'><strong>dulcissima</strong></span> <span class='ocrx_word' id='word_1_808' title='bbox 2306 5293 2574 5348; x_wconf 86' lang='lat' dir='ltr'><strong>sanctitas</strong></span> <span class='ocrx_word' id='word_1_809' title='bbox 2603 5301 2807 5357; x_wconf 86' lang='lat' dir='ltr'><strong>vestra,</strong></span> <span class='ocrx_word' id='word_1_810' title='bbox 2831 5292 2960 5362; x_wconf 90' lang='lat' dir='ltr'><strong>quia</strong></span> <span class='ocrx_word' id='word_1_811' title='bbox 3009 5291 3242 5346; x_wconf 90' lang='lat' dir='ltr'><strong>multum</strong></span> <span class='ocrx_word' id='word_1_812' title='bbox 3279 5306 3368 5346; x_wconf 90' lang='lat' dir='ltr'><strong>me</strong></span> <span class='ocrx_word' id='word_1_813' title='bbox 3399 5290 3582 5359; x_wconf 69' lang='lat' dir='ltr'><strong>paeni-</strong></span> 
     </span>
    </p>
   </div>
   <div class='ocr_carea' id='block_1_113' title="bbox 1965 5383 3573 5456">
    <p class='ocr_par' dir='ltr' id='par_1_113' title="bbox 1965 5383 3573 5456">
     <span class='ocr_line' id='line_1_113' title="bbox 1965 5383 3573 5456; baseline -0.004 -14"><span class='ocrx_word' id='word_1_814' title='bbox 1965 5389 2089 5451; x_wconf 88' lang='lat' dir='ltr'><strong>tuit,</strong></span> <span class='ocrx_word' id='word_1_815' title='bbox 2143 5387 2402 5456; x_wconf 88' lang='lat' dir='ltr'><strong>quoniam</strong></span> <span class='ocrx_word' id='word_1_816' title='bbox 2457 5401 2580 5440; x_wconf 91' lang='lat' dir='ltr'><strong>cum</strong></span> <span class='ocrx_word' id='word_1_817' title='bbox 2635 5400 2732 5440; x_wconf 88' lang='lat' dir='ltr'><strong>vos</strong></span> <span class='ocrx_word' id='word_1_818' title='bbox 2777 5385 3038 5456; x_wconf 88' lang='lat' dir='ltr'><strong>conqueri</strong></span> <span class='ocrx_word' id='word_1_819' title='bbox 3067 5383 3405 5440; x_wconf 90' lang='lat' dir='ltr'><strong>caballorum</strong></span> <span class='ocrx_word' id='word_1_820' title='bbox 3443 5383 3573 5438; x_wconf 87' lang='lat' dir='ltr'><strong>indi-</strong></span> 
     </span>
    </p>
   </div>
   <div class='ocr_carea' id='block_1_114' title="bbox 1968 5477 3583 5551">
    <p class='ocr_par' dir='ltr' id='par_1_114' title="bbox 1968 5477 3583 5551">
     <span class='ocr_line' id='line_1_114' title="bbox 1968 5477 3583 5551; baseline -0.003 -17"><span class='ocrx_word' id='word_1_821' title='bbox 1968 5479 2207 5551; x_wconf 91' lang='lat' dir='ltr'><strong>gentiam</strong></span> <span class='ocrx_word' id='word_1_822' title='bbox 2237 5478 2441 5546; x_wconf 88' lang='lat' dir='ltr'><strong>audivi,</strong></span> <span class='ocrx_word' id='word_1_823' title='bbox 2480 5478 2548 5533; x_wconf 90' lang='lat' dir='ltr'><strong>de</strong></span> <span class='ocrx_word' id='word_1_824' title='bbox 2572 5493 2695 5534; x_wconf 90' lang='lat' dir='ltr'><strong>meo</strong></span> <span class='ocrx_word' id='word_1_825' title='bbox 2726 5478 2976 5548; x_wconf 83' lang='lat' dir='ltr'><strong>protinus</strong></span> <span class='ocrx_word' id='word_1_826' title='bbox 3010 5492 3116 5533; x_wconf 91' lang='lat' dir='ltr'><strong>non</strong></span> <span class='ocrx_word' id='word_1_827' title='bbox 3147 5477 3424 5540; x_wconf 90' lang='lat' dir='ltr'><strong>descendi,</strong></span> <span class='ocrx_word' id='word_1_828' title='bbox 3472 5491 3583 5530; x_wconf 88' lang='lat' dir='ltr'><strong>non</strong></span> 
     </span>
    </p>
   </div>
   <div class='ocr_carea' id='block_1_115' title="bbox 1970 5571 3578 5639">
    <p class='ocr_par' dir='ltr' id='par_1_115' title="bbox 1970 5571 3578 5639">
     <span class='ocr_line' id='line_1_115' title="bbox 1970 5571 3578 5639; baseline -0.002 -12"><span class='ocrx_word' id='word_1_829' title='bbox 1970 5573 2254 5628; x_wconf 88' lang='lat' dir='ltr'><strong>ultroneus</strong></span> <span class='ocrx_word' id='word_1_830' title='bbox 2278 5573 2470 5627; x_wconf 90' lang='lat' dir='ltr'><strong>ambos</strong></span> <span class='ocrx_word' id='word_1_831' title='bbox 2493 5571 2662 5627; x_wconf 94' lang='lat' dir='ltr'><strong>obtuli</strong></span> <span class='ocrx_word' id='word_1_832' title='bbox 2691 5591 2702 5626; x_wconf 89' lang='lat'>:</span> <span class='ocrx_word' id='word_1_833' title='bbox 2730 5581 2787 5627; x_wconf 92' lang='lat' dir='ltr'><strong>et</strong></span> <span class='ocrx_word' id='word_1_834' title='bbox 2806 5572 2965 5638; x_wconf 88' lang='lat' dir='ltr'><strong>velle,</strong></span> <span class='ocrx_word' id='word_1_835' title='bbox 2991 5571 3160 5637; x_wconf 89' lang='lat' dir='ltr'><strong>nolle,</strong></span> <span class='ocrx_word' id='word_1_836' title='bbox 3194 5579 3246 5626; x_wconf 88' lang='lat' dir='ltr'><strong>te</strong></span> <span class='ocrx_word' id='word_1_837' title='bbox 3275 5571 3578 5639; x_wconf 83' lang='lat' dir='ltr'><strong>suscipere,</strong></span> 
     </span>
    </p>
   </div>
   <div class='ocr_carea' id='block_1_116' title="bbox 1969 5660 3578 5734">
    <p class='ocr_par' dir='ltr' id='par_1_116' title="bbox 1969 5660 3578 5734">
     <span class='ocr_line' id='line_1_116' title="bbox 1969 5660 3578 5734; baseline -0.004 -16"><span class='ocrx_word' id='word_1_838' title='bbox 1969 5679 2074 5718; x_wconf 90' lang='lat' dir='ltr'><strong>non</strong></span> <span class='ocrx_word' id='word_1_839' title='bbox 2099 5663 2273 5734; x_wconf 83' lang='lat' dir='ltr'><strong>coegi.</strong></span> <span class='ocrx_word' id='word_1_840' title='bbox 2292 5661 2400 5716; x_wconf 84' lang='lat' dir='ltr'><strong>Sed</strong></span> <span class='ocrx_word' id='word_1_841' title='bbox 2432 5663 2575 5716; x_wconf 92' lang='lat' dir='ltr'><strong>inter</strong></span> <span class='ocrx_word' id='word_1_842' title='bbox 2598 5661 2717 5717; x_wconf 65' lang='lat' dir='ltr'><strong>haec</strong></span> <span class='ocrx_word' id='word_1_843' title='bbox 2747 5660 2875 5716; x_wconf 93' lang='lat' dir='ltr'><strong>illud</strong></span> <span class='ocrx_word' id='word_1_844' title='bbox 2907 5675 3126 5731; x_wconf 89' lang='lat' dir='ltr'><strong>quoque</strong></span> <span class='ocrx_word' id='word_1_845' title='bbox 3143 5677 3248 5714; x_wconf 91' lang='lat' dir='ltr'><strong>non</strong></span> <span class='ocrx_word' id='word_1_846' title='bbox 3273 5662 3392 5714; x_wconf 90' lang='lat' dir='ltr'><strong>sine</strong></span> <span class='ocrx_word' id='word_1_847' title='bbox 3412 5674 3578 5713; x_wconf 81' lang='lat' dir='ltr'><strong>causa</strong></span> 
     </span>
    </p>
   </div>
   <div class='ocr_carea' id='block_1_117' title="bbox 1970 5752 3580 5824">
    <p class='ocr_par' dir='ltr' id='par_1_117' title="bbox 1970 5752 3580 5824">
     <span class='ocr_line' id='line_1_117' title="bbox 1970 5752 3580 5824; baseline -0.004 -14"><span class='ocrx_word' id='word_1_848' title='bbox 1970 5756 2281 5819; x_wconf 89' lang='lat' dir='ltr'><strong>considero,</strong></span> <span class='ocrx_word' id='word_1_849' title='bbox 2306 5755 2434 5824; x_wconf 89' lang='lat' dir='ltr'><strong>quia</strong></span> <span class='ocrx_word' id='word_1_850' title='bbox 2461 5755 2664 5809; x_wconf 90' lang='lat' dir='ltr'><strong>dudum</strong></span> <span class='ocrx_word' id='word_1_851' title='bbox 2684 5771 2830 5810; x_wconf 89' lang='lat' dir='ltr'><strong>nunc</strong></span> <span class='ocrx_word' id='word_1_852' title='bbox 2858 5770 2954 5810; x_wconf 90' lang='lat' dir='ltr'><strong>cor</strong></span> <span class='ocrx_word' id='word_1_853' title='bbox 2984 5768 3164 5808; x_wconf 90' lang='lat' dir='ltr'><strong>meum</strong></span> <span class='ocrx_word' id='word_1_854' title='bbox 3189 5769 3254 5809; x_wconf 79' lang='lat' dir='ltr'><strong>ex</strong></span> <span class='ocrx_word' id='word_1_855' title='bbox 3289 5753 3392 5807; x_wconf 89' lang='lat' dir='ltr'><strong>hac</strong></span> <span class='ocrx_word' id='word_1_856' title='bbox 3421 5752 3580 5820; x_wconf 81' lang='lat' dir='ltr'><strong>culpa</strong></span> 
     </span>
    </p>
   </div>
   <div class='ocr_carea' id='block_1_118' title="bbox 1974 5841 3581 5918">
    <p class='ocr_par' dir='ltr' id='par_1_118' title="bbox 1974 5841 3581 5918">
     <span class='ocr_line' id='line_1_118' title="bbox 1974 5841 3581 5918; baseline -0.002 -16"><span class='ocrx_word' id='word_1_857' title='bbox 1974 5857 2125 5904; x_wconf 88' lang='lat' dir='ltr'><strong>tanto</strong></span> <span class='ocrx_word' id='word_1_858' title='bbox 2153 5846 2490 5918; x_wconf 60' lang='lat' dir='ltr'><strong>penikntize</strong></span> <span class='ocrx_word' id='word_1_859' title='bbox 2519 5847 2716 5902; x_wconf 89' lang='lat' dir='ltr'><strong>ardore</strong></span> <span class='ocrx_word' id='word_1_860' title='bbox 2733 5847 3077 5916; x_wconf 90' lang='lat' dir='ltr'><strong>decoquitur,</strong></span> <span class='ocrx_word' id='word_1_861' title='bbox 3111 5843 3296 5900; x_wconf 79' lang='lat' dir='ltr'><strong>et&#39;non</strong></span> <span class='ocrx_word' id='word_1_862' title='bbox 3328 5841 3581 5912; x_wconf 76' lang='lat' dir='ltr'><strong>implesse</strong></span> 
     </span>
    </p>
   </div>
  </div>
