  <div class='ocr_page' id='page_1' title='image "/cluster/home/n/w/nwhite01/storage/ocr_20150623/144-145/uc1.31175001639262/204.png"; bbox 0 0 4020 6346; ppageno 0'>
   <div class='ocr_carea' id='block_1_1' title="bbox 169 397 269 456">
    <p class='ocr_par' dir='ltr' id='par_1_1' title="bbox 169 397 269 456">
     <span class='ocr_line' id='line_1_1' title="bbox 169 397 269 456; baseline 0 -1"><span class='ocrx_word' id='word_1_1' title='bbox 169 397 269 456; x_wconf 75' lang='lat'><strong>393</strong></span> 
     </span>
    </p>
   </div>
   <div class='ocr_carea' id='block_1_2' title="bbox 1315 372 2250 442">
    <p class='ocr_par' dir='ltr' id='par_1_2' title="bbox 1315 372 2250 442">
     <span class='ocr_line' id='line_1_2' title="bbox 1315 372 2250 442; baseline -0.013 -4"><span class='ocrx_word' id='word_1_2' title='bbox 1315 381 1516 438; x_wconf 79' lang='lat' dir='ltr'><strong>LIBER</strong></span> <span class='ocrx_word' id='word_1_3' title='bbox 1555 377 1852 442; x_wconf 74' lang='lat' dir='ltr'><strong>SEXTUS,</strong></span> <span class='ocrx_word' id='word_1_4' title='bbox 1896 374 2114 431; x_wconf 75' lang='lat' dir='ltr'><strong>EPIST.</strong></span> <span class='ocrx_word' id='word_1_5' title='bbox 2161 372 2250 428; x_wconf 71' lang='lat' dir='ltr'><strong>XII</strong></span> 
     </span>
    </p>
   </div>
   <div class='ocr_carea' id='block_1_3' title="bbox 3361 363 3462 420">
    <p class='ocr_par' dir='ltr' id='par_1_3' title="bbox 3361 363 3462 420">
     <span class='ocr_line' id='line_1_3' title="bbox 3361 363 3462 420; baseline -0.02 -1"><span class='ocrx_word' id='word_1_6' title='bbox 3361 363 3462 420; x_wconf 67' lang='grc' dir='ltr'><strong>δθι</strong></span> 
     </span>
    </p>
   </div>
   <div class='ocr_carea' id='block_1_4' title="bbox 170 478 3467 566">
    <p class='ocr_par' dir='ltr' id='par_1_4' title="bbox 170 478 3467 566">
     <span class='ocr_line' id='line_1_4' title="bbox 170 478 3467 566; baseline -0.009 -2"><span class='ocrx_word' id='word_1_7' title='bbox 170 526 266 566; x_wconf 83' lang='lat' dir='ltr'><strong>nus</strong></span> <span class='ocrx_word' id='word_1_8' title='bbox 289 516 368 562; x_wconf 84' lang='lat' dir='ltr'><strong>est</strong></span> <span class='ocrx_word' id='word_1_9' title='bbox 395 503 882 565; x_wconf 85' lang='lat' dir='ltr'><strong>anachoretarum,</strong></span> <span class='ocrx_word' id='word_1_10' title='bbox 910 499 965 553; x_wconf 87' lang='lat' dir='ltr'><strong>id</strong></span> <span class='ocrx_word' id='word_1_11' title='bbox 990 507 1094 563; x_wconf 86' lang='lat' dir='ltr'><strong>est,</strong></span> <span class='ocrx_word' id='word_1_12' title='bbox 1123 506 1496 552; x_wconf 85' lang='lat' dir='ltr'><strong>eremttarum.</strong></span> <span class='ocrx_word' id='word_1_13' title='bbox 1537 493 1762 554; x_wconf 85' lang='lat' dir='ltr'><strong>llorum,</strong></span> <span class='ocrx_word' id='word_1_14' title='bbox 1794 494 1841 552; x_wconf 75' lang='grc' dir='ltr'><strong>Α</strong></span> <span class='ocrx_word' id='word_1_15' title='bbox 1870 489 1998 544; x_wconf 93' lang='lat' dir='ltr'><strong>illuc</strong></span> <span class='ocrx_word' id='word_1_16' title='bbox 2042 489 2359 544; x_wconf 88' lang='lat' dir='ltr'><strong>cohortatus</strong></span> <span class='ocrx_word' id='word_1_17' title='bbox 2405 484 2620 538; x_wconf 89' lang='lat' dir='ltr'><strong>invitat.</strong></span> <span class='ocrx_word' id='word_1_18' title='bbox 2656 481 2754 535; x_wconf 78' lang='lat' dir='ltr'><strong>Hic</strong></span> <span class='ocrx_word' id='word_1_19' title='bbox 2793 481 3037 550; x_wconf 71' lang='lat' dir='ltr'><strong>spiritale</strong></span> <span class='ocrx_word' id='word_1_20' title='bbox 3077 489 3354 534; x_wconf 82' lang='lat' dir='ltr'><strong>certamen</strong></span> <span class='ocrx_word' id='word_1_21' title='bbox 3388 478 3467 533; x_wconf 91' lang='lat' dir='ltr'><strong>in-</strong></span> 
     </span>
    </p>
   </div>
   <div class='ocr_carea' id='block_1_5' title="bbox 169 585 1764 669">
    <p class='ocr_par' dir='ltr' id='par_1_5' title="bbox 169 585 1764 669">
     <span class='ocr_line' id='line_1_5' title="bbox 169 585 1764 669; baseline -0.011 -18"><span class='ocrx_word' id='word_1_22' title='bbox 169 597 254 669; x_wconf 90' lang='lat' dir='ltr'><strong>qui</strong></span> <span class='ocrx_word' id='word_1_23' title='bbox 289 608 395 649; x_wconf 90' lang='lat' dir='ltr'><strong>non</strong></span> <span class='ocrx_word' id='word_1_24' title='bbox 429 589 813 647; x_wconf 76' lang='lat' dir='ltr'><strong>conversionis</strong></span> <span class='ocrx_word' id='word_1_25' title='bbox 846 587 1062 642; x_wconf 76' lang='lat' dir='ltr'><strong>fervore</strong></span> <span class='ocrx_word' id='word_1_26' title='bbox 1107 585 1333 649; x_wconf 89' lang='lat' dir='ltr'><strong>novitio,</strong></span> <span class='ocrx_word' id='word_1_27' title='bbox 1367 585 1460 638; x_wconf 89' lang='lat' dir='ltr'><strong>sed</strong></span> <span class='ocrx_word' id='word_1_28' title='bbox 1499 591 1764 636; x_wconf 89' lang='lat' dir='ltr'><strong>monaste-</strong></span> 
     </span>
    </p>
   </div>
   <div class='ocr_carea' id='block_1_6' title="bbox 169 672 1763 754">
    <p class='ocr_par' dir='ltr' id='par_1_6' title="bbox 169 672 1763 754">
     <span class='ocr_line' id='line_1_6' title="bbox 169 672 1763 754; baseline -0.009 -13"><span class='ocrx_word' id='word_1_29' title='bbox 169 688 230 742; x_wconf 90' lang='lat' dir='ltr'><strong>rii</strong></span> <span class='ocrx_word' id='word_1_30' title='bbox 258 683 587 754; x_wconf 81' lang='lat' dir='ltr'><strong>probatione</strong></span> <span class='ocrx_word' id='word_1_31' title='bbox 614 681 872 734; x_wconf 89' lang='lat' dir='ltr'><strong>diuturna</strong></span> <span class='ocrx_word' id='word_1_32' title='bbox 897 677 1204 732; x_wconf 88' lang='lat' dir='ltr'><strong>didicerunt</strong></span> <span class='ocrx_word' id='word_1_33' title='bbox 1234 684 1425 730; x_wconf 88' lang='lat' dir='ltr'><strong>contra</strong></span> <span class='ocrx_word' id='word_1_34' title='bbox 1466 672 1763 735; x_wconf 86' lang='lat' dir='ltr'><strong>diabolum,</strong></span> 
     </span>
    </p>
   </div>
   <div class='ocr_carea' id='block_1_7' title="bbox 168 763 1765 836">
    <p class='ocr_par' dir='ltr' id='par_1_7' title="bbox 168 763 1765 836">
     <span class='ocr_line' id='line_1_7' title="bbox 168 763 1765 836; baseline -0.012 -5"><span class='ocrx_word' id='word_1_35' title='bbox 168 776 461 832; x_wconf 80' lang='lat' dir='ltr'><strong>multorum</strong></span> <span class='ocrx_word' id='word_1_36' title='bbox 509 770 708 826; x_wconf 83' lang='lat' dir='ltr'><strong>solatio</strong></span> <span class='ocrx_word' id='word_1_37' title='bbox 741 767 859 836; x_wconf 87' lang='lat' dir='ltr'><strong>jam</strong></span> <span class='ocrx_word' id='word_1_38' title='bbox 903 766 1072 831; x_wconf 91' lang='lat' dir='ltr'><strong>docti,</strong></span> <span class='ocrx_word' id='word_1_39' title='bbox 1102 780 1376 836; x_wconf 88' lang='lat' dir='ltr'><strong>pugnare;</strong></span> <span class='ocrx_word' id='word_1_40' title='bbox 1417 772 1470 817; x_wconf 89' lang='lat' dir='ltr'><strong>et</strong></span> <span class='ocrx_word' id='word_1_41' title='bbox 1499 763 1634 816; x_wconf 84' lang='lat' dir='ltr'><strong>bene</strong></span> <span class='ocrx_word' id='word_1_42' title='bbox 1687 763 1765 814; x_wconf 84' lang='lat' dir='ltr'><strong>in-</strong></span> 
     </span>
    </p>
   </div>
   <div class='ocr_carea' id='block_1_8' title="bbox 166 855 1764 925">
    <p class='ocr_par' dir='ltr' id='par_1_8' title="bbox 166 855 1764 925">
     <span class='ocr_line' id='line_1_8' title="bbox 166 855 1764 925; baseline -0.013 -4"><span class='ocrx_word' id='word_1_43' title='bbox 166 865 356 921; x_wconf 89' lang='lat' dir='ltr'><strong>structi</strong></span> <span class='ocrx_word' id='word_1_44' title='bbox 409 864 658 916; x_wconf 89' lang='lat' dir='ltr'><strong>fraterna</strong></span> <span class='ocrx_word' id='word_1_45' title='bbox 713 875 776 915; x_wconf 75' lang='lat' dir='ltr'><strong>ex</strong></span> <span class='ocrx_word' id='word_1_46' title='bbox 835 860 984 922; x_wconf 97' lang='lat' dir='ltr'><strong>acie,</strong></span> <span class='ocrx_word' id='word_1_47' title='bbox 1036 857 1104 910; x_wconf 91' lang='lat' dir='ltr'><strong>ad</strong></span> <span class='ocrx_word' id='word_1_48' title='bbox 1154 855 1481 925; x_wconf 79' lang='lat' dir='ltr'><strong>singularem</strong></span> <span class='ocrx_word' id='word_1_49' title='bbox 1535 866 1764 922; x_wconf 82' lang='lat' dir='ltr'><strong>pugnam</strong></span> 
     </span>
    </p>
   </div>
   <div class='ocr_carea' id='block_1_9' title="bbox 166 939 1766 1016">
    <p class='ocr_par' dir='ltr' id='par_1_9' title="bbox 166 939 1766 1016">
     <span class='ocr_line' id='line_1_9' title="bbox 166 939 1766 1016; baseline -0.011 -7"><span class='ocrx_word' id='word_1_50' title='bbox 166 953 352 1015; x_wconf 87' lang='lat' dir='ltr'><strong>eremi.</strong></span> <span class='ocrx_word' id='word_1_51' title='bbox 396 951 584 1006; x_wconf 87' lang='lat' dir='ltr'><strong>securi</strong></span> <span class='ocrx_word' id='word_1_52' title='bbox 627 949 740 1016; x_wconf 88' lang='lat' dir='ltr'><strong>jam</strong></span> <span class='ocrx_word' id='word_1_53' title='bbox 776 950 896 1002; x_wconf 89' lang='lat' dir='ltr'><strong>sine</strong></span> <span class='ocrx_word' id='word_1_54' title='bbox 935 945 1313 1002; x_wconf 84' lang='lat' dir='ltr'><strong>consolatione</strong></span> <span class='ocrx_word' id='word_1_55' title='bbox 1355 942 1604 1005; x_wconf 85' lang='lat' dir='ltr'><strong>alterius,</strong></span> <span class='ocrx_word' id='word_1_56' title='bbox 1654 939 1766 993; x_wconf 91' lang='lat' dir='ltr'><strong>sola</strong></span> 
     </span>
    </p>
   </div>
   <div class='ocr_carea' id='block_1_10' title="bbox 166 1032 1766 1106">
    <p class='ocr_par' dir='ltr' id='par_1_10' title="bbox 166 1032 1766 1106">
     <span class='ocr_line' id='line_1_10' title="bbox 166 1032 1766 1106; baseline -0.011 -7"><span class='ocrx_word' id='word_1_57' title='bbox 166 1059 347 1106; x_wconf 83' lang='lat' dir='ltr'><strong>manu.</strong></span> <span class='ocrx_word' id='word_1_58' title='bbox 377 1043 467 1096; x_wconf 89' lang='lat' dir='ltr'><strong>vel</strong></span> <span class='ocrx_word' id='word_1_59' title='bbox 499 1042 748 1104; x_wconf 90' lang='lat' dir='ltr'><strong>brachio,</strong></span> <span class='ocrx_word' id='word_1_60' title='bbox 797 1047 987 1094; x_wconf 91' lang='lat' dir='ltr'><strong>contra</strong></span> <span class='ocrx_word' id='word_1_61' title='bbox 1026 1037 1155 1090; x_wconf 89' lang='lat' dir='ltr'><strong>vitia</strong></span> <span class='ocrx_word' id='word_1_62' title='bbox 1193 1035 1398 1098; x_wconf 87' lang='lat' dir='ltr'><strong>carnis,</strong></span> <span class='ocrx_word' id='word_1_63' title='bbox 1434 1032 1514 1087; x_wconf 86' lang='lat' dir='ltr'><strong>vel</strong></span> <span class='ocrx_word' id='word_1_64' title='bbox 1561 1032 1766 1102; x_wconf 84' lang='lat' dir='ltr'><strong>cogita-</strong></span> 
     </span>
    </p>
   </div>
   <div class='ocr_carea' id='block_1_11' title="bbox 168 1121 1769 1196">
    <p class='ocr_par' dir='ltr' id='par_1_11' title="bbox 168 1121 1769 1196">
     <span class='ocr_line' id='line_1_11' title="bbox 168 1121 1769 1196; baseline -0.009 -10"><span class='ocrx_word' id='word_1_65' title='bbox 168 1137 394 1196; x_wconf 89' lang='lat' dir='ltr'><strong>tionum,</strong></span> <span class='ocrx_word' id='word_1_66' title='bbox 449 1133 564 1186; x_wconf 87' lang='lat' dir='ltr'><strong>Deo</strong></span> <span class='ocrx_word' id='word_1_67' title='bbox 615 1131 936 1191; x_wconf 70' lang='lat' dir='ltr'><strong>auxiliante,</strong></span> <span class='ocrx_word' id='word_1_68' title='bbox 993 1125 1268 1181; x_wconf 74' lang='lat' dir='ltr'><strong>sufficiunt</strong></span> <span class='ocrx_word' id='word_1_69' title='bbox 1316 1138 1575 1194; x_wconf 87' lang='lat' dir='ltr'><strong>pugnare.</strong></span> <span class='ocrx_word' id='word_1_70' title='bbox 1615 1140 1632 1172; x_wconf 76' lang='grc' dir='ltr'><strong><em>ι</em></strong></span> <span class='ocrx_word' id='word_1_71' title='bbox 1690 1121 1769 1172; x_wconf 76' lang='lat' dir='ltr'><strong>Ex</strong></span> 
     </span>
    </p>
   </div>
   <div class='ocr_carea' id='block_1_12' title="bbox 164 1211 1771 1292">
    <p class='ocr_par' dir='ltr' id='par_1_12' title="bbox 164 1211 1771 1292">
     <span class='ocr_line' id='line_1_12' title="bbox 164 1211 1771 1292; baseline -0.009 -14"><span class='ocrx_word' id='word_1_72' title='bbox 164 1223 359 1292; x_wconf 86' lang='lat' dir='ltr'><strong>quibus</strong></span> <span class='ocrx_word' id='word_1_73' title='bbox 385 1223 582 1291; x_wconf 85' lang='lat' dir='ltr'><strong>utique</strong></span> <span class='ocrx_word' id='word_1_74' title='bbox 614 1221 907 1275; x_wconf 72' lang='lat' dir='ltr'><strong>manifeste</strong></span> <span class='ocrx_word' id='word_1_75' title='bbox 937 1217 1209 1286; x_wconf 80' lang='lat' dir='ltr'><strong>colligitur</strong></span> <span class='ocrx_word' id='word_1_76' title='bbox 1238 1215 1361 1284; x_wconf 87' lang='lat' dir='ltr'><strong>quia</strong></span> <span class='ocrx_word' id='word_1_77' title='bbox 1394 1215 1584 1268; x_wconf 85' lang='lat' dir='ltr'><strong>doctor</strong></span> <span class='ocrx_word' id='word_1_78' title='bbox 1617 1211 1771 1265; x_wconf 90' lang='lat' dir='ltr'><strong>almi-</strong></span> 
     </span>
    </p>
   </div>
   <div class='ocr_carea' id='block_1_13' title="bbox 167 1303 1769 1374">
    <p class='ocr_par' dir='ltr' id='par_1_13' title="bbox 167 1303 1769 1374">
     <span class='ocr_line' id='line_1_13' title="bbox 167 1303 1769 1374; baseline -0.009 -7"><span class='ocrx_word' id='word_1_79' title='bbox 167 1313 298 1367; x_wconf 89' lang='lat' dir='ltr'><strong>ficus</strong></span> <span class='ocrx_word' id='word_1_80' title='bbox 331 1313 398 1367; x_wconf 90' lang='lat' dir='ltr'><strong>de</strong></span> <span class='ocrx_word' id='word_1_81' title='bbox 432 1309 774 1365; x_wconf 88' lang='lat' dir='ltr'><strong>monasterio</strong></span> <span class='ocrx_word' id='word_1_82' title='bbox 819 1308 1044 1361; x_wconf 77' lang='lat' dir='ltr'><strong>fratrem</strong></span> <span class='ocrx_word' id='word_1_83' title='bbox 1083 1306 1383 1374; x_wconf 85' lang='lat' dir='ltr'><strong>quemlibet</strong></span> <span class='ocrx_word' id='word_1_84' title='bbox 1425 1303 1493 1356; x_wconf 91' lang='lat' dir='ltr'><strong>ad</strong></span> <span class='ocrx_word' id='word_1_85' title='bbox 1529 1315 1769 1356; x_wconf 91' lang='lat' dir='ltr'><strong>eremum</strong></span> 
     </span>
    </p>
   </div>
   <div class='ocr_carea' id='block_1_14' title="bbox 166 1393 1772 1464">
    <p class='ocr_par' dir='ltr' id='par_1_14' title="bbox 166 1393 1772 1464">
     <span class='ocr_line' id='line_1_14' title="bbox 166 1393 1772 1464; baseline -0.007 -8"><span class='ocrx_word' id='word_1_86' title='bbox 166 1403 540 1456; x_wconf 83' lang='lat' dir='ltr'><strong>conscendere</strong></span> <span class='ocrx_word' id='word_1_87' title='bbox 591 1416 697 1454; x_wconf 86' lang='lat' dir='ltr'><strong>non</strong></span> <span class='ocrx_word' id='word_1_88' title='bbox 728 1399 888 1453; x_wconf 91' lang='lat' dir='ltr'><strong>modo</strong></span> <span class='ocrx_word' id='word_1_89' title='bbox 936 1413 1041 1451; x_wconf 90' lang='lat' dir='ltr'><strong>non</strong></span> <span class='ocrx_word' id='word_1_90' title='bbox 1073 1396 1369 1464; x_wconf 82' lang='lat' dir='ltr'><strong>prohibuit,</strong></span> <span class='ocrx_word' id='word_1_91' title='bbox 1403 1410 1590 1448; x_wconf 75' lang='lat' dir='ltr'><strong>verum</strong></span> <span class='ocrx_word' id='word_1_92' title='bbox 1624 1393 1772 1446; x_wconf 91' lang='lat' dir='ltr'><strong>insu-</strong></span> 
     </span>
    </p>
   </div>
   <div class='ocr_carea' id='block_1_15' title="bbox 166 1485 1772 1563">
    <p class='ocr_par' dir='ltr' id='par_1_15' title="bbox 166 1485 1772 1563">
     <span class='ocr_line' id='line_1_15' title="bbox 166 1485 1772 1563; baseline -0.009 -15"><span class='ocrx_word' id='word_1_93' title='bbox 166 1508 260 1563; x_wconf 85' lang='lat' dir='ltr'><strong>per</strong></span> <span class='ocrx_word' id='word_1_94' title='bbox 290 1492 508 1547; x_wconf 81' lang='lat' dir='ltr'><strong>monuit</strong></span> <span class='ocrx_word' id='word_1_95' title='bbox 534 1500 589 1545; x_wconf 90' lang='lat' dir='ltr'><strong>et</strong></span> <span class='ocrx_word' id='word_1_96' title='bbox 613 1491 816 1554; x_wconf 89' lang='lat' dir='ltr'><strong>docuit,</strong></span> <span class='ocrx_word' id='word_1_97' title='bbox 848 1490 1069 1557; x_wconf 90' lang='lat' dir='ltr'><strong>insuper</strong></span> <span class='ocrx_word' id='word_1_98' title='bbox 1102 1487 1265 1542; x_wconf 88' lang='lat' dir='ltr'><strong>etiam</strong></span> <span class='ocrx_word' id='word_1_99' title='bbox 1291 1485 1614 1556; x_wconf 90' lang='lat' dir='ltr'><strong>quibusdam</strong></span> <span class='ocrx_word' id='word_1_100' title='bbox 1645 1497 1772 1552; x_wconf 89' lang='lat' dir='ltr'><strong>per-</strong></span> 
     </span>
    </p>
   </div>
   <div class='ocr_carea' id='block_1_16' title="bbox 168 1577 1777 1648">
    <p class='ocr_par' dir='ltr' id='par_1_16' title="bbox 168 1577 1777 1648">
     <span class='ocr_line' id='line_1_16' title="bbox 168 1577 1777 1648; baseline -0.007 -9"><span class='ocrx_word' id='word_1_101' title='bbox 168 1585 517 1640; x_wconf 89' lang='lat' dir='ltr'><strong>suasionibus</strong></span> <span class='ocrx_word' id='word_1_102' title='bbox 568 1583 834 1638; x_wconf 88' lang='lat' dir='ltr'><strong>incitavit.</strong></span> <span class='ocrx_word' id='word_1_103' title='bbox 882 1580 1280 1636; x_wconf 80' lang='lat' dir='ltr'><strong>Auctoritatem</strong></span> <span class='ocrx_word' id='word_1_104' title='bbox 1323 1577 1521 1648; x_wconf 87' lang='lat' dir='ltr'><strong>quippe</strong></span> <span class='ocrx_word' id='word_1_105' title='bbox 1569 1577 1678 1639; x_wconf 91' lang='lat' dir='ltr'><strong>dat,</strong></span> <span class='ocrx_word' id='word_1_106' title='bbox 1717 1583 1777 1628; x_wconf 92' lang='lat' dir='ltr'><strong>ut</strong></span> 
     </span>
    </p>
   </div>
   <div class='ocr_carea' id='block_1_17' title="bbox 167 1667 1772 1746">
    <p class='ocr_par' dir='ltr' id='par_1_17' title="bbox 167 1667 1772 1746">
     <span class='ocr_line' id='line_1_17' title="bbox 167 1667 1772 1746; baseline -0.007 -15"><span class='ocrx_word' id='word_1_107' title='bbox 167 1678 419 1731; x_wconf 87' lang='lat' dir='ltr'><strong>diuturna</strong></span> <span class='ocrx_word' id='word_1_108' title='bbox 473 1676 626 1746; x_wconf 80' lang='lat' dir='ltr'><strong>prius</strong></span> <span class='ocrx_word' id='word_1_109' title='bbox 666 1674 988 1743; x_wconf 85' lang='lat' dir='ltr'><strong>probatione</strong></span> <span class='ocrx_word' id='word_1_110' title='bbox 1033 1672 1203 1726; x_wconf 81' lang='lat' dir='ltr'><strong>frater</strong></span> <span class='ocrx_word' id='word_1_111' title='bbox 1246 1672 1300 1725; x_wconf 92' lang='lat' dir='ltr'><strong>in</strong></span> <span class='ocrx_word' id='word_1_112' title='bbox 1333 1668 1664 1724; x_wconf 87' lang='lat' dir='ltr'><strong>monasterio</strong></span> <span class='ocrx_word' id='word_1_113' title='bbox 1688 1667 1772 1720; x_wconf 87' lang='lat' dir='ltr'><strong>di-</strong></span> 
     </span>
    </p>
   </div>
   <div class='ocr_carea' id='block_1_18' title="bbox 168 1760 1778 1838">
    <p class='ocr_par' dir='ltr' id='par_1_18' title="bbox 168 1760 1778 1838">
     <span class='ocr_line' id='line_1_18' title="bbox 168 1760 1778 1838; baseline -0.009 -16"><span class='ocrx_word' id='word_1_114' title='bbox 168 1776 278 1821; x_wconf 87' lang='lat' dir='ltr'><strong>scat</strong></span> <span class='ocrx_word' id='word_1_115' title='bbox 301 1767 546 1838; x_wconf 86' lang='lat' dir='ltr'><strong>qualiter</strong></span> <span class='ocrx_word' id='word_1_116' title='bbox 579 1766 632 1819; x_wconf 92' lang='lat' dir='ltr'><strong>in</strong></span> <span class='ocrx_word' id='word_1_117' title='bbox 661 1779 847 1820; x_wconf 89' lang='lat' dir='ltr'><strong>eremo</strong></span> <span class='ocrx_word' id='word_1_118' title='bbox 873 1773 1062 1818; x_wconf 90' lang='lat' dir='ltr'><strong>contra</strong></span> <span class='ocrx_word' id='word_1_119' title='bbox 1091 1761 1271 1817; x_wconf 91' lang='lat' dir='ltr'><strong>callidi</strong></span> <span class='ocrx_word' id='word_1_120' title='bbox 1305 1760 1591 1814; x_wconf 88' lang='lat' dir='ltr'><strong>tentatoris</strong></span> <span class='ocrx_word' id='word_1_121' title='bbox 1617 1773 1778 1827; x_wconf 77' lang='lat' dir='ltr'><strong>argu-</strong></span> 
     </span>
    </p>
   </div>
   <div class='ocr_carea' id='block_1_19' title="bbox 1865 570 3470 650">
    <p class='ocr_par' dir='ltr' id='par_1_19' title="bbox 1865 570 3470 650">
     <span class='ocr_line' id='line_1_19' title="bbox 1865 570 3470 650; baseline -0.007 -15"><span class='ocrx_word' id='word_1_122' title='bbox 1865 581 2070 650; x_wconf 91' lang='lat' dir='ltr'><strong>cipere,</strong></span> <span class='ocrx_word' id='word_1_123' title='bbox 2111 578 2219 633; x_wconf 89' lang='lat' dir='ltr'><strong>illic</strong></span> <span class='ocrx_word' id='word_1_124' title='bbox 2248 577 2439 632; x_wconf 89' lang='lat' dir='ltr'><strong>edocet</strong></span> <span class='ocrx_word' id='word_1_125' title='bbox 2473 587 2876 629; x_wconf 91' lang='lat' dir='ltr'><strong>consummare.</strong></span> <span class='ocrx_word' id='word_1_126' title='bbox 2925 570 3022 626; x_wconf 88' lang='lat' dir='ltr'><strong>llic</strong></span> <span class='ocrx_word' id='word_1_127' title='bbox 3050 571 3306 626; x_wconf 87' lang='lat' dir='ltr'><strong>admonet</strong></span> <span class='ocrx_word' id='word_1_128' title='bbox 3342 571 3470 624; x_wconf 90' lang='lat' dir='ltr'><strong>tiro-</strong></span> 
     </span>
    </p>
   </div>
   <div class='ocr_carea' id='block_1_20' title="bbox 1865 662 3470 735">
    <p class='ocr_par' dir='ltr' id='par_1_20' title="bbox 1865 662 3470 735">
     <span class='ocr_line' id='line_1_20' title="bbox 1865 662 3470 735; baseline -0.007 -11"><span class='ocrx_word' id='word_1_129' title='bbox 1865 679 2027 724; x_wconf 88' lang='lat' dir='ltr'><strong>natus</strong></span> <span class='ocrx_word' id='word_1_130' title='bbox 2076 683 2226 722; x_wconf 89' lang='lat' dir='ltr'><strong>arma</strong></span> <span class='ocrx_word' id='word_1_131' title='bbox 2282 667 2559 735; x_wconf 87' lang='lat' dir='ltr'><strong>corripere</strong></span> <span class='ocrx_word' id='word_1_132' title='bbox 2588 705 2603 729; x_wconf 87' lang='lat'><strong>,</strong></span> <span class='ocrx_word' id='word_1_133' title='bbox 2645 673 2708 718; x_wconf 92' lang='lat' dir='ltr'><strong>ut</strong></span> <span class='ocrx_word' id='word_1_134' title='bbox 2751 664 2859 718; x_wconf 92' lang='lat' dir='ltr'><strong>illic</strong></span> <span class='ocrx_word' id='word_1_135' title='bbox 2904 663 3116 718; x_wconf 91' lang='lat' dir='ltr'><strong>noverit</strong></span> <span class='ocrx_word' id='word_1_136' title='bbox 3171 662 3470 731; x_wconf 76' lang='lat' dir='ltr'><strong>phalangas</strong></span> 
     </span>
    </p>
   </div>
   <div class='ocr_carea' id='block_1_21' title="bbox 1868 753 3466 826">
    <p class='ocr_par' dir='ltr' id='par_1_21' title="bbox 1868 753 3466 826">
     <span class='ocr_line' id='line_1_21' title="bbox 1868 753 3466 826; baseline -0.006 -10"><span class='ocrx_word' id='word_1_137' title='bbox 1868 761 2102 817; x_wconf 84' lang='lat' dir='ltr'><strong>hostium</strong></span> <span class='ocrx_word' id='word_1_138' title='bbox 2142 758 2508 826; x_wconf 83' lang='lat' dir='ltr'><strong>vitiorumque</strong></span> <span class='ocrx_word' id='word_1_139' title='bbox 2557 755 2866 810; x_wconf 84' lang='lat' dir='ltr'><strong>barbariem</strong></span> <span class='ocrx_word' id='word_1_140' title='bbox 2919 769 3024 807; x_wconf 93' lang='lat' dir='ltr'><strong>non</strong></span> <span class='ocrx_word' id='word_1_141' title='bbox 3059 753 3331 808; x_wconf 87' lang='lat' dir='ltr'><strong>enerviter</strong></span> <span class='ocrx_word' id='word_1_142' title='bbox 3365 753 3466 808; x_wconf 91' lang='lat' dir='ltr'><strong>ob-</strong></span> 
     </span>
    </p>
   </div>
   <div class='ocr_carea' id='block_1_22' title="bbox 1869 845 3472 918">
    <p class='ocr_par' dir='ltr' id='par_1_22' title="bbox 1869 845 3472 918">
     <span class='ocr_line' id='line_1_22' title="bbox 1869 845 3472 918; baseline -0.006 -12"><span class='ocrx_word' id='word_1_143' title='bbox 1869 863 2146 907; x_wconf 89' lang='lat' dir='ltr'><strong>truncare.</strong></span> <span class='ocrx_word' id='word_1_144' title='bbox 2207 851 2314 905; x_wconf 89' lang='lat' dir='ltr'><strong>Sed</strong></span> <span class='ocrx_word' id='word_1_145' title='bbox 2368 850 2506 904; x_wconf 87' lang='lat' dir='ltr'><strong>forte</strong></span> <span class='ocrx_word' id='word_1_146' title='bbox 2559 850 2774 903; x_wconf 89' lang='lat' dir='ltr'><strong>dicatur</strong></span> <span class='ocrx_word' id='word_1_147' title='bbox 2822 849 2948 918; x_wconf 85' lang='lat' dir='ltr'><strong>quia</strong></span> <span class='ocrx_word' id='word_1_148' title='bbox 2994 863 3094 901; x_wconf 88' lang='lat' dir='ltr'><strong>nos</strong></span> <span class='ocrx_word' id='word_1_149' title='bbox 3153 845 3326 900; x_wconf 90' lang='lat' dir='ltr'><strong>sancti</strong></span> <span class='ocrx_word' id='word_1_150' title='bbox 3371 845 3472 900; x_wconf 88' lang='lat' dir='ltr'><strong>viri</strong></span> 
     </span>
    </p>
   </div>
   <div class='ocr_carea' id='block_1_23' title="bbox 1869 933 3474 997">
    <p class='ocr_par' dir='ltr' id='par_1_23' title="bbox 1869 933 3474 997">
     <span class='ocr_line' id='line_1_23' title="bbox 1869 933 3474 997; baseline -0.004 -1"><span class='ocrx_word' id='word_1_151' title='bbox 1869 944 2030 997; x_wconf 90' lang='lat' dir='ltr'><strong>verba</strong></span> <span class='ocrx_word' id='word_1_152' title='bbox 2065 942 2130 995; x_wconf 89' lang='lat' dir='ltr'><strong>ad</strong></span> <span class='ocrx_word' id='word_1_153' title='bbox 2162 950 2360 996; x_wconf 61' lang='lat' dir='ltr'><strong>nostras</strong></span> <span class='ocrx_word' id='word_1_154' title='bbox 2391 940 2685 994; x_wconf 80' lang='lat' dir='ltr'><strong>voluntatis</strong></span> <span class='ocrx_word' id='word_1_155' title='bbox 2713 938 2996 992; x_wconf 86' lang='lat' dir='ltr'><strong>arbitrium</strong></span> <span class='ocrx_word' id='word_1_156' title='bbox 3025 937 3292 991; x_wconf 82' lang='lat' dir='ltr'><strong>violenter</strong></span> <span class='ocrx_word' id='word_1_157' title='bbox 3322 933 3474 990; x_wconf 79' lang='lat' dir='ltr'><strong>infle-</strong></span> 
     </span>
    </p>
   </div>
   <div class='ocr_carea' id='block_1_24' title="bbox 1870 1026 3476 1100">
    <p class='ocr_par' dir='ltr' id='par_1_24' title="bbox 1870 1026 3476 1100">
     <span class='ocr_line' id='line_1_24' title="bbox 1870 1026 3476 1100; baseline -0.006 -12"><span class='ocrx_word' id='word_1_158' title='bbox 1870 1035 2106 1098; x_wconf 91' lang='lat' dir='ltr'><strong>ctitnus,</strong></span> <span class='ocrx_word' id='word_1_159' title='bbox 2161 1042 2216 1086; x_wconf 90' lang='lat' dir='ltr'><strong>et</strong></span> <span class='ocrx_word' id='word_1_160' title='bbox 2270 1033 2449 1100; x_wconf 88' lang='lat' dir='ltr'><strong>potius</strong></span> <span class='ocrx_word' id='word_1_161' title='bbox 2505 1030 2840 1100; x_wconf 75' lang='lat' dir='ltr'><strong>argumentis</strong></span> <span class='ocrx_word' id='word_1_162' title='bbox 2899 1028 3184 1081; x_wconf 89' lang='lat' dir='ltr'><strong>innitimur</strong></span> <span class='ocrx_word' id='word_1_163' title='bbox 3227 1040 3389 1095; x_wconf 88' lang='lat' dir='ltr'><strong>quam</strong></span> <span class='ocrx_word' id='word_1_164' title='bbox 3422 1026 3476 1078; x_wconf 93' lang='lat' dir='ltr'><strong>in</strong></span> 
     </span>
    </p>
   </div>
   <div class='ocr_carea' id='block_1_25' title="bbox 1872 1115 3480 1190">
    <p class='ocr_par' dir='ltr' id='par_1_25' title="bbox 1872 1115 3480 1190">
     <span class='ocr_line' id='line_1_25' title="bbox 1872 1115 3480 1190; baseline -0.005 -14"><span class='ocrx_word' id='word_1_165' title='bbox 1872 1125 1974 1176; x_wconf 89' lang='lat' dir='ltr'><strong>hac</strong></span> <span class='ocrx_word' id='word_1_166' title='bbox 2006 1121 2453 1190; x_wconf 81' lang='lat' dir='ltr'><strong>interpretatione</strong></span> <span class='ocrx_word' id='word_1_167' title='bbox 2481 1122 2768 1172; x_wconf 83' lang='lat' dir='ltr'><strong>verborum</strong></span> <span class='ocrx_word' id='word_1_168' title='bbox 2799 1117 2952 1171; x_wconf 84' lang='lat' dir='ltr'><strong>nobis</strong></span> <span class='ocrx_word' id='word_1_169' title='bbox 2981 1115 3309 1185; x_wconf 72' lang='lat' dir='ltr'><strong>suffragetur</strong></span> <span class='ocrx_word' id='word_1_170' title='bbox 3340 1116 3480 1169; x_wconf 87' lang='lat' dir='ltr'><strong>veri-</strong></span> 
     </span>
    </p>
   </div>
   <div class='ocr_carea' id='block_1_26' title="bbox 1875 1205 3483 1280">
    <p class='ocr_par' dir='ltr' id='par_1_26' title="bbox 1875 1205 3483 1280">
     <span class='ocr_line' id='line_1_26' title="bbox 1875 1205 3483 1280; baseline -0.003 -16"><span class='ocrx_word' id='word_1_171' title='bbox 1875 1221 1978 1265; x_wconf 90' lang='lat' dir='ltr'><strong>tas.</strong></span> <span class='ocrx_word' id='word_1_172' title='bbox 2012 1211 2358 1280; x_wconf 74' lang='lat' dir='ltr'><strong>Inquiramus</strong></span> <span class='ocrx_word' id='word_1_173' title='bbox 2385 1209 2560 1262; x_wconf 87' lang='lat' dir='ltr'><strong>adhuc</strong></span> <span class='ocrx_word' id='word_1_174' title='bbox 2589 1207 2966 1260; x_wconf 86' lang='lat' dir='ltr'><strong>beatissimum</strong></span> <span class='ocrx_word' id='word_1_175' title='bbox 3004 1207 3206 1269; x_wconf 89' lang='lat' dir='ltr'><strong>virum,</strong></span> <span class='ocrx_word' id='word_1_176' title='bbox 3251 1214 3311 1259; x_wconf 93' lang='lat' dir='ltr'><strong>ut</strong></span> <span class='ocrx_word' id='word_1_177' title='bbox 3339 1205 3483 1275; x_wconf 91' lang='lat' dir='ltr'><strong>quod</strong></span> 
     </span>
    </p>
   </div>
   <div class='ocr_carea' id='block_1_27' title="bbox 1874 1295 3482 1368">
    <p class='ocr_par' dir='ltr' id='par_1_27' title="bbox 1874 1295 3482 1368">
     <span class='ocr_line' id='line_1_27' title="bbox 1874 1295 3482 1368; baseline -0.002 -15"><span class='ocrx_word' id='word_1_178' title='bbox 1874 1315 2037 1368; x_wconf 86' lang='lat' dir='ltr'><strong>super</strong></span> <span class='ocrx_word' id='word_1_179' title='bbox 2068 1297 2226 1364; x_wconf 83' lang='lat' dir='ltr'><strong>hujus</strong></span> <span class='ocrx_word' id='word_1_180' title='bbox 2253 1297 2666 1364; x_wconf 86' lang='lat' dir='ltr'><strong>disceptationis</strong></span> <span class='ocrx_word' id='word_1_181' title='bbox 2714 1295 2945 1350; x_wconf 90' lang='lat' dir='ltr'><strong>articulo</strong></span> <span class='ocrx_word' id='word_1_182' title='bbox 2992 1296 3188 1349; x_wconf 81' lang='lat' dir='ltr'><strong>sentiat</strong></span> <span class='ocrx_word' id='word_1_183' title='bbox 3226 1295 3482 1350; x_wconf 85' lang='lat' dir='ltr'><strong>enuclea-</strong></span> 
     </span>
    </p>
   </div>
   <div class='ocr_carea' id='block_1_28' title="bbox 1877 1384 3492 1454">
    <p class='ocr_par' dir='ltr' id='par_1_28' title="bbox 1877 1384 3492 1454">
     <span class='ocr_line' id='line_1_28' title="bbox 1877 1384 3492 1454; baseline 0 -15"><span class='ocrx_word' id='word_1_184' title='bbox 1877 1388 1982 1440; x_wconf 91' lang='lat' dir='ltr'><strong>tius</strong></span> <span class='ocrx_word' id='word_1_185' title='bbox 2009 1387 2304 1451; x_wconf 85' lang='lat' dir='ltr'><strong>elucescat,</strong></span> <span class='ocrx_word' id='word_1_186' title='bbox 2347 1395 2406 1440; x_wconf 93' lang='lat' dir='ltr'><strong>et</strong></span> <span class='ocrx_word' id='word_1_187' title='bbox 2445 1385 2531 1438; x_wconf 89' lang='lat' dir='ltr'><strong>illa</strong></span> <span class='ocrx_word' id='word_1_188' title='bbox 2560 1385 2778 1452; x_wconf 82' lang='lat' dir='ltr'><strong>quidem</strong></span> <span class='ocrx_word' id='word_1_189' title='bbox 2803 1386 2924 1454; x_wconf 88' lang='lat' dir='ltr'><strong>ejus</strong></span> <span class='ocrx_word' id='word_1_190' title='bbox 2952 1399 3073 1453; x_wconf 61' lang='lat' dir='ltr'><strong>qua:</strong></span> <span class='ocrx_word' id='word_1_191' title='bbox 3109 1400 3271 1454; x_wconf 87' lang='lat' dir='ltr'><strong>supra</strong></span> <span class='ocrx_word' id='word_1_192' title='bbox 3304 1384 3492 1454; x_wconf 58' lang='lat' dir='ltr'><strong>posui-</strong></span> 
     </span>
    </p>
   </div>
   <div class='ocr_carea' id='block_1_29' title="bbox 1876 1477 3482 1547">
    <p class='ocr_par' dir='ltr' id='par_1_29' title="bbox 1876 1477 3482 1547">
     <span class='ocr_line' id='line_1_29' title="bbox 1876 1477 3482 1547; baseline -0.001 -14"><span class='ocrx_word' id='word_1_193' title='bbox 1876 1494 1998 1533; x_wconf 90' lang='lat' dir='ltr'><strong>mus</strong></span> <span class='ocrx_word' id='word_1_194' title='bbox 2049 1477 2102 1531; x_wconf 90' lang='lat' dir='ltr'><strong>in</strong></span> <span class='ocrx_word' id='word_1_195' title='bbox 2155 1479 2271 1547; x_wconf 89' lang='lat' dir='ltr'><strong>ipso</strong></span> <span class='ocrx_word' id='word_1_196' title='bbox 2327 1486 2527 1532; x_wconf 78' lang='lat' dir='ltr'><strong>sach</strong></span> <span class='ocrx_word' id='word_1_197' title='bbox 2582 1478 2780 1545; x_wconf 75' lang='lat' dir='ltr'><strong>regula:</strong></span> <span class='ocrx_word' id='word_1_198' title='bbox 2837 1478 3187 1546; x_wconf 90' lang='lat' dir='ltr'><strong>reperiuntur</strong></span> <span class='ocrx_word' id='word_1_199' title='bbox 3237 1478 3482 1532; x_wconf 79' lang='lat' dir='ltr'><strong>exordio.</strong></span> 
     </span>
    </p>
   </div>
   <div class='ocr_carea' id='block_1_30' title="bbox 1877 1566 3483 1638">
    <p class='ocr_par' dir='ltr' id='par_1_30' title="bbox 1877 1566 3483 1638">
     <span class='ocr_line' id='line_1_30' title="bbox 1877 1566 3483 1638; baseline 0 -18"><span class='ocrx_word' id='word_1_200' title='bbox 1877 1566 2172 1622; x_wconf 73' lang='lat' dir='ltr'><strong>Videamus</strong></span> <span class='ocrx_word' id='word_1_201' title='bbox 2193 1583 2335 1622; x_wconf 89' lang='lat' dir='ltr'><strong>nunc</strong></span> <span class='ocrx_word' id='word_1_202' title='bbox 2355 1583 2463 1637; x_wconf 89' lang='lat' dir='ltr'><strong>quo</strong></span> <span class='ocrx_word' id='word_1_203' title='bbox 2483 1569 2731 1622; x_wconf 90' lang='lat' dir='ltr'><strong>eamdem</strong></span> <span class='ocrx_word' id='word_1_204' title='bbox 2755 1568 2994 1638; x_wconf 87' lang='lat' dir='ltr'><strong>regulam</strong></span> <span class='ocrx_word' id='word_1_205' title='bbox 3023 1568 3130 1622; x_wconf 85' lang='lat' dir='ltr'><strong>fine</strong></span> <span class='ocrx_word' id='word_1_206' title='bbox 3160 1569 3449 1624; x_wconf 87' lang='lat' dir='ltr'><strong>concludat</strong></span> <span class='ocrx_word' id='word_1_207' title='bbox 3471 1586 3483 1620; x_wconf 91' lang='lat'>:</span> 
     </span>
    </p>
   </div>
   <div class='ocr_carea' id='block_1_31' title="bbox 1886 1660 3489 1730">
    <p class='ocr_par' dir='ltr' id='par_1_31' title="bbox 1886 1660 3489 1730">
     <span class='ocr_line' id='line_1_31' title="bbox 1886 1660 3489 1730; baseline 0.004 -18"><span class='ocrx_word' id='word_1_208' title='bbox 1886 1680 1904 1712; x_wconf 74' lang='grc' dir='ltr'>ι</span> <span class='ocrx_word' id='word_1_209' title='bbox 1940 1660 2200 1730; x_wconf 77' lang='lat' dir='ltr'><strong>Regulam</strong></span> <span class='ocrx_word' id='word_1_210' title='bbox 2232 1670 2413 1714; x_wconf 89' lang='lat' dir='ltr'><strong>autem</strong></span> <span class='ocrx_word' id='word_1_211' title='bbox 2445 1662 2582 1716; x_wconf 90' lang='lat' dir='ltr'><strong>hanc</strong></span> <span class='ocrx_word' id='word_1_212' title='bbox 2608 1661 3017 1730; x_wconf 88' lang='lat' dir='ltr'><strong>descripsimus,</strong></span> <span class='ocrx_word' id='word_1_213' title='bbox 3052 1673 3107 1715; x_wconf 90' lang='lat' dir='ltr'><strong>ut</strong></span> <span class='ocrx_word' id='word_1_214' title='bbox 3133 1664 3272 1717; x_wconf 88' lang='lat' dir='ltr'><strong>hanc</strong></span> <span class='ocrx_word' id='word_1_215' title='bbox 3299 1665 3489 1718; x_wconf 85' lang='lat' dir='ltr'><strong>obser-</strong></span> 
     </span>
    </p>
   </div>
   <div class='ocr_carea' id='block_1_32' title="bbox 1879 1751 3490 1820">
    <p class='ocr_par' dir='ltr' id='par_1_32' title="bbox 1879 1751 3490 1820">
     <span class='ocr_line' id='line_1_32' title="bbox 1879 1751 3490 1820; baseline 0.003 -16"><span class='ocrx_word' id='word_1_216' title='bbox 1879 1761 2072 1806; x_wconf 90' lang='lat' dir='ltr'><strong>vantes</strong></span> <span class='ocrx_word' id='word_1_217' title='bbox 2121 1753 2172 1805; x_wconf 92' lang='lat' dir='ltr'><strong>in</strong></span> <span class='ocrx_word' id='word_1_218' title='bbox 2224 1752 2572 1806; x_wconf 84' lang='lat' dir='ltr'><strong>monasteriis</strong></span> <span class='ocrx_word' id='word_1_219' title='bbox 2616 1751 2981 1820; x_wconf 87' lang='lat' dir='ltr'><strong>aliquatenus,</strong></span> <span class='ocrx_word' id='word_1_220' title='bbox 3008 1754 3097 1808; x_wconf 75' lang='lat' dir='ltr'><strong>vel</strong></span> <span class='ocrx_word' id='word_1_221' title='bbox 3146 1755 3490 1809; x_wconf 84' lang='lat' dir='ltr'><strong>honestatem</strong></span> 
     </span>
    </p>
   </div>
   <div class='ocr_carea' id='block_1_33' title="bbox 169 1826 3492 1926">
    <p class='ocr_par' dir='ltr' id='par_1_33' title="bbox 169 1826 3492 1926">
     <span class='ocr_line' id='line_1_33' title="bbox 169 1826 3492 1926; baseline -0.003 -14"><span class='ocrx_word' id='word_1_222' title='bbox 169 1826 344 1912; x_wconf 72' lang='lat' dir='ltr'><strong>menta</strong></span> <span class='ocrx_word' id='word_1_223' title='bbox 375 1855 660 1926; x_wconf 80' lang='lat' dir='ltr'><strong>conﬂigat.</strong></span> <span class='ocrx_word' id='word_1_224' title='bbox 694 1855 793 1909; x_wconf 87' lang='lat' dir='ltr'><strong>llic</strong></span> <span class='ocrx_word' id='word_1_225' title='bbox 816 1855 960 1909; x_wconf 92' lang='lat' dir='ltr'><strong>enim</strong></span> <span class='ocrx_word' id='word_1_226' title='bbox 985 1869 1226 1924; x_wconf 88' lang='lat' dir='ltr'><strong>pugnare</strong></span> <span class='ocrx_word' id='word_1_227' title='bbox 1257 1852 1549 1905; x_wconf 90' lang='lat' dir='ltr'><strong>multorum</strong></span> <span class='ocrx_word' id='word_1_228' title='bbox 1583 1847 1775 1903; x_wconf 91' lang='lat' dir='ltr'><strong>solatio</strong></span> <span class='ocrx_word' id='word_1_229' title='bbox 1810 1826 1855 1888; x_wconf 78' lang='grc' dir='ltr'><strong><em>Β</em></strong></span> <span class='ocrx_word' id='word_1_230' title='bbox 1883 1860 2118 1910; x_wconf 89' lang='lat' dir='ltr'><strong>morum,</strong></span> <span class='ocrx_word' id='word_1_231' title='bbox 2163 1855 2256 1898; x_wconf 90' lang='lat' dir='ltr'><strong>aut</strong></span> <span class='ocrx_word' id='word_1_232' title='bbox 2291 1845 2507 1898; x_wconf 90' lang='lat' dir='ltr'><strong>initium</strong></span> <span class='ocrx_word' id='word_1_233' title='bbox 2543 1846 2981 1901; x_wconf 82' lang='lat' dir='ltr'><strong>conversationis</strong></span> <span class='ocrx_word' id='word_1_234' title='bbox 3007 1861 3106 1901; x_wconf 90' lang='lat' dir='ltr'><strong>nos</strong></span> <span class='ocrx_word' id='word_1_235' title='bbox 3154 1846 3492 1903; x_wconf 72' lang='lat' dir='ltr'><strong>demonstre-</strong></span> 
     </span>
    </p>
   </div>
   <div class='ocr_carea' id='block_1_34' title="bbox 171 1937 1780 2012">
    <p class='ocr_par' dir='ltr' id='par_1_34' title="bbox 171 1937 1780 2012">
     <span class='ocr_line' id='line_1_34' title="bbox 171 1937 1780 2012; baseline -0.004 -15"><span class='ocrx_word' id='word_1_236' title='bbox 171 1944 337 2001; x_wconf 90' lang='lat' dir='ltr'><strong>frctus</strong></span> <span class='ocrx_word' id='word_1_237' title='bbox 387 1945 633 2011; x_wconf 83' lang='lat' dir='ltr'><strong>inchoat,</strong></span> <span class='ocrx_word' id='word_1_238' title='bbox 688 1951 748 1996; x_wconf 93' lang='lat' dir='ltr'><strong>ut</strong></span> <span class='ocrx_word' id='word_1_239' title='bbox 788 1943 896 1998; x_wconf 91' lang='lat' dir='ltr'><strong>illic</strong></span> <span class='ocrx_word' id='word_1_240' title='bbox 944 1943 1285 2012; x_wconf 90' lang='lat' dir='ltr'><strong>postmodum</strong></span> <span class='ocrx_word' id='word_1_241' title='bbox 1323 1941 1435 1996; x_wconf 91' lang='lat' dir='ltr'><strong>sola</strong></span> <span class='ocrx_word' id='word_1_242' title='bbox 1485 1955 1648 1994; x_wconf 90' lang='lat' dir='ltr'><strong>manu</strong></span> <span class='ocrx_word' id='word_1_243' title='bbox 1694 1937 1780 1992; x_wconf 88' lang='lat' dir='ltr'><strong>vel</strong></span> 
     </span>
    </p>
   </div>
   <div class='ocr_carea' id='block_1_35' title="bbox 168 2035 1779 2107">
    <p class='ocr_par' dir='ltr' id='par_1_35' title="bbox 168 2035 1779 2107">
     <span class='ocr_line' id='line_1_35' title="bbox 168 2035 1779 2107; baseline -0.006 -15"><span class='ocrx_word' id='word_1_244' title='bbox 168 2040 390 2099; x_wconf 87' lang='lat' dir='ltr'><strong>brachio</strong></span> <span class='ocrx_word' id='word_1_245' title='bbox 436 2036 858 2107; x_wconf 84' lang='lat' dir='ltr'><strong>infatigabiliter</strong></span> <span class='ocrx_word' id='word_1_246' title='bbox 891 2051 951 2089; x_wconf 90' lang='lat' dir='ltr'><strong>se</strong></span> <span class='ocrx_word' id='word_1_247' title='bbox 977 2044 1032 2089; x_wconf 93' lang='lat' dir='ltr'><strong>et</strong></span> <span class='ocrx_word' id='word_1_248' title='bbox 1076 2035 1451 2090; x_wconf 89' lang='lat' dir='ltr'><strong>indesinenter</strong></span> <span class='ocrx_word' id='word_1_249' title='bbox 1495 2044 1779 2095; x_wconf 78' lang='lat' dir='ltr'><strong>exercens,</strong></span> 
     </span>
    </p>
   </div>
   <div class='ocr_carea' id='block_1_36' title="bbox 170 2126 1780 2202">
    <p class='ocr_par' dir='ltr' id='par_1_36' title="bbox 170 2126 1780 2202">
     <span class='ocr_line' id='line_1_36' title="bbox 170 2126 1780 2202; baseline -0.003 -19"><span class='ocrx_word' id='word_1_250' title='bbox 170 2131 346 2184; x_wconf 84' lang='lat' dir='ltr'><strong>carnis</strong></span> <span class='ocrx_word' id='word_1_251' title='bbox 395 2129 788 2202; x_wconf 77' lang='lat' dir='ltr'><strong>ingruentibus</strong></span> <span class='ocrx_word' id='word_1_252' title='bbox 839 2128 1006 2192; x_wconf 87' lang='lat' dir='ltr'><strong>vitiis,</strong></span> <span class='ocrx_word' id='word_1_253' title='bbox 1057 2127 1142 2181; x_wconf 94' lang='lat' dir='ltr'><strong>vel</strong></span> <span class='ocrx_word' id='word_1_254' title='bbox 1197 2126 1618 2197; x_wconf 79' lang='lat' dir='ltr'><strong>cogitationibus</strong></span> <span class='ocrx_word' id='word_1_255' title='bbox 1674 2139 1780 2178; x_wconf 91' lang='lat' dir='ltr'><strong>non</strong></span> 
     </span>
    </p>
   </div>
   <div class='ocr_carea' id='block_1_37' title="bbox 169 2215 1778 2284">
    <p class='ocr_par' dir='ltr' id='par_1_37' title="bbox 169 2215 1778 2284">
     <span class='ocr_line' id='line_1_37' title="bbox 169 2215 1778 2284; baseline -0.004 -10"><span class='ocrx_word' id='word_1_256' title='bbox 169 2222 510 2276; x_wconf 77' lang='lat' dir='ltr'><strong>succumbat.</strong></span> <span class='ocrx_word' id='word_1_257' title='bbox 545 2216 646 2273; x_wconf 76' lang='lat' dir='ltr'><strong>llic</strong></span> <span class='ocrx_word' id='word_1_258' title='bbox 679 2219 814 2284; x_wconf 86' lang='lat' dir='ltr'><strong>tiro;</strong></span> <span class='ocrx_word' id='word_1_259' title='bbox 851 2217 961 2272; x_wconf 91' lang='lat' dir='ltr'><strong>illic</strong></span> <span class='ocrx_word' id='word_1_260' title='bbox 991 2217 1166 2271; x_wconf 86' lang='lat' dir='ltr'><strong>miles.</strong></span> <span class='ocrx_word' id='word_1_261' title='bbox 1208 2215 1308 2270; x_wconf 79' lang='lat' dir='ltr'><strong>Hic</strong></span> <span class='ocrx_word' id='word_1_262' title='bbox 1337 2217 1487 2270; x_wconf 89' lang='lat' dir='ltr'><strong>rudis</strong></span> <span class='ocrx_word' id='word_1_263' title='bbox 1521 2225 1576 2271; x_wconf 92' lang='lat' dir='ltr'><strong>et</strong></span> <span class='ocrx_word' id='word_1_264' title='bbox 1604 2227 1778 2279; x_wconf 90' lang='lat' dir='ltr'><strong>tener,</strong></span> 
     </span>
    </p>
   </div>
   <div class='ocr_carea' id='block_1_38' title="bbox 169 2305 1784 2381">
    <p class='ocr_par' dir='ltr' id='par_1_38' title="bbox 169 2305 1784 2381">
     <span class='ocr_line' id='line_1_38' title="bbox 169 2305 1784 2381; baseline -0.002 -19"><span class='ocrx_word' id='word_1_265' title='bbox 169 2314 257 2381; x_wconf 90' lang='lat' dir='ltr'><strong>qui</strong></span> <span class='ocrx_word' id='word_1_266' title='bbox 288 2312 390 2365; x_wconf 92' lang='lat' dir='ltr'><strong>sub</strong></span> <span class='ocrx_word' id='word_1_267' title='bbox 417 2309 600 2378; x_wconf 89' lang='lat' dir='ltr'><strong>campi</strong></span> <span class='ocrx_word' id='word_1_268' title='bbox 632 2309 857 2363; x_wconf 89' lang='lat' dir='ltr'><strong>doctore</strong></span> <span class='ocrx_word' id='word_1_269' title='bbox 899 2307 1290 2362; x_wconf 89' lang='lat' dir='ltr'><strong>certaminibus</strong></span> <span class='ocrx_word' id='word_1_270' title='bbox 1329 2306 1624 2370; x_wconf 90' lang='lat' dir='ltr'><strong>assuescit;</strong></span> <span class='ocrx_word' id='word_1_271' title='bbox 1675 2305 1784 2360; x_wconf 76' lang='lat' dir='ltr'><strong>i‘llic</strong></span> 
     </span>
    </p>
   </div>
   <div class='ocr_carea' id='block_1_39' title="bbox 171 2396 1784 2467">
    <p class='ocr_par' dir='ltr' id='par_1_39' title="bbox 171 2396 1784 2467">
     <span class='ocr_line' id='line_1_39' title="bbox 171 2396 1784 2467; baseline -0.004 -14"><span class='ocrx_word' id='word_1_272' title='bbox 171 2405 459 2455; x_wconf 83' lang='lat' dir='ltr'><strong>roboratus</strong></span> <span class='ocrx_word' id='word_1_273' title='bbox 497 2399 616 2467; x_wconf 87' lang='lat' dir='ltr'><strong>jam</strong></span> <span class='ocrx_word' id='word_1_274' title='bbox 663 2398 915 2452; x_wconf 91' lang='lat' dir='ltr'><strong>cominus</strong></span> <span class='ocrx_word' id='word_1_275' title='bbox 945 2396 1187 2460; x_wconf 86' lang='lat' dir='ltr'><strong>dimicat,</strong></span> <span class='ocrx_word' id='word_1_276' title='bbox 1220 2405 1276 2449; x_wconf 93' lang='lat' dir='ltr'><strong>et</strong></span> <span class='ocrx_word' id='word_1_277' title='bbox 1304 2396 1579 2464; x_wconf 85' lang='lat' dir='ltr'><strong>singulare</strong></span> <span class='ocrx_word' id='word_1_278' title='bbox 1609 2404 1784 2449; x_wconf 81' lang='lat' dir='ltr'><strong>certa-</strong></span> 
     </span>
    </p>
   </div>
   <div class='ocr_carea' id='block_1_40' title="bbox 170 2485 1786 2555">
    <p class='ocr_par' dir='ltr' id='par_1_40' title="bbox 170 2485 1786 2555">
     <span class='ocr_line' id='line_1_40' title="bbox 170 2485 1786 2555; baseline -0.003 -11"><span class='ocrx_word' id='word_1_279' title='bbox 170 2506 292 2544; x_wconf 85' lang='lat' dir='ltr'><strong>men</strong></span> <span class='ocrx_word' id='word_1_280' title='bbox 319 2489 533 2544; x_wconf 86' lang='lat' dir='ltr'><strong>Christi</strong></span> <span class='ocrx_word' id='word_1_281' title='bbox 573 2487 875 2541; x_wconf 87' lang='lat' dir='ltr'><strong>monachus</strong></span> <span class='ocrx_word' id='word_1_282' title='bbox 923 2501 1032 2539; x_wconf 89' lang='lat' dir='ltr'><strong>non</strong></span> <span class='ocrx_word' id='word_1_283' title='bbox 1084 2494 1319 2539; x_wconf 88' lang='lat' dir='ltr'><strong>recusat.</strong></span> <span class='ocrx_word' id='word_1_284' title='bbox 1371 2485 1470 2539; x_wconf 82' lang='lat' dir='ltr'><strong>Hic</strong></span> <span class='ocrx_word' id='word_1_285' title='bbox 1517 2485 1662 2539; x_wconf 92' lang='lat' dir='ltr'><strong>velut</strong></span> <span class='ocrx_word' id='word_1_286' title='bbox 1689 2501 1786 2555; x_wconf 89' lang='lat' dir='ltr'><strong>per</strong></span> 
     </span>
    </p>
   </div>
   <div class='ocr_carea' id='block_1_41' title="bbox 173 2573 1784 2647">
    <p class='ocr_par' dir='ltr' id='par_1_41' title="bbox 173 2573 1784 2647">
     <span class='ocr_line' id='line_1_41' title="bbox 173 2573 1784 2647; baseline -0.002 -16"><span class='ocrx_word' id='word_1_287' title='bbox 173 2578 442 2632; x_wconf 65' lang='lat' dir='ltr'><strong>simulatae</strong></span> <span class='ocrx_word' id='word_1_288' title='bbox 487 2589 687 2647; x_wconf 65' lang='lat' dir='ltr'><strong>pugna!</strong></span> <span class='ocrx_word' id='word_1_289' title='bbox 721 2574 1064 2645; x_wconf 88' lang='lat' dir='ltr'><strong>proludium;</strong></span> <span class='ocrx_word' id='word_1_290' title='bbox 1119 2573 1229 2628; x_wconf 92' lang='lat' dir='ltr'><strong>illic</strong></span> <span class='ocrx_word' id='word_1_291' title='bbox 1279 2575 1436 2628; x_wconf 88' lang='lat' dir='ltr'><strong>docta</strong></span> <span class='ocrx_word' id='word_1_292' title='bbox 1483 2590 1675 2628; x_wconf 87' lang='lat' dir='ltr'><strong>manus</strong></span> <span class='ocrx_word' id='word_1_293' title='bbox 1718 2575 1784 2628; x_wconf 94' lang='lat' dir='ltr'><strong>ad</strong></span> 
     </span>
    </p>
   </div>
   <div class='ocr_carea' id='block_1_42' title="bbox 171 2666 1787 2739">
    <p class='ocr_par' dir='ltr' id='par_1_42' title="bbox 171 2666 1787 2739">
     <span class='ocr_line' id='line_1_42' title="bbox 171 2666 1787 2739; baseline -0.003 -14"><span class='ocrx_word' id='word_1_294' title='bbox 171 2670 352 2739; x_wconf 68' lang='lat' dir='ltr'><strong>praelia</strong></span> <span class='ocrx_word' id='word_1_295' title='bbox 372 2668 615 2724; x_wconf 91' lang='lat' dir='ltr'><strong>conferit</strong></span> <span class='ocrx_word' id='word_1_296' title='bbox 636 2681 812 2730; x_wconf 89' lang='lat' dir='ltr'><strong>arma,</strong></span> <span class='ocrx_word' id='word_1_297' title='bbox 830 2681 928 2720; x_wconf 89' lang='lat' dir='ltr'><strong>nec</strong></span> <span class='ocrx_word' id='word_1_298' title='bbox 943 2666 1312 2734; x_wconf 89' lang='lat' dir='ltr'><strong>perhorrescit</strong></span> <span class='ocrx_word' id='word_1_299' title='bbox 1335 2667 1669 2735; x_wconf 89' lang='lat' dir='ltr'><strong>constipatos</strong></span> <span class='ocrx_word' id='word_1_300' title='bbox 1686 2668 1787 2720; x_wconf 79' lang='lat' dir='ltr'><strong>im~</strong></span> 
     </span>
    </p>
   </div>
   <div class='ocr_carea' id='block_1_43' title="bbox 173 2756 1784 2830">
    <p class='ocr_par' dir='ltr' id='par_1_43' title="bbox 173 2756 1784 2830">
     <span class='ocr_line' id='line_1_43' title="bbox 173 2756 1784 2830; baseline -0.002 -18"><span class='ocrx_word' id='word_1_301' title='bbox 173 2772 325 2830; x_wconf 79' lang='lat' dir='ltr'><strong>pctus</strong></span> <span class='ocrx_word' id='word_1_302' title='bbox 351 2759 706 2814; x_wconf 85' lang='lat' dir='ltr'><strong>Lellatorum.</strong></span> <span class='ocrx_word' id='word_1_303' title='bbox 734 2756 844 2811; x_wconf 88' lang='lat' dir='ltr'><strong>Illic</strong></span> <span class='ocrx_word' id='word_1_304' title='bbox 863 2757 1024 2826; x_wconf 77' lang='lat'><strong>198</strong></span> <span class='ocrx_word' id='word_1_305' title='bbox 1049 2757 1210 2810; x_wconf 92' lang='lat' dir='ltr'><strong>homo</strong></span> <span class='ocrx_word' id='word_1_306' title='bbox 1234 2756 1300 2810; x_wconf 92' lang='lat' dir='ltr'><strong>de</strong></span> <span class='ocrx_word' id='word_1_307' title='bbox 1323 2756 1518 2811; x_wconf 72' lang='lat' dir='ltr'><strong>sreculo</strong></span> <span class='ocrx_word' id='word_1_308' title='bbox 1542 2759 1784 2821; x_wconf 78' lang='lat' dir='ltr'><strong>veniens,</strong></span> 
     </span>
    </p>
   </div>
   <div class='ocr_carea' id='block_1_44' title="bbox 175 2844 1784 2916">
    <p class='ocr_par' dir='ltr' id='par_1_44' title="bbox 175 2844 1784 2916">
     <span class='ocr_line' id='line_1_44' title="bbox 175 2844 1784 2916; baseline 0.001 -19"><span class='ocrx_word' id='word_1_309' title='bbox 175 2849 317 2902; x_wconf 86' lang='lat' dir='ltr'><strong>velut</strong></span> <span class='ocrx_word' id='word_1_310' title='bbox 363 2847 561 2901; x_wconf 91' lang='lat' dir='ltr'><strong>urbem</strong></span> <span class='ocrx_word' id='word_1_311' title='bbox 610 2845 895 2916; x_wconf 86' lang='lat' dir='ltr'><strong>parvulam</strong></span> <span class='ocrx_word' id='word_1_312' title='bbox 926 2844 1099 2914; x_wconf 87' lang='lat' dir='ltr'><strong>Segor</strong></span> <span class='ocrx_word' id='word_1_313' title='bbox 1125 2845 1191 2898; x_wconf 91' lang='lat' dir='ltr'><strong>de</strong></span> <span class='ocrx_word' id='word_1_314' title='bbox 1227 2845 1476 2899; x_wconf 86' lang='lat' dir='ltr'><strong>Sodomis</strong></span> <span class='ocrx_word' id='word_1_315' title='bbox 1511 2860 1784 2914; x_wconf 76' lang='lat' dir='ltr'><strong>egressus,</strong></span> 
     </span>
    </p>
   </div>
   <div class='ocr_carea' id='block_1_45' title="bbox 178 2933 1786 3008">
    <p class='ocr_par' dir='ltr' id='par_1_45' title="bbox 178 2933 1786 3008">
     <span class='ocr_line' id='line_1_45' title="bbox 178 2933 1786 3008; baseline -0.002 -18"><span class='ocrx_word' id='word_1_316' title='bbox 178 2938 516 3008; x_wconf 88' lang='lat' dir='ltr'><strong>ingreditur;</strong></span> <span class='ocrx_word' id='word_1_317' title='bbox 554 2951 678 2990; x_wconf 88' lang='lat' dir='ltr'><strong>cum</strong></span> <span class='ocrx_word' id='word_1_318' title='bbox 709 2949 838 2988; x_wconf 90' lang='lat' dir='ltr'><strong>vero</strong></span> <span class='ocrx_word' id='word_1_319' title='bbox 876 2934 942 2988; x_wconf 89' lang='lat' dir='ltr'><strong>ad</strong></span> <span class='ocrx_word' id='word_1_320' title='bbox 969 2949 1213 2989; x_wconf 89' lang='lat' dir='ltr'><strong>eremum</strong></span> <span class='ocrx_word' id='word_1_321' title='bbox 1260 2935 1473 2998; x_wconf 82' lang='lat' dir='ltr'><strong>transit,</strong></span> <span class='ocrx_word' id='word_1_322' title='bbox 1517 2933 1630 3001; x_wconf 88' lang='lat' dir='ltr'><strong>jam</strong></span> <span class='ocrx_word' id='word_1_323' title='bbox 1663 2949 1786 2988; x_wconf 89' lang='lat' dir='ltr'><strong>cum</strong></span> 
     </span>
    </p>
   </div>
   <div class='ocr_carea' id='block_1_46' title="bbox 176 3023 1552 3094">
    <p class='ocr_par' dir='ltr' id='par_1_46' title="bbox 176 3023 1552 3094">
     <span class='ocr_line' id='line_1_46' title="bbox 176 3023 1552 3094; baseline -0.002 -13"><span class='ocrx_word' id='word_1_324' title='bbox 176 3030 366 3083; x_wconf 84' lang='lat' dir='ltr'><strong>eodem</strong></span> <span class='ocrx_word' id='word_1_325' title='bbox 395 3027 542 3082; x_wconf 85' lang='lat' dir='ltr'><strong>Loth</strong></span> <span class='ocrx_word' id='word_1_326' title='bbox 583 3034 843 3080; x_wconf 88' lang='lat' dir='ltr'><strong>montana</strong></span> <span class='ocrx_word' id='word_1_327' title='bbox 880 3025 1195 3080; x_wconf 87' lang='lat' dir='ltr'><strong>conscendit</strong></span> <span class='ocrx_word' id='word_1_328' title='bbox 1233 3023 1384 3094; x_wconf 84' lang='lat' dir='ltr'><strong>(Gen.</strong></span> <span class='ocrx_word' id='word_1_329' title='bbox 1416 3024 1552 3093; x_wconf 59' lang='grc' dir='ltr'><strong>χιχ).</strong></span> 
     </span>
    </p>
   </div>
   <div class='ocr_carea' id='block_1_47' title="bbox 240 3115 1783 3187">
    <p class='ocr_par' dir='ltr' id='par_1_47' title="bbox 240 3115 1783 3187">
     <span class='ocr_line' id='line_1_47' title="bbox 240 3115 1783 3187; baseline -0.003 -15"><span class='ocrx_word' id='word_1_330' title='bbox 240 3117 321 3172; x_wconf 78' lang='grc' dir='ltr'><strong>Λᾶ</strong></span> <span class='ocrx_word' id='word_1_331' title='bbox 353 3115 716 3187; x_wconf 89' lang='lat' dir='ltr'><strong>perfectionis</strong></span> <span class='ocrx_word' id='word_1_332' title='bbox 743 3115 908 3185; x_wconf 89' lang='lat' dir='ltr'><strong>igitur</strong></span> <span class='ocrx_word' id='word_1_333' title='bbox 947 3130 1215 3170; x_wconf 83' lang='lat' dir='ltr'><strong>summam</strong></span> <span class='ocrx_word' id='word_1_334' title='bbox 1245 3115 1486 3169; x_wconf 87' lang='lat' dir='ltr'><strong>tendenti</strong></span> <span class='ocrx_word' id='word_1_335' title='bbox 1516 3123 1570 3169; x_wconf 92' lang='lat' dir='ltr'><strong>et</strong></span> <span class='ocrx_word' id='word_1_336' title='bbox 1594 3130 1783 3169; x_wconf 87' lang='lat' dir='ltr'><strong>mona-</strong></span> 
     </span>
    </p>
   </div>
   <div class='ocr_carea' id='block_1_48' title="bbox 175 3176 1860 3268">
    <p class='ocr_par' dir='ltr' id='par_1_48' title="bbox 175 3176 1860 3268">
     <span class='ocr_line' id='line_1_48' title="bbox 175 3176 1860 3268; baseline -0.004 -6"><span class='ocrx_word' id='word_1_337' title='bbox 175 3208 398 3262; x_wconf 87' lang='lat' dir='ltr'><strong>sterium</strong></span> <span class='ocrx_word' id='word_1_338' title='bbox 427 3206 702 3261; x_wconf 87' lang='lat' dir='ltr'><strong>transitus</strong></span> <span class='ocrx_word' id='word_1_339' title='bbox 733 3206 933 3260; x_wconf 90' lang='lat' dir='ltr'><strong>dicitur</strong></span> <span class='ocrx_word' id='word_1_340' title='bbox 959 3219 1082 3259; x_wconf 86' lang='lat' dir='ltr'><strong>esse</strong></span> <span class='ocrx_word' id='word_1_341' title='bbox 1129 3220 1234 3259; x_wconf 90' lang='lat' dir='ltr'><strong>non</strong></span> <span class='ocrx_word' id='word_1_342' title='bbox 1280 3204 1508 3268; x_wconf 87' lang='lat' dir='ltr'><strong>mansio,</strong></span> <span class='ocrx_word' id='word_1_343' title='bbox 1551 3220 1656 3258; x_wconf 89' lang='lat' dir='ltr'><strong>non</strong></span> <span class='ocrx_word' id='word_1_344' title='bbox 1691 3204 1784 3256; x_wconf 90' lang='lat' dir='ltr'><strong>ha-</strong></span> <span class='ocrx_word' id='word_1_345' title='bbox 1816 3176 1860 3236; x_wconf 64' lang='grc' dir='ltr'><strong>Ο</strong></span> 
     </span>
    </p>
   </div>
   <div class='ocr_carea' id='block_1_49' title="bbox 173 3295 1784 3365">
    <p class='ocr_par' dir='ltr' id='par_1_49' title="bbox 173 3295 1784 3365">
     <span class='ocr_line' id='line_1_49' title="bbox 173 3295 1784 3365; baseline -0.003 -13"><span class='ocrx_word' id='word_1_346' title='bbox 173 3299 384 3362; x_wconf 79' lang='lat' dir='ltr'><strong>bitatio,</strong></span> <span class='ocrx_word' id='word_1_347' title='bbox 431 3297 532 3352; x_wconf 88' lang='lat' dir='ltr'><strong>sed</strong></span> <span class='ocrx_word' id='word_1_348' title='bbox 582 3297 912 3365; x_wconf 77' lang='lat' dir='ltr'><strong>hOSpitium;</strong></span> <span class='ocrx_word' id='word_1_349' title='bbox 975 3311 1082 3352; x_wconf 89' lang='lat' dir='ltr'><strong>non</strong></span> <span class='ocrx_word' id='word_1_350' title='bbox 1132 3295 1256 3350; x_wconf 88' lang='lat' dir='ltr'><strong>finis</strong></span> <span class='ocrx_word' id='word_1_351' title='bbox 1299 3296 1634 3359; x_wconf 88' lang='lat' dir='ltr'><strong>intentionis,</strong></span> <span class='ocrx_word' id='word_1_352' title='bbox 1692 3295 1784 3348; x_wconf 88' lang='lat' dir='ltr'><strong>sed</strong></span> 
     </span>
    </p>
   </div>
   <div class='ocr_carea' id='block_1_50' title="bbox 171 3383 1786 3457">
    <p class='ocr_par' dir='ltr' id='par_1_50' title="bbox 171 3383 1786 3457">
     <span class='ocr_line' id='line_1_50' title="bbox 171 3383 1786 3457; baseline -0.001 -19"><span class='ocrx_word' id='word_1_353' title='bbox 171 3390 419 3456; x_wconf 66' lang='lat' dir='ltr'><strong>quaedam</strong></span> <span class='ocrx_word' id='word_1_354' title='bbox 449 3386 613 3457; x_wconf 85' lang='lat' dir='ltr'><strong>quies</strong></span> <span class='ocrx_word' id='word_1_355' title='bbox 645 3386 875 3440; x_wconf 90' lang='lat' dir='ltr'><strong>itineris.</strong></span> <span class='ocrx_word' id='word_1_356' title='bbox 906 3383 989 3439; x_wconf 77' lang='lat' dir='ltr'><strong>Ad</strong></span> <span class='ocrx_word' id='word_1_357' title='bbox 1026 3387 1129 3440; x_wconf 92' lang='lat' dir='ltr'><strong>hoc</strong></span> <span class='ocrx_word' id='word_1_358' title='bbox 1163 3386 1323 3454; x_wconf 90' lang='lat' dir='ltr'><strong>plane</strong></span> <span class='ocrx_word' id='word_1_359' title='bbox 1350 3385 1579 3454; x_wconf 88' lang='lat' dir='ltr'><strong>quisque</strong></span> <span class='ocrx_word' id='word_1_360' title='bbox 1608 3386 1786 3455; x_wconf 84' lang='lat' dir='ltr'><strong>signa-</strong></span> 
     </span>
    </p>
   </div>
   <div class='ocr_carea' id='block_1_51' title="bbox 174 3477 1787 3537">
    <p class='ocr_par' dir='ltr' id='par_1_51' title="bbox 174 3477 1787 3537">
     <span class='ocr_line' id='line_1_51' title="bbox 174 3477 1787 3537; baseline -0.004 -2"><span class='ocrx_word' id='word_1_361' title='bbox 174 3493 260 3536; x_wconf 91' lang='lat' dir='ltr'><strong>tur</strong></span> <span class='ocrx_word' id='word_1_362' title='bbox 289 3484 524 3537; x_wconf 90' lang='lat' dir='ltr'><strong>idoneus</strong></span> <span class='ocrx_word' id='word_1_363' title='bbox 569 3489 632 3533; x_wconf 90' lang='lat' dir='ltr'><strong>ut</strong></span> <span class='ocrx_word' id='word_1_364' title='bbox 676 3494 801 3534; x_wconf 90' lang='lat' dir='ltr'><strong>eum</strong></span> <span class='ocrx_word' id='word_1_365' title='bbox 854 3481 921 3532; x_wconf 90' lang='lat' dir='ltr'><strong>ad</strong></span> <span class='ocrx_word' id='word_1_366' title='bbox 965 3479 1392 3534; x_wconf 89' lang='lat' dir='ltr'><strong>ecclesiasticum</strong></span> <span class='ocrx_word' id='word_1_367' title='bbox 1425 3477 1667 3532; x_wconf 74' lang='lat' dir='ltr'><strong>ordinem</strong></span> <span class='ocrx_word' id='word_1_368' title='bbox 1702 3494 1787 3530; x_wconf 74' lang='lat' dir='ltr'><strong>sa~</strong></span> 
     </span>
    </p>
   </div>
   <div class='ocr_carea' id='block_1_52' title="bbox 172 3567 1784 3638">
    <p class='ocr_par' dir='ltr' id='par_1_52' title="bbox 172 3567 1784 3638">
     <span class='ocr_line' id='line_1_52' title="bbox 172 3567 1784 3638; baseline -0.002 -16"><span class='ocrx_word' id='word_1_369' title='bbox 172 3571 464 3626; x_wconf 84' lang='lat' dir='ltr'><strong>cerdotalis</strong></span> <span class='ocrx_word' id='word_1_370' title='bbox 493 3569 696 3625; x_wconf 81' lang='lat' dir='ltr'><strong>electio</strong></span> <span class='ocrx_word' id='word_1_371' title='bbox 722 3567 1022 3638; x_wconf 82' lang='lat' dir='ltr'><strong>provehat;</strong></span> <span class='ocrx_word' id='word_1_372' title='bbox 1067 3569 1133 3621; x_wconf 87' lang='lat' dir='ltr'><strong>ad</strong></span> <span class='ocrx_word' id='word_1_373' title='bbox 1165 3567 1267 3621; x_wconf 88' lang='lat' dir='ltr'><strong>hoc</strong></span> <span class='ocrx_word' id='word_1_374' title='bbox 1308 3567 1784 3637; x_wconf 87' lang='lat' dir='ltr'><strong>grammaticorum</strong></span> 
     </span>
    </p>
   </div>
   <div class='ocr_carea' id='block_1_53' title="bbox 172 3657 1785 3731">
    <p class='ocr_par' dir='ltr' id='par_1_53' title="bbox 172 3657 1785 3731">
     <span class='ocr_line' id='line_1_53' title="bbox 172 3657 1785 3731; baseline -0.004 -15"><span class='ocrx_word' id='word_1_375' title='bbox 172 3663 386 3716; x_wconf 76' lang='lat' dir='ltr'><strong>scholas</strong></span> <span class='ocrx_word' id='word_1_376' title='bbox 418 3659 749 3731; x_wconf 85' lang='lat' dir='ltr'><strong>ingreditur,</strong></span> <span class='ocrx_word' id='word_1_377' title='bbox 789 3670 868 3722; x_wconf 90' lang='lat' dir='ltr'><strong>ut,</strong></span> <span class='ocrx_word' id='word_1_378' title='bbox 900 3674 1024 3712; x_wconf 90' lang='lat' dir='ltr'><strong>cum</strong></span> <span class='ocrx_word' id='word_1_379' title='bbox 1054 3657 1217 3711; x_wconf 91' lang='lat' dir='ltr'><strong>fuerit</strong></span> <span class='ocrx_word' id='word_1_380' title='bbox 1255 3659 1306 3710; x_wconf 94' lang='lat' dir='ltr'><strong>in</strong></span> <span class='ocrx_word' id='word_1_381' title='bbox 1348 3665 1466 3710; x_wconf 89' lang='lat' dir='ltr'><strong>arte</strong></span> <span class='ocrx_word' id='word_1_382' title='bbox 1492 3657 1785 3724; x_wconf 85' lang='lat' dir='ltr'><strong>perfectus,</strong></span> 
     </span>
    </p>
   </div>
   <div class='ocr_carea' id='block_1_54' title="bbox 172 3742 1786 3818">
    <p class='ocr_par' dir='ltr' id='par_1_54' title="bbox 172 3742 1786 3818">
     <span class='ocr_line' id='line_1_54' title="bbox 172 3742 1786 3818; baseline -0.003 -13"><span class='ocrx_word' id='word_1_383' title='bbox 172 3751 446 3815; x_wconf 85' lang='lat' dir='ltr'><strong>discedat;</strong></span> <span class='ocrx_word' id='word_1_384' title='bbox 465 3751 539 3804; x_wconf 86' lang='lat' dir='ltr'><strong>ad</strong></span> <span class='ocrx_word' id='word_1_385' title='bbox 565 3750 668 3804; x_wconf 92' lang='lat' dir='ltr'><strong>hoc</strong></span> <span class='ocrx_word' id='word_1_386' title='bbox 691 3742 829 3804; x_wconf 66' lang='lat' dir='ltr'><strong>sata</strong></span> <span class='ocrx_word' id='word_1_387' title='bbox 850 3747 1025 3818; x_wconf 88' lang='lat' dir='ltr'><strong>legum</strong></span> <span class='ocrx_word' id='word_1_388' title='bbox 1050 3747 1316 3816; x_wconf 89' lang='lat' dir='ltr'><strong>quispiam</strong></span> <span class='ocrx_word' id='word_1_389' title='bbox 1341 3748 1520 3802; x_wconf 88' lang='lat' dir='ltr'><strong>studet</strong></span> <span class='ocrx_word' id='word_1_390' title='bbox 1539 3747 1786 3816; x_wconf 88' lang='lat' dir='ltr'><strong>adipisci,</strong></span> 
     </span>
    </p>
   </div>
   <div class='ocr_carea' id='block_1_55' title="bbox 173 3837 1785 3894">
    <p class='ocr_par' dir='ltr' id='par_1_55' title="bbox 173 3837 1785 3894">
     <span class='ocr_line' id='line_1_55' title="bbox 173 3837 1785 3894; baseline -0.001 -2"><span class='ocrx_word' id='word_1_391' title='bbox 173 3848 229 3893; x_wconf 94' lang='lat' dir='ltr'><strong>ut</strong></span> <span class='ocrx_word' id='word_1_392' title='bbox 269 3855 572 3894; x_wconf 82' lang='lat' dir='ltr'><strong>causarum</strong></span> <span class='ocrx_word' id='word_1_393' title='bbox 625 3837 926 3892; x_wconf 80' lang='lat' dir='ltr'><strong>forensium</strong></span> <span class='ocrx_word' id='word_1_394' title='bbox 977 3838 1099 3891; x_wconf 87' lang='lat' dir='ltr'><strong>lites</strong></span> <span class='ocrx_word' id='word_1_395' title='bbox 1151 3838 1452 3892; x_wconf 88' lang='lat' dir='ltr'><strong>luculenter</strong></span> <span class='ocrx_word' id='word_1_396' title='bbox 1507 3837 1680 3892; x_wconf 89' lang='lat' dir='ltr'><strong>valeat</strong></span> <span class='ocrx_word' id='word_1_397' title='bbox 1733 3839 1785 3891; x_wconf 92' lang='lat' dir='ltr'><strong>in</strong></span> 
     </span>
    </p>
   </div>
   <div class='ocr_carea' id='block_1_56' title="bbox 174 3927 1786 3997">
    <p class='ocr_par' dir='ltr' id='par_1_56' title="bbox 174 3927 1786 3997">
     <span class='ocr_line' id='line_1_56' title="bbox 174 3927 1786 3997; baseline 0 -17"><span class='ocrx_word' id='word_1_398' title='bbox 174 3929 553 3982; x_wconf 84' lang='lat' dir='ltr'><strong>tribunalibus</strong></span> <span class='ocrx_word' id='word_1_399' title='bbox 577 3927 823 3996; x_wconf 71' lang='lat' dir='ltr'><strong>iudicum</strong></span> <span class='ocrx_word' id='word_1_400' title='bbox 855 3941 1132 3995; x_wconf 82' lang='lat' dir='ltr'><strong>perorare.</strong></span> <span class='ocrx_word' id='word_1_401' title='bbox 1191 3928 1343 3982; x_wconf 90' lang='lat' dir='ltr'><strong>Sicut</strong></span> <span class='ocrx_word' id='word_1_402' title='bbox 1385 3943 1515 3997; x_wconf 90' lang='lat' dir='ltr'><strong>ergo</strong></span> <span class='ocrx_word' id='word_1_403' title='bbox 1551 3929 1638 3981; x_wconf 83' lang='lat' dir='ltr'><strong>isti</strong></span> <span class='ocrx_word' id='word_1_404' title='bbox 1683 3944 1786 3982; x_wconf 86' lang='lat' dir='ltr'><strong>non</strong></span> 
     </span>
    </p>
   </div>
   <div class='ocr_carea' id='block_1_57' title="bbox 177 4015 1787 4088">
    <p class='ocr_par' dir='ltr' id='par_1_57' title="bbox 177 4015 1787 4088">
     <span class='ocr_line' id='line_1_57' title="bbox 177 4015 1787 4088; baseline -0.001 -18"><span class='ocrx_word' id='word_1_405' title='bbox 177 4017 229 4070; x_wconf 90' lang='lat' dir='ltr'><strong>iu</strong></span> <span class='ocrx_word' id='word_1_406' title='bbox 265 4020 366 4072; x_wconf 90' lang='lat' dir='ltr'><strong>hoc</strong></span> <span class='ocrx_word' id='word_1_407' title='bbox 405 4018 556 4088; x_wconf 88' lang='lat' dir='ltr'><strong>quod</strong></span> <span class='ocrx_word' id='word_1_408' title='bbox 598 4015 808 4071; x_wconf 86' lang='lat' dir='ltr'><strong>faciunt</strong></span> <span class='ocrx_word' id='word_1_409' title='bbox 853 4016 1020 4069; x_wconf 91' lang='lat' dir='ltr'><strong>animi</strong></span> <span class='ocrx_word' id='word_1_410' title='bbox 1070 4017 1426 4071; x_wconf 91' lang='lat' dir='ltr'><strong>intentionem</strong></span> <span class='ocrx_word' id='word_1_411' title='bbox 1473 4018 1660 4084; x_wconf 88' lang='lat' dir='ltr'><strong>figunt,</strong></span> <span class='ocrx_word' id='word_1_412' title='bbox 1694 4017 1787 4072; x_wconf 90' lang='lat' dir='ltr'><strong>sed</strong></span> 
     </span>
    </p>
   </div>
   <div class='ocr_carea' id='block_1_58' title="bbox 173 4104 1786 4176">
    <p class='ocr_par' dir='ltr' id='par_1_58' title="bbox 173 4104 1786 4176">
     <span class='ocr_line' id='line_1_58' title="bbox 173 4104 1786 4176; baseline 0 -16"><span class='ocrx_word' id='word_1_413' title='bbox 173 4108 226 4160; x_wconf 93' lang='lat' dir='ltr'><strong>in</strong></span> <span class='ocrx_word' id='word_1_414' title='bbox 267 4107 437 4160; x_wconf 89' lang='lat' dir='ltr'><strong>alium</strong></span> <span class='ocrx_word' id='word_1_415' title='bbox 487 4105 681 4176; x_wconf 78' lang='lat' dir='ltr'><strong>procul</strong></span> <span class='ocrx_word' id='word_1_416' title='bbox 714 4104 880 4160; x_wconf 89' lang='lat' dir='ltr'><strong>dubio</strong></span> <span class='ocrx_word' id='word_1_417' title='bbox 928 4105 1088 4160; x_wconf 91' lang='lat' dir='ltr'><strong>finem</strong></span> <span class='ocrx_word' id='word_1_418' title='bbox 1131 4107 1378 4170; x_wconf 90' lang='lat' dir='ltr'><strong>tendunt,</strong></span> <span class='ocrx_word' id='word_1_419' title='bbox 1403 4107 1481 4160; x_wconf 92' lang='lat' dir='ltr'><strong>sic</strong></span> <span class='ocrx_word' id='word_1_420' title='bbox 1507 4106 1786 4173; x_wconf 88' lang='lat' dir='ltr'><strong>nimirum,</strong></span> 
     </span>
    </p>
   </div>
   <div class='ocr_carea' id='block_1_59' title="bbox 173 4199 1785 4269">
    <p class='ocr_par' dir='ltr' id='par_1_59' title="bbox 173 4199 1785 4269">
     <span class='ocr_line' id='line_1_59' title="bbox 173 4199 1785 4269; baseline -0.001 -16"><span class='ocrx_word' id='word_1_421' title='bbox 173 4199 250 4255; x_wconf 86' lang='lat' dir='ltr'><strong>sic</strong></span> <span class='ocrx_word' id='word_1_422' title='bbox 282 4201 615 4264; x_wconf 84' lang='lat' dir='ltr'><strong>monachus,</strong></span> <span class='ocrx_word' id='word_1_423' title='bbox 660 4215 824 4267; x_wconf 88' lang='lat' dir='ltr'><strong>quem</strong></span> <span class='ocrx_word' id='word_1_424' title='bbox 873 4208 1053 4251; x_wconf 86' lang='lat' dir='ltr'><strong>tamen</strong></span> <span class='ocrx_word' id='word_1_425' title='bbox 1095 4210 1228 4252; x_wconf 65' lang='lat' dir='ltr'><strong>aetas</strong></span> <span class='ocrx_word' id='word_1_426' title='bbox 1262 4199 1342 4252; x_wconf 87' lang='lat' dir='ltr'><strong>vel</strong></span> <span class='ocrx_word' id='word_1_427' title='bbox 1387 4200 1650 4269; x_wconf 78' lang='lat' dir='ltr'><strong>:egritudo</strong></span> <span class='ocrx_word' id='word_1_428' title='bbox 1680 4217 1785 4254; x_wconf 91' lang='lat' dir='ltr'><strong>non</strong></span> 
     </span>
    </p>
   </div>
   <div class='ocr_carea' id='block_1_60' title="bbox 175 4291 1790 4366">
    <p class='ocr_par' dir='ltr' id='par_1_60' title="bbox 175 4291 1790 4366">
     <span class='ocr_line' id='line_1_60' title="bbox 175 4291 1790 4366; baseline 0.001 -20"><span class='ocrx_word' id='word_1_429' title='bbox 175 4304 456 4366; x_wconf 86' lang='lat' dir='ltr'><strong>aggravat,</strong></span> <span class='ocrx_word' id='word_1_430' title='bbox 491 4303 552 4348; x_wconf 93' lang='lat' dir='ltr'><strong>et</strong></span> <span class='ocrx_word' id='word_1_431' title='bbox 599 4293 652 4347; x_wconf 91' lang='lat' dir='ltr'><strong>in</strong></span> <span class='ocrx_word' id='word_1_432' title='bbox 699 4291 1037 4346; x_wconf 86' lang='lat' dir='ltr'><strong>monasterio</strong></span> <span class='ocrx_word' id='word_1_433' title='bbox 1077 4292 1432 4361; x_wconf 89' lang='lat' dir='ltr'><strong>corporaliter</strong></span> <span class='ocrx_word' id='word_1_434' title='bbox 1481 4293 1698 4360; x_wconf 77' lang='lat' dir='ltr'><strong>degere,</strong></span> <span class='ocrx_word' id='word_1_435' title='bbox 1735 4302 1790 4347; x_wconf 89' lang='lat' dir='ltr'><strong>et</strong></span> 
     </span>
    </p>
   </div>
   <div class='ocr_carea' id='block_1_61' title="bbox 173 4384 1784 4450">
    <p class='ocr_par' dir='ltr' id='par_1_61' title="bbox 173 4384 1784 4450">
     <span class='ocr_line' id='line_1_61' title="bbox 173 4384 1784 4450; baseline 0.002 -12"><span class='ocrx_word' id='word_1_436' title='bbox 173 4387 238 4441; x_wconf 88' lang='lat' dir='ltr'><strong>ad</strong></span> <span class='ocrx_word' id='word_1_437' title='bbox 261 4401 506 4441; x_wconf 91' lang='lat' dir='ltr'><strong>eremum</strong></span> <span class='ocrx_word' id='word_1_438' title='bbox 534 4393 650 4439; x_wconf 93' lang='lat' dir='ltr'><strong>toto</strong></span> <span class='ocrx_word' id='word_1_439' title='bbox 680 4384 952 4439; x_wconf 86' lang='lat' dir='ltr'><strong>desiderio</strong></span> <span class='ocrx_word' id='word_1_440' title='bbox 979 4385 1141 4438; x_wconf 80' lang='lat' dir='ltr'><strong>debet</strong></span> <span class='ocrx_word' id='word_1_441' title='bbox 1173 4386 1480 4439; x_wconf 90' lang='lat' dir='ltr'><strong>medullitus</strong></span> <span class='ocrx_word' id='word_1_442' title='bbox 1507 4387 1784 4450; x_wconf 76' lang='lat' dir='ltr'><strong>anhelare,</strong></span> 
     </span>
    </p>
   </div>
   <div class='ocr_carea' id='block_1_62' title="bbox 174 4477 1786 4549">
    <p class='ocr_par' dir='ltr' id='par_1_62' title="bbox 174 4477 1786 4549">
     <span class='ocr_line' id='line_1_62' title="bbox 174 4477 1786 4549; baseline 0.001 -16"><span class='ocrx_word' id='word_1_443' title='bbox 174 4489 443 4549; x_wconf 87' lang='lat' dir='ltr'><strong>quatenus</strong></span> <span class='ocrx_word' id='word_1_444' title='bbox 479 4478 591 4532; x_wconf 93' lang='lat' dir='ltr'><strong>illic</strong></span> <span class='ocrx_word' id='word_1_445' title='bbox 624 4493 722 4546; x_wconf 90' lang='lat' dir='ltr'><strong>per</strong></span> <span class='ocrx_word' id='word_1_446' title='bbox 750 4477 1108 4531; x_wconf 82' lang='lat' dir='ltr'><strong>intentionem</strong></span> <span class='ocrx_word' id='word_1_447' title='bbox 1157 4477 1353 4531; x_wconf 89' lang='lat' dir='ltr'><strong>mentis</strong></span> <span class='ocrx_word' id='word_1_448' title='bbox 1399 4480 1546 4531; x_wconf 89' lang='lat' dir='ltr'><strong>velut</strong></span> <span class='ocrx_word' id='word_1_449' title='bbox 1592 4480 1786 4534; x_wconf 91' lang='lat' dir='ltr'><strong>nobilis</strong></span> 
     </span>
    </p>
   </div>
   <div class='ocr_carea' id='block_1_63' title="bbox 175 4570 1790 4638">
    <p class='ocr_par' dir='ltr' id='par_1_63' title="bbox 175 4570 1790 4638">
     <span class='ocr_line' id='line_1_63' title="bbox 175 4570 1790 4638; baseline 0.003 -16"><span class='ocrx_word' id='word_1_450' title='bbox 175 4573 337 4625; x_wconf 88' lang='lat' dir='ltr'><strong>arbor</strong></span> <span class='ocrx_word' id='word_1_451' title='bbox 372 4571 642 4624; x_wconf 87' lang='lat' dir='ltr'><strong>radicitus</strong></span> <span class='ocrx_word' id='word_1_452' title='bbox 697 4571 930 4631; x_wconf 69' lang='lat' dir='ltr'><strong>haereat;</strong></span> <span class='ocrx_word' id='word_1_453' title='bbox 964 4570 1050 4622; x_wconf 89' lang='lat' dir='ltr'><strong>hic</strong></span> <span class='ocrx_word' id='word_1_454' title='bbox 1089 4585 1147 4623; x_wconf 92' lang='lat' dir='ltr'><strong>se</strong></span> <span class='ocrx_word' id='word_1_455' title='bbox 1179 4571 1244 4621; x_wconf 92' lang='lat' dir='ltr'><strong>ad</strong></span> <span class='ocrx_word' id='word_1_456' title='bbox 1276 4579 1486 4638; x_wconf 89' lang='lat' dir='ltr'><strong>tempus</strong></span> <span class='ocrx_word' id='word_1_457' title='bbox 1529 4573 1630 4624; x_wconf 90' lang='lat' dir='ltr'><strong>sub</strong></span> <span class='ocrx_word' id='word_1_458' title='bbox 1658 4573 1790 4626; x_wconf 86' lang='lat' dir='ltr'><strong>obc-</strong></span> 
     </span>
    </p>
   </div>
   <div class='ocr_carea' id='block_1_64' title="bbox 174 4659 1786 4729">
    <p class='ocr_par' dir='ltr' id='par_1_64' title="bbox 174 4659 1786 4729">
     <span class='ocr_line' id='line_1_64' title="bbox 174 4659 1786 4729; baseline 0.002 -16"><span class='ocrx_word' id='word_1_459' title='bbox 174 4661 391 4715; x_wconf 73' lang='lat' dir='ltr'><strong>dientize</strong></span> <span class='ocrx_word' id='word_1_460' title='bbox 448 4659 723 4729; x_wconf 78' lang='lat' dir='ltr'><strong>regularis</strong></span> <span class='ocrx_word' id='word_1_461' title='bbox 767 4668 1021 4712; x_wconf 79' lang='lat' dir='ltr'><strong>exerceat</strong></span> <span class='ocrx_word' id='word_1_462' title='bbox 1075 4660 1388 4728; x_wconf 84' lang='lat' dir='ltr'><strong>disciplina.</strong></span> <span class='ocrx_word' id='word_1_463' title='bbox 1439 4671 1496 4714; x_wconf 91' lang='lat' dir='ltr'><strong>ut</strong></span> <span class='ocrx_word' id='word_1_464' title='bbox 1539 4661 1786 4717; x_wconf 82' lang='lat' dir='ltr'><strong>videlicet</strong></span> 
     </span>
    </p>
   </div>
   <div class='ocr_carea' id='block_1_65' title="bbox 173 4752 1783 4822">
    <p class='ocr_par' dir='ltr' id='par_1_65' title="bbox 173 4752 1783 4822">
     <span class='ocr_line' id='line_1_65' title="bbox 173 4752 1783 4822; baseline 0.002 -17"><span class='ocrx_word' id='word_1_465' title='bbox 173 4753 492 4808; x_wconf 77' lang='lat' dir='ltr'><strong>monasterii</strong></span> <span class='ocrx_word' id='word_1_466' title='bbox 534 4753 886 4806; x_wconf 85' lang='lat' dir='ltr'><strong>conversatio</strong></span> <span class='ocrx_word' id='word_1_467' title='bbox 941 4768 1046 4806; x_wconf 93' lang='lat' dir='ltr'><strong>non</strong></span> <span class='ocrx_word' id='word_1_468' title='bbox 1100 4752 1244 4805; x_wconf 84' lang='lat' dir='ltr'><strong>aliud</strong></span> <span class='ocrx_word' id='word_1_469' title='bbox 1292 4769 1455 4822; x_wconf 90' lang='lat' dir='ltr'><strong>quam</strong></span> <span class='ocrx_word' id='word_1_470' title='bbox 1506 4756 1674 4808; x_wconf 90' lang='lat' dir='ltr'><strong>eremi</strong></span> <span class='ocrx_word' id='word_1_471' title='bbox 1715 4756 1783 4809; x_wconf 88' lang='lat' dir='ltr'><strong>sit</strong></span> 
     </span>
    </p>
   </div>
   <div class='ocr_carea' id='block_1_66' title="bbox 173 4844 1785 4916">
    <p class='ocr_par' dir='ltr' id='par_1_66' title="bbox 173 4844 1785 4916">
     <span class='ocr_line' id='line_1_66' title="bbox 173 4844 1785 4916; baseline 0.001 -18"><span class='ocrx_word' id='word_1_472' title='bbox 173 4847 526 4914; x_wconf 65' lang='lat' dir='ltr'><strong>prmparatio,</strong></span> <span class='ocrx_word' id='word_1_473' title='bbox 557 4855 611 4897; x_wconf 91' lang='lat' dir='ltr'><strong>et</strong></span> <span class='ocrx_word' id='word_1_474' title='bbox 637 4844 813 4896; x_wconf 90' lang='lat' dir='ltr'><strong>altiori</strong></span> <span class='ocrx_word' id='word_1_475' title='bbox 847 4844 1122 4912; x_wconf 84' lang='lat' dir='ltr'><strong>proposito</strong></span> <span class='ocrx_word' id='word_1_476' title='bbox 1154 4853 1298 4900; x_wconf 88' lang='lat' dir='ltr'><strong>totus</strong></span> <span class='ocrx_word' id='word_1_477' title='bbox 1330 4845 1524 4899; x_wconf 87' lang='lat' dir='ltr'><strong>militet</strong></span> <span class='ocrx_word' id='word_1_478' title='bbox 1552 4847 1616 4899; x_wconf 86' lang='lat' dir='ltr'><strong>ad</strong></span> <span class='ocrx_word' id='word_1_479' title='bbox 1644 4849 1785 4916; x_wconf 89' lang='lat' dir='ltr'><strong>quod</strong></span> 
     </span>
    </p>
   </div>
   <div class='ocr_carea' id='block_1_67' title="bbox 175 4935 1783 5004">
    <p class='ocr_par' dir='ltr' id='par_1_67' title="bbox 175 4935 1783 5004">
     <span class='ocr_line' id='line_1_67' title="bbox 175 4935 1783 5004; baseline 0.003 -19"><span class='ocrx_word' id='word_1_480' title='bbox 175 4949 232 4987; x_wconf 84' lang='lat' dir='ltr'><strong>se</strong></span> <span class='ocrx_word' id='word_1_481' title='bbox 263 4938 415 5004; x_wconf 90' lang='lat' dir='ltr'><strong>prius</strong></span> <span class='ocrx_word' id='word_1_482' title='bbox 457 4937 509 4988; x_wconf 81' lang='lat' dir='ltr'><strong>in</strong></span> <span class='ocrx_word' id='word_1_483' title='bbox 543 4935 880 4988; x_wconf 77' lang='lat' dir='ltr'><strong>monasterio</strong></span> <span class='ocrx_word' id='word_1_484' title='bbox 922 4937 1246 4988; x_wconf 87' lang='lat' dir='ltr'><strong>constitutus</strong></span> <span class='ocrx_word' id='word_1_485' title='bbox 1281 4946 1516 4989; x_wconf 81' lang='lat' dir='ltr'><strong>exercet.</strong></span> <span class='ocrx_word' id='word_1_486' title='bbox 1562 4937 1652 4992; x_wconf 90' lang='lat' dir='ltr'><strong>Sic</strong></span> <span class='ocrx_word' id='word_1_487' title='bbox 1694 4939 1783 4993; x_wconf 85' lang='lat' dir='ltr'><strong>Ja-</strong></span> 
     </span>
    </p>
   </div>
   <div class='ocr_carea' id='block_1_68' title="bbox 173 5023 1784 5095">
    <p class='ocr_par' dir='ltr' id='par_1_68' title="bbox 173 5023 1784 5095">
     <span class='ocr_line' id='line_1_68' title="bbox 173 5023 1784 5095; baseline 0.004 -18"><span class='ocrx_word' id='word_1_488' title='bbox 173 5023 292 5085; x_wconf 83' lang='lat' dir='ltr'><strong>cob,</strong></span> <span class='ocrx_word' id='word_1_489' title='bbox 347 5026 495 5093; x_wconf 84' lang='lat' dir='ltr'><strong>quod</strong></span> <span class='ocrx_word' id='word_1_490' title='bbox 564 5040 663 5094; x_wconf 91' lang='lat' dir='ltr'><strong>per</strong></span> <span class='ocrx_word' id='word_1_491' title='bbox 715 5025 850 5078; x_wconf 88' lang='lat' dir='ltr'><strong>duas</strong></span> <span class='ocrx_word' id='word_1_492' title='bbox 895 5040 1158 5078; x_wconf 88' lang='lat' dir='ltr'><strong>annorum</strong></span> <span class='ocrx_word' id='word_1_493' title='bbox 1217 5028 1556 5095; x_wconf 69' lang='lat' dir='ltr'><strong>septimanae</strong></span> <span class='ocrx_word' id='word_1_494' title='bbox 1601 5029 1784 5084; x_wconf 54' lang='lat' dir='ltr'><strong>La‘san</strong></span> 
     </span>
    </p>
   </div>
   <div class='ocr_carea' id='block_1_69' title="bbox 175 5114 1784 5182">
    <p class='ocr_par' dir='ltr' id='par_1_69' title="bbox 175 5114 1784 5182">
     <span class='ocr_line' id='line_1_69' title="bbox 175 5114 1784 5182; baseline 0.005 -16"><span class='ocrx_word' id='word_1_495' title='bbox 175 5114 425 5182; x_wconf 84' lang='lat' dir='ltr'><strong>opilionis</strong></span> <span class='ocrx_word' id='word_1_496' title='bbox 479 5129 635 5167; x_wconf 87' lang='lat' dir='ltr'><strong>more</strong></span> <span class='ocrx_word' id='word_1_497' title='bbox 671 5114 913 5179; x_wconf 82' lang='lat' dir='ltr'><strong>servivit,</strong></span> <span class='ocrx_word' id='word_1_498' title='bbox 965 5115 1032 5168; x_wconf 92' lang='lat' dir='ltr'><strong>ad</strong></span> <span class='ocrx_word' id='word_1_499' title='bbox 1085 5116 1184 5169; x_wconf 82' lang='lat' dir='ltr'><strong>huc</strong></span> <span class='ocrx_word' id='word_1_500' title='bbox 1225 5115 1488 5171; x_wconf 83' lang='lat' dir='ltr'><strong>duntaxat</strong></span> <span class='ocrx_word' id='word_1_501' title='bbox 1528 5127 1584 5172; x_wconf 90' lang='lat' dir='ltr'><strong>ut</strong></span> <span class='ocrx_word' id='word_1_502' title='bbox 1616 5121 1784 5175; x_wconf 87' lang='lat' dir='ltr'><strong>solam</strong></span> 
     </span>
    </p>
   </div>
   <div class='ocr_carea' id='block_1_70' title="bbox 173 5200 1785 5280">
    <p class='ocr_par' dir='ltr' id='par_1_70' title="bbox 173 5200 1785 5280">
     <span class='ocr_line' id='line_1_70' title="bbox 173 5200 1785 5280; baseline 0.005 -26"><span class='ocrx_word' id='word_1_503' title='bbox 173 5200 428 5256; x_wconf 76' lang='lat' dir='ltr'><strong>Rachelis</strong></span> <span class='ocrx_word' id='word_1_504' title='bbox 470 5201 729 5268; x_wconf 87' lang='lat' dir='ltr'><strong>copulam</strong></span> <span class='ocrx_word' id='word_1_505' title='bbox 772 5213 1075 5256; x_wconf 87' lang='lat' dir='ltr'><strong>mereretur</strong></span> <span class='ocrx_word' id='word_1_506' title='bbox 1127 5203 1375 5258; x_wconf 86' lang='lat' dir='ltr'><strong>intendit.</strong></span> <span class='ocrx_word' id='word_1_507' title='bbox 1423 5207 1484 5260; x_wconf 84' lang='lat' dir='ltr'><strong>Et</strong></span> <span class='ocrx_word' id='word_1_508' title='bbox 1509 5207 1621 5275; x_wconf 87' lang='lat' dir='ltr'><strong>jam</strong></span> <span class='ocrx_word' id='word_1_509' title='bbox 1662 5212 1785 5280; x_wconf 77' lang='lat' dir='ltr'><strong>qui—</strong></span> 
     </span>
    </p>
   </div>
   <div class='ocr_carea' id='block_1_71' title="bbox 177 5290 1788 5366">
    <p class='ocr_par' dir='ltr' id='par_1_71' title="bbox 177 5290 1788 5366">
     <span class='ocr_line' id='line_1_71' title="bbox 177 5290 1788 5366; baseline 0.01 -27"><span class='ocrx_word' id='word_1_510' title='bbox 177 5291 294 5342; x_wconf 89' lang='lat' dir='ltr'><strong>dent</strong></span> <span class='ocrx_word' id='word_1_511' title='bbox 327 5291 481 5343; x_wconf 85' lang='lat' dir='ltr'><strong>Liam</strong></span> <span class='ocrx_word' id='word_1_512' title='bbox 515 5290 789 5362; x_wconf 85' lang='lat' dir='ltr'><strong>conjugali</strong></span> <span class='ocrx_word' id='word_1_513' title='bbox 819 5290 942 5358; x_wconf 82' lang='lat' dir='ltr'><strong>jure</strong></span> <span class='ocrx_word' id='word_1_514' title='bbox 975 5304 1308 5362; x_wconf 86' lang='lat' dir='ltr'><strong>susceperat.</strong></span> <span class='ocrx_word' id='word_1_515' title='bbox 1351 5298 1442 5350; x_wconf 87' lang='lat' dir='ltr'><strong>sed</strong></span> <span class='ocrx_word' id='word_1_516' title='bbox 1466 5314 1562 5366; x_wconf 89' lang='lat' dir='ltr'><strong>per</strong></span> <span class='ocrx_word' id='word_1_517' title='bbox 1585 5303 1788 5356; x_wconf 74' lang='lat' dir='ltr'><strong>amoris</strong></span> 
     </span>
    </p>
   </div>
   <div class='ocr_carea' id='block_1_72' title="bbox 178 5381 1783 5458">
    <p class='ocr_par' dir='ltr' id='par_1_72' title="bbox 178 5381 1783 5458">
     <span class='ocr_line' id='line_1_72' title="bbox 178 5381 1783 5458; baseline 0.006 -27"><span class='ocrx_word' id='word_1_518' title='bbox 178 5381 350 5435; x_wconf 86' lang='lat' dir='ltr'><strong>intimi</strong></span> <span class='ocrx_word' id='word_1_519' title='bbox 380 5381 722 5437; x_wconf 83' lang='lat' dir='ltr'><strong>desiderium</strong></span> <span class='ocrx_word' id='word_1_520' title='bbox 774 5383 826 5433; x_wconf 90' lang='lat' dir='ltr'><strong>in</strong></span> <span class='ocrx_word' id='word_1_521' title='bbox 874 5393 1114 5436; x_wconf 68' lang='lat' dir='ltr'><strong>venustae</strong></span> <span class='ocrx_word' id='word_1_522' title='bbox 1154 5385 1402 5440; x_wconf 72' lang='lat' dir='ltr'><strong>llachelis</strong></span> <span class='ocrx_word' id='word_1_523' title='bbox 1446 5390 1783 5458; x_wconf 72' lang='lat' dir='ltr'><strong>amplexibus</strong></span> 
     </span>
    </p>
   </div>
   <div class='ocr_carea' id='block_1_73' title="bbox 177 5469 1782 5547">
    <p class='ocr_par' dir='ltr' id='par_1_73' title="bbox 177 5469 1782 5547">
     <span class='ocr_line' id='line_1_73' title="bbox 177 5469 1782 5547; baseline 0.007 -24"><span class='ocrx_word' id='word_1_524' title='bbox 177 5472 492 5540; x_wconf 86' lang='lat' dir='ltr'><strong>quiescebat</strong></span> <span class='ocrx_word' id='word_1_525' title='bbox 523 5469 682 5539; x_wconf 77' lang='lat' dir='ltr'><strong>(Gen.</strong></span> <span class='ocrx_word' id='word_1_526' title='bbox 714 5471 886 5538; x_wconf 67' lang='lat' dir='ltr'><strong>IXIK).</strong></span> <span class='ocrx_word' id='word_1_527' title='bbox 919 5473 974 5526; x_wconf 91' lang='lat' dir='ltr'><strong>In</strong></span> <span class='ocrx_word' id='word_1_528' title='bbox 1008 5474 1110 5526; x_wconf 85' lang='lat' dir='ltr'><strong>illis</strong></span> <span class='ocrx_word' id='word_1_529' title='bbox 1151 5474 1330 5543; x_wconf 87' lang='lat' dir='ltr'><strong>itaque</strong></span> <span class='ocrx_word' id='word_1_530' title='bbox 1355 5475 1553 5531; x_wconf 67' lang='lat' dir='ltr'><strong>Sancta!</strong></span> <span class='ocrx_word' id='word_1_531' title='bbox 1586 5481 1782 5547; x_wconf 72' lang='lat' dir='ltr'><strong>regulae</strong></span> 
     </span>
    </p>
   </div>
   <div class='ocr_carea' id='block_1_74' title="bbox 178 5563 1783 5635">
    <p class='ocr_par' dir='ltr' id='par_1_74' title="bbox 178 5563 1783 5635">
     <span class='ocr_line' id='line_1_74' title="bbox 178 5563 1783 5635; baseline 0.007 -22"><span class='ocrx_word' id='word_1_532' title='bbox 178 5563 376 5627; x_wconf 87' lang='lat' dir='ltr'><strong>verbis,</strong></span> <span class='ocrx_word' id='word_1_533' title='bbox 408 5580 533 5634; x_wconf 70' lang='lat' dir='ltr'><strong>qua:</strong></span> <span class='ocrx_word' id='word_1_534' title='bbox 585 5578 750 5632; x_wconf 83' lang='lat' dir='ltr'><strong>supra</strong></span> <span class='ocrx_word' id='word_1_535' title='bbox 802 5564 1100 5630; x_wconf 87' lang='lat' dir='ltr'><strong>posuimus,</strong></span> <span class='ocrx_word' id='word_1_536' title='bbox 1151 5567 1432 5635; x_wconf 84' lang='lat' dir='ltr'><strong>perspicue</strong></span> <span class='ocrx_word' id='word_1_537' title='bbox 1478 5569 1783 5623; x_wconf 83' lang='lat' dir='ltr'><strong>declaratur</strong></span> 
     </span>
    </p>
   </div>
   <div class='ocr_carea' id='block_1_75' title="bbox 181 5654 1778 5722">
    <p class='ocr_par' dir='ltr' id='par_1_75' title="bbox 181 5654 1778 5722">
     <span class='ocr_line' id='line_1_75' title="bbox 181 5654 1778 5722; baseline 0.003 -15"><span class='ocrx_word' id='word_1_538' title='bbox 181 5656 300 5722; x_wconf 89' lang='lat' dir='ltr'><strong>quia</strong></span> <span class='ocrx_word' id='word_1_539' title='bbox 351 5654 410 5710; x_wconf 88' lang='lat' dir='ltr'><strong>S.</strong></span> <span class='ocrx_word' id='word_1_540' title='bbox 469 5654 824 5715; x_wconf 85' lang='lat' dir='ltr'><strong>Benedictus,</strong></span> <span class='ocrx_word' id='word_1_541' title='bbox 863 5655 988 5706; x_wconf 85' lang='lat' dir='ltr'><strong>dum</strong></span> <span class='ocrx_word' id='word_1_542' title='bbox 1031 5656 1083 5709; x_wconf 90' lang='lat' dir='ltr'><strong>in</strong></span> <span class='ocrx_word' id='word_1_543' title='bbox 1136 5658 1465 5711; x_wconf 76' lang='lat' dir='ltr'><strong>monasterio</strong></span> <span class='ocrx_word' id='word_1_544' title='bbox 1508 5658 1778 5714; x_wconf 87' lang='lat' dir='ltr'><strong>hominem</strong></span> 
     </span>
    </p>
   </div>
   <div class='ocr_carea' id='block_1_76' title="bbox 177 5743 1777 5815">
    <p class='ocr_par' dir='ltr' id='par_1_76' title="bbox 177 5743 1777 5815">
     <span class='ocr_line' id='line_1_76' title="bbox 177 5743 1777 5815; baseline 0.006 -18"><span class='ocrx_word' id='word_1_545' title='bbox 177 5744 346 5814; x_wconf 59' lang='lat' dir='ltr'><strong>pudt,</strong></span> <span class='ocrx_word' id='word_1_546' title='bbox 380 5745 445 5798; x_wconf 86' lang='lat' dir='ltr'><strong>ad</strong></span> <span class='ocrx_word' id='word_1_547' title='bbox 475 5757 728 5798; x_wconf 85' lang='lat' dir='ltr'><strong>eremum</strong></span> <span class='ocrx_word' id='word_1_548' title='bbox 768 5743 970 5812; x_wconf 80' lang='lat' dir='ltr'><strong>dirigit.</strong></span> <span class='ocrx_word' id='word_1_549' title='bbox 1007 5743 1103 5796; x_wconf 85' lang='lat' dir='ltr'><strong>llic</strong></span> <span class='ocrx_word' id='word_1_550' title='bbox 1142 5746 1355 5814; x_wconf 87' lang='lat' dir='ltr'><strong>quidem</strong></span> <span class='ocrx_word' id='word_1_551' title='bbox 1401 5745 1648 5815; x_wconf 79' lang='lat' dir='ltr'><strong>collocat,</strong></span> <span class='ocrx_word' id='word_1_552' title='bbox 1686 5749 1777 5805; x_wconf 81' lang='lat' dir='ltr'><strong>sed</strong></span> 
     </span>
    </p>
   </div>
   <div class='ocr_carea' id='block_1_77' title="bbox 609 5838 1212 5900">
    <p class='ocr_par' dir='ltr' id='par_1_77' title="bbox 609 5838 1212 5900">
     <span class='ocr_line' id='line_1_77' title="bbox 609 5838 1212 5900; baseline 0 -1"><span class='ocrx_word' id='word_1_553' title='bbox 609 5838 889 5899; x_wconf 74' lang='grc' dir='ltr'><strong>ΡΑτῑιοι..</strong></span> <span class='ocrx_word' id='word_1_554' title='bbox 945 5838 1212 5900; x_wconf 72' lang='lat' dir='ltr'><strong>CXLIV.</strong></span> 
     </span>
    </p>
   </div>
   <div class='ocr_carea' id='block_1_78' title="bbox 1883 1934 3493 2004">
    <p class='ocr_par' dir='ltr' id='par_1_78' title="bbox 1883 1934 3493 2004">
     <span class='ocr_line' id='line_1_78' title="bbox 1883 1934 3493 2004; baseline 0.002 -16"><span class='ocrx_word' id='word_1_555' title='bbox 1883 1949 2004 1988; x_wconf 92' lang='lat' dir='ltr'><strong>mus</strong></span> <span class='ocrx_word' id='word_1_556' title='bbox 2035 1935 2257 1988; x_wconf 86' lang='lat' dir='ltr'><strong>habere.</strong></span> <span class='ocrx_word' id='word_1_557' title='bbox 2287 1934 2577 2000; x_wconf 61' lang='lat' dir='ltr'><strong>Caeterum,</strong></span> <span class='ocrx_word' id='word_1_558' title='bbox 2610 1935 2702 2004; x_wconf 90' lang='lat' dir='ltr'><strong>qui</strong></span> <span class='ocrx_word' id='word_1_559' title='bbox 2744 1936 2811 1989; x_wconf 91' lang='lat' dir='ltr'><strong>ad</strong></span> <span class='ocrx_word' id='word_1_560' title='bbox 2842 1937 3231 2004; x_wconf 89' lang='lat' dir='ltr'><strong>perfectionem</strong></span> <span class='ocrx_word' id='word_1_561' title='bbox 3265 1953 3493 1994; x_wconf 88' lang='lat' dir='ltr'><strong>conver-</strong></span> 
     </span>
    </p>
   </div>
   <div class='ocr_carea' id='block_1_79' title="bbox 1883 2025 3492 2098">
    <p class='ocr_par' dir='ltr' id='par_1_79' title="bbox 1883 2025 3492 2098">
     <span class='ocr_line' id='line_1_79' title="bbox 1883 2025 3492 2098; baseline 0.003 -17"><span class='ocrx_word' id='word_1_562' title='bbox 1883 2027 2112 2082; x_wconf 89' lang='lat' dir='ltr'><strong>sationis</strong></span> <span class='ocrx_word' id='word_1_563' title='bbox 2139 2025 2416 2092; x_wconf 87' lang='lat' dir='ltr'><strong>festinant,</strong></span> <span class='ocrx_word' id='word_1_564' title='bbox 2449 2039 2575 2083; x_wconf 91' lang='lat' dir='ltr'><strong>sunt</strong></span> <span class='ocrx_word' id='word_1_565' title='bbox 2610 2029 2870 2083; x_wconf 67' lang='lat' dir='ltr'><strong>doctrinae</strong></span> <span class='ocrx_word' id='word_1_566' title='bbox 2899 2039 3214 2086; x_wconf 90' lang='lat' dir='ltr'><strong>sanctorum</strong></span> <span class='ocrx_word' id='word_1_567' title='bbox 3242 2030 3492 2098; x_wconf 87' lang='lat' dir='ltr'><strong>Patrum,</strong></span> 
     </span>
    </p>
   </div>
   <div class='ocr_carea' id='block_1_80' title="bbox 1882 2119 3490 2188">
    <p class='ocr_par' dir='ltr' id='par_1_80' title="bbox 1882 2119 3490 2188">
     <span class='ocr_line' id='line_1_80' title="bbox 1882 2119 3490 2188; baseline 0.007 -20"><span class='ocrx_word' id='word_1_568' title='bbox 1882 2131 2112 2187; x_wconf 90' lang='lat' dir='ltr'><strong>quarum</strong></span> <span class='ocrx_word' id='word_1_569' title='bbox 2139 2119 2451 2173; x_wconf 85' lang='lat' dir='ltr'><strong>observatio</strong></span> <span class='ocrx_word' id='word_1_570' title='bbox 2482 2120 2733 2188; x_wconf 88' lang='lat' dir='ltr'><strong>perducit</strong></span> <span class='ocrx_word' id='word_1_571' title='bbox 2783 2119 3059 2174; x_wconf 88' lang='lat' dir='ltr'><strong>hominem</strong></span> <span class='ocrx_word' id='word_1_572' title='bbox 3100 2122 3169 2175; x_wconf 91' lang='lat' dir='ltr'><strong>ad</strong></span> <span class='ocrx_word' id='word_1_573' title='bbox 3205 2121 3490 2178; x_wconf 85' lang='lat' dir='ltr'><strong>celsitudi-</strong></span> 
     </span>
    </p>
   </div>
   <div class='ocr_carea' id='block_1_81' title="bbox 1885 2209 3494 2283">
    <p class='ocr_par' dir='ltr' id='par_1_81' title="bbox 1885 2209 3494 2283">
     <span class='ocr_line' id='line_1_81' title="bbox 1885 2209 3494 2283; baseline 0.006 -23"><span class='ocrx_word' id='word_1_574' title='bbox 1885 2223 2009 2263; x_wconf 90' lang='lat' dir='ltr'><strong>nem</strong></span> <span class='ocrx_word' id='word_1_575' title='bbox 2035 2209 2405 2277; x_wconf 88' lang='lat' dir='ltr'><strong>perfectionis.</strong></span> <span class='ocrx_word' id='word_1_576' title='bbox 2443 2229 2460 2260; x_wconf 75' lang='grc' dir='ltr'><strong><em>ι</em></strong></span> <span class='ocrx_word' id='word_1_577' title='bbox 2495 2211 2660 2266; x_wconf 75' lang='lat' dir='ltr'><strong>Vides</strong></span> <span class='ocrx_word' id='word_1_578' title='bbox 2687 2211 2856 2280; x_wconf 91' lang='lat' dir='ltr'><strong>igitur</strong></span> <span class='ocrx_word' id='word_1_579' title='bbox 2893 2211 3019 2280; x_wconf 87' lang='lat' dir='ltr'><strong>quia</strong></span> <span class='ocrx_word' id='word_1_580' title='bbox 3047 2213 3239 2267; x_wconf 88' lang='lat' dir='ltr'><strong>doctor</strong></span> <span class='ocrx_word' id='word_1_581' title='bbox 3261 2214 3494 2283; x_wconf 81' lang='lat' dir='ltr'><strong>insignis</strong></span> 
     </span>
    </p>
   </div>
   <div class='ocr_carea' id='block_1_82' title="bbox 1887 2299 3497 2368">
    <p class='ocr_par' dir='ltr' id='par_1_82' title="bbox 1887 2299 3497 2368">
     <span class='ocr_line' id='line_1_82' title="bbox 1887 2299 3497 2368; baseline 0.004 -16"><span class='ocrx_word' id='word_1_582' title='bbox 1887 2299 1941 2352; x_wconf 93' lang='lat' dir='ltr'><strong>in</strong></span> <span class='ocrx_word' id='word_1_583' title='bbox 1974 2299 2307 2354; x_wconf 88' lang='lat' dir='ltr'><strong>monasterio</strong></span> <span class='ocrx_word' id='word_1_584' title='bbox 2351 2300 2568 2368; x_wconf 91' lang='lat' dir='ltr'><strong>quidem</strong></span> <span class='ocrx_word' id='word_1_585' title='bbox 2611 2301 2896 2354; x_wconf 89' lang='lat' dir='ltr'><strong>constituit</strong></span> <span class='ocrx_word' id='word_1_586' title='bbox 2933 2301 3090 2356; x_wconf 64' lang='lat' dir='ltr'><strong>bona;</strong></span> <span class='ocrx_word' id='word_1_587' title='bbox 3126 2304 3497 2358; x_wconf 87' lang='lat' dir='ltr'><strong>conversatio-</strong></span> 
     </span>
    </p>
   </div>
   <div class='ocr_carea' id='block_1_83' title="bbox 1888 2389 3496 2460">
    <p class='ocr_par' dir='ltr' id='par_1_83' title="bbox 1888 2389 3496 2460">
     <span class='ocr_line' id='line_1_83' title="bbox 1888 2389 3496 2460; baseline 0.004 -18"><span class='ocrx_word' id='word_1_588' title='bbox 1888 2389 1971 2443; x_wconf 91' lang='lat' dir='ltr'><strong>nis</strong></span> <span class='ocrx_word' id='word_1_589' title='bbox 1997 2390 2228 2452; x_wconf 90' lang='lat' dir='ltr'><strong>initium,</strong></span> <span class='ocrx_word' id='word_1_590' title='bbox 2273 2389 2370 2444; x_wconf 87' lang='lat' dir='ltr'><strong>sed</strong></span> <span class='ocrx_word' id='word_1_591' title='bbox 2403 2400 2526 2460; x_wconf 90' lang='lat' dir='ltr'><strong>post</strong></span> <span class='ocrx_word' id='word_1_592' title='bbox 2569 2391 2635 2444; x_wconf 90' lang='lat' dir='ltr'><strong>ad</strong></span> <span class='ocrx_word' id='word_1_593' title='bbox 2684 2391 3019 2446; x_wconf 85' lang='lat' dir='ltr'><strong>sublimioris</strong></span> <span class='ocrx_word' id='word_1_594' title='bbox 3049 2393 3174 2446; x_wconf 69' lang='lat' dir='ltr'><strong>vitae</strong></span> <span class='ocrx_word' id='word_1_595' title='bbox 3212 2395 3266 2448; x_wconf 92' lang='lat' dir='ltr'><strong>in</strong></span> <span class='ocrx_word' id='word_1_596' title='bbox 3306 2403 3496 2450; x_wconf 86' lang='lat' dir='ltr'><strong>sancta</strong></span> 
     </span>
    </p>
   </div>
   <div class='ocr_carea' id='block_1_84' title="bbox 1888 2480 3498 2551">
    <p class='ocr_par' dir='ltr' id='par_1_84' title="bbox 1888 2480 3498 2551">
     <span class='ocr_line' id='line_1_84' title="bbox 1888 2480 3498 2551; baseline 0.006 -19"><span class='ocrx_word' id='word_1_597' title='bbox 1888 2480 2150 2549; x_wconf 87' lang='lat' dir='ltr'><strong>religione</strong></span> <span class='ocrx_word' id='word_1_598' title='bbox 2172 2490 2432 2551; x_wconf 88' lang='lat' dir='ltr'><strong>provocat</strong></span> <span class='ocrx_word' id='word_1_599' title='bbox 2466 2482 2803 2548; x_wconf 86' lang='lat' dir='ltr'><strong>institutum;</strong></span> <span class='ocrx_word' id='word_1_600' title='bbox 2833 2492 2888 2537; x_wconf 93' lang='lat' dir='ltr'><strong>ut</strong></span> <span class='ocrx_word' id='word_1_601' title='bbox 2921 2483 3030 2539; x_wconf 92' lang='lat' dir='ltr'><strong>illic</strong></span> <span class='ocrx_word' id='word_1_602' title='bbox 3057 2485 3284 2540; x_wconf 91' lang='lat' dir='ltr'><strong>honeste</strong></span> <span class='ocrx_word' id='word_1_603' title='bbox 3313 2487 3498 2541; x_wconf 82' lang='lat' dir='ltr'><strong>vivere</strong></span> 
     </span>
    </p>
   </div>
   <div class='ocr_carea' id='block_1_85' title="bbox 1887 2575 3494 2647">
    <p class='ocr_par' dir='ltr' id='par_1_85' title="bbox 1887 2575 3494 2647">
     <span class='ocr_line' id='line_1_85' title="bbox 1887 2575 3494 2647; baseline 0.005 -23"><span class='ocrx_word' id='word_1_604' title='bbox 1887 2586 2175 2640; x_wconf 87' lang='lat' dir='ltr'><strong>moresque</strong></span> <span class='ocrx_word' id='word_1_605' title='bbox 2205 2587 2552 2643; x_wconf 78' lang='lat' dir='ltr'><strong>componere.</strong></span> <span class='ocrx_word' id='word_1_606' title='bbox 2591 2575 2734 2628; x_wconf 90' lang='lat' dir='ltr'><strong>velut</strong></span> <span class='ocrx_word' id='word_1_607' title='bbox 2779 2575 2833 2628; x_wconf 93' lang='lat' dir='ltr'><strong>in</strong></span> <span class='ocrx_word' id='word_1_608' title='bbox 2863 2577 3112 2631; x_wconf 88' lang='lat' dir='ltr'><strong>convalle</strong></span> <span class='ocrx_word' id='word_1_609' title='bbox 3145 2579 3335 2647; x_wconf 73' lang='lat' dir='ltr'><strong>prima:</strong></span> <span class='ocrx_word' id='word_1_610' title='bbox 3365 2595 3494 2634; x_wconf 59' lang='lat' dir='ltr'><strong>con-</strong></span> 
     </span>
    </p>
   </div>
   <div class='ocr_carea' id='block_1_86' title="bbox 1889 2662 3574 2735">
    <p class='ocr_par' dir='ltr' id='par_1_86' title="bbox 1889 2662 3574 2735">
     <span class='ocr_line' id='line_1_86' title="bbox 1889 2662 3574 2735; baseline 0.006 -22"><span class='ocrx_word' id='word_1_611' title='bbox 1889 2662 2217 2715; x_wconf 85' lang='lat' dir='ltr'><strong>versationis</strong></span> <span class='ocrx_word' id='word_1_612' title='bbox 2250 2662 2512 2731; x_wconf 89' lang='lat' dir='ltr'><strong>incipiat;</strong></span> <span class='ocrx_word' id='word_1_613' title='bbox 2546 2663 2740 2718; x_wconf 89' lang='lat' dir='ltr'><strong>deimle</strong></span> <span class='ocrx_word' id='word_1_614' title='bbox 2764 2664 2874 2731; x_wconf 89' lang='lat' dir='ltr'><strong>jam</strong></span> <span class='ocrx_word' id='word_1_615' title='bbox 2928 2664 3264 2735; x_wconf 78' lang='lat' dir='ltr'><strong>spiritalibus</strong></span> <span class='ocrx_word' id='word_1_616' title='bbox 3291 2670 3502 2722; x_wconf 78' lang='lat' dir='ltr'><strong>exerci-</strong></span> <span class='ocrx_word' id='word_1_617' title='bbox 3561 2663 3574 2670; x_wconf 67' lang='grc'><strong>”</strong></span> 
     </span>
    </p>
   </div>
   <div class='ocr_carea' id='block_1_87' title="bbox 1891 2749 3500 2820">
    <p class='ocr_par' dir='ltr' id='par_1_87' title="bbox 1891 2749 3500 2820">
     <span class='ocr_line' id='line_1_87' title="bbox 1891 2749 3500 2820; baseline 0.006 -18"><span class='ocrx_word' id='word_1_618' title='bbox 1891 2749 1980 2803; x_wconf 92' lang='lat' dir='ltr'><strong>tiis</strong></span> <span class='ocrx_word' id='word_1_619' title='bbox 2010 2751 2299 2804; x_wconf 89' lang='lat' dir='ltr'><strong>roboratus</strong></span> <span class='ocrx_word' id='word_1_620' title='bbox 2333 2791 2348 2815; x_wconf 92' lang='lat'><strong>,</strong></span> <span class='ocrx_word' id='word_1_621' title='bbox 2381 2761 2640 2820; x_wconf 87' lang='lat' dir='ltr'><strong>tauquam</strong></span> <span class='ocrx_word' id='word_1_622' title='bbox 2691 2768 2721 2805; x_wconf 92' lang='lat' dir='ltr'><strong>a</strong></span> <span class='ocrx_word' id='word_1_623' title='bbox 2770 2753 2907 2808; x_wconf 90' lang='lat' dir='ltr'><strong>lacte</strong></span> <span class='ocrx_word' id='word_1_624' title='bbox 2950 2755 3015 2808; x_wconf 92' lang='lat' dir='ltr'><strong>ad</strong></span> <span class='ocrx_word' id='word_1_625' title='bbox 3053 2755 3287 2810; x_wconf 89' lang='lat' dir='ltr'><strong>solidum</strong></span> <span class='ocrx_word' id='word_1_626' title='bbox 3318 2756 3500 2812; x_wconf 89' lang='lat' dir='ltr'><strong>cibum</strong></span> 
     </span>
    </p>
   </div>
   <div class='ocr_carea' id='block_1_88' title="bbox 1893 2843 3503 2912">
    <p class='ocr_par' dir='ltr' id='par_1_88' title="bbox 1893 2843 3503 2912">
     <span class='ocr_line' id='line_1_88' title="bbox 1893 2843 3503 2912; baseline 0.006 -18"><span class='ocrx_word' id='word_1_627' title='bbox 1893 2843 2188 2905; x_wconf 85' lang='lat' dir='ltr'><strong>transiens,</strong></span> <span class='ocrx_word' id='word_1_628' title='bbox 2244 2843 2508 2897; x_wconf 87' lang='lat' dir='ltr'><strong>verticem</strong></span> <span class='ocrx_word' id='word_1_629' title='bbox 2560 2844 2911 2912; x_wconf 86' lang='lat' dir='ltr'><strong>perfectionis</strong></span> <span class='ocrx_word' id='word_1_630' title='bbox 2966 2847 3246 2901; x_wconf 87' lang='lat' dir='ltr'><strong>ascendat.</strong></span> <span class='ocrx_word' id='word_1_631' title='bbox 3285 2849 3366 2902; x_wconf 86' lang='lat' dir='ltr'><strong>Ad</strong></span> <span class='ocrx_word' id='word_1_632' title='bbox 3400 2849 3503 2904; x_wconf 82' lang='lat' dir='ltr'><strong>hoc</strong></span> 
     </span>
    </p>
   </div>
   <div class='ocr_carea' id='block_1_89' title="bbox 1891 2934 3499 3011">
    <p class='ocr_par' dir='ltr' id='par_1_89' title="bbox 1891 2934 3499 3011">
     <span class='ocr_line' id='line_1_89' title="bbox 1891 2934 3499 3011; baseline 0.005 -25"><span class='ocrx_word' id='word_1_633' title='bbox 1891 2934 2092 2987; x_wconf 89' lang='lat' dir='ltr'><strong>animal</strong></span> <span class='ocrx_word' id='word_1_634' title='bbox 2121 2936 2173 2988; x_wconf 94' lang='lat' dir='ltr'><strong>in</strong></span> <span class='ocrx_word' id='word_1_635' title='bbox 2205 2943 2449 2991; x_wconf 88' lang='lat' dir='ltr'><strong>materno</strong></span> <span class='ocrx_word' id='word_1_636' title='bbox 2481 2946 2672 2993; x_wconf 91' lang='lat' dir='ltr'><strong>ventre</strong></span> <span class='ocrx_word' id='word_1_637' title='bbox 2710 2940 3018 3009; x_wconf 79' lang='lat' dir='ltr'><strong>concipitur</strong></span> <span class='ocrx_word' id='word_1_638' title='bbox 3055 2949 3109 2994; x_wconf 91' lang='lat' dir='ltr'><strong>ut</strong></span> <span class='ocrx_word' id='word_1_639' title='bbox 3164 2943 3499 3011; x_wconf 81' lang='lat' dir='ltr'><strong>egrediatur.</strong></span> 
     </span>
    </p>
   </div>
   <div class='ocr_carea' id='block_1_90' title="bbox 1891 3025 3503 3099">
    <p class='ocr_par' dir='ltr' id='par_1_90' title="bbox 1891 3025 3503 3099">
     <span class='ocr_line' id='line_1_90' title="bbox 1891 3025 3503 3099; baseline 0.007 -20"><span class='ocrx_word' id='word_1_640' title='bbox 1891 3025 1958 3079; x_wconf 85' lang='lat' dir='ltr'><strong>Et</strong></span> <span class='ocrx_word' id='word_1_641' title='bbox 2002 3036 2150 3081; x_wconf 90' lang='lat' dir='ltr'><strong>certe</strong></span> <span class='ocrx_word' id='word_1_642' title='bbox 2199 3043 2426 3084; x_wconf 90' lang='lat' dir='ltr'><strong>necesse</strong></span> <span class='ocrx_word' id='word_1_643' title='bbox 2473 3039 2557 3084; x_wconf 89' lang='lat' dir='ltr'><strong>est</strong></span> <span class='ocrx_word' id='word_1_644' title='bbox 2605 3039 2663 3084; x_wconf 92' lang='lat' dir='ltr'><strong>ut</strong></span> <span class='ocrx_word' id='word_1_645' title='bbox 2710 3040 2884 3085; x_wconf 90' lang='lat' dir='ltr'><strong>mater</strong></span> <span class='ocrx_word' id='word_1_646' title='bbox 2911 3033 3171 3099; x_wconf 64' lang='lat' dir='ltr'><strong>abortiat,</strong></span> <span class='ocrx_word' id='word_1_647' title='bbox 3215 3035 3318 3089; x_wconf 92' lang='lat' dir='ltr'><strong>nisi</strong></span> <span class='ocrx_word' id='word_1_648' title='bbox 3359 3033 3503 3090; x_wconf 83' lang='lat' dir='ltr'><strong>fetus</strong></span> 
     </span>
    </p>
   </div>
   <div class='ocr_carea' id='block_1_91' title="bbox 1896 3113 3496 3186">
    <p class='ocr_par' dir='ltr' id='par_1_91' title="bbox 1896 3113 3496 3186">
     <span class='ocr_line' id='line_1_91' title="bbox 1896 3113 3496 3186; baseline 0.008 -20"><span class='ocrx_word' id='word_1_649' title='bbox 1896 3113 2058 3184; x_wconf 81' lang='lat'><strong>199</strong></span> <span class='ocrx_word' id='word_1_650' title='bbox 2094 3115 2158 3168; x_wconf 85' lang='lat' dir='ltr'><strong>ad</strong></span> <span class='ocrx_word' id='word_1_651' title='bbox 2185 3117 2266 3170; x_wconf 90' lang='lat' dir='ltr'><strong>sui</strong></span> <span class='ocrx_word' id='word_1_652' title='bbox 2297 3117 2687 3186; x_wconf 90' lang='lat' dir='ltr'><strong>plenitudinem</strong></span> <span class='ocrx_word' id='word_1_653' title='bbox 2738 3120 3102 3176; x_wconf 85' lang='lat' dir='ltr'><strong>convalescat.</strong></span> <span class='ocrx_word' id='word_1_654' title='bbox 3162 3123 3270 3179; x_wconf 90' lang='lat' dir='ltr'><strong>Nos</strong></span> <span class='ocrx_word' id='word_1_655' title='bbox 3313 3134 3496 3180; x_wconf 88' lang='lat' dir='ltr'><strong>autem</strong></span> 
     </span>
    </p>
   </div>
   <div class='ocr_carea' id='block_1_92' title="bbox 1893 3207 3504 3283">
    <p class='ocr_par' dir='ltr' id='par_1_92' title="bbox 1893 3207 3504 3283">
     <span class='ocr_line' id='line_1_92' title="bbox 1893 3207 3504 3283; baseline 0.009 -27"><span class='ocrx_word' id='word_1_656' title='bbox 1893 3207 2144 3259; x_wconf 88' lang='lat' dir='ltr'><strong>volumus</strong></span> <span class='ocrx_word' id='word_1_657' title='bbox 2190 3217 2247 3260; x_wconf 93' lang='lat' dir='ltr'><strong>ut</strong></span> <span class='ocrx_word' id='word_1_658' title='bbox 2287 3222 2504 3278; x_wconf 85' lang='lat' dir='ltr'><strong>semper</strong></span> <span class='ocrx_word' id='word_1_659' title='bbox 2549 3219 2737 3265; x_wconf 90' lang='lat' dir='ltr'><strong>uterus</strong></span> <span class='ocrx_word' id='word_1_660' title='bbox 2777 3220 3001 3276; x_wconf 89' lang='lat' dir='ltr'><strong>tumeat,</strong></span> <span class='ocrx_word' id='word_1_661' title='bbox 3043 3221 3098 3267; x_wconf 92' lang='lat' dir='ltr'><strong>et</strong></span> <span class='ocrx_word' id='word_1_662' title='bbox 3149 3217 3291 3283; x_wconf 91' lang='lat' dir='ltr'><strong>quod</strong></span> <span class='ocrx_word' id='word_1_663' title='bbox 3333 3218 3504 3272; x_wconf 88' lang='lat' dir='ltr'><strong>semel</strong></span> 
     </span>
    </p>
   </div>
   <div class='ocr_carea' id='block_1_93' title="bbox 1893 3299 3507 3374">
    <p class='ocr_par' dir='ltr' id='par_1_93' title="bbox 1893 3299 3507 3374">
     <span class='ocr_line' id='line_1_93' title="bbox 1893 3299 3507 3374; baseline 0.005 -24"><span class='ocrx_word' id='word_1_664' title='bbox 1893 3304 2212 3363; x_wconf 88' lang='lat' dir='ltr'><strong>conceptum</strong></span> <span class='ocrx_word' id='word_1_665' title='bbox 2257 3304 2340 3350; x_wconf 87' lang='lat' dir='ltr'><strong>est</strong></span> <span class='ocrx_word' id='word_1_666' title='bbox 2380 3313 2486 3350; x_wconf 90' lang='lat' dir='ltr'><strong>non</strong></span> <span class='ocrx_word' id='word_1_667' title='bbox 2517 3307 2786 3367; x_wconf 90' lang='lat' dir='ltr'><strong>erumpat.</strong></span> <span class='ocrx_word' id='word_1_668' title='bbox 2835 3299 3084 3354; x_wconf 65' lang='lat' dir='ltr'><strong>Sinistra:</strong></span> <span class='ocrx_word' id='word_1_669' title='bbox 3137 3303 3332 3358; x_wconf 91' lang='lat' dir='ltr'><strong>indolis</strong></span> <span class='ocrx_word' id='word_1_670' title='bbox 3369 3320 3507 3374; x_wconf 90' lang='lat' dir='ltr'><strong>puer</strong></span> 
     </span>
    </p>
   </div>
   <div class='ocr_carea' id='block_1_94' title="bbox 1893 3384 3506 3461">
    <p class='ocr_par' dir='ltr' id='par_1_94' title="bbox 1893 3384 3506 3461">
     <span class='ocr_line' id='line_1_94' title="bbox 1893 3384 3506 3461; baseline 0.007 -23"><span class='ocrx_word' id='word_1_671' title='bbox 1893 3395 1996 3448; x_wconf 87' lang='lat' dir='ltr'><strong>est,</strong></span> <span class='ocrx_word' id='word_1_672' title='bbox 2039 3385 2126 3438; x_wconf 89' lang='lat' dir='ltr'><strong>cui</strong></span> <span class='ocrx_word' id='word_1_673' title='bbox 2167 3384 2280 3453; x_wconf 90' lang='lat' dir='ltr'><strong>jam</strong></span> <span class='ocrx_word' id='word_1_674' title='bbox 2331 3387 2718 3456; x_wconf 89' lang='lat' dir='ltr'><strong>grandiusculo</strong></span> <span class='ocrx_word' id='word_1_675' title='bbox 2767 3401 2868 3444; x_wconf 85' lang='lat' dir='ltr'><strong>nec</strong></span> <span class='ocrx_word' id='word_1_676' title='bbox 2913 3404 2978 3443; x_wconf 82' lang='lat' dir='ltr'><strong>ex</strong></span> <span class='ocrx_word' id='word_1_677' title='bbox 3031 3392 3264 3461; x_wconf 85' lang='lat' dir='ltr'><strong>gingivis</strong></span> <span class='ocrx_word' id='word_1_678' title='bbox 3313 3393 3506 3450; x_wconf 88' lang='lat' dir='ltr'><strong>dentes</strong></span> 
     </span>
    </p>
   </div>
   <div class='ocr_carea' id='block_1_95' title="bbox 1893 3476 3504 3551">
    <p class='ocr_par' dir='ltr' id='par_1_95' title="bbox 1893 3476 3504 3551">
     <span class='ocr_line' id='line_1_95' title="bbox 1893 3476 3504 3551; baseline 0.007 -22"><span class='ocrx_word' id='word_1_679' title='bbox 1893 3476 2182 3544; x_wconf 90' lang='lat' dir='ltr'><strong>prodeunt,</strong></span> <span class='ocrx_word' id='word_1_680' title='bbox 2227 3492 2326 3531; x_wconf 91' lang='lat' dir='ltr'><strong>nec</strong></span> <span class='ocrx_word' id='word_1_681' title='bbox 2357 3478 2421 3532; x_wconf 91' lang='lat' dir='ltr'><strong>ad</strong></span> <span class='ocrx_word' id='word_1_682' title='bbox 2459 3479 2815 3542; x_wconf 77' lang='lat' dir='ltr'><strong>gradientium</strong></span> <span class='ocrx_word' id='word_1_683' title='bbox 2861 3497 3037 3551; x_wconf 90' lang='lat' dir='ltr'><strong>genua</strong></span> <span class='ocrx_word' id='word_1_684' title='bbox 3091 3484 3504 3542; x_wconf 71' lang='lat' dir='ltr'><strong>convalescunt.</strong></span> 
     </span>
    </p>
   </div>
   <div class='ocr_carea' id='block_1_96' title="bbox 1895 3567 3510 3646">
    <p class='ocr_par' dir='ltr' id='par_1_96' title="bbox 1895 3567 3510 3646">
     <span class='ocr_line' id='line_1_96' title="bbox 1895 3567 3510 3646; baseline 0.007 -25"><span class='ocrx_word' id='word_1_685' title='bbox 1895 3567 2064 3621; x_wconf 85' lang='lat' dir='ltr'><strong>Porro</strong></span> <span class='ocrx_word' id='word_1_686' title='bbox 2101 3576 2303 3631; x_wconf 89' lang='lat' dir='ltr'><strong>autem,</strong></span> <span class='ocrx_word' id='word_1_687' title='bbox 2336 3585 2460 3623; x_wconf 87' lang='lat' dir='ltr'><strong>cunt</strong></span> <span class='ocrx_word' id='word_1_688' title='bbox 2503 3569 2616 3638; x_wconf 88' lang='lat' dir='ltr'><strong>ipsa</strong></span> <span class='ocrx_word' id='word_1_689' title='bbox 2667 3571 3069 3626; x_wconf 66' lang='lat' dir='ltr'><strong>cmnobitarunt</strong></span> <span class='ocrx_word' id='word_1_690' title='bbox 3115 3575 3301 3644; x_wconf 81' lang='lat' dir='ltr'><strong>regula</strong></span> <span class='ocrx_word' id='word_1_691' title='bbox 3331 3577 3510 3646; x_wconf 83' lang='lat' dir='ltr'><strong>perfe-</strong></span> 
     </span>
    </p>
   </div>
   <div class='ocr_carea' id='block_1_97' title="bbox 1895 3657 3505 3738">
    <p class='ocr_par' dir='ltr' id='par_1_97' title="bbox 1895 3657 3505 3738">
     <span class='ocr_line' id='line_1_97' title="bbox 1895 3657 3505 3738; baseline 0.007 -26"><span class='ocrx_word' id='word_1_692' title='bbox 1895 3659 2134 3713; x_wconf 83' lang='lat' dir='ltr'><strong>ctionem</strong></span> <span class='ocrx_word' id='word_1_693' title='bbox 2163 3673 2219 3712; x_wconf 87' lang='lat' dir='ltr'><strong>se</strong></span> <span class='ocrx_word' id='word_1_694' title='bbox 2252 3673 2358 3712; x_wconf 91' lang='lat' dir='ltr'><strong>non</strong></span> <span class='ocrx_word' id='word_1_695' title='bbox 2391 3657 2594 3713; x_wconf 88' lang='lat' dir='ltr'><strong>habere</strong></span> <span class='ocrx_word' id='word_1_696' title='bbox 2624 3660 2926 3730; x_wconf 89' lang='lat' dir='ltr'><strong>perhibeat,</strong></span> <span class='ocrx_word' id='word_1_697' title='bbox 2959 3665 3053 3717; x_wconf 85' lang='lat' dir='ltr'><strong>sed</strong></span> <span class='ocrx_word' id='word_1_698' title='bbox 3081 3664 3351 3722; x_wconf 84' lang='lat' dir='ltr'><strong>volentem</strong></span> <span class='ocrx_word' id='word_1_699' title='bbox 3381 3685 3505 3738; x_wconf 60' lang='lat' dir='ltr'><strong>per-</strong></span> 
     </span>
    </p>
   </div>
   <div class='ocr_carea' id='block_1_98' title="bbox 1898 3748 3506 3823">
    <p class='ocr_par' dir='ltr' id='par_1_98' title="bbox 1898 3748 3506 3823">
     <span class='ocr_line' id='line_1_98' title="bbox 1898 3748 3506 3823; baseline 0.011 -23"><span class='ocrx_word' id='word_1_700' title='bbox 1898 3748 1982 3802; x_wconf 87' lang='lat' dir='ltr'><strong>fici</strong></span> <span class='ocrx_word' id='word_1_701' title='bbox 2005 3750 2071 3803; x_wconf 91' lang='lat' dir='ltr'><strong>ad</strong></span> <span class='ocrx_word' id='word_1_702' title='bbox 2098 3750 2266 3804; x_wconf 88' lang='lat' dir='ltr'><strong>eremi</strong></span> <span class='ocrx_word' id='word_1_703' title='bbox 2294 3750 2546 3806; x_wconf 90' lang='lat' dir='ltr'><strong>instituta</strong></span> <span class='ocrx_word' id='word_1_704' title='bbox 2581 3761 2833 3821; x_wconf 89' lang='lat' dir='ltr'><strong>patenter</strong></span> <span class='ocrx_word' id='word_1_705' title='bbox 2879 3756 3236 3823; x_wconf 87' lang='lat' dir='ltr'><strong>transmittat,</strong></span> <span class='ocrx_word' id='word_1_706' title='bbox 3272 3775 3374 3814; x_wconf 90' lang='lat' dir='ltr'><strong>cur</strong></span> <span class='ocrx_word' id='word_1_707' title='bbox 3405 3777 3506 3817; x_wconf 84' lang='lat' dir='ltr'><strong>nos</strong></span> 
     </span>
    </p>
   </div>
   <div class='ocr_carea' id='block_1_99' title="bbox 1897 3843 3508 3916">
    <p class='ocr_par' dir='ltr' id='par_1_99' title="bbox 1897 3843 3508 3916">
     <span class='ocr_line' id='line_1_99' title="bbox 1897 3843 3508 3916; baseline 0.009 -22"><span class='ocrx_word' id='word_1_708' title='bbox 1897 3843 1964 3895; x_wconf 92' lang='lat' dir='ltr'><strong>ad</strong></span> <span class='ocrx_word' id='word_1_709' title='bbox 2028 3843 2381 3911; x_wconf 86' lang='lat' dir='ltr'><strong>perfectionis</strong></span> <span class='ocrx_word' id='word_1_710' title='bbox 2417 3860 2600 3898; x_wconf 79' lang='lat' dir='ltr'><strong>arcem</strong></span> <span class='ocrx_word' id='word_1_711' title='bbox 2651 3855 2706 3899; x_wconf 92' lang='lat' dir='ltr'><strong>et</strong></span> <span class='ocrx_word' id='word_1_712' title='bbox 2757 3844 2861 3916; x_wconf 80' lang='lat' dir='ltr'><strong>ipsi</strong></span> <span class='ocrx_word' id='word_1_713' title='bbox 2909 3849 3283 3907; x_wconf 89' lang='lat' dir='ltr'><strong>conscendere</strong></span> <span class='ocrx_word' id='word_1_714' title='bbox 3323 3852 3508 3909; x_wconf 75' lang='lat' dir='ltr'><strong>flocci-</strong></span> 
     </span>
    </p>
   </div>
   <div class='ocr_carea' id='block_1_100' title="bbox 1899 3934 3510 4012">
    <p class='ocr_par' dir='ltr' id='par_1_100' title="bbox 1899 3934 3510 4012">
     <span class='ocr_line' id='line_1_100' title="bbox 1899 3934 3510 4012; baseline 0.01 -26"><span class='ocrx_word' id='word_1_715' title='bbox 1899 3935 2204 4002; x_wconf 89' lang='lat' dir='ltr'><strong>pendimus.</strong></span> <span class='ocrx_word' id='word_1_716' title='bbox 2232 3943 2287 3988; x_wconf 93' lang='lat' dir='ltr'><strong>et</strong></span> <span class='ocrx_word' id='word_1_717' title='bbox 2310 3934 2552 4004; x_wconf 89' lang='lat' dir='ltr'><strong>quidem,</strong></span> <span class='ocrx_word' id='word_1_718' title='bbox 2581 3950 2647 3990; x_wconf 90' lang='lat' dir='ltr'><strong>ne</strong></span> <span class='ocrx_word' id='word_1_719' title='bbox 2670 3938 2738 3991; x_wconf 89' lang='lat' dir='ltr'><strong>ad</strong></span> <span class='ocrx_word' id='word_1_720' title='bbox 2768 3938 2993 3995; x_wconf 87' lang='lat' dir='ltr'><strong>meliora</strong></span> <span class='ocrx_word' id='word_1_721' title='bbox 3027 3942 3334 4012; x_wconf 86' lang='lat' dir='ltr'><strong>proficiant,</strong></span> <span class='ocrx_word' id='word_1_722' title='bbox 3366 3963 3510 4002; x_wconf 85' lang='lat' dir='ltr'><strong>sem-</strong></span> 
     </span>
    </p>
   </div>
   <div class='ocr_carea' id='block_1_101' title="bbox 1899 4026 2522 4093">
    <p class='ocr_par' dir='ltr' id='par_1_101' title="bbox 1899 4026 2522 4093">
     <span class='ocr_line' id='line_1_101' title="bbox 1899 4026 2522 4093; baseline 0.002 -14"><span class='ocrx_word' id='word_1_723' title='bbox 1899 4041 2000 4093; x_wconf 88' lang='lat' dir='ltr'><strong>per</strong></span> <span class='ocrx_word' id='word_1_724' title='bbox 2022 4026 2143 4080; x_wconf 89' lang='lat' dir='ltr'><strong>aliis</strong></span> <span class='ocrx_word' id='word_1_725' title='bbox 2173 4027 2522 4082; x_wconf 83' lang='lat' dir='ltr'><strong>invidemus?</strong></span> 
     </span>
    </p>
   </div>
   <div class='ocr_carea' id='block_1_102' title="bbox 1973 4117 3509 4196">
    <p class='ocr_par' dir='ltr' id='par_1_102' title="bbox 1973 4117 3509 4196">
     <span class='ocr_line' id='line_1_102' title="bbox 1973 4117 3509 4196; baseline 0.014 -26"><span class='ocrx_word' id='word_1_726' title='bbox 1973 4117 2292 4186; x_wconf 82' lang='lat' dir='ltr'><strong>Respiciens</strong></span> <span class='ocrx_word' id='word_1_727' title='bbox 2320 4118 2506 4174; x_wconf 85' lang='lat' dir='ltr'><strong>Jesnm</strong></span> <span class='ocrx_word' id='word_1_728' title='bbox 2539 4125 2912 4181; x_wconf 86' lang='lat' dir='ltr'><strong>ambulantem</strong></span> <span class='ocrx_word' id='word_1_729' title='bbox 2943 4128 3210 4196; x_wconf 61' lang='lat' dir='ltr'><strong>Joannes,</strong></span> <span class='ocrx_word' id='word_1_730' title='bbox 3259 4133 3463 4192; x_wconf 88' lang='lat' dir='ltr'><strong>clamat</strong></span> <span class='ocrx_word' id='word_1_731' title='bbox 3495 4153 3509 4191; x_wconf 89' lang='lat'><strong>:</strong></span> 
     </span>
    </p>
   </div>
   <div class='ocr_carea' id='block_1_103' title="bbox 1902 4209 3512 4296">
    <p class='ocr_par' dir='ltr' id='par_1_103' title="bbox 1902 4209 3512 4296">
     <span class='ocr_line' id='line_1_103' title="bbox 1902 4209 3512 4296; baseline 0.016 -38"><span class='ocrx_word' id='word_1_732' title='bbox 1902 4227 1920 4258; x_wconf 73' lang='grc' dir='ltr'>ι</span> <span class='ocrx_word' id='word_1_733' title='bbox 1960 4209 2098 4264; x_wconf 83' lang='lat' dir='ltr'><strong>Ecce</strong></span> <span class='ocrx_word' id='word_1_734' title='bbox 2162 4211 2348 4280; x_wconf 72' lang='lat' dir='ltr'><strong>Agnus</strong></span> <span class='ocrx_word' id='word_1_735' title='bbox 2403 4213 2494 4267; x_wconf 89' lang='lat' dir='ltr'><strong>Dei</strong></span> <span class='ocrx_word' id='word_1_736' title='bbox 2550 4215 2733 4285; x_wconf 72' lang='lat' dir='ltr'><strong>(Joan.</strong></span> <span class='ocrx_word' id='word_1_737' title='bbox 2792 4220 2854 4288; x_wconf 82' lang='grc' dir='ltr'><strong>ι).</strong></span> <span class='ocrx_word' id='word_1_738' title='bbox 2903 4239 2923 4271; x_wconf 69' lang='grc' dir='ltr'>ι</span> <span class='ocrx_word' id='word_1_739' title='bbox 2957 4222 3038 4277; x_wconf 78' lang='lat' dir='ltr'><strong>Ad</strong></span> <span class='ocrx_word' id='word_1_740' title='bbox 3098 4224 3211 4279; x_wconf 70' lang='lat' dir='ltr'><strong>lucc</strong></span> <span class='ocrx_word' id='word_1_741' title='bbox 3259 4229 3512 4296; x_wconf 81' lang='lat' dir='ltr'><strong>protinus</strong></span> 
     </span>
    </p>
   </div>
   <div class='ocr_carea' id='block_1_104' title="bbox 1897 4300 3509 4387">
    <p class='ocr_par' dir='ltr' id='par_1_104' title="bbox 1897 4300 3509 4387">
     <span class='ocr_line' id='line_1_104' title="bbox 1897 4300 3509 4387; baseline 0.012 -33"><span class='ocrx_word' id='word_1_742' title='bbox 1897 4300 2247 4370; x_wconf 73' lang='lat' dir='ltr'><strong>Evangelista</strong></span> <span class='ocrx_word' id='word_1_743' title='bbox 2289 4303 2568 4375; x_wconf 90' lang='lat' dir='ltr'><strong>subjungit</strong></span> <span class='ocrx_word' id='word_1_744' title='bbox 2596 4321 2609 4358; x_wconf 91' lang='lat'>:</span> <span class='ocrx_word' id='word_1_745' title='bbox 2650 4325 2667 4356; x_wconf 72' lang='grc' dir='ltr'>ι</span> <span class='ocrx_word' id='word_1_746' title='bbox 2700 4307 2766 4362; x_wconf 81' lang='lat' dir='ltr'><strong>Et</strong></span> <span class='ocrx_word' id='word_1_747' title='bbox 2796 4310 3087 4365; x_wconf 88' lang='lat' dir='ltr'><strong>audierunt</strong></span> <span class='ocrx_word' id='word_1_748' title='bbox 3118 4315 3224 4369; x_wconf 89' lang='lat' dir='ltr'><strong>duo</strong></span> <span class='ocrx_word' id='word_1_749' title='bbox 3256 4317 3509 4387; x_wconf 87' lang='lat' dir='ltr'><strong>discipuli</strong></span> 
     </span>
    </p>
   </div>
   <div class='ocr_carea' id='block_1_105' title="bbox 1896 4391 3508 4474">
    <p class='ocr_par' dir='ltr' id='par_1_105' title="bbox 1896 4391 3508 4474">
     <span class='ocr_line' id='line_1_105' title="bbox 1896 4391 3508 4474; baseline 0.011 -30"><span class='ocrx_word' id='word_1_750' title='bbox 1896 4391 2205 4461; x_wconf 85' lang='lat' dir='ltr'><strong>loquentem</strong></span> <span class='ocrx_word' id='word_1_751' title='bbox 2232 4434 2246 4455; x_wconf 90' lang='lat'><strong>,</strong></span> <span class='ocrx_word' id='word_1_752' title='bbox 2299 4401 2354 4446; x_wconf 91' lang='lat' dir='ltr'><strong>et</strong></span> <span class='ocrx_word' id='word_1_753' title='bbox 2402 4397 2574 4448; x_wconf 90' lang='lat' dir='ltr'><strong>secuti</strong></span> <span class='ocrx_word' id='word_1_754' title='bbox 2621 4407 2748 4451; x_wconf 88' lang='lat' dir='ltr'><strong>sunt</strong></span> <span class='ocrx_word' id='word_1_755' title='bbox 2792 4398 2976 4454; x_wconf 81' lang='lat' dir='ltr'><strong>Jesum</strong></span> <span class='ocrx_word' id='word_1_756' title='bbox 3029 4401 3240 4473; x_wconf 73' lang='grc' dir='ltr'><strong>(1ὺὶά.).</strong></span> <span class='ocrx_word' id='word_1_757' title='bbox 3280 4425 3298 4458; x_wconf 77' lang='lat' dir='ltr'><strong>i</strong></span> <span class='ocrx_word' id='word_1_758' title='bbox 3343 4407 3508 4474; x_wconf 85' lang='lat' dir='ltr'><strong>Quid,</strong></span> 
     </span>
    </p>
   </div>
   <div class='ocr_carea' id='block_1_106' title="bbox 1897 4483 3509 4571">
    <p class='ocr_par' dir='ltr' id='par_1_106' title="bbox 1897 4483 3509 4571">
     <span class='ocr_line' id='line_1_106' title="bbox 1897 4483 3509 4571; baseline 0.013 -37"><span class='ocrx_word' id='word_1_759' title='bbox 1897 4497 2047 4552; x_wconf 87' lang='lat' dir='ltr'><strong>rogo,</strong></span> <span class='ocrx_word' id='word_1_760' title='bbox 2084 4483 2323 4549; x_wconf 70' lang='lat' dir='ltr'><strong>querela:</strong></span> <span class='ocrx_word' id='word_1_761' title='bbox 2366 4485 2635 4551; x_wconf 88' lang='lat' dir='ltr'><strong>potuisset</strong></span> <span class='ocrx_word' id='word_1_762' title='bbox 2669 4489 2872 4544; x_wconf 87' lang='lat' dir='ltr'><strong>habere</strong></span> <span class='ocrx_word' id='word_1_763' title='bbox 2917 4490 3181 4561; x_wconf 81' lang='lat' dir='ltr'><strong>Joannes,</strong></span> <span class='ocrx_word' id='word_1_764' title='bbox 3216 4497 3344 4553; x_wconf 91' lang='lat' dir='ltr'><strong>dum</strong></span> <span class='ocrx_word' id='word_1_765' title='bbox 3391 4500 3509 4571; x_wconf 85' lang='lat' dir='ltr'><strong>ipse</strong></span> 
     </span>
    </p>
   </div>
   <div class='ocr_carea' id='block_1_107' title="bbox 1894 4574 3507 4662">
    <p class='ocr_par' dir='ltr' id='par_1_107' title="bbox 1894 4574 3507 4662">
     <span class='ocr_line' id='line_1_107' title="bbox 1894 4574 3507 4662; baseline 0.015 -34"><span class='ocrx_word' id='word_1_766' title='bbox 1894 4574 1994 4628; x_wconf 84' lang='lat' dir='ltr'><strong>sibi</strong></span> <span class='ocrx_word' id='word_1_767' title='bbox 2041 4575 2224 4632; x_wconf 79' lang='lat' dir='ltr'><strong>Jcsum</strong></span> <span class='ocrx_word' id='word_1_768' title='bbox 2270 4583 2563 4638; x_wconf 87' lang='lat' dir='ltr'><strong>manifeste</strong></span> <span class='ocrx_word' id='word_1_769' title='bbox 2605 4586 2910 4653; x_wconf 64' lang='lat' dir='ltr'><strong>praeferret,</strong></span> <span class='ocrx_word' id='word_1_770' title='bbox 2945 4600 3000 4644; x_wconf 93' lang='lat' dir='ltr'><strong>et</strong></span> <span class='ocrx_word' id='word_1_771' title='bbox 3040 4591 3112 4646; x_wconf 90' lang='lat' dir='ltr'><strong>illi</strong></span> <span class='ocrx_word' id='word_1_772' title='bbox 3147 4608 3507 4662; x_wconf 87' lang='lat' dir='ltr'><strong>sequerentur</strong></span> 
     </span>
    </p>
   </div>
   <div class='ocr_carea' id='block_1_108' title="bbox 1896 4668 3503 4758">
    <p class='ocr_par' dir='ltr' id='par_1_108' title="bbox 1896 4668 3503 4758">
     <span class='ocr_line' id='line_1_108' title="bbox 1896 4668 3503 4758; baseline 0.014 -39"><span class='ocrx_word' id='word_1_773' title='bbox 1896 4668 2081 4736; x_wconf 88' lang='lat' dir='ltr'><strong>utique</strong></span> <span class='ocrx_word' id='word_1_774' title='bbox 2112 4671 2414 4737; x_wconf 88' lang='lat' dir='ltr'><strong>potiorem?</strong></span> <span class='ocrx_word' id='word_1_775' title='bbox 2461 4675 2515 4728; x_wconf 88' lang='lat' dir='ltr'><strong>Si</strong></span> <span class='ocrx_word' id='word_1_776' title='bbox 2573 4693 2705 4747; x_wconf 83' lang='lat' dir='ltr'><strong>ergo</strong></span> <span class='ocrx_word' id='word_1_777' title='bbox 2756 4681 2869 4748; x_wconf 90' lang='lat' dir='ltr'><strong>ipsa</strong></span> <span class='ocrx_word' id='word_1_778' title='bbox 2917 4698 3039 4750; x_wconf 67' lang='lat' dir='ltr'><strong>qua:</strong></span> <span class='ocrx_word' id='word_1_779' title='bbox 3079 4695 3279 4752; x_wconf 60' lang='lat' dir='ltr'><strong>praeest</strong></span> <span class='ocrx_word' id='word_1_780' title='bbox 3320 4689 3503 4758; x_wconf 86' lang='lat' dir='ltr'><strong>regula</strong></span> 
     </span>
    </p>
   </div>
   <div class='ocr_carea' id='block_1_109' title="bbox 1896 4759 3507 4846">
    <p class='ocr_par' dir='ltr' id='par_1_109' title="bbox 1896 4759 3507 4846">
     <span class='ocr_line' id='line_1_109' title="bbox 1896 4759 3507 4846; baseline 0.017 -36"><span class='ocrx_word' id='word_1_781' title='bbox 1896 4759 1962 4810; x_wconf 92' lang='lat' dir='ltr'><strong>ad</strong></span> <span class='ocrx_word' id='word_1_782' title='bbox 2002 4775 2059 4814; x_wconf 90' lang='lat' dir='ltr'><strong>se</strong></span> <span class='ocrx_word' id='word_1_783' title='bbox 2090 4761 2422 4818; x_wconf 88' lang='lat' dir='ltr'><strong>confluentes</strong></span> <span class='ocrx_word' id='word_1_784' title='bbox 2449 4769 2515 4820; x_wconf 90' lang='lat' dir='ltr'><strong>ad</strong></span> <span class='ocrx_word' id='word_1_785' title='bbox 2544 4783 2794 4824; x_wconf 89' lang='lat' dir='ltr'><strong>eremum</strong></span> <span class='ocrx_word' id='word_1_786' title='bbox 2836 4774 3100 4844; x_wconf 81' lang='lat' dir='ltr'><strong>destinat,</strong></span> <span class='ocrx_word' id='word_1_787' title='bbox 3143 4793 3248 4846; x_wconf 82' lang='lat' dir='ltr'><strong>qua</strong></span> <span class='ocrx_word' id='word_1_788' title='bbox 3284 4788 3507 4837; x_wconf 88' lang='lat' dir='ltr'><strong>temeri-</strong></span> 
     </span>
    </p>
   </div>
   <div class='ocr_carea' id='block_1_110' title="bbox 1898 4849 3509 4931">
    <p class='ocr_par' dir='ltr' id='par_1_110' title="bbox 1898 4849 3509 4931">
     <span class='ocr_line' id='line_1_110' title="bbox 1898 4849 3509 4931; baseline 0.016 -31"><span class='ocrx_word' id='word_1_789' title='bbox 1898 4857 2028 4912; x_wconf 81' lang='lat' dir='ltr'><strong>tate,</strong></span> <span class='ocrx_word' id='word_1_790' title='bbox 2062 4865 2165 4918; x_wconf 88' lang='lat' dir='ltr'><strong>qua</strong></span> <span class='ocrx_word' id='word_1_791' title='bbox 2213 4849 2390 4906; x_wconf 86' lang='lat' dir='ltr'><strong>fronte</strong></span> <span class='ocrx_word' id='word_1_792' title='bbox 2440 4855 2483 4907; x_wconf 88' lang='lat' dir='ltr'><strong>is</strong></span> <span class='ocrx_word' id='word_1_793' title='bbox 2531 4858 2620 4927; x_wconf 77' lang='lat' dir='ltr'><strong>qui</strong></span> <span class='ocrx_word' id='word_1_794' title='bbox 2670 4861 2771 4912; x_wconf 84' lang='lat' dir='ltr'><strong>sub</strong></span> <span class='ocrx_word' id='word_1_795' title='bbox 2810 4862 2995 4931; x_wconf 82' lang='lat' dir='ltr'><strong>regula</strong></span> <span class='ocrx_word' id='word_1_796' title='bbox 3044 4875 3125 4920; x_wconf 90' lang='lat' dir='ltr'><strong>est</strong></span> <span class='ocrx_word' id='word_1_797' title='bbox 3176 4869 3509 4926; x_wconf 86' lang='lat' dir='ltr'><strong>constitutus</strong></span> 
     </span>
    </p>
   </div>
   <div class='ocr_carea' id='block_1_111' title="bbox 1895 4940 3506 5030">
    <p class='ocr_par' dir='ltr' id='par_1_111' title="bbox 1895 4940 3506 5030">
     <span class='ocr_line' id='line_1_111' title="bbox 1895 4940 3506 5030; baseline 0.017 -39"><span class='ocrx_word' id='word_1_798' title='bbox 1895 4940 2156 4994; x_wconf 75' lang='lat' dir='ltr'><strong>obsistat?</strong></span> <span class='ocrx_word' id='word_1_799' title='bbox 2189 4941 2307 4996; x_wconf 73' lang='lat' dir='ltr'><strong>lam</strong></span> <span class='ocrx_word' id='word_1_800' title='bbox 2347 4944 2463 4998; x_wconf 89' lang='lat' dir='ltr'><strong>lucc</strong></span> <span class='ocrx_word' id='word_1_801' title='bbox 2511 4947 2712 5005; x_wconf 80' lang='lat' dir='ltr'><strong>clarius</strong></span> <span class='ocrx_word' id='word_1_802' title='bbox 2762 4962 2912 5020; x_wconf 71' lang='lat' dir='ltr'><strong>patet</strong></span> <span class='ocrx_word' id='word_1_803' title='bbox 2958 4957 3083 5024; x_wconf 88' lang='lat' dir='ltr'><strong>quia</strong></span> <span class='ocrx_word' id='word_1_804' title='bbox 3116 4961 3208 5028; x_wconf 88' lang='lat' dir='ltr'><strong>qui</strong></span> <span class='ocrx_word' id='word_1_805' title='bbox 3255 4977 3506 5030; x_wconf 63' lang='lat' dir='ltr'><strong>quairen-</strong></span> 
     </span>
    </p>
   </div>
   <div class='ocr_carea' id='block_1_112' title="bbox 1895 5030 3496 5120">
    <p class='ocr_par' dir='ltr' id='par_1_112' title="bbox 1895 5030 3496 5120">
     <span class='ocr_line' id='line_1_112' title="bbox 1895 5030 3496 5120; baseline 0.017 -40"><span class='ocrx_word' id='word_1_806' title='bbox 1895 5030 2037 5083; x_wconf 90' lang='lat' dir='ltr'><strong>tihns</strong></span> <span class='ocrx_word' id='word_1_807' title='bbox 2093 5045 2336 5102; x_wconf 86' lang='lat' dir='ltr'><strong>eremum</strong></span> <span class='ocrx_word' id='word_1_808' title='bbox 2367 5045 2529 5100; x_wconf 84' lang='lat' dir='ltr'><strong>vetat,</strong></span> <span class='ocrx_word' id='word_1_809' title='bbox 2589 5038 2762 5106; x_wconf 87' lang='lat' dir='ltr'><strong>ipsam</strong></span> <span class='ocrx_word' id='word_1_810' title='bbox 2802 5046 3193 5111; x_wconf 89' lang='lat' dir='ltr'><strong>proculdubio</strong></span> <span class='ocrx_word' id='word_1_811' title='bbox 3252 5053 3496 5120; x_wconf 85' lang='lat' dir='ltr'><strong>regulam</strong></span> 
     </span>
    </p>
   </div>
   <div class='ocr_carea' id='block_1_113' title="bbox 1893 5116 3501 5206">
    <p class='ocr_par' dir='ltr' id='par_1_113' title="bbox 1893 5116 3501 5206">
     <span class='ocr_line' id='line_1_113' title="bbox 1893 5116 3501 5206; baseline 0.016 -35"><span class='ocrx_word' id='word_1_812' title='bbox 1893 5119 2109 5174; x_wconf 89' lang='lat' dir='ltr'><strong>rebellis</strong></span> <span class='ocrx_word' id='word_1_813' title='bbox 2140 5116 2422 5178; x_wconf 76' lang='lat' dir='ltr'><strong>oblocutor</strong></span> <span class='ocrx_word' id='word_1_814' title='bbox 2469 5127 2775 5196; x_wconf 83' lang='lat' dir='ltr'><strong>impugnat;</strong></span> <span class='ocrx_word' id='word_1_815' title='bbox 2815 5142 2868 5184; x_wconf 91' lang='lat' dir='ltr'><strong>et</strong></span> <span class='ocrx_word' id='word_1_816' title='bbox 2916 5131 3042 5188; x_wconf 93' lang='lat' dir='ltr'><strong>dum</strong></span> <span class='ocrx_word' id='word_1_817' title='bbox 3078 5139 3278 5206; x_wconf 73' lang='lat' dir='ltr'><strong>regula:</strong></span> <span class='ocrx_word' id='word_1_818' title='bbox 3314 5116 3501 5196; x_wconf 66' lang='lat' dir='ltr'><strong>verbis</strong></span> 
     </span>
    </p>
   </div>
   <div class='ocr_carea' id='block_1_114' title="bbox 1893 5210 3497 5292">
    <p class='ocr_par' dir='ltr' id='par_1_114' title="bbox 1893 5210 3497 5292">
     <span class='ocr_line' id='line_1_114' title="bbox 1893 5210 3497 5292; baseline 0.016 -32"><span class='ocrx_word' id='word_1_819' title='bbox 1893 5210 2086 5262; x_wconf 91' lang='lat' dir='ltr'><strong>adimit</strong></span> <span class='ocrx_word' id='word_1_820' title='bbox 2110 5213 2493 5268; x_wconf 84' lang='lat' dir='ltr'><strong>auctoritatem</strong></span> <span class='ocrx_word' id='word_1_821' title='bbox 2520 5256 2533 5279; x_wconf 90' lang='lat'><strong>,</strong></span> <span class='ocrx_word' id='word_1_822' title='bbox 2567 5217 2740 5286; x_wconf 90' lang='lat' dir='ltr'><strong>ipsum</strong></span> <span class='ocrx_word' id='word_1_823' title='bbox 2773 5232 2976 5275; x_wconf 70' lang='lat' dir='ltr'><strong>sanctae</strong></span> <span class='ocrx_word' id='word_1_824' title='bbox 3009 5228 3209 5292; x_wconf 71' lang='lat' dir='ltr'><strong>regula:</strong></span> <span class='ocrx_word' id='word_1_825' title='bbox 3237 5234 3497 5285; x_wconf 58' lang='lat' dir='ltr'><strong>condemv</strong></span> 
     </span>
    </p>
   </div>
   <div class='ocr_carea' id='block_1_115' title="bbox 1892 5303 3489 5380">
    <p class='ocr_par' dir='ltr' id='par_1_115' title="bbox 1892 5303 3489 5380">
     <span class='ocr_line' id='line_1_115' title="bbox 1892 5303 3489 5380; baseline 0.015 -31"><span class='ocrx_word' id='word_1_826' title='bbox 1892 5308 1982 5350; x_wconf 91' lang='lat' dir='ltr'><strong>nat</strong></span> <span class='ocrx_word' id='word_1_827' title='bbox 2013 5310 2312 5354; x_wconf 88' lang='lat' dir='ltr'><strong>auctorem.</strong></span> <span class='ocrx_word' id='word_1_828' title='bbox 2355 5303 2492 5356; x_wconf 73' lang='lat' dir='ltr'><strong>Vera</strong></span> <span class='ocrx_word' id='word_1_829' title='bbox 2544 5315 2718 5359; x_wconf 88' lang='lat' dir='ltr'><strong>mater</strong></span> <span class='ocrx_word' id='word_1_830' title='bbox 2772 5307 2939 5363; x_wconf 83' lang='lat' dir='ltr'><strong>filium</strong></span> <span class='ocrx_word' id='word_1_831' title='bbox 2987 5315 3155 5368; x_wconf 75' lang='lat' dir='ltr'><strong>tradit</strong></span> <span class='ocrx_word' id='word_1_832' title='bbox 3199 5328 3256 5370; x_wconf 92' lang='lat' dir='ltr'><strong>ut</strong></span> <span class='ocrx_word' id='word_1_833' title='bbox 3313 5320 3489 5380; x_wconf 85' lang='lat' dir='ltr'><strong>vivat;</strong></span> 
     </span>
    </p>
   </div>
   <div class='ocr_carea' id='block_1_116' title="bbox 1893 5389 3487 5478">
    <p class='ocr_par' dir='ltr' id='par_1_116' title="bbox 1893 5389 3487 5478">
     <span class='ocr_line' id='line_1_116' title="bbox 1893 5389 3487 5478; baseline 0.011 -36"><span class='ocrx_word' id='word_1_834' title='bbox 1893 5389 2024 5442; x_wconf 86' lang='lat' dir='ltr'><strong>falsa</strong></span> <span class='ocrx_word' id='word_1_835' title='bbox 2067 5391 2202 5460; x_wconf 90' lang='lat' dir='ltr'><strong>petit</strong></span> <span class='ocrx_word' id='word_1_836' title='bbox 2243 5401 2298 5446; x_wconf 90' lang='lat' dir='ltr'><strong>ut</strong></span> <span class='ocrx_word' id='word_1_837' title='bbox 2340 5394 2585 5463; x_wconf 89' lang='lat' dir='ltr'><strong>publicus</strong></span> <span class='ocrx_word' id='word_1_838' title='bbox 2627 5412 2751 5450; x_wconf 87' lang='lat' dir='ltr'><strong>cum</strong></span> <span class='ocrx_word' id='word_1_839' title='bbox 2793 5401 2939 5454; x_wconf 90' lang='lat' dir='ltr'><strong>ensis</strong></span> <span class='ocrx_word' id='word_1_840' title='bbox 2969 5401 3174 5458; x_wconf 85' lang='lat' dir='ltr'><strong>dividat</strong></span> <span class='ocrx_word' id='word_1_841' title='bbox 3205 5406 3323 5476; x_wconf 88' lang='lat' dir='ltr'><strong>(IlI</strong></span> <span class='ocrx_word' id='word_1_842' title='bbox 3357 5407 3487 5478; x_wconf 79' lang='lat' dir='ltr'><strong>Reg.</strong></span> 
     </span>
    </p>
   </div>
   <div class='ocr_carea' id='block_1_117' title="bbox 1893 5480 3486 5568">
    <p class='ocr_par' dir='ltr' id='par_1_117' title="bbox 1893 5480 3486 5568">
     <span class='ocr_line' id='line_1_117' title="bbox 1893 5480 3486 5568; baseline 0.012 -36"><span class='ocrx_word' id='word_1_843' title='bbox 1893 5480 1996 5550; x_wconf 84' lang='lat' dir='ltr'><strong>tit).</strong></span> <span class='ocrx_word' id='word_1_844' title='bbox 2022 5480 2412 5550; x_wconf 82' lang='lat' dir='ltr'><strong>Octogenarius</strong></span> <span class='ocrx_word' id='word_1_845' title='bbox 2453 5484 2734 5552; x_wconf 80' lang='lat' dir='ltr'><strong>Berzellai,</strong></span> <span class='ocrx_word' id='word_1_846' title='bbox 2776 5499 2835 5542; x_wconf 91' lang='lat' dir='ltr'><strong>ut</strong></span> <span class='ocrx_word' id='word_1_847' title='bbox 2874 5490 3129 5547; x_wconf 82' lang='lat' dir='ltr'><strong>Channaa</strong></span> <span class='ocrx_word' id='word_1_848' title='bbox 3178 5495 3486 5568; x_wconf 74' lang='lat' dir='ltr'><strong>[Chanaan]</strong></span> 
     </span>
    </p>
   </div>
   <div class='ocr_carea' id='block_1_118' title="bbox 1893 5570 3486 5644">
    <p class='ocr_par' dir='ltr' id='par_1_118' title="bbox 1893 5570 3486 5644">
     <span class='ocr_line' id='line_1_118' title="bbox 1893 5570 3486 5644; baseline 0.011 -22"><span class='ocrx_word' id='word_1_849' title='bbox 1893 5570 1984 5622; x_wconf 78' lang='lat' dir='ltr'><strong>filii</strong></span> <span class='ocrx_word' id='word_1_850' title='bbox 2015 5573 2338 5626; x_wconf 88' lang='lat' dir='ltr'><strong>utilitatibus</strong></span> <span class='ocrx_word' id='word_1_851' title='bbox 2359 5574 2625 5637; x_wconf 82' lang='lat' dir='ltr'><strong>consulat.</strong></span> <span class='ocrx_word' id='word_1_852' title='bbox 2651 5576 2768 5644; x_wconf 81' lang='lat' dir='ltr'><strong>ejus</strong></span> <span class='ocrx_word' id='word_1_853' title='bbox 2791 5583 3158 5636; x_wconf 88' lang='lat' dir='ltr'><strong>sustentaculo</strong></span> <span class='ocrx_word' id='word_1_854' title='bbox 3187 5595 3486 5640; x_wconf 83' lang='lat' dir='ltr'><strong>senectutis</strong></span> 
     </span>
    </p>
   </div>
   <div class='ocr_carea' id='block_1_119' title="bbox 1891 5665 3485 5734">
    <p class='ocr_par' dir='ltr' id='par_1_119' title="bbox 1891 5665 3485 5734">
     <span class='ocr_line' id='line_1_119' title="bbox 1891 5665 3485 5734; baseline 0.012 -22"><span class='ocrx_word' id='word_1_855' title='bbox 1891 5676 2128 5714; x_wconf 62' lang='lat' dir='ltr'><strong>Incurvas</strong></span> <span class='ocrx_word' id='word_1_856' title='bbox 2146 5665 2498 5730; x_wconf 82' lang='lat' dir='ltr'><strong>gravetudine</strong></span> <span class='ocrx_word' id='word_1_857' title='bbox 2522 5665 2711 5722; x_wconf 87' lang='lat' dir='ltr'><strong>fulcire</strong></span> <span class='ocrx_word' id='word_1_858' title='bbox 2734 5683 2836 5721; x_wconf 90' lang='lat' dir='ltr'><strong>non</strong></span> <span class='ocrx_word' id='word_1_859' title='bbox 2863 5681 3053 5734; x_wconf 84' lang='lat' dir='ltr'><strong>curat;</strong></span> <span class='ocrx_word' id='word_1_860' title='bbox 3083 5674 3370 5728; x_wconf 89' lang='lat' dir='ltr'><strong>dummodo</strong></span> <span class='ocrx_word' id='word_1_861' title='bbox 3396 5678 3485 5731; x_wconf 77' lang='lat' dir='ltr'><strong>ille</strong></span> 
     </span>
    </p>
   </div>
   <div class='ocr_carea' id='block_1_120' title="bbox 1892 5753 3480 5833">
    <p class='ocr_par' dir='ltr' id='par_1_120' title="bbox 1892 5753 3480 5833">
     <span class='ocr_line' id='line_1_120' title="bbox 1892 5753 3480 5833; baseline 0.008 -27"><span class='ocrx_word' id='word_1_862' title='bbox 1892 5754 2002 5823; x_wconf 86' lang='lat' dir='ltr'><strong>regi</strong></span> <span class='ocrx_word' id='word_1_863' title='bbox 2038 5753 2202 5810; x_wconf 85' lang='lat' dir='ltr'><strong>David</strong></span> <span class='ocrx_word' id='word_1_864' title='bbox 2244 5754 2584 5811; x_wconf 84' lang='lat' dir='ltr'><strong>familiariter</strong></span> <span class='ocrx_word' id='word_1_865' title='bbox 2617 5758 2839 5825; x_wconf 69' lang='lat' dir='ltr'><strong>haereat,</strong></span> <span class='ocrx_word' id='word_1_866' title='bbox 2893 5760 3012 5828; x_wconf 91' lang='lat' dir='ltr'><strong>ipse</strong></span> <span class='ocrx_word' id='word_1_867' title='bbox 3057 5764 3271 5818; x_wconf 88' lang='lat' dir='ltr'><strong>destitui</strong></span> <span class='ocrx_word' id='word_1_868' title='bbox 3313 5769 3480 5833; x_wconf 60' lang='lat' dir='ltr'><strong>proli;</strong></span> 
     </span>
    </p>
   </div>
   <div class='ocr_carea' id='block_1_121' title="bbox 2886 5855 2959 5916">
    <p class='ocr_par' dir='ltr' id='par_1_121' title="bbox 2886 5855 2959 5916">
     <span class='ocr_line' id='line_1_121' title="bbox 2886 5855 2959 5916; baseline 0.027 -2"><span class='ocrx_word' id='word_1_869' title='bbox 2886 5855 2959 5916; x_wconf 76' lang='grc'><strong>13</strong></span> 
     </span>
    </p>
   </div>
  </div>
