5428 6606
374 1014 385 1019 -.
414 1010 513 1019 -ς-ε--Α

388 1262 395 1269 μ

388 1274 397 1285 e

388 1290 395 1303 Γ

368 1596 379 1613 1η

368 1834 381 1845 ἰ

1770 453 1875 513 595

2301 454 2358 511 ὃ.
2396 453 2601 511 PETRI
2638 451 2925 509 DAIIANI
2954 451 3109 510 OPP.
3145 452 3326 511 PARS
3368 452 3501 510 SEU
3538 451 3776 510 TOIUS
3816 454 3856 509 Ι.
3896 484 3955 495 -
3982 453 4204 511 EPIST.
4236 453 4363 511 LIB.
4401 453 4543 515 VIII.

1767 573 1971 631 auxilio
1995 586 2101 629 non
2135 579 2348 627 recusat
2382 566 2467 640 (ll
2497 566 2626 638 Reg.
2656 566 2737 637 ι).
2765 564 3094 620 liilarionern
3122 566 3357 621 dimittat
3390 570 3429 626 Α
3459 565 3584 635 quia
3613 566 3681 621 de
3706 576 3835 621 noto
3874 569 4200 623 monasterio
4225 571 4526 640 suscepisse
4556 573 4853 633 monachos
4881 591 5035 635 aceu.

1766 664 2050 731 Antonius,
2085 670 2143 717 ut
2165 659 2312 716 solus
2341 659 2407 714 ad
2434 658 2624 713 altiora
2654 657 3004 712 conscendat.
3036 656 3143 732 Ngs
3171 665 3352 710 autem
3458 672 3660 719 samur,
3708 656 3827 712 luce
3872 657 4071 714 clarius
4116 668 4331 715 constat
4367 661 4494 730 quia
4524 660 4583 717 8.
4606 661 4953 721 Benedictum
4982 669 5032 722 in

1766 758 2032 829 diligimus
2057 753 2375 815 monachos,
2396 750 2537 805 sicut
2559 750 2762 814 asinos,
2787 747 2869 803 vel
2899 757 3048 803 certe
3076 748 3217 800 sicut
3241 762 3353 802 ser-

1763 863 1879 905 vos.
1900 845 2100 900 Amant
2121 843 2266 896 enim
2289 839 2534 895 homines
2554 838 2669 893 hac
2688 835 2960 897 animalia,
2978 850 3082 889 non
3111 834 3240 897 dlis.
3257 836 3353 890 sed

1760 940 1885 1006 sibi,
1908 946 1969 995 ut
1995 951 2059 991 ea
2088 933 2338 989 videlicet
2363 941 2458 985 aut
2485 930 2538 983 in
2563 943 2714 984 suam
2746 924 3075 980 transierant
3104 939 3347 987 carnem,

1757 1030 1842 1087 vel
1863 1037 1922 1085 ut
1940 1042 2126 1084 eorum
2146 1025 2396 1080 fruantur
2415 1019 2705 1077 auxiliisail
2727 1017 2991 1072 laborem.
3007 1016 3207 1069 Amant
3232 1016 3347 1070 bac

1754 1120 2095 1181 hominesut,
2120 1114 2222 1185 ipsi
2243 1115 2379 1170 bene
2402 1113 2537 1175 sint;
2567 1108 2655 1163 illa
2670 1123 2819 1169 vero,
2838 1116 2930 1161 aut
2954 1122 3060 1160 non
3096 1106 3225 1167 sint,
3255 1114 3350 1159 aut

1755 1211 1896 1268 male
1915 1211 2045 1266 sint.
2061 1206 2170 1262 Nos
2188 1205 2370 1265 etiam,
2385 1213 2441 1255 ut
2464 1201 2737 1270 potiamur
2759 1196 3343 1252 duntaxatobedientia

1755 1298 2168 1360 monachorum,
2203 1291 2391 1349 salutis
2426 1304 2616 1345 eorum
2653 1288 2875 1342 omnino
2902 1285 3345 1355 parvipeudimus

1756 1393 2169 1448 incrementum.
2208 1382 2321 1438 Hoc
2348 1388 2608 1452 praterea
2651 1377 2920 1439 novimus,
2951 1374 3044 1444 qui
3086 1372 3145 1426 Β.
3176 1371 3343 1427 Bene-

1752 1485 1929 1539 dictus
1955 1477 2125 1534 eremi
2153 1474 2327 1530 cultor
2360 1470 2584 1531 exstitit,
2623 1477 2679 1522 et
2708 1468 2809 1522 hoc
2850 1475 3006 1520 certe
3041 1478 3147 1518 non
3188 1473 3343 1531 cpta-

1750 1577 1829 1634 vit
1853 1590 1975 1632 esse
2004 1572 2149 1643 quod
2175 1569 2301 1632 fuit;
2328 1564 2418 1622 sed
2442 1562 2721 1634 quoniam,
2767 1562 2907 1615 sicut
2947 1560 3063 1631 ipsc
3110 1566 3343 1611 testatur

1749 1666 1803 1742 (l
1817 1666 1859 1723 γ
1883 1664 2014 1735 Reg.
2038 1662 2150 1732 st),
2172 1657 2539 1728 unusquisque
2559 1653 2831 1725 proprium
2852 1650 3050 1706 donum
3077 1650 3235 1703 habet
3270 1662 3337 1699 ex

1750 1758 1884 1826 Deo,
1908 1757 2049 1813 alius
2076 1756 2175 1817 sic,
2208 1752 2344 1807 alius
2373 1749 2591 1820 quidem
2615 1748 2725 1810 sic;
2758 1760 2857 1799 nec
2896 1760 3086 1799 omnes
3120 1746 3339 1811 capiunt

1747 1852 1974 1907 verbum
2007 1848 2141 1910 hoc;
2172 1840 2532 1914 dispensative
2557 1836 2840 1894 constituit
2866 1835 3017 1905 prius
3062 1849 3336 1889 monaste-

3456 746 3558 801 boc
3605 747 3738 801 nihil
3786 763 4009 817 prorsus
4051 746 4395 805 ol‘endimus.
4439 750 4589 807 Sicut
4612 754 4756 808 enim
4780 756 4936 810 nobis
4982 760 5032 811 in

3453 849 3638 889 eremo
3674 836 3925 891 videlicet
3967 838 4310 903 constitutis,
4343 839 4476 894 nihil
4506 850 4565 895 ut
4610 854 5037 911 «sequeremur

3454 926 3705 995 injunxit,
3741 928 3837 991 ita,
3870 938 3927 982 ut
3957 944 4291 995 caveremus,
4326 929 4459 984 nihil
4491 932 4712 987 omnino
4737 935 5030 1004 prohibuit.

3453 1018 3605 1073 Sicut
3644 1029 3824 1075 autem
3866 1022 4116 1089 superius
4155 1022 4289 1076 satis
4328 1036 4597 1094 superque
4631 1023 4938 1089 docuimus.
4978 1038 5036 1081 ut

3451 1126 3515 1163 es
3564 1112 3896 1165 monasterio
3943 1112 4109 1166 frater
4144 1113 4209 1165 ad
4251 1128 4496 1168 eremum
4540 1124 4807 1179 transeat,
4842 1116 5035 1172 doctor

3450 1199 3677 1269 insignis
3707 1215 3813 1253 non
3848 1202 4009 1254 modo
4037 1217 4144 1254 non
4176 1204 4385 1265 abnuit,
4414 1217 4601 1257 verum
4641 1205 4807 1259 etiam
4843 1221 5035 1277 sugge-

3450 1290 3539 1351 rit,
3571 1300 3827 1357 provocat
3855 1301 3909 1345 et
3943 1292 4198 1359 impellit,
4248 1302 4411 1362 atque
4441 1304 4499 1348 ut
4526 1295 4810 1353 evidenter
4856 1310 5036 1355 oste»

3446 1384 3599 1436 deret
3629 1383 3729 1436 hoc
3776 1386 3915 1452 apud
3957 1400 4015 1438 se
4043 1396 4299 1455 quantam
4349 1386 4603 1443 desiderii
4634 1388 4741 1443 vim
4785 1390 5033 1457 haberet,

3444 1470 3545 1525 hoc
3580 1476 3775 1541 regula
3803 1490 3911 1527 sua:
3941 1478 4267 1544 principium
4306 1475 4522 1541 indidit,
4564 1478 4665 1533 boc
4700 1480 5035 1553 descripte-

3444 1562 3549 1613 fine
3587 1564 3890 1625 concludit;
3936 1568 4001 1617 ah
4035 1564 4133 1617 hac
4171 1566 4377 1620 scilicet
4416 1576 4635 1622 sanctus
4662 1568 4752 1624 ille
4784 1568 4927 1626 liber
4952 1571 5032 1627 ia-

3441 1650 3663 1717 cipitur,
3696 1652 3745 1705 in
3777 1654 3874 1705 hac
3904 1670 3999 1722 per
4024 1656 4269 1706 ausesim
4318 1655 4549 1709 materia
4596 1660 4947 1723 terminatur,
4973 1672 5037 1717 It

3442 1741 3616 1809 ipsum
3648 1744 4046 1811 quodaminodo
4077 1760 4172 1814 per
4204 1760 4421 1800 onmem
4472 1747 4554 1801 sui
4606 1756 4810 1802 textum
4842 1751 5033 1820 praci-

3442 1847 3567 1899 pere
3604 1836 3869 1888 videatur.
3910 1834 4079 1888 Porro
4115 1846 4319 1897 autem,
4350 1850 4473 1890 cum
4511 1837 4887 1907 incipientia-
4927 1842 5033 1898 ista

1749 1937 1901 1997 ria‘lis
1927 1940 2049 1993 vita
2067 1933 2368 2007 planitiem,
2398 1940 2456 1985 ut
2497 1928 2606 1983 illic
2647 1925 2943 1994 disciplin:
2990 1923 3213 1995 ﬂagellis
3255 1936 3333 1981 at-
3364 1928 3410 1989 Β
3439 1924 3507 1977 sit
3538 1926 3742 1994 regula,
3772 1938 4059 1994 quatenus,
4104 1936 4163 1979 ut
4195 1927 4413 1979 auditor
4459 1927 4718 1982 reddatur
4760 1929 5033 1999 intentu,

1750 2033 1861 2088 triti
1883 2040 1939 2086 et
1962 2025 2234 2084 exercitiis
2290 2019 2551 2084 roborati,
2600 2016 2712 2085 jam
2736 2014 2950 2069 facilius
2989 2016 3158 2068 eremi
3198 2031 3329 2069 con-

1743 2123 2063 2182 scendamus
2101 2122 2169 2173 ad
2200 2129 2401 2171 arcem.
2445 2111 2556 2167 Hoc
2597 2110 2781 2181 itaque
2813 2108 3151 2171 Benedictus,
3186 2111 3329 2179 quod

1742 2224 1801 2273 et
1852 2194 2042 2271 beatus
2093 2210 2299 2265 iecerat
2344 2205 2563 2261 Paulus.
2614 2203 2853 2274 Agamus
2895 2201 3158 2270 siquidem
3213 2212 3332 2256 erat

1741 2304 2050 2377 Apostolus,
2074 2300 2324 2357 homines
2342 2306 2519 2352 tamen
2549 2294 2615 2350 ad
2636 2293 2943 2365 coniugium
2962 2298 3287 2363 provocabat
3314 2313 3325 2348 :

1747 2414 1768 2448 ι
1800 2394 2205 2464 Unusquisque,
2236 2389 2507 2458 inquiens,
2544 2399 2769 2441 uxorem
2813 2386 3068 2454 accipiat,
3109 2396 3164 2441 et
3190 2402 3323 2440 una-

1737 2498 1963 2556 quaque
2023 2481 2198 2536 virum
2247 2492 2403 2534 suum
2450 2476 2689 2531 habeat:
2732 2474 2817 2528 vir
2863 2476 3018 2529 uxori
3080 2476 3320 2529 debitum

1737 2575 1953 2640 reddat,
1972 2582 2029 2628 et
2052 2586 2193 2627 uxor
2216 2569 2334 2624 viro
2362 2565 2413 2639 (ι
2438 2566 2562 2620 Cor.
2589 2566 2712 2633 vn).
2750 2584 2768 2617 ι
2806 2564 2971 2620 Paulo
2994 2576 3117 2634 post
3144 2574 3324 2622 tamen

1738 2666 1956 2724 dicitzt
2013 2662 2148 2718 Volo
2200 2675 2389 2716 omnes
2435 2659 2680 2714 homines
2720 2673 2841 2714 esse
2878 2660 3017 2713 sicut
3058 2662 3323 2730 meipsum

1735 2756 1947 2827 (υἱώ).
1985 2776 2005 2809 ι
2049 2754 2210 2808 Aliud
2260 2766 2389 2806 vero
2434 2750 2647 2806 volebat
2696 2750 3022 2818 Apostolus,
3075 2763 3132 2805 et
3180 2752 3324 2805 aliud

1729 2844 2098 2919 pracipiebat.
2147 2840 2372 2897 Volebat
2421 2854 2543 2904 nos,
2582 2840 2723 2893 sicut
2772 2839 2887 2908 ipse
2932 2848 3071 2903 erat,
3108 2840 3326 2896 calibcs

1732 2950 1871 3001 esse,
1894 2943 2112 3007 propter
2140 2933 2410 2989 excellens
2441 2930 2692 2986 videlicet
2732 2931 3011 2986 vernantis
3049 2931 3323 3000 pudicitia:

1728 3026 2014 3082 meritum:
2044 3024 2139 3080 sed
2168 3022 2380 3077 volebat
2407 3022 2545 3075 inire
2582 3021 2919 3091 coniugium,
2949 3024 3076 3091 quia
3114 3023 3323 3092 fragili-

1726 3120 1857 3173 tatis
1897 3123 2097 3171 nostrae
2141 3112 2441 3183 periculum
2494 3111 2737 3167 timebat.
2781 3111 3021 3166 Volendo
3065 3127 3149 3166 me
3202 3126 3323 3166 esse

1727 3210 1867 3265 sicut
1897 3222 1958 3262 se
1992 3214 2251 3277 provocat
2296 3212 2357 3258 ut
2400 3205 2727 3269 ascendam;
2760 3203 3038 3259 oﬂ’erendo
3068 3205 3317 3274 copulam
3346 3263 3392 3291 η
3424 3225 3819 3279 Mannum
3842 3254 3871 3265 ..

2356 3244 2357 3251 η
2400 3205 2727 3269 ascendam;
2760 3203 3038 3259 oﬂ'erendo
3068 3205 3317 3274 copulam
3346 3263 3392 3291 ρ
3424 3225 3819 3279 Διοιηκτυν,
3842 3254 3905 3265 .-
3933 3225 4223 3282 monacho.
4254 3227 4500 3291 ιιιίηοο,

3434 2020 3821 2069 commendent
3870 2034 3992 2087 qua:
4023 2018 4306 2071 scribenda
4355 2028 4499 2081 sunt,
4556 2018 4657 2075 iste
4703 2036 4811 2075 non
4844 2024 5029 2079 solu-

3436 2112 3486 2162 in
3538 2110 3653 2179 ipso
3703 2114 3899 2179 regula
3950 2112 4255 2180 incipientis
4298 2114 4546 2179 exordio,
4602 2117 4780 2171 sedet
4812 2120 4865 2171 in
4920 2118 5033 2173 ιω

3432 2216 3649 2269 quoque
3694 2211 3862 2253 totum
3897 2216 4031 2269 opus
4068 2216 4224 2254 suum
4275 2201 4560 2272 leviganda
4612 2215 4669 2259 et
4696 2205 5033 2263 annuli-Indo

3432 2295 3718 2361 depretiat,
3760 2304 3817 2345 ut
3855 2294 4255 2345 cmuobitarum
4291 2293 4536 2349 ordinem
4566 2296 4867 2351 eremitica
4904 2298 5035 2352 vita

3430 2400 3714 2454 supparem
3764 2368 3985 2437 statuat.
4041 2382 4107 2439 Ut
4158 2398 4288 2455 ergo
4338 2385 4536 2441 fratres
4581 2388 4647 2443 ad
4672 2402 4927 2445 uentu.
4962 2394 5035 2447 de

3430 2476 3798 2530 monasteriali
3833 2478 3939 2530 vita
3971 2480 4363 2542 conscendant,
4392 2488 4448 2532 et
4473 2492 4574 2533 nos
4602 2479 4809 2535 hortari
4840 2493 4899 2536 et
4929 2497 5035 2538 nus

3426 2566 3692 2621 debemus
3736 2583 3859 2621 cum
3908 2568 4176 2622 charitate
4228 2570 4551 2639 suscipere,
4605 2580 4667 2625 ut
4714 2585 4824 2626 non
4880 2572 5037 2629 velut

3431 2660 3619 2713 hostes
3664 2675 3691 2712 a
3746 2662 3906 2712 beato
3940 2662 4055 2713 tiro
4083 2660 4452 2727 schismatica,
4484 2662 4628 2731 quod
4674 2662 4840 2727 absit,
4874 2678 5041 2719 ενοι-

3428 2752 3582 2803 si-itte
3634 2752 3939 2809 discedere,
3975 2752 4089 2812 seti,
4120 2760 4177 2802 ttl
4206 2764 4393 2803 revera
4423 2750 4694 2820 discipuli,
4740 2754 5037 2808 Vm

3426 2850 3479 2891 ct
3512 2840 3580 2891 illi
3616 2840 3843 2891 invicem
3869 2840 4197 2892 unanimiter
4222 2840 4554 2895 consentire.

3966 2949 4299 3006 EPISTOLA
4342 2950 4478 3007 XIII.

3534 3058 3598 3095 AD
3634 3058 3693 3094 Ι.
3734 3057 3975 3096 Αιιλγιι
4018 3058 4636 3101 εοεητιιιτιιιιονωηιι
4674 3058 4925 3103 ΜΙ

4082 3150 4127 3188 ⁸.
4163 3150 4362 3191 ΙΔΙΙΙ.

4528 3229 4619 3299 qui
4660 3230 5035 3289 inme-aur

1725 3263 2042 3369 nuptialem,
2081 3294 2277 3349 retinet
2316 3293 2671 3348 sustentando
2711 3263 2789 3347 ne
2836 3306 3108 3347 corruam.
3132 3263 3213 3346 Ad
3248 3292 3317 3345 il-
3346 3263 3392 3325 ε

1728 3389 1820 3444 iud
1865 3387 2046 3458 gliscit
2097 3384 2423 3449 ultroneus,
2480 3383 2584 3438 hoc
2631 3382 2880 3438 concedit
2938 3382 3155 3436 invitus.
3208 3380 3322 3435 la-

1726 3477 1842 3532 vult
1897 3478 2039 3531 enim
2098 3488 2185 3530 me
2246 3488 2369 3529 esse
2427 3472 2572 3543 quod
2632 3481 2717 3527 est
2778 3486 2941 3541 quam
3003 3486 3124 3527 esse
3174 3472 3319 3541 quod

1727 3583 1836 3623 non
1875 3574 1976 3623 est.
2026 3566 2199 3637 Elegit
2248 3575 2427 3621 tamen
2467 3579 2553 3620 me
2600 3574 2896 3634 utrumque
2944 3564 3046 3619 sibi
3098 3578 3320 3619 manere

1728 3660 1893 3731 ,ω
1930 3658 2167 3714 vicinum
2199 3672 2361 3728 quam
2406 3655 2595 3728 procul
2640 3656 2833 3711 abesse
2866 3670 3094 3726 prorsus
3137 3664 3319 3710 estra-

1729 3767 1918 3808 neum.
1964 3750 2117 3806 Sicut
2150 3764 2280 3820 ergo
2321 3746 2383 3802 Β.
2406 3747 2607 3803 Paulus
2642 3749 2814 3817 magis
2852 3757 3003 3817 optat
3050 3748 3317 3819 agamiam

1729 3859 1893 3915 quam
1922 3842 2335 3913 monogamiam,
2358 3839 2445 3895 vel
2466 3839 2786 3910 digamiam;
2820 3854 2886 3894 ne
2916 3842 3091 3895 tamen
3119 3839 3318 3908 quique

1728 3937 1950 4008 fragiles
1997 3936 2249 3991 labantur
2299 3935 2378 3990 in.
2404 3933 2648 4005 pelliccs,
2678 3933 2929 3989 concedit
2974 3948 3204 3997 uxores;
3243 3934 3314 3988 ita

1724 4028 1984 4083 nimirum
2013 4027 2075 4082 Β.
2099 4025 2443 4088 Benedictus.
2474 4039 2785 4095 quanquam
2831 4023 3157 4094 propensius
3186 4023 3315 4078 velit

1724 4133 1827 4174 nos
1852 4131 1972 4173 esse
2001 4116 2145 4185 quod
2172 4124 2311 4182 erat,
2345 4116 2447 4171 hoc
2472 4122 2575 4177 est,
2617 4115 2783 4169 eremi
2820 4125 3144 4179 sectatores,
3180 4116 3313 4171 tole-

1725 4207 1954 4264 rabilius
1983 4216 2161 4260 tamen
2188 4203 2336 4260 ducit
2364 4218 2463 4259 nos
2494 4203 2738 4259 inﬁrmos
2764 4219 2828 4259 ac
2854 4204 3058 4259 debiles
3104 4205 3159 4261 iu
3195 4219 3314 4260 mo-

1724 4295 1951 4353 nasterii
1976 4302 2132 4365 portu
2156 4292 2240 4347 vel
2272 4292 2578 4362 ignobiliter
2602 4294 2787 4347 vivere
2816 4308 2979 4361 quam
3024 4294 3077 4347 in
3108 4303 3311 4363 tempe.

1724 4393 1908 4442 stuosa
1940 4381 2185 4453 naufragi
2225 4380 2407 4437 mundi
2437 4382 2697 4451 voragine
2724 4381 2991 4453 deperire.

1796 4475 2016 4530 Fratres
2049 4473 2229 4543 itaque
2259 4472 2313 4527 in
2344 4472 2676 4527 monasterio
2711 4472 3063 4527 immobiliter
3098 4487 3312 4543 perma.

1726 4570 1939 4629 nentes,
1968 4562 2229 4619 tolerandi
2260 4570 2419 4627 sunt;
2445 4561 2511 4615 ad
2540 4575 2786 4615 eremum
2812 4575 2943 4616 vero
2967 4560 3178 4617 fervido
3202 4565 3310 4633 spi-

1724 4660 1834 4715 ritu
1866 4657 2314 4728 transmigrantes
2336 4655 2609 4725 plausibus
2636 4670 2697 4709 ac
2723 4654 3007 4723 pracouiis
3027 4654 3307 4711 eﬂ‘erenih’.

1725 4749 1806 4807 Illi
1846 4749 2110 4820 siquidem
2149 4748 2251 4802 sub
2287 4746 2482 4802 divina:
2515 4745 2870 4816 protectionis
2899 4745 3085 4815 clypeo
3128 4746 3313 4802 delite.

1728 4847 1915 4904 scunt;
1958 4836 2045 4893 isti
2086 4850 2216 4892 vero
2256 4836 2309 4890 in
2340 4850 2594 4904 campum
2629 4834 2944 4889 certaminis
2986 4836 3310 4904 prodeuntes

1732 4929 1968 4985 victoriae
2008 4928 2176 4984 titulis
2216 4928 2562 4983 decorantur.
2599 4923 2679 4979 Illi
2717 4922 3175 4990 defendunt-sua;
3222 4926 3308 4979 isti

1728 5018 1975 5076 referunt
2020 5016 2215 5088 spolia.
2262 5016 2339 5070 Illi
2367 5014 2479 5070 Deo
2507 5024 2825 5087 protegente
2872 5023 2998 5069 sunt
3032 5015 3309 5085 insupera-

1729 5109 1894 5175 biles;
1926 5108 2013 5164 isti
2044 5107 2283 5177 quotidie
2310 5114 2563 5177 satagunt
2589 5106 2821 5160 hostium
2847 5120 3068 5161 suorum
3100 5106 3313 5160 calcare

1730 5200 1988 5255 cervices.
2038 5197 2113 5252 Illi
2156 5205 2347 5251 contra
2404 5193 2602 5249 mmnia
2649 5194 2928 5249 constituti
2978 5194 3307 5255 obsidentes,

1730 5307 1800 5348 ne
1845 5290 2214 5363 ingrediantur
2260 5288 2573 5352 obsistunt;
2632 5287 2722 5341 isti
2787 5285 3027 5340 minaces
3075 5286 3309 5342 hostium

1731 5396 1935 5440 cuneos
1958 5380 2145 5451 procul
2172 5381 2239 5435 de
2267 5380 2381 5435 suis
2408 5376 2606 5435 ﬁnibus
2637 5385 2787 5447 terga
2826 5375 3079 5431 cedentes
3124 5377 3309 5447 expel-

1731 5469 1868 5531 lunt.
1922 5468 1989 5527 Et
2031 5468 2159 5541 quid
2204 5468 2357 5538 plura
2408 5468 2631 5523 dicam?
2670 5465 2751 5524 illi
2798 5464 3007 5521 scilicet
3055 5481 3087 5520 a
3115 5468 3310 5523 accido

1731 5572 1860 5621 sunt
1880 5560 2108 5627 remoti;
2150 5560 2239 5615 isti
2270 5561 2380 5617 Deo
2409 5560 2520 5630 jam
2554 5558 2975 5615 confabulautur
3006 5558 3200 5614 intima
3238 5562 3310 5615 illi

1731 5654 1996 5711 claritate
2030 5652 2325 5723 conjuncti.
2375 5652 2455 5707 Illi
2491 5650 2665 5707 altare
2710 5665 2914 5706 aereum
2965 5651 3308 5719 custodiunt;

1731 5745 1953 5818 latijam
1996 5744 2370 5816 ingrediuntur
2398 5742 2601 5799 Sancta
2644 5750 2979 5798 sanctorum.
3032 5740 3103 5798 Ut
3129 5752 3311 5799 autem

1729 5832 1788 5895 in
1810 5835 1956 5893 calce
1982 5833 2138 5904 huius
2177 5831 2418 5904 epistola
2447 5833 2560 5905 jam
2600 5833 2987 5889 subnectamus
3014 5831 3310 5904 epilogum,

3493 3366 3737 3441 epistola
3772 3381 4099 3441 magnopere
4149 3366 4720 3441 .ol’commeadat,
4766 3376 4923 3441 quod
4974 3376 5033 3427 in

3496 3438 3599 3489 illis
3631 3438 3940 3501 regionibus
3976 3446 4179 3490 rectum
4207 3438 4331 3492 tidei
4359 3447 4415 3492 et
4444 3440 4567 3494 vita
4615 3438 4896 3495 tramitem
4950 3452 5035 3495 te-

3493 3516 3704 3558 nerent.
3745 3504 3831 3578 _De
3858 3508 4157 3573 quaestione
4184 3521 4332 3578 vero,
4360 3507 4429 3563 de
4455 3523 4560 3578 qua
4596 3510 4666 3564 ab
4696 3511 4807 3564 illis
4853 3512 5033 3568 interb

3494 3586 3712 3649 rogatus
3738 3574 3934 3637 fuerat,
3961 3578 4037 3629 ait
4082 3591 4151 3649 se
4173 3576 4383 3649 illorum
4432 3574 4644 3649 nuntio,
4672 3581 4769 3649 qui
4804 3579 4913 3637 bas
4938 3581 5031 3636 lit-

3494 3655 3638 3699 teras
3674 3645 3880 3699 laturus
3910 3655 4074 3710 esset,
4104 3645 4316 3702 abunde
4344 3645 4699 3705 satisiecisse.

3493 3757 3702 3811 Domno
3732 3756 3801 3811 Il.
3835 3758 4130 3813 venerabili
4162 3758 4342 3815 abbati
4378 3762 4695 3817 monasterii
4728 3761 4791 3817 8.
4838 3762 5033 3819 lar-in

3424 3849 3479 3904 in
3508 3849 3973 3913 Constantinopoli
4000 3858 4054 3903 et
4102 3849 4320 3919 reliquis
4350 3849 4631 3917 fratribus,
4654 3851 4881 3910 Parens
4904 3870 5031 3926 pee-

3418 3948 3573 3992 cator
3600 3940 3895 3991 monachus
3926 3940 3976 3989 in
4010 3937 4238 3991 Domino
4266 3940 4517 3993 salutem.

3485 4028 3829 4087 Gaudemus.
3872 4030 4207 4082 dilectissimi
4253 4029 4481 4095 fratres,
4521 4030 4648 4101 quia
4692 4032 4829 4087 dum
4880 4035 5031 4089 inter

3413 4125 3632 4171 exteras
3660 4126 3847 4185 gentes
3880 4126 3936 4169 et
3976 4116 4028 4168 in
4068 4116 4365 4185 peregrina:
4407 4115 4603 4184 lingua
4632 4120 4863 4188 regione
4899 4134 5031 4175 cen-

3415 4207 3627 4270 sistitis,
3654 4222 3681 4258 a
3706 4207 3975 4259 catholica
4002 4214 4183 4258 tamen
4214 4204 4344 4258 Fide
4366 4215 4421 4258 et
4443 4206 4547 4275 piis
4569 4208 4855 4275 operibus,
4884 4210 5029 4263 sicut

3414 4298 3555 4354 fama
3578 4298 3828 4368 vulgante
3854 4296 4237 4367 comperimus.
4268 4312 4374 4351 non
4404 4298 4684 4351 exsulatis.
4716 4297 4889 4354 Cives
4916 4301 5023 4355 ita.

3414 4406 3519 4461 que
3551 4400 3862 4445 sanctorum
3892 4400 3945 4444 et
3975 4389 4256 4444 domestici
4284 4389 4376 4443 Dei
4411 4404 4441 4442 a
4470 4390 4631 4443 domo
4656 4394 4888 4461 propria
4916 4408 5025 4447 non

3415 4482 3686 4543 receditis,
3719 4484 3844 4535 dum
3882 4482 4019 4534 intra
4059 4492 4257 4534 sancta:
4287 4480 4545 4535 Ecclesia!
4584 4486 4861 4549 gmina
4898 4500 5031 4541 eun.

3418 4572 3635 4631 stituti,
3696 4584 3792 4637 per
3844 4579 4003 4622 recta:
4053 4569 4481 4623 conversationis
4538 4568 4737 4623 lineam
4792 4584 5035 4645 peregre

3423 4659 3711 4715 festinatis.
3749 4658 3804 4712 In
3833 4674 4157 4728 quacunque
4188 4660 4443 4713 nimirum
4474 4661 4688 4730 regione
4720 4670 5031 4723 terrarum.

3420 4749 3697 4819 aqualiter
3724 4758 3873 4817 patet
3914 4748 4034 4799 aula
4069 4748 4351 4801 calorum.
4395 4748 4459 4802 Et
4491 4750 4577 4803 ubi
4617 4762 4783 4805 recte
4814 4752 4945 4807 ua
4972 4766 5035 4807 es

3419 4849 3617 4895 sancta
3647 4830 4078 4892 conversationis
4121 4837 4259 4889 idem
4287 4844 4369 4890 est
4399 4838 4650 4891 meritum
4670 4880 4683 4899 ,
4718 4841 4791 4892 nil
4822 4842 5039 4909 prtin-

3419 4930 3563 4983 dicat
3596 4930 3880 4983 diversitas
3911 4929 4087 4994 aliqua
4135 4928 4478 4995 varietasque
4524 4927 4863 4997 linguarum.
4906 4932 5031 4987 liti-

3419 5031 3628 5086 cunque
3677 5018 3879 5070 scilicet
3925 5015 4014 5067 Dei
4060 5029 4248 5069 servus
4296 5014 4590 5079 inhabitet,
4636 5027 4853 5086 oporte.
4896 5035 5033 5073 ᾳυιι

3421 5108 3705 5161 ησυιετρε
3744 5122 3771 5159 a
3808 5122 3864 5159 se
3909 5114 4072 5173 atque
4102 5106 4345 5159 carnales
4384 5116 4536 5161 actus
4568 5108 4933 5173 abscindere.
4968 5126 5043 5165 et

3420 5198 3803 5251 mortiﬁcatum
3831 5196 3896 5247 ah
3924 5198 4023 5249 hoc
4046 5196 4244 5250 arcula
4272 5211 4369 5266 per
4399 5208 4604 5252 rectum
4628 5201 4809 5254 sancti
4836 5216 5037 5271 opera

3418 5291 3688 5344 tramitem
3722 5287 4004 5341 indefessis
4032 5302 4248 5357 semper
4270 5288 4527 5359 gradibus
4548 5290 4859 5347 ambulare.
4886 5293 5039 5348 Hinc

3415 5390 3499 5434 est
3530 5379 3671 5448 quod
3712 5378 4091 5432 Adonibeaecli
4136 5379 4245 5447 regi
4289 5394 4547 5433 manuum
4590 5395 4769 5435 summ
4796 5392 4887 5438 tas
4928 5400 5041 5454 pe-

3417 5470 3649 5540 dumque
3678 5470 3989 5539 prrciditur
4016 5468 4215 5535 (lude.
4246 5472 4309 5539 ι).
4346 5480 4407 5525 ιιι
4434 5486 4531 5541 per
4564 5470 4663 5527 hoc
4694 5474 5041 5531 abs-ded.-

3416 5565 3513 5619 dos
3542 5580 3571 5617 a
3603 5566 3757 5619 nobis
3786 5562 4063 5627 saecularis
4097 5563 4217 5615 vita:
4248 5578 4491 5632 gressus.
4522 5574 4579 5619 et
4603 5576 4762 5620 actus
4808 5568 5043 5639 [ig-ib

3414 5658 3745 5728 designetur.
3776 5656 4151 5710 Adonibesecb
4184 5656 4383 5724 quippe
4420 5658 4817 5726 interpretatur
4846 5660 5043 5712 dei-—

3412 5765 3510 5804 nas
3550 5748 3807 5817 fulminis.
3850 5746 3954 5800 Per
3991 5757 4152 5816 quem
4185 5744 4466 5811 videlicet,
4498 5743 4629 5817 quid
4654 5745 4809 5803 aliud
4853 5764 5041 5819 qn-

3415 5838 3661 5897 diabolus
3702 5836 4050 5907 intelligitur?
4088 5834 4179 5891 ille
4218 5838 4415 5909 quippe
4450 5838 4703 5895 mh.
4736 5837 5043 5913 ﬂ.
