5428 6570
158 393 252 452 597

1361 378 1561 435 [ABER
1588 374 1881 437 SEXTUS,
1915 374 2134 432 EPIST.
2176 372 2293 429 XV.

3304 370 3407 428 398

156 507 285 562 idem
314 508 504 559 auctor
529 500 757 570 impetus
778 504 861 551 est
887 502 941 551 et
966 492 1167 548 furoris
1186 532 1200 557 ,
1230 492 1373 546 sicut
1394 490 1721 552 eeontrario,
1752 491 1799 551 Α
1828 495 1977 543 taxat
1997 502 2121 542 eum
2142 487 2243 543 sub
2270 487 2493 555 tuojurc
2518 486 2816 554 possideas,
2841 500 2884 541 ει
2913 485 3050 556 perit
3071 499 3278 550 anima,
3305 500 3406 556 pro

158 592 405 649 Dominus
436 596 623 645 noster
652 601 749 656 per
774 584 1093 655 prophetam
1123 580 1343 646 dicitur,
1378 579 1539 634 Pater
1561 576 1724 632 futuri

154 682 346 747 seculi,
377 682 631 748 Princeps
660 674 807 747 pacis
843 673 998 745 (Isai.
1032 671 1133 741 ix).
1174 669 1273 724 Hic
1310 670 1491 738 itaque
1518 666 1722 723 Adoni-

153 773 367 833 besech,
400 771 537 825 sicut
570 765 846 836 Scriptura
879 770 1123 828 testatur,
1162 762 1239 814 ait
1272 778 1284 812 :
1324 778 1343 811 ι
1374 757 1722 828 Septuaginta

156 879 301 934 reges
327 859 615 932 amputatis
650 854 1051 913 summitatibus
1086 865 1368 911 manuum,
1401 858 1457 905 et
1488 850 1682 918 pedum
1705 886 1737 935 ,.

155 953 463 1024 colligebant
493 948 746 1018 reliquias
782 945 1027 1000 ciborum
1058 944 1157 997 sub
1189 954 1373 995 mensa
1404 954 1545 1002 mea,
1585 937 1725 993 sicut

152 1044 247 1101 feci
291 1044 443 1108 aliis,
491 1041 563 1096 ita
610 1037 842 1094 reddidit
887 1034 1019 1090 mihi
1069 1033 1323 1088 Dominus
1363 1028 1562 1100 (Judic.
1606 1031 1666 1100 ι).
1700 1046 1718 1079 ι

151 1136 282 1205 Quid
311 1136 491 1204 itaque
521 1147 614 1202 per
647 1130 983 1200 septuaginta
1026 1141 1210 1197 reges,
1241 1122 1343 1179 nisi
1383 1122 1722 1192 septuaginta

148 1228 439 1297 linguarum
492 1221 837 1294 intelligimus
890 1216 1179 1273 nationes?
1223 1216 1421 1285 quibus
1467 1214 1720 1268 nimirum

145 1320 403 1390 malignus
452 1317 675 1389 spiritus
728 1327 981 1369 manuum
1028 1310 1330 1390 pedumque
1380 1306 1722 1362 summitates

142 1388 489 1476 absciderat,
516 1408 769 1479 quaniam
802 1403 977 1460 omnis
1006 1388 1138 1472 gens
1164 1416 1266 1456 nec
1308 1400 1445 1455 bona
1472 1397 1723 1469 quaelibet

139 1503 381 1574 operari,
415 1517 515 1557 nec
541 1516 637 1569 per
657 1496 877 1567 iustitiae
918 1494 1190 1549 tramitem
1219 1493 1467 1548 incedere
1495 1491 1720 1561 permit-

141 1596 301 1649 tebat.
336 1591 442 1647 Sed
475 1590 601 1645 huic
643 1586 1053 1650 Adonibezech,
1094 1583 1316 1639 humani
1356 1582 1608 1637 videlicet
1631 1596 1722 1651 ge-

138 1684 278 1737 neris
301 1682 538 1743 inimico,
570 1692 828 1732 manuum
864 1675 1021 1730 simul
1052 1690 1117 1729 ac
1143 1672 1338 1743 pedum
1379 1667 1721 1725 summitates

136 1774 455 1842 Redemptor
484 1779 669 1825 noster
697 1767 958 1830 abscidit,
997 1780 1117 1821 cum
1148 1763 1265 1833 ejus
1293 1764 1361 1817 ah
1390 1762 1579 1818 electis
1605 1762 1719 1818 suis

1825 592 1929 647 qua
1944 578 2193 635 Christus
2213 587 2457 632 mortuus
2473 584 2553 631 est
2573 573 2626 646 (ι
2643 575 2765 631 Cor.
2788 576 2928 647 vni),
2947 576 3168 631 omnino
3188 590 3295 630 non
3314 589 3410 631 cu-

1826 683 1935 723 ras.
1961 668 2115 738 Apud
2138 667 2481 723 Salomonem
2510 682 2703 738 nempe
2724 668 3001 732 meretrix,
3026 682 3148 739 quae
3170 666 3408 723 alienum

1823 760 2155 815 subduxerat
2179 760 2381 826 fetum,
2422 758 2799 815 malebateum
2848 760 2996 831 regio
3020 774 3280 816 mucrone
3318 772 3408 815 se-

1824 852 1968 917 cari,
1997 868 2158 923 quam
2195 852 2453 907 maternis
2482 850 2738 908 uberibus
2767 851 2916 906 reddi
2959 849 3079 923 (111
3107 849 3237 921 Reg.
3273 850 3360 919 ιιι)
3391 867 3408 908 :

1821 943 2245 1013 parvipendebat
2271 943 2535 1013 siquidem
2573 943 2870 1015 perniciem
2906 941 3222 1007 morientis,
3249 941 3409 997 dum-

1822 1032 1983 1087 modo
2004 1032 2321 1089 vocabulum
2346 1034 2459 1104 ipsa
2480 1050 2587 1088 non
2611 1036 2885 1090 amitteret
2908 1033 3115 1089 matris.
3140 1032 3221 1088 Tu
3243 1032 3409 1088 etiam

1823 1123 1890 1178 ad
1929 1123 2089 1193 hujus
2116 1123 2416 1194 exemplum
2434 1166 2449 1191 ,
2478 1140 2576 1180 cur
2605 1124 2774 1181 iactas
2808 1140 2968 1194 quem
3000 1140 3105 1180 non
3134 1122 3412 1195 genuisti?

1821 1215 1909 1271 vel
1948 1233 2099 1275 more
2138 1218 2403 1288 perdicis,
2449 1233 2546 1273 cur
2576 1214 2723 1271 foves
2760 1231 2921 1285 quem
2967 1230 3071 1272 non
3110 1214 3413 1286 peperisti?

1822 1306 1938 1363 Hoc
1963 1318 2047 1364 est
2070 1310 2216 1364 enim
2245 1309 2492 1365 naturale
2520 1308 2771 1379 perdicis,
2804 1315 2862 1362 ut
2890 1305 3065 1362 aliena
3095 1305 3282 1361 furtim
3306 1321 3410 1362 ova

1822 1398 2119 1470 subripiat,
2158 1415 2332 1469 eaque
2364 1408 2619 1469 tanquam
2653 1398 2867 1469 propria
2907 1412 2972 1453 eo
3012 1412 3183 1467 usque
3224 1394 3411 1469 confo-

1821 1502 1982 1558 veat,
2022 1491 2196 1551 donec
2241 1489 2383 1547 fetus
2428 1500 2707 1562 erumpat,
2754 1492 2847 1546 sed
2882 1506 3006 1545 cum
3048 1489 3175 1559 pulli
3220 1502 3408 1544 vocem

1822 1585 2013 1641 matris
2046 1585 2304 1650 audiunt,
2334 1598 2453 1639 eam
2484 1590 2691 1638 natura:
2724 1582 2972 1638 docentis
3011 1581 3209 1637 indicio
3251 1594 3410 1636 reco-

1823 1685 2125 1751 gnoscunt,
2173 1683 2229 1730 et
2271 1673 2407 1729 falsa
2448 1682 2620 1727 matre
2658 1680 2967 1742 contempta
2992 1712 3007 1736 ,
3052 1672 3299 1739 protinus
3340 1669 3409 1727 ad

1822 1781 2007 1821 veram
2033 1765 2325 1836 perniciter
2353 1772 2714 1820 revertuntur.
2748 1761 2901 1818 Unde
2926 1770 2980 1815 et
3000 1760 3265 1816 Jeremias
3288 1761 3366 1815 ait
3391 1778 3407 1814 :

134 1861 361 1917 nefarios
390 1869 545 1915 actus
571 1872 894 1928 gressusque
929 1854 1278 1924 compescuit.
1315 1850 1421 1907 Vos
1443 1867 1606 1922 ergo,
1635 1852 1719 1907 di-
1751 1851 1796 1910 Β
1831 1874 1851 1907 ι
1882 1856 2078 1912 Perdix
2114 1855 2252 1911 fovit
2292 1871 2413 1927 quae
2455 1871 2561 1910 non
2602 1854 2847 1924 peperit;
2895 1853 3024 1909 fecit
3062 1854 3315 1919 divitias,
3354 1862 3410 1911 et

134 1952 439 2018 lectissimi,
488 1950 653 2006 nolite
692 1949 1009 2018 permittere
1047 1945 1200 2001 vobis
1240 1946 1382 1999 hunc
1424 1942 1717 2013 prtesidere

136 2053 440 2116 tyrannum,
464 2056 625 2111 quem
657 2052 911 2094 mucrone
936 2037 1133 2093 divina:
1163 2036 1442 2092 sententia:
1467 2049 1573 2089 non
1603 2049 1716 2088 am-

131 2135 310 2206 bigitis
354 2134 756 2189 detruncatum.
800 2128 920 2184 Vim
970 2126 1155 2198 ita'que
1202 2128 1416 2197 superni
1462 2124 1713 2181 desiderii

131 2235 304 2282 mente
328 2224 617 2297 concipite,
645 2224 711 2278 ad
740 2221 980 2278 caelestis
1011 2220 1159 2290 regni
1188 2220 1412 2290 gloriam
1438 2215 1715 2273 succensis

130 2316 423 2372 visceribus
446 2322 691 2376 mstuate,
722 2310 1250 2367 carnalis-illecebrae
1273 2309 1499 2363 solerter
1527 2309 1715 2362 incen-

134 2409 240 2462 tiva
270 2406 577 2477 reprimite,
615 2405 683 2458 ad
711 2403 881 2459 Deum
912 2417 1127 2472 semper
1152 2417 1246 2471 per
1280 2400 1569 2470 singularis
1597 2399 1717 2453 vita:

124 2497 370 2556 semitam
389 2536 405 2561 ,
433 2506 489 2551 et
518 2503 831 2550 sanctorum
878 2493 1098 2546 Patrum
1128 2492 1349 2559 vestigia
1393 2496 1713 2559 properate,

124 2598 423 2660 quatenus,
450 2587 577 2642 dum
598 2585 823 2654 justitiae
850 2592 1031 2639 tenere
1061 2581 1388 2637 contenditis
1419 2580 1711 2643 tramitem,

125 2679 195 2734 ad
241 2678 411 2749 ipsum
456 2675 681 2746 iustitia:
724 2683 779 2730 et
825 2675 989 2729 totius
1038 2672 1343 2727 sanctitatis
1387 2671 1713 2740 pen-cuiatis

126 2776 421 2825 auctorem.
448 2766 803 2835 Omnipotens
832 2765 997 2829 Deus,
1028 2761 1362 2817 dilectissimi
1398 2760 1618 2825 fratres,
1650 2761 1714 2815 de

130 2861 379 2917 manibus
415 2874 514 2915 vos
553 2857 759 2927 antiqui
806 2856 980 2912 hostis
1020 2846 1255 2922 eripiat,
1304 2853 1370 2907 de
1414 2851 1714 2922 peregrinis

123 2952 271 3008 cives
304 2949 529 3015 eﬂleiat,
558 2957 611 3005 et
638 2962 884 3018 superna:
907 2944 1256 3015 ,Hierusalem
1291 2943 1591 3003 inmitibus,
1624 2940 1711 2993 ubi

124 3056 236 3096 non
262 3040 586 3111 linguarum,
617 3053 723 3092 non
751 3034 1091 3091 voluntatum
1124 3042 1210 3088 est
1238 3032 1342 3087 ulla
1383 3032 1669 3085 diversitas
1694 3070 1708 3093 ,

120 3130 442 3187 introducat.
474 3130 551 3184 De
576 3127 873 3199 quaestione
902 3134 1105 3189 autem,
1133 3138 1294 3193 super
1317 3138 1424 3192 qua
1453 3137 1549 3176 nos
1576 3136 1708 3175 con-

117 3222 297 3277 sulere
334 3196 684 3283 decrevistis,
726 3216 947 3271 fratrem
978 3216 1123 3270 hunc
1162 3213 1383 3267 Petrum
1413 3254 1427 3277 ,
1466 3220 1705 3266 vestrum
1734 3196 1780 3256 C

118 3311 328 3369 scilicet
350 3309 596 3367 nuntium
615 3307 797 3379 κω,
821 3305 1052 3361 solerter
1072 3301 1348 3372 inquirite,
1373 3310 1429 3357 ct
1447 3300 1704 3371 quidquid

113 3403 272 3462 vobis
295 3403 419 3460 viva
448 3415 581 3457 voco
610 3397 897 3470 protulerit
923 3396 1229 3451 observate.

653 3508 988 3567 EPISTOLA
1026 3504 1167 3563 XIV.

544 3618 613 3659 an
649 3614 960 3659 ustnsnouu
1000 3614 1128 3669 seu
1138 3612 1261 3651 τειι.

313 3692 575 3767 (Habetur
613 3701 739 3746 tom.
788 3688 910 3754 III,
956 3698 1132 3759 estque
1170 3702 1345 3756 apusc.
1383 3683 1494 3756 29.)

664 3799 997 3878 EPISTULA
1037 3798 1153 3853 XV.

109 3919 184 3960 an
222 3916 274 3955 ιι.
314 3911 560 3957 unum
605 3886 839 3951 emicuit
888 3904 1196 3948 cusssasrs
1240 3904 1285 3943 s.
1328 3903 1697 3943 ΑιιοιιιιιΑιιιε.

105 3994 510 4050 Διῦῠιιιιιτυιι.
540 4016 609 4028 -
640 3986 979 4042 Classensem
1030 3981 1322 4041 abbatem,
1369 3980 1459 4051 qui
1509 3995 1698 4051 mona-

182 4064 345 4119 chum
388 4076 419 4115 a
456 4057 783 4114 monasterio
829 4051 1160 4121 transfugam
1199 4050 1701 4121 detinelmtinultis

181 4128 799 4188 excommunicationum
828 4119 1063 4178 vinculis
1082 4121 1425 4180 obstrictum,
1459 4119 1699 4175 obtesta-

181 4209 274 4257 tur
318 4198 566 4254 utilium
619 4196 757 4265 apud
807 4209 865 4248 se
915 4205 1234 4265 permanere
1284 4204 1388 4265 non
1438 4190 1694 4265 patiatur.

181 4270 338 4338 Quod
369 4269 414 4324 si
449 4269 516 4323 ad
540 4259 707 4338 suum
747 4259 1133 4338 monasterium
1166 4259 1363 4338 reverti
1402 4260 1697 4338 velit,‘_mi-

182 4329 295 4396 iam
329 4353 388 4395 se
412 4346 469 4393 et
506 4337 824 4392 clementem
854 4347 981 4401 erga
1015 4330 1161 4385 illum
1208 4329 1444 4384 futurum
1476 4329 1697 4399 pollice-

179 4417 391 4558 animo
418 4498 479 4554 P.
506 4494 796 4552 venerabili
826 4492 1025 4557 abbati,
1056 4489 1273 4547 Psruvs
1294 4498 1551 4560 peccator
1575 4506 1692 4549 mo-

99 4592 318 4650 nachus
345 4589 571 4645 salutem
600 4587 652 4641 in
685 4584 927 4640 Domino.

0 4660 5 4693 ἶ
178 4684 349 4741 Miror
378 4690 620 4738 sanctam
646 4678 988 4749 prudentiam
1030 4685 1197 4740 tuam,
1232 4676 1556 4731 venerabilis
1584 4675 1692 4729 fra-

96 4786 214 4840 ter,
260 4774 385 4845 quia
424 4785 547 4825 cum
578 4779 687 4823 tota
722 4777 869 4822 terra
911 4766 1113 4837 repleta
1156 4766 1225 4820 sit
1269 4766 1550 4821 monachis
1576 4807 1590 4831 ,
1632 4777 1686 4823 tu

93 4881 289 4923 meum
336 4862 621 4917 adversum
657 4873 743 4913 me
788 4858 1111 4913 monachum
1160 4855 1348 4921 foves,
1399 4858 1559 4912 toties
1601 4874 1686 4913 me

0 4932 9 5027 ἦ
95 4954 248 5027 apud
300 4963 352 5008 te
392 4950 797 5022 expostulante,
846 4948 1201 5017 requisitum.
1248 4955 1326 5002 tot
1378 4947 1685 5017 apostolicae

2 5024 7 5031 ί
94 5024 762 5108 sedis‘Romanorumque
807 5037 1121 5108 pontificum
1163 5041 1678 5093 excommunicatioo

6 5134 17 5147 ³
93 5153 237 5195 num
276 5134 470 5207 jaculis
512 5133 829 5189 sauciatum.
878 5130 1163 5187 Enimvero
1210 5131 1417 5202 primus
1463 5132 1681 5187 humani

0 5215 15 5247 ί
92 5226 322 5300 generis
347 5238 563 5295 parens,
596 5238 717 5277 cum
748 5222 848 5275 sibi
880 5223 1161 5278 comedere
1191 5224 1257 5278 de
1287 5222 1517 5285 eunetis,
1548 5236 1684 5292 pra:-

92 5328 186 5373 ter
214 5331 376 5371 unam
406 5312 641 5384 paradisi
672 5311 854 5366 liceret
890 5311 1194 5375 arboribus,
1224 5321 1541 5367 cmterarum
1566 5313 1683 5382 qui-

6 5398 19 5429 ⁵
89 5406 225 5462 dem
262 5405 514 5461 arborum
544 5412 702 5473 poma
739 5402 1093 5472 contempsit,
1131 5402 1274 5457 illam
1303 5420 1431 5460 vero
1476 5407 1679 5472 solam,

8 5494 23 5525 ⁵
88 5516 223 5573 ιιιιαι⁸
252 5499 354 5557 sibi
384 5496 653 5571 prohibita
694 5494 869 5551 fuerat
901 5509 967 5551 ex
1001 5510 1105 5564 qua
1143 5506 1481 5563 vesceretur,
1518 5498 1679 5569 elegit

12 5588 17 5619 ῖ
87 5590 253 5664 (Gen.
300 5606 338 5645 ιι
388 5598 443 5645 et
501 5588 605 5657 ιιι).
648 5586 722 5642 Ita
761 5596 851 5651 tu,
897 5602 1019 5642 cum
1059 5602 1154 5642 eos
1194 5587 1333 5643 forte
1378 5606 1513 5659 quos
1556 5581 1679 5646 licet

6 5694 23 5721 ν
82 5684 375 5755 suscipere
390 5695 493 5735 non
515 5680 977 5745 admittas;illum,
1002 5682 1091 5749 qui
1113 5681 1203 5735 tibi
1229 5688 1337 5735 tam
1366 5684 1677 5740 terribiliter

4 5780 23 5814 ν
80 5777 440 5841 prohibetur,
461 5772 725 5828 asciscere
748 5788 851 5830 non
874 5772 1151 5841 formidas,
1174 5782 1359 5844 atque,
1382 5783 1439 5830 ut
1464 5784 1515 5831 tu
1538 5776 1673 5832 dun-

1820 1965 1926 2004 non
1959 1950 2011 2003 in
2036 1949 2278 2020 judicio;
2311 1948 2365 2003 in
2394 1947 2617 2003 dimidio
2647 1948 2856 2001 dierum
2887 1961 3106 2002 suorum
3138 1944 3409 2016 relinquet

1819 2055 1930 2105 eas,
1958 2047 2013 2094 et
2048 2039 2101 2092 in
2127 2024 2421 2094 novissimo
2443 2053 2542 2093 suo
2571 2038 2675 2092 erit
2715 2037 2976 2108 insipiens
3004 2036 3138 2109 (λετ.
3184 2038 3344 2109 xv").
3382 2057 3401 2089 ι

1818 2128 2023 2199 Nempe
2044 2128 2194 2183 salvo
2222 2142 2311 2194 eo,
2335 2136 2397 2182 ut
2415 2127 2482 2182 de
2510 2126 2595 2182 his
2618 2127 2710 2197 qui
2732 2126 2942 2182 alienos
2958 2125 3210 2181 furantur
3233 2127 3411 2182 alum-

1818 2238 1949 2289 nos,
1994 2222 2096 2276 hoc
2128 2220 2299 2290 possit
2337 2218 2608 2291 intelligi,
2655 2220 2871 2274 videtur
2910 2229 3089 2275 tamen
3130 2220 3198 2275 de
3240 2220 3407 2276 totius

1817 2323 2040 2370 auctore
2084 2312 2340 2383 nequitia:
2380 2312 2750 2382 principaliter
2790 2312 2918 2367 dici.
2962 2312 3216 2369 Diabolus
3257 2314 3405 2368 enim

1820 2415 2075 2475 tanquam
2116 2404 2307 2460 doctor
2347 2404 2399 2458 in
2437 2404 2695 2459 cathedra
2726 2404 3068 2474 pestilentiae,
3109 2420 3275 2476 super
3310 2406 3408 2461 ho-

1818 2494 1993 2549 mines
2040 2494 2141 2549 sibi
2185 2494 2553 2563 magisterium
2594 2496 2914 2565 usurpavit,
2963 2510 3098 2566 quos
3136 2497 3252 2567 ipse
3297 2513 3406 2553 non

1814 2583 2082 2646 condidit;
2113 2591 2168 2636 et
2195 2597 2437 2638 errorem
2466 2598 2565 2638 nos
2592 2582 2835 2639 docendo
2862 2584 3024 2654 203
3054 2586 3209 2655 quasi
3248 2585 3403 2651 fovit,

1814 2686 1950 2741 quos
1979 2672 2213 2724 creando
2256 2686 2360 2725 non
2396 2672 2625 2742 peperit.
2657 2672 2810 2727 Fecit
2845 2674 3027 2744 itaque
3054 2674 3271 2731 divitias
3296 2717 3311 2741 ,
3350 2688 3405 2733 et

1815 2776 1920 2813 non
1953 2762 2003 2813 in
2026 2760 2257 2849 judicio,
2280 2762 2404 2831 quia
2435 2762 2561 2817 dum
2595 2764 2753 2818 rebus
2778 2762 2938 2819 alieni
2963 2764 3104 2834 juris
3135 2766 3404 2824 ditescere

1816 2854 2005 2919 voluit,
2040 2852 2309 2923 aequitatis
2332 2856 2595 2924 judicium
2629 2856 2930 2911 temeravit.
2961 2857 3067 2912 Sed
3093 2858 3148 2912 in
3178 2859 3403 2915 dimidio

1812 2946 2021 2998 dierum
2054 2961 2274 3000 suorum
2319 2946 2587 3016 relinquet
2622 2962 2748 3012 eos;
2785 2948 3031 3003 diabolus
3063 2950 3208 3005 enim
3244 2954 3400 3021 quasi

1812 3035 1985 3089 adhuc
2016 3037 2181 3101 vivit,
2207 3038 2333 3092 dum
2360 3054 2482 3094 cum
2512 3040 2683 3095 ultimi
2709 3042 2899 3112 judicii
2935 3042 3143 3111 gladius
3169 3045 3401 3099 necdum

1813 3126 2116 3180 transfodit.
2144 3124 2387 3183 Nondum
2419 3129 2599 3200 itaque
2625 3140 2870 3187 mortuus
2897 3147 3024 3187 suas
3053 3132 3267 3188 divitias
3286 3134 3398 3201 jam

1813 3216 2090 3286 relinquit,
2121 3220 2375 3286 quoniam
2403 3221 2470 3274 ad
2499 3220 2809 3275 Creatorem
2834 3237 2990 3276 suum
3014 3237 3183 3293 genus
3214 3224 3401 3280 huma-

1813 3324 1939 3362 num
1972 3325 2038 3365 ex
2073 3312 2307 3365 maxima
2348 3322 2499 3382 parte
2534 3315 2638 3379 iam
2680 3315 2857 3369 rediit.
2889 3316 2945 3370 ln
2986 3319 3279 3374 novissimo
3304 3336 3402 3375 au-

1812 3408 1916 3454 tem
1955 3403 2053 3455 suo
2080 3402 2186 3455 erit
2233 3402 2518 3471 insipiens,
2548 3420 2707 3473 quem
2734 3446 2747 3470 ,
2792 3407 2934 3462 sicut
2959 3406 3249 3478 Apostolus
3280 3411 3395 3466 ait:

1814 3512 1832 3543 ι
1862 3492 2118 3547 Dominus
2156 3490 2316 3548 Jesus
2356 3494 2647 3551 interfieict
2681 3499 2873 3567 spiritu
2913 3500 3026 3554 oris
3057 3500 3177 3566 sui,
3221 3510 3277 3557 et
3306 3503 3396 3557 de-

1807 3590 1979 3636 struet
2024 3582 2383 3639 illustratione
2412 3584 2677 3641 adventus
2714 3585 2797 3640 sui
2829 3586 2914 3657 (II
2948 3586 3125 3643 Thess.
3158 3595 3242 3661 ιι).
3279 3611 3298 3642 ι
3335 3592 3398 3647 Et

1806 3674 2065 3743 prapheta
2098 3692 2110 3729 :
2148 3692 2166 3725 ι
2203 3674 2430 3746 Spiritu,
2462 3679 2659 3748 inquit,
2683 3678 2947 3734 labiorum
2978 3696 3198 3737 suorum
3229 3683 3397 3741 inter-

1806 3765 1949 3820 ficict
1984 3766 2205 3836 impium
2252 3766 2409 3838 (lsai.
2452 3770 2549 3839 xl).
2584 3789 2601 3821 ι
2657 3769 2829 3825 llomo
2874 3772 3039 3842 igitur
3074 3775 3394 3844 magistrum

1805 3856 2004 3913 deserit
2029 3860 2333 3924 abusivum,
2363 3870 2418 3915 et
2444 3862 2575 3915 redit
2608 3864 2675 3916 ad
2706 3863 3008 3933 proprium,
3040 3880 3163 3920 cum
3193 3882 3393 3923 novum

1804 3949 2025 4003 damnat
2062 3964 2303 4004 errorem
2331 3991 2345 4013 ,
2384 3959 2439 4005 et
2482 3951 2547 4005 ad
2584 3967 2694 4006 sua:
2736 3954 3030 4008 revertitur
3067 3956 3394 4013 ronditionis

1802 4040 2088 4109 originem.
2118 4038 2270 4095 Unde
2296 4041 2403 4095 illic
2429 4051 2550 4111 apte
2580 4042 2922 4114 subjungitur
2947 4062 2959 4097 :
2999 4063 3015 4096 ι
3046 4044 3251 4102 Solium
3279 4048 3391 4117 glo-

1804 4130 1898 4184 ria:
1947 4130 2250 4186 altitudinis
2296 4147 2325 4185 a
2378 4132 2682 4203 principio,
2737 4135 2888 4191 locus
2939 4138 3392 4197 sanctificationis

1804 4231 2021 4287 nostrae,
2050 4225 2384 4293 exspectatio
2414 4226 2574 4280 Israel
2602 4225 2735 4296 (Jer.
2766 4229 2922 4297 xvn).
2957 4246 2974 4280 ι
3008 4229 3149 4286 Deus
3179 4232 3385 4303 itaque,

1799 4312 1889 4383 qui
1914 4321 1999 4367 est
2023 4313 2344 4383 principium
2371 4315 2572 4384 gloriae,
2601 4318 2714 4387 ipse
2736 4328 2818 4373 cst
2848 4323 3178 4390 exspectatio
3201 4322 3382 4386 Israel,

1797 4406 2052 4476 quoniam
2080 4422 2107 4459 a
2137 4423 2245 4476 quo
2280 4425 2448 4475 genus
2484 4411 2775 4464 humanum
2813 4414 3037 4481 prodiit,
3066 4430 3164 4485 per
3193 4420 3385 4472 condi—

1800 4496 1960 4551 tionis
2000 4497 2294 4551 revertitur
2326 4509 2748 4555 sacramentum.
2783 4503 2881 4568 Qni
2917 4521 3048 4575 ergo
3077 4507 3296 4563 sedebat
3331 4512 3383 4564 in

1800 4584 1935 4641 solio
1961 4586 2144 4656 gloriae
2176 4586 2475 4643 altitudinis
2504 4605 2531 4643 a
2562 4591 2829 4661 principio
2866 4602 2921 4647 et
2952 4595 3223 4652 hominem
3254 4600 3384 4654 edo-

1797 4675 1975 4741 cebat,
2007 4678 2122 4745 ipse
2150 4686 2234 4731 est
2260 4680 2593 4748 exspectatio
2622 4680 2807 4746 Israel,
2841 4694 2897 4736 ut
2937 4686 2987 4739 in
3033 4686 3149 4741 loco
3180 4690 3381 4744 sancti-

1794 4767 2059 4822 ficationis
2082 4776 2302 4833 nostrre,
2334 4768 2385 4822 id
2411 4779 2511 4832 est,
2541 4769 2591 4823 in
2632 4781 2815 4827 sancta
2842 4772 3099 4839 Ecclesia,
3128 4777 3378 4834 eumdem
3416 4820 3420 4831 .

1792 4862 2066 4917 hominem
2095 4862 2291 4915 iterum
2320 4862 2529 4916 doceat.
2560 4859 2711 4916 Unde
2744 4878 2839 4931 per
2877 4863 3216 4921 Psalmistam
3246 4871 3380 4924 diri-

1792 4963 1877 5008 tur
1910 4968 1925 5005 :
1960 4974 1977 5004 ι
2007 4951 2465 5015 Retniniscentur,
2498 4963 2553 5006 et
2581 4963 2963 5009 comertentur
2989 4956 3055 5009 ad
3088 4958 3374 5017 Dominum

1791 5046 2028 5100 universi
2060 5043 2195 5098 fines
2227 5053 2413 5108 terra},
2444 5052 2497 5099 et
2526 5043 2823 5100 adorabunt
2854 5048 2905 5100 in
2938 5062 3228 5119 conspectu
3255 5054 3375 5123 ejus

1792 5153 1979 5195 omnes
2016 5137 2205 5209 patria:
2233 5138 2471 5207 gentium
2516 5135 2686 5207 (Psol.
2719 5138 2855 5209 xxi).
2894 5162 2910 5191 ι
2947 5140 3201 5213 Quisquis
3243 5164 3373 5217 ergo

1794 5229 2023 5283 alienum
2070 5229 2207 5284 tollit
2254 5228 2447 5283 violata
2492 5228 2594 5283 fide
2643 5229 2964 5299 discipulum
2992 5273 3006 5297 ,
3052 5221 3372 5294 Antichristi

1792 5322 1975 5392 procul
2003 5322 2165 5377 dubio
2205 5322 2448 5376 imitatur
2478 5322 2802 5391 exemplum.
2834 5324 2899 5378 Et
2926 5325 3065 5381 sicut
3107 5328 3371 5401 illequod

1790 5410 2023 5466 alienum
2055 5420 2157 5474 est,
2205 5426 2354 5467 more
2392 5413 2653 5481 per-dicis,
2693 5414 2926 5480 amittit;
2960 5418 3040 5473 sic
3086 5420 3185 5475 iste
3225 5426 3369 5492 quod

1784 5516 2100 5574 usurpatum
2131 5513 2242 5571 est,
2275 5504 2545 5574 aequitatis
2572 5504 2964 5565 interveniente
2990 5510 3225 5579 judicio,
3255 5529 3363 5569 non

1782 5593 2003 5649 tenebit.

1850 5686 2156 5743 Recordare
2183 5727 2196 5751 ,
2240 5686 2561 5743 venerabilis
2598 5697 2785 5759 pater,
2835 5692 2957 5759 quia
3006 5700 3055 5745 te.
3097 5704 3365 5761 prasente

1779 5776 1947 5832 frater
1977 5777 2063 5831 ille
2094 5786 2149 5832 et
2181 5776 2332 5846 prius
2362 5786 2488 5833 ante
2519 5790 2765 5834 sanetum
2793 5780 2967 5836 altare
2996 5782 3255 5849 ecclesire,
3306 5793 3360 5837 et

3796 0 5239 135 ’-f
