5428 6608
195 474 277 534 101
1281 466 1488 527 LIBER
1528 463 1840 527 SEXTUS,
1884 462 2098 518 EI‘IST.
2140 461 2261 517 XX.
3405 457 3514 516 ‘03

259 589 386 647 Dum
413 587 529 644 hac
560 595 615 643 et
654 585 739 641 his
767 583 964 640 similia
986 581 1328 653 frequentius
1367 581 1524 641 itero,
1553 577 1788 633 Lucretia
1819 580 1867 638 Α
1972 576 2086 632 Hoc
2108 577 2291 648 itaque
2320 577 2766 650 modoecaptiosis
2793 589 2959 651 atque
2983 577 3354 650 blandlloquis
3383 592 3509 648 per-

172 682 313 745 ,mibi
348 688 614 753 parantur
660 675 975 746 exsequize,
1036 674 1238 733 sacrati
1289 672 1394 728 olei
1447 670 1784 727 delibutione
1887 669 2236 726 suasionibus
2263 669 2436 726 frater
2463 670 2550 726 ille
2599 671 2862 743 ραιιεοιυε
2897 673 3237 744 impingitur,
3273 681 3329 727 et
3359 670 3511 726 velut

200 789 487 846 perungor;
528 772 578 826 in
609 770 812 826 cineris
841 784 905 824 ac
931 767 1096 824 cilicii
1143 775 1337 834 strato,
1374 775 1634 837 tanquam
1678 763 1787 819 illic
1889 763 2006 819 avis
2035 761 2232 830 mollis,
2251 763 2470 820 viscarii
2500 766 2857 836 compedibus
2887 766 3156 822 irretitur.
3183 765 3508 822 Verecunda

199 867 538 931 emoriturus,
589 877 856 932 exponor.
908 859 1067 916 Sicut
1101 859 1272 924 enim,
1307 857 1484 913 fracta
1532 856 1788 912 videlicet
1889 853 2124 929 denique
2150 857 2304 929 prius
2334 871 2432 913 ora
2462 858 2664 915 rubore
2707 858 3051 920 suffundens.
3081 873 3144 912 ac
3177 859 3512 913 intuentium

201 963 276 1016 ovi
303 969 436 1014 testa
474 967 530 1012 et
571 966 788 1012 rotante
817 954 1060 1018 cultello.
1095 952 1312 1008 vitellus
1359 950 1660 1023 egreditur,
1707 949 1788 1006 sic
1888 966 1948 1008 se
1977 966 2087 1023 per
2123 953 2417 1009 circuitum
2456 953 2649 1010 oculos
2697 968 3092 1026 expavescens,
3132 963 3516 1009 summotenus

203 1051 368 1107 anima
399 1065 519 1104 mea
566 1049 752 1104 carnis
793 1047 944 1102 vulsa
990 1047 1317 1112 visceribus,
1351 1045 1581 1100 exilium
1611 1045 1788 1099 mina—
1889 1045 2067 1118 primo
2091 1045 2315 1119 ligurire
2351 1048 2540 1119 coepit,
2571 1049 2768 1106 deinde
2802 1048 2974 1104 semel
3027 1047 3223 1104 edendi
3257 1047 3518 1103 libertate

203 1145 365 1200 batur.
399 1142 607 1196 Interea
657 1141 828 1196 frater
872 1137 1111 1212 quidam,
1145 1137 1256 1195 Leo
1287 1139 1528 1206 nomine,
1579 1133 1696 1194 erat
1735 1139 1790 1194 in

202 1251 390 1300 eremo,
435 1234 757 1304 grandaevus
801 1233 1020 1303 quidem
1064 1242 1250 1298 relate,
1283 1233 1380 1289 sed
1421 1231 1792 1287 venerabilior

203 1329 447 1385 districta:
502 1311 938 1384 conversationis
979 1327 1162 1382 studio
1201 1337 1257 1381 et
1301 1325 1571 1395 simplicis
1618 1324 1788 1380 animi

202 1419 444 1490 puritate.
498 1420 634 1474 lluic
663 1419 845 1489 itaque
874 1435 973 1489 per
997 1419 1176 1475 visum
1228 1419 1312 1472 vir
1359 1418 1682 1489 Splendidus
1728 1433 1793 1472 ac

201 1513 481 1584 praeclarus
509 1512 782 1582 apparuit,
818 1526 1055 1580 eumque
1085 1512 1214 1582 quid
1252 1520 1443 1582 ageret
1485 1510 1787 1580 inquisivit.

202 1604 290 1660 Cui
320 1621 377 1660 se
400 1603 573 1658 frater
597 1604 685 1658 ille
715 1604 955 1658 dormire
977 1605 1226 1673 quidem,
1257 1603 1351 1658 sed
1389 1604 1600 1658 tristem
1630 1602 1792 1656 nimis

202 1712 312 1752 esse
362 1697 427 1750 de
473 1695 738 1750 eminenti
771 1694 974 1765 prioris
1019 1693 1102 1749 sui
1153 1703 1331 1750 morte
1379 1693 1676 1764 perhibuit.
1727 1693 1796 1748 Et

203 1788 284 1843 ille
314 1807 326 1842 :
361 1808 377 1840 ι
412 1788 527 1852 Dic,
563 1788 761 1856 inquit,
789 1787 952 1842 Petro
992 1787 1268 1853 Damiani,
1297 1790 1366 1842 de
1393 1804 1501 1857 quo
1531 1787 1790 1857 loqueris,

202 1879 390 1934 nullam
422 1881 472 1934 in
505 1878 730 1934 medicis
760 1894 912 1950 spem
940 1888 1132 1949 ponat,
1163 1888 1385 1935 centum
1416 1878 1795 1934 tantummodo

1891 1136 2498 1209 concepta,|prurientis
2517 1139 2847 1209 gularfrena
2873 1140 3096 1196 laxavit.
3125 1139 3374 1209 Cumque
3397 1139 3513 1210 jam

1893 1231 2122 1286 satiatus
2151 1231 2415 1287 existeret
2447 1241 2501 1288 et
2515 1233 2757 1288 carnalis
2783 1233 3052 1288 illecebrae
3081 1241 3205 1288 vota
3236 1232 3510 1302 comples-

1892 1334 1992 1383 set,
2020 1338 2148 1379 ecce
2173 1325 2572 1394 permaximum
2629 1325 2830 1380 lucinm
2885 1325 3100 1396 dapifer
3143 1325 3342 1388 attulit,
3375 1325 3514 1380 etin

1894 1432 1954 1472 se
1986 1416 2434 1472 convescentiulh
2466 1418 2655 1474 oculos
2677 1428 2731 1473 et
2759 1434 2855 1474 ora
2911 1420 3208 1474 convertit.
3266 1420 3516 1490 Cumque

1898 1508 2043 1564 hunc
2094 1518 2150 1564 et
2207 1511 2512 1565 monachus
2540 1511 2841 1566 miraretur
2868 1520 2923 1567 et
2952 1511 3144 1567 oculos
3185 1512 3236 1566 in
3270 1527 3396 1567 cum
3430 1513 3516 1567 iu-

1897 1601 2068 1655 liianti
2126 1601 2463 1657 curiositatis
2521 1602 2783 1658 aviditate
2842 1602 3134 1674 deligeret,
3177 1603 3515 1659 aitcomes:

1898 1693 2034 1762 Quia
2059 1710 2255 1750 carnes
2285 1705 2544 1766 tanquam
2579 1696 2752 1752 laicus
2780 1698 3095 1761 cometlisti,
3135 1697 3342 1767 piscem
3387 1705 3512 1751 tan-

1898 1804 2062 1860 quam
2094 1789 2396 1843 monachus
2437 1804 2535 1843 cur
2574 1787 2851 1844 attendis?
2901 1787 3069 1844 Plane
3093 1788 3137 1843 si
3173 1789 3275 1843 hoc
3310 1787 3406 1841 tibi
3451 1788 3515 1839 IE-

1900 1882 2095 1946 cuerit,
2123 1883 2453 1938 versiculum
2472 1882 2622 1937 illum
2646 1899 2888 1955 congrue
2915 1883 3268 1938 dccantabis:
3304 1900 3324 1933 ‹
3361 1880 3519 1935 Meus

201 1985 456 2041 pauperes
505 1978 734 2039 pascat,
772 1977 828 2025 et
869 1972 1126 2041 protinus
1171 1987 1232 2027 se
1282 1970 1672 2027 convalescere
1729 1969 1797 2025 de
1834 1957 1871 2014 3
1903 1985 1986 2031 est
2038 1974 2284 2042 Galaad,.
2314 1985 2370 2030 et
2418 1991 2571 2031 meus
2611 1984 2697 2030 est
2751 1961 3035 2030 Manasseé
3083 1972 3259 2046 (Psal.
3297 1971 3438 2044 xix).
3492 1992 3509 2025 ι

202 2062 487 2131 languore,
537 2077 700 2131 quem
747 2064 974 2131 patitur,
1024 2078 1131 2117 non
1182 2061 1416 2117 diffidat.
1455 2083 1474 2116 ι
1517 2062 1617 2118 Cui
1668 2077 1792 2118 cum

200 2151 353 2224 206
383 2152 490 2218 Ille,
520 2151 588 2207 de
611 2153 821 2208 meliori
857 2155 1049 2225 utique
1078 2155 1190 2210 vita
1218 2155 1512 2221 sollicitus,
1547 2155 1754 2211 diceret
1783 2175 1795 2210 :

202 2242 424 2299 Habebit
469 2244 597 2310 ille,
648 2244 905 2311 domine,
952 2246 1311 2318 paradisum?
1353 2247 1659 2319 Respondit
1697 2248 1796 2303 :ln

199 2336 450 2406 paradiso
479 2337 702 2407 quidem
753 2338 1082 2408 quantocius
1124 2349 1232 2406 est,
1264 2340 1359 2396 sed
1400 2341 1489 2394 dic
1535 2339 1636 2407 illi,
1671 2340 1804 2410 quia.

202 2441 321 2481 mox
351 2429 779 2510 utpauperibus
828 2429 1088 2486 alimenta
1152 2433 1471 2498 contulerit,
1518 2443 1798 2502 resumpta

199 2521 442 2590 protinus
490 2523 905 2592 incolumitate,
952 2526 1230 2596 gaudebit.
1281 2527 1564 2599 Evigilans
1618 2529 1800 2599 itaque

200 2615 457 2670 continuo
484 2615 659 2672 frater
686 2616 753 2672 ad
797 2618 1084 2674 ecclesiam
1111 2622 1314 2692 pergit,
1341 2637 1506 2691 quam
1537 2622 1666 2677 dum
1713 2623 1800 2676 in.

200 2709 389 2780 gredi,
440 2711 737 2768 conticiuio
779 2713 958 2768 noctis
990 2713 1284 2781 abnuente,
1327 2730 1432 2770 non
1475 2715 1689 2786 potuit,
1725 2715 1806 2770 vi-

206 2801 356 2857 sione
409 2812 590 2858 tamen
637 2805 926 2870 attonitus,
977 2803 1045 2859 ad
1098 2805 1349 2862 cellulam
1411 2823 1520 2862 non
1581 2808 1799 2863 redivit.

201 2892 338 2961 Quid
366 2894 557 2965 plura?
589 2894 867 2952 Visionem
899 2898 1073 2952 frater
1112 2898 1379 2954 fratribus
1425 2899 1633 2964 retulit,
1663 2899 1804 2955 elee-

203 3004 481 3058 niosynam
534 2990 908 3061 indigentibus
967 2991 1183 3047 ardenti
1233 2991 1508 3047 desiderio
1556 2989 1801 3047 fraterna

201 3077 444 3133 charitas
493 3079 861 3146 ministravit;
920 3081 1120 3151 quibus
1171 3081 1340 3136 etiam
1390 3095 1458 3135 ex
1507 3081 1804 3136 abundanti

200 3184 451 3223 nummos
481 3170 754 3237 adhibuit,
798 3183 855 3226 et
891 3173 970 3227 sic
1000 3188 1102 3244 ego
1144 3173 1230 3228 die
1267 3173 1461 3238 altero,
1495 3175 1807 3234 valetudine

201 3261 490 3316 recedente
519 3263 790 3318 convalui.
824 3263 1120 3333 Reparatio
1146 3265 1330 3336 itaque
1355 3267 1614 3321 sanitatis
1639 3265 1801 3320 fidem

1904 2066 2075 2123 Porro
2107 2075 2289 2122 autem
2310 2067 2353 2120 si
2383 2066 2646 2122 carnibus
2677 2065 3057 2130 abstinuisses,
3087 2065 3252 2135 piscis
3279 2065 3383 2119 iste
3427 2061 3521 2118 tibi

1905 2156 1971 2213 de
1993 2157 2261 2212 industria
2284 2158 2632 2222 servabatur,
2666 2158 2761 2213 sed
2789 2157 2914 2228 quia
2933 2157 3193 2213 carnibus
3219 2156 3525 2226 appetitum

1904 2248 2089 2303 carnis
2144 2247 2462 2319 implevisti,
2521 2246 2708 2304 fauces
2762 2257 2886 2304 tuas
2941 2249 3109 2318 piscis
3143 2248 3234 2304 hic
3274 2257 3399 2319 post
3428 2246 3524 2301 ali-

1906 2349 2086 2394 menta
2120 2338 2358 2394 carnalis
2387 2339 2551 2410 207
2575 2338 2833 2408 iuglnviei
2866 2355 2973 2395 non
3026 2338 3302 2393 transibit.
3355 2335 3527 2405 llujus

1907 2431 2090 2499 itaque
2121 2446 2228 2486 non
2281 2430 2559 2487 immerito
2598 2430 2938 2486 confusionis
2989 2429 3291 2502 ignominia
3332 2428 3530 2498 dignus

1905 2524 2136 2590 exstitit,
2179 2525 2270 2595 qui
2327 2524 2496 2580 robur
2547 2524 2764 2596 ingenui
2799 2523 2998 2596 rigoris
3059 2511 3312 2594 degeneri
3384 2521 3526 2576 male

1906 2615 2301 2672 blandientium
2350 2616 2570 2673 suadela
2640 2615 2913 2683 mollivit,
2975 2617 3247 2689 digneque
3306 2614 3531 2685 pertulit

1906 2709 2183 2765 manifesti
2210 2709 2438 2779 pudoris
2474 2709 2850 2779 opprobrium,
2907 2708 3036 2764 dum
3090 2708 3321 2774 illicem,
3350 2717 3403 2760 et
3434 2721 3526 2759 oc.—

1907 2803 2109 2858 cultius
2160 2804 2475 2860 titillantem
2514 2804 2700 2860 carnis
2746 2818 2853 2858 non
2909 2802 3156 2859 cohibuit
3205 2803 3527 2873 appetitum.

1910 2897 2026 2964 Sic,
2057 2899 2304 2968 inquam,
2339 2899 2419 2954 sic
2468 2899 2609 2953 forze
2657 2898 2792 2953 mihi
2844 2897 3011 2953 faciet
3061 2897 3350 2960 Dominus,
3419 2894 3531 2950 fra-

1909 2997 2021 3044 tres
2051 2989 2182 3054 mei,
2207 2998 2266 3043 ut
2303 3005 2427 3044 cum
2474 2988 2830 3044 obtinueritis
2859 2987 3086 3044 edendis
3132 3001 3220 3041 me
3264 2985 3530 3041 carnibus

1909 3082 2283 3153 acquiescere,
2323 3083 2578 3155 dignetur
2619 3083 2756 3137 mihi
2799 3081 3240 3137 benedictionem
3289 3079 3524 3151 piscium

1908 3180 2191 3245 exhibere,
2216 3188 2273 3235 et
2301 3180 2406 3234 hoc
2439 3178 2600 3236 modo
2626 3181 2894 3249 poeniteat
2950 3193 3038 3234 me
3089 3191 3188 3248 per
3240 3174 3532 3247 impatien-

1913 3272 2044 3327 tiam
2071 3272 2211 3345 gnlte
2253 3272 2487 3328 violasse
2503 3273 2868 3344 propositum,
2894 3274 3026 3327 dum
3057 3270 3191 3325 mihi
3223 3267 3436 3324 videam
3463 3283 3531 3324 ex

200 3353 429 3421 przcbuit
473 3355 689 3409 visioni.
733 3356 841 3411 Sed
889 3373 1013 3412 cum
1046 3359 1232 3427 pisces
1277 3359 1502 3414 omnino
1549 3360 1804 3416 deessent
1833 3338 1877 3400 (ἶ
1911 3367 2006 3422 Dei
2032 3381 2260 3422 munere
2286 3367 2519 3436 piscium
2548 3367 2883 3422 exuberasse
2921 3373 3270 3437 proventum.
3304 3362 3524 3418 Dictum

199 3455 254 3499 et
293 3443 676 3517 languescente
706 3449 990 3504 stomacho
1023 3466 1221 3520 capere
1251 3450 1510 3506 alimenta
1543 3467 1650 3506 non
1681 3467 1804 3522 pos-

197 3550 334 3598 sem,
385 3546 667 3607 creperum
705 3537 908 3594 fratres
959 3541 1286 3610 importunis
1330 3541 1587 3610 precibus
1637 3541 1804 3598 vehe-

199 3637 412 3682 menter
468 3630 742 3696 insistere,
777 3641 836 3686 ut
879 3631 1076 3687 saltem
1121 3633 1306 3688 triduo
1351 3648 1506 3689 esum
1557 3632 1805 3689 carnium

199 3723 530 3792 reparationi
566 3725 896 3780 tabescentis
917 3735 972 3780 et
989 3724 1133 3781 ell‘cti
1161 3728 1412 3797 corporis
1441 3727 1804 3799 indulgerem.

196 3812 438 3879 Quorum
464 3814 650 3884 utique
676 3815 719 3869 si
760 3816 1012 3884 precibus
1038 3818 1470 3886 acquiescerem,
1519 3819 1807 3890 quodcun—

196 3922 306 3974 que
332 3906 433 3961 illis
463 3907 801 3978 poenitentiae
829 3909 1020 3965 vellem
1054 3912 1268 3979 pondus
1299 3911 1808 3982 injungerem,pol-

198 3997 506 4053 licebantur
556 3997 802 4053 ultronea
844 4015 901 4054 se
941 3999 1230 4055 devotione
1273 4001 1546 4071 perferre.
1598 4000 1810 4069 Quibus

195 4105 327 4160 ego,
369 4092 509 4160 quod
539 4091 665 4146 olim
707 4091 1056 4163 Pliarnlplius
1081 4093 1450 4151 Urbisveteris
1489 4111 1696 4159 comes,
1718 4097 1810 4167 qui

195 4189 420 4236 ceiiuim
438 4182 600 4235 millia
627 4198 850 4239 mansos
879 4185 1081 4240 habere
1109 4185 1418 4252 dicebatur,
1450 4195 1660 4257 egerat,
1689 4187 1810 4242 dedi

195 4271 446 4327 ridicula:
468 4273 767 4330 delusio‘nis
781 4277 1112 4347 exemplum.
1142 4277 1455 4342 Enimvero,
1503 4279 1646 4333 sicut
1675 4279 1810 4332 mihi

200 4362 436 4418 relatum
483 4374 589 4428 est,
627 4367 754 4421 dum
789 4367 853 4421 ad
907 4384 1153 4423 mensam
1207 4383 1393 4424 comes
1433 4369 1521 4424 ille
1573 4369 1812 4426 discum-

196 4456 380 4520 beret,
409 4457 626 4526 quidam
656 4459 731 4513 illi
765 4461 1064 4515 monachus
1094 4461 1392 4529 assidebat,
1416 4477 1579 4531 quem
1611 4477 1808 4533 rogare

193 4550 394 4618 carpit,
420 4560 475 4604 nt
507 4553 630 4621 quia
658 4553 834 4621 pisces
877 4555 1123 4619 deerant,
1157 4555 1396 4611 dictante
1451 4556 1803 4622 necessitate,

196 4643 465 4695 carnibus
520 4656 854 4700 vescerctur.
906 4645 1091 4702 Primo
1147 4647 1367 4717 quidem
1435 4647 1525 4704 ille
1582 4665 1806 4721 negare,

196 4733 402 4788 deinde
445 4736 643 4790 sensim
690 4738 1061 4808 paulatimque
1136 4739 1479 4806 mollescere,
1535 4751 1812 4811 postremo

194 4831 376 4900 cmpit
405 4832 669 4897 animum,
703 4834 1013 4889 hortatibus
1038 4834 1434 4891 delectabiliter
1481 4836 1812 4906 impellenti-

194 4924 334 4986 bus,
363 4923 641 4980 inclinare.
669 4923 930 4980 Verrinus
960 4925 1171 4981 interea
1197 4927 1367 4982 callus
1400 4928 1708 4999 apponitur,
1759 4937 1814 4984 et

195 5016 318 5070 lioc
351 5032 456 5069 non
479 5017 610 5071 esse
625 5032 847 5072 carnem
879 5033 944 5073 ac
968 5033 1068 5089 per
1108 5021 1211 5076 hoc
1258 5021 1815 5092 irreprehensibiliter

195 5109 419 5164 comedi
443 5123 620 5179 posse,
651 5123 844 5165 vecors
877 5111 1181 5167 monachus
1205 5109 1475 5166 fallaciter
1515 5113 1813 5168 adhortan-

196 5202 347 5255 tium
382 5200 645 5257 lenocinio
673 5204 953 5259 suadetur.
986 5203 1075 5259 Fit
1099 5204 1283 5276 itaque
1310 5205 1375 5262 de
1415 5206 1532 5273 illo,
1561 5208 1706 5278 quod
1745 5207 1810 5263 de

193 5290 378 5347 stulto
409 5292 524 5348 viro
553 5302 717 5363 atque
746 5310 775 5347 a
811 5296 1104 5350 meretrice
1134 5295 1363 5366 decepto
1410 5313 1512 5368 per
1566 5296 1815 5354 Salomo—

195 5400 339 5440 nem
369 5385 601 5441 dicitur:
636 5406 654 5438 ‹
691 5386 946 5451 lrretivit.
987 5389 1186 5459 inquit,
1231 5405 1358 5445 eum
1392 5388 1578 5445 multis
1600 5405 1812 5445 sermo.

196 5476 388 5540 nibus,
421 5487 475 5534 et
497 5477 774 5536 blanditiis
797 5480 1066 5536 labiorum
1117 5479 1389 5552 protraxit
1418 5482 1603 5550 illum;
1628 5483 1812 5539 statim

194 5585 334 5624 eam
365 5571 630 5641 sequitur,
653 5572 809 5641 quasi
831 5574 929 5628 bos
951 5574 1146 5629 ductus
1169 5575 1238 5629 ad
1263 5575 1563 5643 victimam,
1580 5586 1635 5631 et
1660 5592 1814 5648 quasr

196 5675 387 5729 agnus
415 5661 703 5720 lasciviens
736 5673 790 5720 et
819 5665 1101 5737 ignorans,
1132 5673 1188 5722 et
1211 5668 1383 5722 nescit
1407 5668 1552 5737 quod
1598 5669 1666 5723 ad
1693 5669 1815 5723 vin-

195 5752 330 5807 cula
361 5755 559 5810 stultus
591 5757 859 5824 trahatur,
893 5758 1066 5814 donec
1119 5760 1407 5831 transfigat
1429 5762 1633 5834 sagitta
1655 5761 1816 5830 jecur

189 5843 353 5915 ejus;
386 5847 534 5902 velut
566 5848 609 5903 si
642 5849 759 5905 avis
785 5848 1003 5906 festinet
1025 5852 1091 5906 ad
1108 5851 1386 5922 laqueum,
1413 5861 1468 5910 et
1490 5853 1663 5912 nescit
1685 5854 1811 5924 quia

181 5941 264 5996 de
297 5941 550 6015 periculo
580 5941 722 6000 illius
763 5946 939 6017 agitur
979 5943 1160 6018 (Prov.
1190 5947 1311 6017 vn).
1363 5967 1381 6000 ι

1912 3457 2228 3530 factumque
2250 3469 2352 3514 est.
2389 3458 2523 3513 Nam
2557 3459 2723 3514 tertio
2754 3457 2842 3513 die
2893 3469 3185 3529 postquam
3235 3456 3356 3510 haec
3386 3453 3532 3508 dicta

1912 3563 2058 3617 sunt,
2087 3561 2141 3611 et
2179 3569 2210 3609 a
2242 3551 2494 3609 GuiJone
2520 3551 2962 3608 Corneliensium
2999 3551 3223 3614 comite,
3249 3559 3301 3603 ct
3332 3562 3398 3602 ex
3435 3545 3535 3602 Fa-

1912 3645 2134 3701 ventina
2181 3645 2316 3700 urbe
2349 3652 2430 3698 tot
2473 3644 2605 3698 mihi
2631 3643 2796 3699 delati
2846 3654 2974 3698 sunt
3014 3643 3216 3713 pisces,
3253 3650 3310 3696 ιιι
3338 3656 3532 3696 eorum

1915 3741 2048 3796 mihi
2097 3757 2197 3813 per
2239 3741 2504 3812 plurimos
2553 3740 2672 3796 dies
2729 3741 2971 3795 edulium
3006 3756 3112 3795 non
3152 3740 3393 3795 deesset.
3445 3738 3539 3792 Sie

1917 3837 2101 3908 itaque
2133 3851 2231 3906 per
2280 3833 2579 3905 Pharulphi
2632 3835 2964 3890 monachum
3007 3833 3316 3889 deludemis
3346 3846 3538 3887 exeni-

1915 3928 2087 3998 plum,
2117 3925 2412 3982 deterioris
2441 3926 2589 3980 evasi
2641 3925 2984 3982 confusionis
3004 3924 3399 3996 opprobrium.
3431 3921 3538 3977 To-

1917 4019 2201 4076 lerabilius
2221 4019 2424 4089 quippe
2449 4028 2535 4074 est
2555 4018 2624 4074 ab
2654 4018 2973 4074 hominibus
2999 4017 3208 4089 despici
3245 4031 3412 4087 quam
3443 4030 3537 4071 co-

1919 4131 2034 4170 ram
2059 4115 2363 4169 divinitatis
2392 4113 2677 4182 majestate
2703 4112 2986 4168 confundi.

1991 4204 2120 4261 Haec
2151 4204 2324 4267 vobis,
2353 4203 2723 4270 dilectissimi,
2779 4213 3041 4273 tanquam
3082 4201 3445 4273 complicibus
3488 4211 3543 4255 et

1918 4299 2135 4364 amicis,
2166 4298 2382 4352 amicus
2407 4297 2660 4368 exposui,
2680 4313 2927 4368 memque
2951 4295 3286 4350 visitationis
3313 4293 3542 4357 seriem,

1916 4394 2070 4449 velut
2110 4392 2342 4448 uterinis
2383 4391 2681 4459 fratribus,
2745 4391 2991 4446 unanimi
3034 4389 3412 4445 familiaritate
3462 4389 3542 4443 di-

1916 4485 2082 4556 gessi.
2113 4484 2476 4547 Omnipotens
2499 4483 2643 4540 Deus
2680 4485 2889 4540 sanctis
2931 4483 3189 4555 precibus
3232 4482 3435 4537 vestris
3485 4482 3540 4535 in

1916 4577 2102 4632 anima
2135 4577 2358 4648 quidem
2387 4594 2474 4632 me
2504 4578 3068 4642 reddatincolumem,
3107 4577 3324 4647 corpori
3357 4585 3542 4632 autem

1845 4709 1892 4768 Β
1921 4686 2043 4726 meo
2101 4671 2324 4742 dignam
2357 4685 2494 4726 mea:
2525 4672 2811 4740 pravitatis
2843 4671 3045 4725 inferat
3074 4671 3365 4736 ultionem,
3407 4685 3545 4740 qna-

1923 4775 2079 4819 tenns
2114 4764 2606 4820 clementissimum
2658 4765 2927 4828 Jndicem,
2980 4779 3143 4836 quem
3178 4765 3269 4820 hic
3320 4780 3547 4820 sensero

1919 4872 2016 4926 per
2045 4856 2210 4909 ubera
2239 4857 2464 4912 duriora
2496 4867 2860 4922 commotum,
2890 4857 3002 4913 illic
3033 4873 3253 4912 merear
3291 4856 3543 4911 invenire

1921 4947 2292 5018 tranquillum.
2349 4946 2504 5003 llunc
2534 4947 2705 5002 lilium
2753 4957 3028 5013 nostrum,
3063 4947 3439 5012 dilectissimi,
3493 4948 3546 5001 in

1920 5051 2098 5095 vestra
2123 5051 2245 5111 post
2274 5040 2442 5095 Deum
2470 5040 2669 5096 fiducia
2729 5041 2931 5112 dirigo.
2959 5039 3098 5094 Nam
3123 5039 3388 5110 quidquid
3421 5055 3548 5108 pro-

1919 5131 2113 5188 fecerit
2141 5133 2208 5187 de
2238 5148 2423 5197 causa,
2455 5148 2557 5202 pro
2602 5148 2709 5202 qua
2753 5132 3014 5200 mittitur,
3063 5131 3220 5188 vobis
3271 5131 3546 5186 duntaxat

1919 5225 2230 5296 specialiter
2261 5227 2585 5281 ascribetar.

2475 5361 2815 5419 EPISTOLA
2867 5364 2990 5418 XX.

2469 5494 2533 5533 ΑΙ)
2559 5492 2606 5531 Β.
2647 5493 2962 5532 IIO‘NACRUM.

1920 5593 2328 5648 Aacunearuu.
2360 5622 2429 5631 —
2461 5591 2724 5663 Hortatur
2754 5593 3086 5647 monachum
3120 5594 3442 5663 quemdam,
3477 5608 3546 5646 ne

1995 5665 2220 5718 alterius
2249 5663 2437 5730 culpas
2484 5661 2794 5731 purgandas
2823 5664 3105 5732 suscipiat,
3137 5661 3180 5719 si
3213 5663 3540 5732 susceperit,

1997 5737 2205 5799 subita,
2223 5735 2493 5803 plenaque
2508 5733 2689 5802 expiet
2711 5735 3056 5802 pceuitentia.
3086 5735 3170 5792 Ob
3199 5737 3360 5804 idque
3375 5733 3543 5790 addu-

1995 5807 2072 5860 cit
2099 5804 2410 5874 exempluiu
2448 5804 2727 5874 monachi,
2755 5807 2995 5870 quicum
3023 5803 3215 5861 fuisset
3254 5803 3540 5874 negligen-

1999 5877 2119 6002 noli}
2139 5877 2194 5932 in
2221 5873 2383 5932 amici
2422 5875 2581 5930 noxis
2629 5873 2938 5940 abluendis,
2987 5893 3177 5946 pmnas
3228 5873 3532 5939 purgatorii

2001 5961 2063 6002 su
2109 5950 2186 6002 iit.

2001 5947 2186 6002 subiit.
