4020 6312
223 335 328 394 £05

1390 337 1591 397 LIBER
1632 337 1925 407 SEXTUS,
1968 338 2185 393 EPIST.
2228 336 2387 393 XXll.

3446 332 3552 389 ιοσ

176 449 472 528 -torporis
507 452 789 529 ignaviam
824 451 970 513 velut
1011 451 1223 510 asinum
1277 459 1651 523 reprtesentat.
1693 443 1845 506 Licet
1875 455 1921 514 Α
1950 446 2051 505 bus
2083 445 2393 514 virtutibus,
2422 445 2693 513 videlicet,
2728 461 2843 517 spe,
2890 444 2992 501 tlde
3022 456 3078 502 et
3117 444 3402 511 charitate,
3427 460 3547 502 om.

230 548 415 619 itaque
443 556 501 602 et
554 548 663 603 hoc
688 547 883 603 vitium
912 548 1005 611 sit,
1040 546 1187 617 quod
1236 544 1465 599 limitem
1500 540 1845 598 discretionis

228 637 469 700 excedis,
516 637 717 693 melius
764 646 850 692 est
892 644 1071 690 tamen
1123 644 1173 689 te
1219 633 1374 689 nimii
1416 633 1650 687 fervoris
1691 631 1847 701 argui

224 741 398 798 quam
450 726 602 783 findo
646 726 871 781 desidia:
906 728 1098 781 morbo
1128 724 1328 779 notari.
1359 722 1474 778 Non
1517 723 1699 791 itaque
1728 720 1849 775 volo

225 831 293 874 ut
322 820 440 874 hac
474 822 528 874 in
561 830 616 876 te
658 819 951 875 laudabilis
991 819 1093 873 zeli
1133 818 1348 872 flamma
1388 817 1687 879 deferveat,
1736 828 1849 868 ser-

224 919 359 965 vato
391 920 601 976 tamen,
635 920 695 965 ut
726 911 1129 967 indiscretionis
1168 924 1473 969 excessum,
1508 908 1599 961 uhi
1628 918 1851 960 necesse

221 1010 337 1067 est,
370 1003 619 1074 priorum
654 1013 870 1058 tuorum
909 1004 1149 1072 gravitas
1186 1002 1469 1071 disciplina
1520 1005 1848 1069 compescat.

223 1091 341 1149 Per
372 1095 520 1150 buuc
563 1095 710 1149 enim
743 1094 941 1159 zelum,
974 1095 1064 1163 qui
1107 1093 1160 1147 in
1204 1082 1256 1147 te
1298 1093 1480 1147 vivere
1522 1090 1701 1144 dictus
1742 1095 1849 1153 est,

224 1182 481 1240 intellexi
513 1184 660 1254 quod
688 1184 916 1255 spiritus
947 1184 1058 1247 ille,
1088 1183 1252 1253 210
1276 1182 1368 1253 qui
1400 1190 1477 1247 te,
1515 1190 1573 1234 ut
1595 1180 1665 1234 de
1691 1178 1853 1234 domo

226 1289 360 1329 cum
394 1275 677 1329 Abraham
709 1274 911 1335 exires,
946 1273 1224 1351 admonuit
1254 1268 1406 1341 (ϐω.
1453 1268 1580 1340 xu),
1626 1282 1734 1324 non
1765 1281 1853 1323 re-

227 1366 424 1430 cessit,
470 1365 571 1420 sed
625 1364 735 1420 dux
779 1364 991 1420 itineris
1040 1362 1239 1429 factus,
1293 1371 1344 1417 te
1392 1360 1698 1432 praecedere
1742 1372 1851 1414 non

228 1456 497 1513 cessavit.

307 1547 446 1602 Illud
501 1559 687 1603 tamen
736 1547 964 1601 moleste
1012 1545 1107 1601 tuli
1158 1546 1285 1615 quia
1339 1553 1389 1599 te
1437 1558 1536 1615 pro
1580 1541 1854 1597 discendis

231 1640 635 1696 ecclesiasticae
708 1640 1000 1695 cantilenam
1061 1638 1296 1694 modulis
1349 1637 1412 1691 Β.
1473 1635 1852 1691 Bartltolomazi

233 1729 642 1785 monasterium
696 1730 1003 1801 ingressum
1049 1744 1170 1785 esse
1216 1728 1467 1799 cognovi.
1509 1726 1679 1782 Porro
1729 1740 1853 1779 cum

1952 542 2037 597 nis
2067 544 2151 599 lex
2188 541 2371 596 divina
2416 540 2702 604 consistat,
2738 549 2901 609 atque
2943 554 3008 593 cx
3043 537 3127 593 liis
3156 536 3401 593 omnium
3442 536 3551 591 vir-

1953 645 2127 691 tutum
2160 634 2449 690 multitudo
2478 633 2759 703 procedat,
2802 633 2854 687 in
2886 630 2976 686 illa
3009 630 3188 686 crucis
3221 645 3284 700 pa
3298 637 3405 694 rte,
3434 643 3556 697 qua

1954 738 2112 784 terrae
2163 726 2441 796 defigitur,
2490 710 2659 789 fides,
2717 738 2837 793 quae
2900 722 3179 794 religionis
3231 720 3559 775 Christiana:

1953 818 2363 872 fundamentum
2413 822 2530 880 est,
2582 815 2869 886 figuratur.
2916 812 3052 868 Huic
3101 810 3309 867 scilicet
3358 810 3556 864 funda-

1954 918 2135 964 mento
2184 916 2296 961 tota
2348 905 2554 961 fabrica
2600 907 2758 967 bona:
2800 903 3136 975 operationis
3187 901 3461 966 innititur,
3501 908 3559 955 et

1952 1007 2015 1052 ut
2061 1006 2207 1052 stare
2252 996 2445 1065 possit,
2489 995 2670 1052 omnis
2712 996 2977 1050 virtutum
3025 991 3393 1065 spiritualium
3443 1005 3560 1047 ma-

1952 1090 2116 1146 china
2173 1096 2531 1143 sustentatur.
2597 1085 2748 1143 Unde
2814 1094 2869 1142 et
2919 1084 3212 1157 Apostolus
3278 1080 3559 1156 discipulis

1953 1181 2068 1234 ait:
2104 1198 2121 1231 ι
2155 1178 2288 1233 Nam
2331 1178 2439 1234 fide
2478 1179 2639 1234 statis
2681 1176 2731 1247 (1
2774 1177 2896 1233 Cor.
2943 1178 3005 1249 ι).
3040 1197 3059 1231 i
3104 1176 3210 1232 Per
3242 1190 3557 1247 supremum

1953 1286 2083 1326 vero
2128 1286 2322 1336 cornu,
2356 1271 2499 1340 quod
2538 1272 2751 1327 caneris
2794 1270 3016 1334 eminet,
3051 1284 3177 1341 spes
3216 1267 3555 1341 intelligitur,

1954 1378 2060 1433 qua
2089 1374 2276 1418 noster
2304 1362 2520 1417 animus
2548 1362 2616 1417 ad
2643 1361 2977 1433 capessenda
3010 1360 3255 1418 coelestia
3286 1372 3553 1430 provoca-

1956 1464 2064 1507 tur.
2095 1453 2187 1507 lllo
2219 1467 2347 1507 vero
2400 1451 2566 1521 ligno,
2611 1454 2753 1521 quod
2802 1452 2857 1507 in
2907 1451 3087 1507 medio
3132 1452 3369 1521 positum
3415 1448 3562 1505 binis

1956 1545 2207 1613 utrinque
2236 1544 2535 1614 porrigitur
2561 1543 2823 1610 brachiis,
2848 1543 3007 1613 211
3041 1540 3270 1597 latitudo
3300 1540 3557 1610 designa-

1959 1646 2044 1690 tur
2086 1636 2317 1706 gemirue
2359 1636 2668 1690 charitatis.
2712 1633 2826 1689 Hoc
2872 1635 3065 1689 eodem
3115 1632 3342 1687 vivificze
3382 1631 3566 1687 crucis

1956 1729 2113 1797 signo
2157 1736 2393 1798 quatuor
2438 1727 2827 1798 principalium
2869 1722 3132 1782 virtut’um
3183 1738 3446 1779 numerus
3485 1722 3566 1776 itt-

231 1818 344 1874 hoc
377 1820 586 1880 audivi,
621 1821 694 1873 ita
728 1820 863 1873 mihi
895 1819 1298 1888 quodammodo
1329 1818 1504 1872 visum
1535 1826 1615 1870 est
1652 1813 1793 1884 quod
1821 1827 1851 1866 e
1878 1818 1927 1877 Β
1958 1819 2273 1875 dubitanter
2308 1820 2653 1891 exprimitur,
2704 1835 2771 1874 ex
2820 1820 3021 1889 quibus
3066 1818 3256 1887 utique
3305 1825 3567 1886 tanquam

233 1909 419 1965 caulis
463 1910 650 1963 ovium
698 1922 855 1964 tener
893 1909 1176 1980 agniculus
1213 1908 1549 1964 exsilivit'et
1592 1914 1849 1960 cruentas

1958 1911 2259 1965 seminibus
2304 1912 2549 1966 omnium
2598 1912 2865 1966 virtutum
2906 1918 3123 1980 segetes
3164 1910 3565 1979 germinantur.

231 2003 348 2073 lupi
400 2004 641 2072 raptoris
693 2003 879 2058 fauces
926 2003 1174 2057 incurrit.
1223 2001 1358 2055 Nam
1408 2010 1465 2054 et
1513 2010 1676 2062 tunc,
1726 2012 1852 2051 cum
1950 2000 2160 2068 justitia
2212 2000 2455 2066 scilicet,
2489 2000 2772 2067 fortitudo,
2817 2001 3105 2072 prudentia
3147 2009 3311 2070 atque
3352 2008 3563 2069 tempe-

231 2090 418 2147 frater
448 2091 736 2147 llubaldus
777 2094 879 2147 hoc
918 2092 1051 2146 mihi
1101 2092 1169 2147 de
1200 2101 1273 2155 te,
1318 2106 1423 2145 non
1462 2089 1605 2159 quod
1646 2087 1856 2144 scilicet

232 2183 527 2252 optabam,
560 2182 813 2236 nuntium
848 2182 1053 2245 retulit,
1086 2183 1274 2238 aderat
1305 2197 1429 2237 cum
1475 2181 1641 2235 multa
1672 2178 1854 2235 dulce-

233 2272 373 2327 dine
418 2274 745 2327 recolendas
787 2284 845 2327 et
893 2272 1162 2342 religiosa!
1207 2272 1643 2328 conversationis
1687 2272 1855 2325 hone-

234 2372 387 2418 state
421 2364 757 2431 conspicuus
784 2361 1015 2428 Petrus,
1038 2364 1209 2419 abbas
1244 2362 1582 2427 monasterii,
1609 2362 1753 2432 quod
1793 2362 1851 2414 Β.

236 2454 529 2510 Benedicti
589 2454 746 2509 titulo
800 2454 1147 2521 decoratum,
1202 2455 1255 2508 in
1303 2454 1644 2509 Salemitana
1702 2452 1856 2507 tloret

237 2546 385 2600 urbe
432 2554 836 2600 constructum.
891 2545 994 2612 Qui
1037 2547 1167 2600 mihi
1225 2547 1465 2600 narravit
1513 2546 1638 2615 quia
1690 2560 1851 2598 vorax

239 2637 537 2692 hominum
584 2638 745 2707 lupus
783 2652 1013 2707 puerum
1064 2639 1131 2693 de
1180 2637 1379 2691 familia
1419 2637 1733 2693 monasterii
1773 2637 1853 2690 sui

236 2730 541 2798 parvulum
585 2730 956 2784 clandestinus
997 2730 1248 2799 impctiit,
1282 2732 1565 2799 arpaxavit
1603 2739 1658 2786 et
1700 2730 1853 2784 abiit.

237 2820 380 2876 Post
422 2836 588 2890 quem
639 2819 902 2875 transfixa
948 2820 1134 2875 dolore
1176 2829 1351 2875 mater
1380 2820 1701 2887 inclamans,
1730 2821 1806 2874 ait
1840 2838 1853 2873 :

237 2912 457 2981 Adjuro
498 2920 574 2975 te,
604 2910 805 2974 bestia,
838 2925 936 2979 per
972 2911 1030 2964 Β.
1072 2908 1450 2975 Benedictum,
1483 2911 1637 2981 cujus
1668 2927 1859 2967 servus

238 3013 355 3065 est,
376 3022 396 3054 ί
426 3019 497 3058 ne
524 3003 693 3056 hlium
720 3016 899 3057 meum
929 3001 1159 3057 ulterius
1182 3002 1347 3067 feras,
1376 3003 1471 3057 sed
1493 3018 1617 3057 eum
1641 3002 1744 3056 sub
1766 3018 1857 3056 cc—

242 3094 469 3147 leritate
499 3093 767 3149 dimittas.
803 3111 821 3143 »
856 3093 975 3160 Quo
1006 3091 1164 3160 lupus
1198 3095 1403 3156 audito,
1438 3094 1582 3147 hunc
1615 3093 1855 3160 quidem,

1961 2092 2156 2145 rautia.
2191 2090 2296 2145 Per
2325 2105 2640 2162 supremum
2682 2107 2918 2162 namque
2958 2107 3151 2157 cornu,
3186 2091 3330 2161 quod
3362 2089 3563 2147 coelum

1959 2188 2190 2250 spectat,
2222 2180 2435 2249 justitia
2489 2180 2778 2249 figuratur,
2814 2181 2956 2236 sicut
3000 2195 3065 2235 ex
3116 2180 3289 2250 ipsius
3327 2179 3565 2235 Redem-

1961 2270 2133 2339 ptoris
2182 2286 2437 2326 sermone
2488 2271 2783 2341 colligitur,
2832 2273 2925 2342 qui
2973 2286 3100 2326 cum
3148 2270 3507 2342 przemisisset
3550 2288 3563 2323 :
3616 2290 3625 2291 ί

1968 2380 1985 2414 ι
2016 2364 2175 2428 Quia,
2202 2362 2443 2432 Spiritus
2466 2373 2689 2420 sanctus
2710 2375 2903 2437 arguet
2935 2366 3196 2420 mundum
3223 2366 3289 2420 de
3318 2374 3565 2434 peccato,

1961 2462 2013 2506 et
2040 2454 2359 2524 dejustitia,
2390 2463 2445 2510 et
2473 2457 2541 2511 de
2566 2456 2771 2526 judicio
2802 2456 2988 2526 (Joun.
3025 2458 3170 2527 xvi);
3204 2477 3223 2510 ι
3256 2457 3417 2528 paulo
3448 2466 3571 2527 post

1962 2546 2144 2601 intulit
2176 2564 2189 2599 :
2227 2564 2245 2596 ι
2278 2545 2355 2601 De
2380 2547 2594 2616 justitia
2622 2562 2775 2611 vero,
2806 2549 2931 2617 quia
2970 2550 3037 2603 ad
3072 2548 3289 2604 Patrem
3322 2550 3483 2613 vado,
3514 2559 3571 2603 ct

1955 2637 2067 2707 jam
2100 2654 2203 2693 non
2238 2639 2489 2694 videbitis
2531 2654 2619 2695 me
2651 2640 2862 2710 (Ibid.).
2902 2661 2919 2691 ι
2966 2641 3031 2695 Et
3067 2642 3152 2696 vir
3185 2642 3403 2713 sapiens
3445 2642 3521 2696 ait
3552 2659 3564 2695 :

1967 2744 1986 2776 ‹
2024 2726 2240 2781 Justitia
2292 2728 2469 2783 elevat
2510 2739 2700 2800 gentes
2741 2729 2923 2801 (Prov.
2964 2734 3099 2802 xlv),
3139 2751 3157 2784 ι
3200 2748 3302 2787 nec
3344 2732 3569 2787 dubium

1963 2818 2093 2885 quin
2144 2819 2212 2871 ad
2262 2818 2483 2873 coelum.
2537 2818 2770 2874 Inferior
2817 2830 2997 2875 autem
3040 2838 3167 2891 pars
3206 2824 3406 2883 crucis,
3448 2838 3569 2891 qua:

1963 2908 2301 2977 superiorem
2356 2909 2591 2965 sustinet
2648 2910 2878 2976 molem,
2928 2910 3302 2967 fortitudinem
3361 2913 3566 2983 signat,

1964 3014 2086 3067 qua:
2128 2999 2381 3054 videlicet
2417 3000 2602 3068 gravia
2643 3002 2924 3071 qumlibct,
2962 3012 3018 3057 et
3056 3004 3284 3058 adversa
3325 3002 3567 3073 aequani-

1967 3090 2127 3143 miter
2160 3090 2377 3146 tolerat.
2414 3090 2673 3147 Dextrum
2712 3109 2841 3149 vero
2882 3096 3064 3149 crucis
3102 3096 3387 3150 brachium
3434 3109 3565 3164 pru-

243 3202 418 3256 qucm
474 3185 720 3251 ferebat,
775 3193 965 3255 aperto
1014 3186 1263 3255 protinus
1314 3198 1410 3238 ore
1460 3182 1739 3253 deposuit;
1804 3182 1857 3236 in
1889 3175 1931 3234 C
1966 3180 2205 3236 dentiam
2264 3184 2555 3253 exprimit,
2612 3199 2717 3254 qua
2778 3186 3033 3241 videlicet
3085 3187 3284 3257 inje'CIa
3348 3186 3570 3257 maligni

242 3280 419 3333 alium
482 3293 613 3333 vero
663 3291 897 3348 puerum
954 3276 1275 3346 repentinus
1329 3274 1570 3341 insiluit,
1630 3289 1863 3343 eumque

243 3374 434 3429 subito
475 3373 763 3436 desecans,
807 3380 1058 3427 truncum
1095 3369 1377 3424 cadaveris
1410 3367 1636 3437 sprevit,
1670 3366 1863 3436 przcci-

245 3478 489 3532 sinuque
532 3472 699 3530 caput
748 3461 1025 3516 mordicus
1060 3458 1459 3544 apprehensum
1490 3458 1543 3509 in
1572 3470 1701 3510 suas
1731 3454 1865 3509 latc-

245 3554 385 3627 bras
428 3552 685 3605 concitus
726 3549 1049 3618 asportavit.
1092 3548 1205 3619 Ego
1240 3560 1475 3617 quoque,
1506 3545 1597 3615 qui
1637 3553 1689 3600 te
1727 3544 1864 3599 invi-

246 3642 433 3699 sibilis
479 3641 589 3712 lupi
642 3641 805 3695 dente
848 3647 1160 3708 correptum
1209 3638 1392 3700 timeo,
1433 3637 1487 3690 in
1523 3634 1765 3704 ejusdem
1800 3634 1858 3689 S.

244 3734 311 3791 Ρ.
346 3734 414 3789 Ν.
450 3732 753 3796 Benedicti,
786 3730 941 3799 cujus
979 3729 1205 3784 effectus
1233 3744 1293 3783 es
1325 3728 1558 3782 famulus
1586 3727 1865 3797 ereptione

245 3827 495 3884 confido.
528 3824 692 3888 Nam,
722 3839 832 3894 quo
863 3832 1023 3891 pacto
1057 3821 1123 3875 de
1154 3835 1341 3875 eremo
1375 3819 1443 3874 ad
1472 3818 1863 3873 monasterium

246 3917 659 3981 descendisses,
687 3914 789 3969 nisi
827 3923 879 3967 te
906 3912 1227 3983 perniciosa:
1251 3913 1506 3967 versutia:
1536 3926 1648 3966 suae
1679 3926 1862 3965 morsu

247 4010 489 4067 callidus
544 4007 833 4061 insidiator
887 4002 1224 4059 attraheret?
1277 4002 1665 4059 Verumtamen
1722 4003 1864 4057 bane

246 4117 386 4173 ergo
435 4102 672 4171 primam
729 4097 944 4167 culpam
993 4096 1117 4151 nolo
1166 4096 1367 4150 diutius
1421 4094 1664 4165 insequi,
1712 4108 1861 4163 quae,

247 4196 398 4251 sicut
439 4193 631 4257 credo,
665 4206 771 4244 non
800 4204 867 4243 ex
919 4188 1287 4243 inconstantia
1325 4196 1429 4242 tum
1469 4186 1706 4242 levitatis
1734 4201 1861 4240 eru-

246 4286 359 4357 pit,
386 4282 485 4339 sed
526 4297 593 4337 ex
635 4279 927 4335 temeraria
966 4276 1272 4346 jubentium
1318 4276 1527 4331 cautela
1561 4276 1861 4345 processit;

1964 3272 2189 3341 spiritus
2231 3273 2437 3343 jacula,
2476 3284 2738 3345 tanquam
2780 3278 2986 3331 dextra:
3026 3293 3223 3331 manus
3265 3277 3573 3348 ahjectione

1965 3362 2340 3432 propellimus,
2366 3379 2601 3435 eumque
2631 3364 2824 3421 fervidi
2856 3367 3086 3437 spiritus
3108 3367 3214 3423 telo
3242 3367 3570 3437 perfossum,

1965 3453 2149 3509 divino
2193 3458 2387 3511 muniti
2435 3458 2713 3527 presidio,
2755 3458 2975 3514 fortiter
3017 3469 3452 3529 prosternentes,
3491 3461 3574 3513 vi-

1964 3546 2151 3600 ctorizc
2184 3548 2473 3603 manubias
2503 3558 2869 3619 reportamus.
2904 3550 3010 3605 Per
3038 3551 3320 3605 sinistrum
3351 3565 3571 3621 quoque

1964 3652 2135 3691 cornu
2188 3639 2545 3708 temperantia
2607 3655 2714 3695 non
2781 3640 3057 3695 immerito
3122 3641 3462 3711 designatur.
3517 3640 3576 3694 In

1966 3728 2189 3784 sinistra
2239 3730 2452 3785 scilicet
2498 3746 2662 3785 manu
2717 3732 2897 3785 minor
2942 3732 3120 3786 virtus
3159 3742 3265 3798 est,
3306 3748 3473 3802 quam
3523 3731 3577 3785 in

1967 3822 2179 3875 dextra.
2243 3822 2348 3876 Per
2406 3823 2825 3892 temperantiam
2890 3839 3022 3896 ergo
3087 3826 3303 3880 virtutis
3371 3832 3575 3879 nostra)

1965 3910 2369 3980 quodammodo
2410 3912 2579 3966 robur
2626 3913 2978 3977 attraliimus,
3018 3915 3147 3969 dum
3208 3921 3576 3985 temperanter

1965 4009 2019 4055 ct
2051 4004 2295 4056 modeste
2334 4001 2569 4057 vivimus
2600 4020 2612 4056 :
2646 4004 2774 4058 dum
2807 4019 2950 4073 saepe
2982 4004 3216 4076 rigorem
3257 4016 3578 4058 censuram-

1963 4106 2072 4161 que
2123 4092 2354 4161 justitize
2412 4095 2650 4162 quadam
2709 4097 2987 4163 magistrae
3048 4097 3397 4152 discretionis
3461 4104 3581 4149 arte

1964 4185 2263 4239 mollimus.
2294 4184 2436 4251 Quid
2473 4185 2670 4250 dicam,
2701 4187 2848 4255 quod
2894 4196 2950 4240 et
2996 4186 3080 4241 lex
3126 4188 3331 4243 veteris
3376 4187 3583 4241 instru-

1964 4274 2132 4328 menti
2175 4274 2228 4328 in
2269 4275 2387 4343 ipso
2428 4289 2541 4329 sua:
2580 4277 3039 4347 promulgationis
3071 4277 3577 4349 initiomysterium

249 4374 567 4449 pmertim
635 4386 760 4425 cum
819 4368 954 4424 mihi
1011 4366 1273 4438 praefatus
1330 4364 1606 4421 llubaldus
1667 4365 1865 4419 dixerit
1957 4365 2071 4435 jam
2105 4366 2383 4421 redolebat
2419 4368 2621 4431 crucis,
2656 4370 2781 4422 dum
2816 4369 3087 4433 videlicet,
3120 4371 3258 4423 sicut
3293 4370 3391 4423 ista
3423 4384 3579 4423 com-

250 4467 520 4539 quoniam
550 4463 778 4520 .invitus
828 4470 992 4531 atque
1043 4474 1287 4522 coaetus,
1330 4459 1418 4513 vix
1467 4461 1683 4512 tandem
1737 4457 1862 4511 huic

249 4566 538 4629 praecepto
564 4551 935 4610 consenseris.
972 4550 1049 4605 Ad
1090 4564 1336 4605 eremum
1363 4562 1512 4621 ergo,
1543 4548 1862 4603 charissime

252 4647 356 4711 illi,
384 4645 490 4702 sub
520 4644 669 4699 onmi
701 4640 980 4697 celeritate
1013 4648 1311 4703 revertere,
1340 4654 1407 4694 ne
1434 4640 1560 4693 dum
1592 4648 1866 4693 monaste-

250 4736 412 4794 rialis
453 4733 883 4789 adolescentiam
928 4740 1075 4785 tuam
1124 4730 1352 4785 latitudo
1400 4729 1654 4795 delectat,
1693 4728 1862 4784 eremi

250 4825 537 4884 districtio
584 4837 685 4893 per
728 4820 1057 4878 oblivionem
1103 4818 1476 4875 desuetudinis
1515 4819 1861 4890 quandoque,

249 4921 402 4993 quod
438 4917 610 4979 absit.
650 4926 705 4970 et
733 4916 788 4970 in
819 4915 1002 4970 odium
1036 4913 1241 4967 veniat.
1274 4912 1391 4967 lllic
1434 4923 1693 4982 tropaeum
1739 4928 1866 4967 cru-

250 5013 337 5067 eis
370 5018 477 5063 tua
509 5004 867 5061 immobiliter
906 5001 1031 5073 fige,
1069 5000 1181 5055 illic
1214 5009 1267 5054 te
1300 4999 1460 5055 simul
1491 5015 1613 5055 cum
1644 4999 1865 5055 Christo

249 5099 569 5172 suspende,
619 5105 679 5151 ut
730 5096 783 5151 in
827 5095 1127 5158 charitate,
1178 5093 1321 5148 sicut
1366 5091 1496 5146 dicit
1541 5090 1862 5161 Apostolus,

252 5198 541 5255 radicatus
600 5202 656 5247 et
705 5190 986 5255 fundatus,
1024 5187 1201 5260 possis
1243 5184 1707 5256 comprehendere
1740 5199 1863 5239 cum

251 5288 515 5345 omnibus
555 5282 785 5345 sanctis,
825 5295 947 5350 qum
986 5281 1057 5334 sit
1102 5278 1351 5342 latitudo,
1392 5275 1690 5346 longitudo,
1736 5274 1863 5329 alti-

255 5383 423 5446 tudo,
476 5388 648 5447 atque
689 5373 1016 5445 profundum
1052 5370 1271 5442 (Ephes.
1306 5369 1410 5440 ut).
1446 5367 1577 5436 Quae
1612 5383 1745 5424 crux
1780 5378 1865 5424 est

251 5473 446 5547 procul
490 5470 661 5526 dubio
694 5466 1090 5538 Redemptoris.
1158 5464 1214 5520 In
1277 5464 1380 5519 hac
1406 5464 1574 5551 renim
1624 5462 1864 5519 cmlestis

254 5566 435 5638 ﬁgura
466 5560 713 5618 victoria:
740 5558 921 5613 omnis
955 5556 1141 5627 religio
1183 5554 1495 5609 Christiana
1532 5552 1861 5623 depingitur,

252 5659 314 5715 iu
347 5658 452 5714 hoc
488 5653 677 5710 vitalis
712 5648 854 5720 signi
893 5650 1209 5704 charactere
1246 5654 1359 5703 tota
1403 5648 1663 5700 virtutum
1700 5646 1860 5715 spiri-

255 5753 489 5817 tualium
540 5744 817 5820 perfectio
857 5744 1191 5815 designatur.
1224 5741 1358 5797 Nam
1401 5756 1524 5796 cum
1560 5741 1611 5797 in
1648 5740 1733 5796 bis
1767 5743 1860 5798 tri-

1966 4455 2207 4525 pingitur
2247 4456 2448 4526 lignis,
2494 4457 2563 4509 ita
2620 4459 2977 4513 nihilominus
3025 4469 3079 4514 ct
3130 4461 3216 4513 illa
3272 4461 3438 4531 digito
3485 4459 3579 4515 Dei

1971 4549 2201 4616 geminis
2250 4559 2478 4603 exarata
2530 4562 2791 4605 noscatur
2844 4553 2896 4606 in
2945 4554 3159 4608 tabulis.
3208 4555 3273 4610 lit
3310 4555 3438 4624 quia
3484 4554 3581 4609 de-

1972 4642 2157 4696 narius
2188 4656 2451 4697 numerus
2480 4658 2579 4711 per
2616 4642 2661 4697 Χ
2703 4644 2966 4709 litteram,
2996 4661 3117 4714 qua:
3158 4648 3371 4718 signum
3401 4646 3584 4703 crucis

1971 4740 2348 4801 reprzrsentat,
2374 4734 2733 4803 exprimitur;
2772 4735 2856 4789 lex
2891 4746 3074 4790 autem
3120 4752 3218 4807 per
3250 4737 3580 4809 Decalogum

1972 4822 2096 4876 data
2147 4820 2315 4877 fuisse
2360 4838 2466 4878 non
2510 4823 2813 4891 dubitatur,
2846 4828 3196 4895 perspicuum
3227 4837 3311 4883 est
3341 4830 3488 4899 quod
3527 4838 3583 4883 ct

1970 4911 2055 4965 lex
2101 4912 2212 4976 il'a,
2243 4912 2391 4977 licet,
2421 4913 2653 4976 occulte,
2683 4914 2981 4970 salutifera:
3011 4918 3194 4972 erucis
3226 4917 3278 4972 in
3309 4932 3368 4972 se
3398 4932 3582 4972 sacra-

1971 5011 2152 5057 menta
2180 5003 2481 5068 continuit;
2524 5004 2665 5072 quod
2716 5007 3063 5074 postmodum
3106 5007 3453 5061 coruscando
3484 5022 3585 5077 per

1971 5095 2232 5148 mundum
2268 5095 2591 5166 evangelica:
2628 5096 2818 5165 gratim
2845 5096 3069 5152 claritas
3103 5099 3387 5153 revelavit.
3426 5097 3581 5155 Unde

1970 5198 2021 5242 et
2068 5202 2164 5258 per
2210 5188 2532 5243 Zachariam
2584 5188 2784 5242 dicitur
2816 5207 2829 5243 :
2866 5208 2883 5240 ι
2922 5189 2978 5243 lu
3019 5189 3107 5244 die
3140 5189 3231 5244 illa
3264 5191 3392 5257 erit,
3430 5193 3579 5262 quod

1970 5294 2131 5347 super
2179 5278 2387 5333 frenum
2428 5278 2553 5349 equi
2586 5288 2689 5344 est,
2734 5289 2981 5334 sanctum
3024 5280 3256 5335 Domino
3289 5282 3579 5338 vocabitur

1971 5367 2159 5439 (Zach.
2205 5374 2339 5441 xiv).
2378 5389 2397 5421 ι
2442 5369 2679 5424 Frenum
2728 5370 2854 5437 equi
2899 5380 3147 5425 sanctum
3191 5380 3278 5425 est
3325 5371 3576 5441 Evange-

1969 5461 2134 5527 lium,
2174 5462 2319 5534 quod
2362 5462 2547 5532 utique
2595 5462 2833 5517 carnalis
2877 5463 3130 5517 desiderii
3176 5463 3407 5521 infrenis
3442 5464 3571 5532 equi

1969 5553 2188 5609 cohibet
2233 5554 2554 5624 appetitum.
2595 5554 2772 5623 Super
2830 5568 2963 5626 ergo
3014 5554 3228 5611 frenum
3279 5570 3413 5611 crux
3460 5563 3564 5613 est.

1970 5648 2095 5717 quia
2144 5645 2405 5717 quidquid
2452 5660 2549 5716 per
2592 5645 2904 5718 evangelica
2950 5648 3206 5703 mandata
3252 5646 3565 5719 prccipitur

1970 5740 2035 5792 ad
2086 5754 2301 5794 crucem
2337 5738 2522 5807 procul
2552 5737 2747 5802 dubio,
2784 5740 2898 5809 ipso
2948 5738 3175 5796 Domino
3228 5740 3565 5811 perhibents,
