5428 6540
418 1750 421 1753 ’
456 1746 543 1789 ii“?!

344 1890 397 1917 Ψ

1765 324 1867 383 λΟἹ
2272 330 2332 385 S.
2377 329 2580 386 PETRI
2621 330 2904 385 DAMIANI
2942 331 3095 385 UI'P.
3140 331 3318 386 PARS
3359 330 3487 387 SEU
3543 328 3779 388 TUIIUS
3818 330 3856 385 Ι.
3901 360 3969 371 —-
4010 330 4226 387 EPIST.
4270 330 4397 387 UB.
4440 329 4571 387 VII].
4934 326 5040 386 808

1764 440 1860 509 ΙΙ..
1889 440 2184 513 pertinet]:
2230 460 2249 493 ι
2281 441 2380 507 Qui
2428 440 2556 501 vult,
2595 442 2789 512 inquit,
2828 442 3012 497 venire
3059 454 3178 512 post
3230 460 3337 507 me,
3372 450 3414 506 Α
3444 444 3703 500 ealicihus
3734 446 4049 514 epotandis?
4084 466 4101 495 ι
4135 442 4320 515 (Prov.
4355 448 4534 515 unt.)
4563 444 4698 500 Nam
4729 446 4775 501 si
4816 446 4923 511 his,
4946 448 5040 517 qui

1770 531 1994 603 abneget
2022 531 2394 600 semetipsum,
2420 540 2474 586 et
2522 532 2674 586 tollat
2713 549 2928 587 crucem
2962 549 3135 595 suam,
3168 538 3345 603 quoli-

1767 621 1876 684 ilie,
1904 630 1955 675 et
1984 627 2247 691 sequatur
2272 637 2359 676 me
2389 621 2540 687 (Lac.
2572 624 2672 692 ιι).
2706 642 2723 675 i
2768 624 2898 691 Qua:
2930 624 3179 678 nimirum
3212 641 3347 680 crux

1765 720 2012 765 sanctum
2045 710 2274 766 Domino
2314 710 2438 781 jure
2469 726 2717 777 vocatur,
2748 715 2871 783 quia
2902 730 2998 783 per
3024 729 3142 767 eam
3192 730 3346 768 mun-

1768 801 1886 862 dus,
1910 801 2000 869 qui
2049 801 2186 855 adeo
2236 802 2556 871 profanatus
2586 800 2791 866 fuerat,
2836 804 3187 857 benedicitur.
3238 804 3345 858 Sed

1763 890 1887 959 quia
1913 890 2179 960 prolixius
2208 893 2332 948 alibi
2359 894 2426 948 de
2456 905 2644 949 sancta
2673 910 2736 948 ac
2762 896 2996 964 pretiosa
3024 912 3184 950 cruce
3212 912 3343 951 con-

1762 983 2104 1053 scripsimus,
2134 1000 2201 1040 ne
2245 986 2495 1042 fortassis
2526 988 2712 1042 eadem
2752 989 2839 1043 hic
2870 990 3145 1058 contingat
3182 992 3343 1044 obie-

1761 1088 1910 1144 pere,
1945 1076 2044 1129 ista
2077 1076 2341 1131 duntaxat
2370 1078 2423 1132 in
2453 1078 2554 1133 hoc
2584 1078 2863 1148 epistulari
2894 1081 3213 1149 compendio
3247 1081 3346 1135 sub

1759 1163 2043 1219 celeritate
2074 1166 2327 1234 decursa,
2359 1166 2602 1223 sulllcere
2631 1168 2961 1238 judicamus.

1840 1254 1954 1309 Hoc
1998 1257 2119 1310 vita:
2170 1268 2275 1311 tum
2319 1259 2551 1329 signum,
2611 1260 2681 1314 ﬁli
2729 1259 3067 1323 charissime,
3110 1271 3249 1314 sicut
3294 1261 3345 1314 in

1764 1345 1943 1400 fronte
1972 1346 2236 1417 depingis,
2269 1348 2342 1401 ita
2376 1348 2728 1405 nihilominus
2754 1351 2935 1406 cordis
2963 1350 3037 1403 tui
3073 1349 3348 1404 liminibus

1758 1440 2041 1506 imprime;
2075 1440 2219 1509 quod
2250 1441 2391 1495 ultor
2418 1444 2642 1514 angelus
2669 1460 2922 1509 cernens,
2955 1446 3071 1500 sine
3116 1454 3205 1498 tua
3240 1461 3343 1499 non

1765 1529 1945 1583 tardet
1982 1529 2203 1587 larsione
2255 1534 2486 1590 transire
2524 1535 2723 1606 (Exod.
2760 1538 2880 1605 xu).
2924 1537 3047 1593 llaec
3088 1539 3345 1608 philocte-

1760 1618 1842 1672 ria
1875 1635 1985 1689 pra:
2014 1622 2187 1676 oculis
2215 1623 2318 1677 tuis
2344 1624 2461 1679 sine
2487 1626 2792 1681 cessatione
2822 1627 3189 1698 dependeant;
3235 1628 3347 1682 hzcc

1761 1708 2013 1780 stigmata
2050 1727 2247 1781 corpus
2283 1722 2433 1769 tuum
2469 1714 2726 1786 undique,
2759 1718 2901 1772 sicut
2948 1719 3234 1788 Apostolus
3278 1719 3345 1771 de

3450 538 3499 587 iu
3534 538 3654 589 \lltO
3696 548 3995 599 morantur,
4032 554 4130 599 ιω,
4166 554 4286 605 qua:
4333 537 4586 591 nimirum
4634 538 5044 595 lamentationis

3445 636 3524 679 est
3554 642 3674 685 vos.
3718 628 4053 687 intentatur;
4104 644 4298 696 aquam
4346 644 4444 698 pro
4489 629 4581 683 Dei
4623 645 4810 685 amore
4850 632 5041 686 hiben-

3448 717 3587 768 tibus
3615 716 3867 785 gaudium
3891 716 4090 785 absque
4116 717 4222 769 ulla
4248 717 4526 772 dubietate
4551 719 4913 786 promittitur.
4941 718 5044 777 [Ibi

3447 805 3617 858 adhuc
3668 815 3792 873 apte
3842 805 4217 876 subjungitur:
4275 825 4293 857 ι
4348 806 4461 860 Non
4520 809 4785 862 intuean’s
4832 810 5043 865 vinum.

3446 897 3659 965 quando
3690 896 3951 961 ﬂavescit,
3978 914 4098 952 cum
4132 899 4459 967 splenduerit
4486 901 4535 953 in
4560 901 4702 955 vitro
4727 900 4883 955 color
4905 900 5043 968 ejus,

3449 988 3761 1055 ingreditur.
3819 990 4031 1051 blande,
4083 992 4173 1045 scd
4228 993 4278 1045 in
4323 994 4619 1045 novissimo
4659 994 4955 1057 mordebit,
4988 1004 5049 1049 nt

3446 1084 3685 1145 roluber,
3715 1094 3770 1137 et
3822 1088 3959 1137 sicut
3992 1087 4205 1150 regulus
4240 1104 4444 1141 venena
4477 1088 4739 1143 diffundet
4769 1088 4988 1155 (Mitt).
5022 1108 5041 1140 ι

3446 1173 3629 1241 Neque
3661 1190 3759 1229 nos
3810 1177 4011 1229 Idcirco
4046 1178 4110 1227 de
4153 1179 4412 1245 pr.cdit°t0
4443 1180 4651 1248 liquore
4681 1180 4942 1241 dicimus,
4990 1189 5051 1233 ut

3447 1272 3749 1317 creaturam
3780 1265 3897 1325 Dei,
3930 1282 4047 1333 qua:
4079 1270 4263 1335 utique
4295 1268 4434 1321 bona
4459 1280 4561 1329 est.
4593 1270 4893 1323 obscurare
4926 1278 5050 1323 ten-

3448 1364 3638 1417 temus,
3686 1355 3777 1409 sed
3827 1358 3946 1411 ideo
3982 1362 4179 1421 tinum,
4215 1378 4427 1422 carnes.
4474 1362 4635 1433 ,ιδ
4669 1360 4950 1430 conjugis,
4994 1372 5053 1417 et

3448 1446 3610 1498 multa
3661 1446 3742 1499 his
3792 1450 4009 1509 SlllllllJ,
4062 1454 4341 1506 monachis
4391 1455 4765 1523 postponenda
4818 1468 5053 1523 perpen-

3445 1538 3639 1595 dimus,
3694 1546 3751 1590 ut
3798 1540 4119 1593 ΩΙικιὲιιιιιιιΙΟ
4170 1558 4197 1595 a
4254 1546 4520 1598 creaturis
4567 1543 4813 1598 Creatori
4846 1544 5056 1597 arctius

3446 1630 3779 1698 placeamus.
3832 1636 3933 1685 Scd
3976 1638 4060 1702 qui
4097 1652 4291 1705 aquam
4326 1637 4465 1697 odis,
4512 1636 4624 1705 ipsa
4660 1648 4711 1691 te
4742 1638 4889 1691 velut
4916 1640 5056 1691 viva

3452 1722 3598 1773 vocis
3634 1724 3933 1776 intectionc
3965 1730 4271 1789 euriwniat,
4300 1737 4353 1779 et
4385 1729 4656 1795 ingratum
4692 1739 4743 1783 te
4788 1730 4905 1784 suis
4932 1742 5060 1784 esse

1762 1815 1825 1856 se
1856 1811 2105 1868 testatur,
2140 1804 2358 1859 inurunt
2392 1824 2405 1859 :
2444 1826 2462 1859 ι
2496 1807 2628 1877 Ego,
2670 1809 2878 1880 inquit,
2925 1814 3175 1879 stigmata
3222 1810 3347 1863 Jcsu
3382 1798 3421 1856 Β
3456 1810 3745 1869 [ιριιυῆριὶς.
3781 1818 4009 1881 ιπμριιιθ
4040 1818 4354 1869 assertionis
4386 1817 4707 1885 allegatione
4736 1819 5052 1873 convincat.

1761 1892 1819 1946 in
1852 1909 2081 1964 corpore
2125 1911 2246 1951 meo
2284 1908 2440 1967 porto
2480 1898 2620 1969 (Gal.
2663 1902 2759 1967 vi).
2790 1920 2808 1953 ›
2852 1901 3013 1971 212
3044 1901 3252 1971 Frange
3272 1900 3355 1969 je-

1756 1983 1933 2053 juniis
1980 2002 2197 2057 corpus,
2231 1990 2468 2059 propriis
2499 1990 2865 2045 voluntatibus
2902 1992 3134 2055 abstine,
3167 1993 3354 2047 aliena:

1765 2084 1819 2151 te
1858 2075 2121 2146 jussionis
2164 2081 2389 2149 imperio
2433 2083 2836 2151 promptissima
2898 2083 3184 2137 devotione
3232 2082 3353 2135 διιὺο

1763 2148 1968 2233 sterne,
2003 2148 2251 2239 procacis
2287 2148 2478 2239 lingua:
2515 2172 2838 2240 petulantias
2876 2172 3117 2227 modesta
3153 2173 3353 2226 silentii

1765 2271 1994 2312 censura
2053 2261 2338 2326 cohibeat,
2377 2261 2552 2329 jocosi
2607 2265 2874 2318 sermonis
2927 2265 3192 2319 lenocinia
3245 2278 3351 2317 non

1769 2359 2080 2418 erumpant,
2108 2351 2275 2407 illices
2303 2353 2600 2407 carnalium
2629 2356 2939 2424 passionum
2972 2365 3149 2410 motus
3176 2355 3359 2407 distri-

1765 2448 1867 2493 rtm
1904 2441 2253 2497 continentia:
2296 2445 2441 2514 rigor
2487 2445 2682 2511 elidat,
2725 2456 2783 2500 ut
2828 2447 2920 2516 qui
2962 2459 3105 2500 nunc
3141 2446 3357 2500 Christo

1765 2540 1957 2598 sponte
1983 2535 2360 2599 commoreris,
2389 2547 2593 2605 quanto
2619 2538 2834 2608 gravior
2862 2553 2993 2592 crux
3020 2537 3139 2605 ejus
3170 2538 3224 2591 in
3269 2549 3357 2590 tua

1766 2622 2183 2677 conversatione
2228 2627 2581 2695 conspicitur,
2615 2637 2764 2682 tanto
2806 2629 2899 2682 tlbi
2933 2628 3145 2698 plenior
3178 2645 3358 2683 resur.

1768 2710 2030 2765 rectionis
2060 2712 2176 2781 ejus
2203 2714 2375 2783 gloria
2403 2717 2730 2771 cuuinletnr.

2298 2825 2630 2882 EFISTOLA
2672 2826 2857 2883 XXIII.

2171 2933 2238 2972 AD
2277 2935 2606 2976 ῡυιι.ιειιιυιι
2648 2938 2955 2977 ιοκλειιιιι.

1765 3003 2165 3062 Δαῦωιεδτιιιι.
2208 3040 2275 3050 ——
2314 3010 2657 3075 Monachum,
2688 3018 2777 3083 qui
2821 3031 2885 3068 ex
2921 3018 3252 3070 monasterio
3295 3018 3361 3071 ad

1835 3091 2074 3151 eremum
2106 3094 2166 3134 se
2190 3089 2471 3135 venturum
2518 3085 2789 3151 pollicitus
2835 3101 2946 3139 rem
2986 3089 3038 3140 in
3067 3088 3179 3139 dies
3210 3088 3359 3141 (ιδπε-

1835 3148 2018 3207 rebat;
2072 3162 2353 3272 praeterea,
2406 3148 2546 3221 quod
2595 3156 2703 3207 viui
2754 3159 2898 3223 [mitti
2947 3158 3256 3210 renuntiare
3305 3152 3431 3213 etC

1840 3231 2036 3272 auuam
2111 3220 2257 3272 ibere
2290 3238 2394 3272 non
2426 3225 2555 3272 satis
2583 3240 2738 3272 multo
2766 3227 2945 3272 animo
2977 3238 3203 3272 notem-
3241 3237 3357 3272 tn-i-

1840 3231 2036 3285 aquam
2068 3220 2257 3295 bibere
2290 3238 2394 3295 non
2426 3220 2555 3295 satis
2583 3220 2945 3293 mqttomiitno
2976 3238 3205 3295 poterat,
3241 3237 3357 3279 tan-

1835 3302 1999 3355 quam
2026 3290 2187 3343 nimis
2211 3291 2425 3365 mollem
2453 3290 3005 3365 leniter’perstrivgit',
3034 3307 3087 3349 et
3112 3300 3357 3365 apposita

1843 3372 1997 3432 aqua!
2035 3364 2448 3431 prosopopoeia,
2486 3380 2588 3432 qua
2638 3366 2797 3431 hujus
2839 3364 3087 3419 clenzen‘ti
3128 3364 3235 3419 tun
3278 3370 3357 3420 di-

1839 3427 2018 3501 gnitas
2066 3427 2382 3501 summaque
2413 3432 2464 3486 in
2504 3427 2757 3488 homines
2796 3434 3015 3498 utilitas,
3056 3446 3166 3488 tum
3197 3440 3360 3489 etiam

1836 3497 2069 3573 plurima
2113 3502 2219 3553 vini
2257 3497 2453 3556 dant-:a
2485 3515 2877 3573 preponnntur,
2917 3497 3020 3560 non
3066 3508 3363 3559 abitum-n-

1839 3566 1963 3643 dam
2003 3568 2119 3635 ejus
2147 3586 2267 3624 esse
2307 3566 2900 3639 potionem'concludit.
2948 3577 3185 3643 Denique
3229 3580 3364 3629 diui-

1840 3636 2067 3693 cultates
2094 3655 2281 3715 omnes
2460 3644 2512 3715 in
2540 3645 2624 3697 via
2657 3647 2880 3712 spiritus
2905 3640 3241 3715 uiijicicntes,
3277 3650 3360 3709 iis,

1841 3722 1960 3785 quae
2006 3711 2250 3780 praecipit
2294 3713 2601 3780 Apostolus,
2653 3717 2819 3769 armis
2858 3711 3191 3785 superandus
3244 3734 3363 3771 esse

1841 3781 2015 3833 docet.

1842 3896 2201 3953 Dilectissimo
2247 3898 2400 3953 fratri
2442 3900 2764 3965 ϐιτιωεωιυ,
2799 3898 3013 3955 l'crncs
3048 3912 3362 3972 perpetuam

1773 3988 2095 4043 charitatcm
2125 3989 2177 4043 in
2207 3988 2443 4046 Christo.

1840 4076 2027 4144 Miror,
2068 4078 2411 4135 dilectissime
2456 4080 2647 4145 frater,
2679 4097 2774 4136 cur
2815 4082 2882 4136 ad
2908 4097 3176 4147 ercmum,
3221 4084 3365 4138 sicut

1768 4168 2117 4237 promiseras,
2152 4182 2256 4222 non
2296 4170 2511 4235 venisti,
2554 4170 2662 4225 imo
2691 4173 2833 4241 quod
2866 4188 3075 4228 meeum
3122 4190 3228 4229 non
3270 4190 3366 4245 per

1766 4259 2040 4325 nuntium,
2082 4260 2177 4315 sed
2231 4276 2329 4331 per
2376 4263 2721 4331 sponsionem
2767 4265 3002 4333 propriae
3054 4264 3177 4321 ﬁdei
3218 4266 3366 4336 pepi-

1767 4365 1947 4419 geras,
1987 4365 2093 4405 non
2126 4350 2383 4421 implesti.
2416 4351 2533 4416 Dic,
2564 4366 2716 4423 rogo,
2742 4353 2833 4421 qui
2876 4361 2927 4407 te
2973 4351 3040 4407 ab
3068 4355 3236 4409 eremi
3277 4368 3368 4408 auo

1769 4441 2016 4497 steritate
2054 4442 2356 4498 deterruit?
2397 4442 2508 4498 Cur
2556 4444 2795 4497 animum
2844 4444 3121 4501 bellatoris
3164 4444 3367 4507 Christi

1769 4541 1954 4587 terror
1980 4532 2215 4603 degener
2240 4536 2568 4606 occupavit?
2613 4534 2865 4606 Nunquid
2906 4536 3013 4591 vini
3045 4551 3206 4607 sapor
3247 4553 3364 4592 mu-

1770 4627 1926 4683 liebri
1946 4627 2205 4684 blanditia
2226 4630 2457 4699 rigidum
2479 4629 2894 4697 militemfintra
2913 4633 3107 4688 dorus
3126 4633 3363 4688 claustra

1771 4722 2024 4787 retinuit;
2075 4732 2132 4778 et
2168 4723 2282 4794 jam
2326 4724 2617 4795 galeatum,
2665 4724 2781 4795 jam
2821 4727 2989 4781 armis
3034 4726 3363 4790 accinctum,

1766 4811 1881 4881 jam
1927 4826 2121 4881 magna
2168 4813 2488 4883 spirantem,
2518 4816 2671 4871 exire
2701 4815 2770 4870 ad
2811 4814 3055 4885 praelium
3088 4830 3194 4870 non
3236 4830 3365 4886 per-

1774 4902 1968 4958 misit?
2014 4902 2121 4960 Sed
2171 4904 2315 4960 heul
2373 4905 2496 4975 quis
2541 4906 2715 4976 pudor
2752 4916 2988 4962 mentem
3038 4905 3218 4961 mollis
3265 4906 3368 4961 viri

1775 4996 1937 5065 hujus
1984 4995 2225 5063 invadet,
2255 4996 2378 5066 quis
2406 4999 2741 5054 verecundia
2774 5000 2941 5056 rubor
2970 5000 3086 5070 ejus
3118 5015 3215 5055 ora
3244 5015 3370 5070 per-

1775 5084 2005 5153 fundet,
2058 5102 2181 5143 cum
2230 5088 2426 5144 viderit
2466 5088 2600 5145 alios
2644 5089 2842 5159 opimis
2886 5099 3108 5145 onustos
3152 5091 3370 5162 spoliis,

1777 5182 2014 5237 victores
2040 5182 2107 5236 de
2136 5182 2278 5239 bello
2302 5184 2517 5246 reverti,
2548 5193 2603 5239 et
2628 5184 2862 5255 cupiosis
2892 5183 3087 5239 ditatus
3112 5186 3370 5254 pmmiis,

1777 5281 1905 5344 post
1935 5271 2259 5341 triumphum
2293 5289 2415 5329 cum
2456 5278 2604 5330 tanta
2646 5275 2819 5347 gloria
2851 5275 3148 5329 coronari?
3173 5274 3369 5342 Quanti

1780 5363 1911 5419 huic
1944 5364 2211 5419 constabit
2245 5366 2518 5422 modicum
2554 5368 2759 5432 vinum,
2806 5368 2899 5438 qui
2945 5367 3046 5422 sibi
3097 5376 3176 5423 tot
3218 5368 3370 5423 vobis

1780 5455 1991 5526 Optabit
2025 5455 2265 5513 hausisse
2304 5458 2615 5513 venenum?
2647 5458 2786 5513 Audi
2834 5458 2962 5529 quid
3009 5459 3229 5528 sapiens
3270 5457 3371 5513 Sa-

1783 5545 1968 5601 lomon
2010 5546 2200 5602 dicat:
2237 5566 2256 5599 ι
2289 5546 2387 5603 Cui
2414 5548 2531 5603 va!
2575 5547 2727 5618 cujus
2767 5547 2912 5619 patri
2939 5548 3051 5603 v2?
3090 5548 3175 5603 cui
3204 5547 3373 5602 rixa?

1787 5637 1874 5692 cui
1903 5636 2114 5695 fovete?
2136 5639 2221 5695 cui
2250 5639 2369 5696 sine
2390 5654 2554 5696 causa
2581 5639 2805 5697 vulnera
2825 5640 2850 5695 τ
2876 5640 2963 5698 cui
2985 5639 3211 5698 sun‘usio
3238 5656 3371 5697 ocu-

1788 5725 2001 5785 larum?
2030 5747 2208 5789 nonne
2253 5732 2359 5799 bis,
2387 5734 2479 5803 qui
2519 5742 2802 5791 morantur
2827 5733 2882 5789 in
2912 5733 3037 5791 vino
3061 5746 3117 5791 et
3155 5734 3373 5791 student

3535 1904 3667 1969 Age,
3725 1905 3919 1971 inquit,
3966 1906 4101 1955 Ιπιιιρ
4150 1910 4248 1967 vir,
4298 1924 4396 1960 cur
4448 1924 4533 1961 me
4567 1909 4710 1963 elato
4760 1908 5059 1979 supercilio

3460 1994 3728 2060 ιξυκιηιιιεῖ
3761 2010 3853 2046 tur
3890 2012 3971 2045 mc
4000 1999 4359 2055 t‘xsi't'rztndn,
4406 1998 4821 2059 stomachando,
4852 2014 5053 2069 rugosa

3461 2082 3633 2132 fronte
3663 2086 3872 2135 lasliilis
3894 2088 3911 2135 ζ’
3937 2104 4033 2135 cur
4075 2104 4156 2136 ιιίι⁵
4191 2096 4472 2153 ι.·ιι1ι›ι›ι·1·(·
4499 2104 4526 2139 a
4558 2096 4644 2141 tua
4671 2088 4939 2143 societate
4968 2104 5057 2143 re.

3458 2174 3649 2240 [ιε-Ρῖιηῗδ
3675 2182 3727 2225 bi
3762 2176 3809 2225 id
3831 2178 3894 2225 de
3928 2186 3977 2226 ιιι
4008 2192 4239 2235 ιιιυιϊυτ,
4268 2191 4373 2227 non
4401 2178 4615 2237 resisto,
4634 2192 4740 2230 non
4773 2186 5057 2245 torqueor,

3458 2266 3724 2331 siquidem
3753 2266 3897 2333 juste
3940 2267 4075 2317 hanc
4120 2268 4501 2320 contumeliam
4530 2270 4706 2335 patior
4738 2283 4749 2319 :
4786 2269 5061 2337 responde

3460 2356 3588 2408 mihi
3620 2358 3745 2422 quid
3780 2371 3879 2409 eeo
3916 2356 4007 2407 tilii
4035 2373 4271 2423 unquam
4310 2357 4433 2410 mah
4468 2358 4567 2409 feci
4591 2398 4605 2419 ,
4629 2359 4740 2413 imo
4768 2358 4901 2428 quid
4931 2358 5061 2411 boni

3458 2462 3563 2497 non
3614 2446 3853 2496 Contuli?
3902 2446 4013 2513 ligo
4046 2448 4301 2499 nimirum
4336 2456 4387 2499 te
4422 2463 4518 2516 per
4575 2448 4834 2501 virtutem
4878 2449 5061 2502 sancti

3460 2538 3714 2603 Spiritus,
3759 2538 3847 2601 qui
3890 2554 3972 2589 tne
4024 2546 4459 2597 consecraverat,
4510 2537 4576 2592 de
4626 2552 4786 2592 servo
4829 2536 5061 2599 diaboli,

3460 2630 3575 2678 licri
3606 2627 3705 2679 feci
3758 2628 3922 2679 lilium
3959 2627 4069 2679 Dei.
4105 2627 4212 2695 Ego
4247 2638 4297 2681 te
4341 2629 4406 2681 de
4442 2643 4761 2698 possessore
4793 2628 5063 2698 gehennc

3460 2720 3687 2787 produxi
3735 2720 3882 2786 I'i‘gni
3912 2720 4149 2771 Ctl'lt‘blls
4191 2719 4492 2783 haeredem,
4527 2719 4591 2775 de
4616 2718 4811 2774 colono
4833 2716 5061 2779 inferni.

3458 2812 3631 2862 civem
3690 2811 3893 2863 reddidi
3938 2810 4205 2879 paradisi;
4260 2812 4326 2865 de
4357 2809 4640 2864 tenebrosa
4688 2808 4889 2879 stipula
4921 2809 5065 2879 ignis

3460 2903 3672 2963 :cteini,
3702 2918 3852 2955 novre
3895 2902 4080 2967 gratim
4128 2900 4309 2953 lumen
4341 2900 4585 2955 exhibui.
4620 2918 4639 2951 ι
4688 2897 4871 2953 litatis
4912 2898 5065 2953 enim

3462 2994 3750 3062 aliquanjo
3801 2995 4033 3046 tenebrae
4065 3036 4078 3055 ,
4140 3008 4283 3047 nunc
4337 3002 4519 3046 autem
4569 2992 4659 3047 lus
4708 2993 4762 3047 in
4827 2990 5067 3047 Domino

3464 3086 3679 3153 (i‘fplies.
3718 3090 3791 3151 ν).
3835 3104 3851 3134 ι
3913 3084 3987 3137 De
4034 3097 4161 3137 vase
4220 3085 4313 3138 ira:
4368 3084 4651 3153 composui
4701 3098 4796 3137 vas
4844 3082 5067 3137 miseri-

3465 3176 3683 3227 cordiaz.
3737 3174 3846 3241 Ego
3903 3185 3955 3228 te
3986 3184 4195 3227 vetusta
4242 3174 4612 3229 damnationis
4637 3173 4821 3227 tunica
4854 3173 4983 3228 exui
5012 3182 5070 3226 et

3466 3268 3588 3317 novi
3640 3265 3873 3318 hominis
3916 3264 4032 3319 luce
4078 3265 4290 3319 vcstivi.
4347 3263 4459 3335 Ego
4490 3274 4543 3318 te
4572 3262 4792 3319 vinculo
4820 3265 5069 3333 antique

3465 3356 3930 3424 prmraricationis
3963 3354 4188 3417 absolvi,
4221 3364 4275 3409 et
4308 3370 4406 3425 per
4434 3370 4520 3408 me
4568 3364 4957 3424 regeneratum
4981 3354 5067 3409 di-

3464 3450 3600 3501 vina:
3644 3448 3949 3517 adoptionis
3983 3448 4106 3501 (iliis
4135 3448 4446 3517 aggregavi.
4486 3444 4605 3515 ipse
4632 3447 4763 3501 mihi
4796 3447 4958 3501 testis
4984 3462 5065 3507 es.

3465 3543 3588 3610 quia
3633 3556 3756 3594 cum
3806 3552 4013 3609 septem
4063 3540 4419 3607 originalibus
4462 3539 4609 3592 vitiis
4640 3540 4692 3591 in
4724 3552 4911 3593 meum
4945 3553 5067 3608 gre-

3468 3634 3634 3687 mium
3687 3634 4032 3695 descendisti,
4080 3644 4135 3688 et
4185 3649 4307 3687 mox
4360 3632 4681 3703 puriﬁcatus
4718 3643 4774 3687 et
4833 3633 5067 3694 nitidus,

3466 3724 3671 3791 absque
3724 3722 3827 3775 ulla
3884 3736 4106 3791 prorsus
4164 3722 4372 3791 peccati
4417 3722 4740 3792 contagione
4783 3722 5069 3791 prodiisti.

3467 3813 3577 3882 Ego
3600 3822 3651 3865 te
3680 3813 3954 3866 sordidum
3983 3814 4315 3882 fetidumque
4354 3814 4654 3883 reperiens.
4687 3828 4794 3867 non
4819 3814 5069 3868 dubitavi

3466 3903 3703 3957 animam
3751 3901 3912 3957 simul
3960 3913 4015 3955 et
4070 3918 4268 3974 corpus
4317 3902 4575 3965 abluere;
4613 3912 4668 3957 et
4709 3914 4764 3958 tu
4799 3920 4889 3960 me
4922 3920 5077 3961 nunc

3468 3995 3782 4064 dedignaris
3830 3995 4020 4047 saltem
4062 3995 4221 4047 labiis
4267 3993 4547 4048 adbibere.
4600 3993 4712 4064 Ego
4764 4004 4818 4049 te
4866 3995 5073 4049 divinis

3470 4081 3608 4137 facio
3641 4084 3905 4137 interesse
3935 4083 4198 4137 conviviis
4231 4100 4245 4135 :
4278 4092 4334 4137 et
4365 4090 4421 4136 tu
4463 4098 4550 4137 me
4579 4084 4649 4137 ab
4675 4084 4941 4139 humanis
4962 4100 5069 4139 non

3469 4174 3742 4228 erubescis
3791 4174 4053 4243 projicere
4104 4176 4326 4227 mensis.
4386 4173 4539 4239 Esto,
4600 4175 4681 4230 sic
4704 4180 5071 4237 eat,rcteris

3472 4266 3637 4319 rebus
3663 4280 3759 4319 sua
3784 4268 3904 4331 jura
3938 4276 4242 4327 serventur,
4274 4264 4405 4320 mihi
4433 4264 4559 4329 soli,
4590 4275 4649 4319 ut
4674 4282 4921 4331 mereor,
4944 4284 5071 4334 pro.

3471 4356 3572 4426 prii
3622 4356 3844 4409 honoris
3900 4356 4238 4423 privilegium
4308 4356 4700 4409 subtrahatur!
4752 4357 5021 4413 videlicet
5052 4399 5067 4421 ,

3474 4447 3599 4516 quia
3638 4446 3855 4499 caneris
3883 4446 4165 4499 elementis
4194 4460 4313 4499 sum
4347 4444 4535 4512 junior
4556 4454 4822 4515 tempore,
4863 4449 5072 4503 idcirco

3396 4506 3449 4566 θ
3477 4506 3706 4591 forsitan
3750 4534 4005 4589 omnibus
4033 4534 4206 4589 debeo
4229 4506 4601 4589 esse'inlerior
4626 4506 4935 4605 dignitate?
4968 4539 5073 4591 Sed

3472 4629 3771 4696 interroga,
3798 4626 4045 4689 obsecro,
4078 4624 4321 4696 Moysen.
4344 4627 4600 4696 perquire
4624 4627 4678 4681 in
4700 4629 4893 4682 mundi
4921 4632 5071 4698 prino

3469 4719 3611 4788 cipio
3644 4720 3786 4787 quod
3840 4720 3941 4772 sibi
3972 4718 4301 4773 elementum
4325 4719 4392 4773 ad
4418 4716 4774 4774 habitandum
4826 4718 5071 4789 Spiritus

3470 4819 3695 4864 sanctus
3719 4808 3963 4879 elegerit.
3999 4807 4253 4879 Nunquid
4278 4811 4520 4865 terram?
4568 4808 4821 4879 nunquid
4848 4814 5071 4865 aerem?

3472 4902 3711 4972 nunquid
3743 4902 3959 4965 ignem?
3989 4900 4177 4965 Plane,
4202 4902 4304 4956 nisi
4346 4902 4605 4967 mentior,
4638 4901 4713 4957 illi
4736 4917 5071 4974 corrupera-

3475 4994 3621 5050 debit
3645 5013 3657 5047 ε
3688 5015 3703 5045 ι
3727 4995 3960 5065 spiritus
3989 4994 4079 5050 Dei
4110 4990 4385 5050 ferebatur
4406 5010 4570 5065 super
4589 5010 4760 5066 aquas
4774 4994 4939 5063 (Cea.
4956 4998 5019 5065 ι).
5052 5016 5067 5047 ι

3474 5082 3561 5149 Et,
3591 5095 3647 5139 ut
3670 5087 3784 5155 jam
3814 5086 3882 5141 de
3930 5085 4536 5156 spiritualibus'sileam,
4564 5102 4667 5156 ego
4715 5086 4815 5141 tibi
4844 5100 5071 5158 corpus,

3473 5186 3529 5232 et
3557 5178 3880 5233 vestimenta
3912 5185 3965 5231 et
4009 5188 4228 5243 cuncta,
4278 5175 4478 5247 quibus
4522 5179 4712 5241 uteris,
4740 5175 4945 5243 abiuo;
4976 5196 5073 5250 ego

3474 5269 3571 5325 tibi
3595 5285 3724 5323 arva
3755 5270 3821 5323 ad
3852 5269 4209 5340 prolerendas
4255 5265 4440 5339 fruges
4482 5268 4711 5339 irrigare
4742 5285 4856 5323 non
4878 5284 5069 5333 emo;

3475 5376 3577 5432 ego
3628 5361 3860 5433 navigiis
3910 5362 4014 5417 iter
4064 5361 4525 5431 przbeo,euncta
4574 5360 5073 5415 terr-canimus

3478 5468 3687 5517 recrea,
3714 5468 3875 5523 poma
3905 5466 4123 5523 quoque
4177 5460 4233 5507 et
4270 5450 4442 5516 olera,
4467 5450 4667 5521 quibus
4698 5450 4975 5513 vesceris,
5012 5452 5073 5505 ad

3478 5548 3809 5602 incrementa
3884 5545 4141 5614 perduco.
4209 5542 4388 5597 Taceo
4457 5542 4738 5605 volucres,
4798 5550 5073 5610 prtia-en

3478 5640 3674 5711 pisces,
3718 5640 3808 5709 qui
3840 5638 4082 5710 quotidie
4128 5653 4227 5706 per
4269 5651 4387 5692 mea
4442 5650 4609 5705 regna
4654 5644 4991 5699 nascuntur,
5020 5646 5069 5687 et

3482 5732 3582 5786 mei
3624 5732 3755 5785 laris
3794 5746 3853 5785 se
3902 5730 4155 5784 vernulas
4214 5732 4460 5784 contueri
4505 5728 4815 5782 ttllllilﬂmI
4876 5726 5073 5781 mlle-
