5428 6564
249 370 353 430 409
1439 383 1638 440 LIBER
1665 377 1963 446 SEXTUS,
2002 379 2216 436 EPIST.
2254 382 2393 439 XXII

1439 383 1638 440 LIBER
1665 377 1963 446 SEXTUS,
2002 379 2216 436 EPIST.
2254 382 2440 439 XXIII.
3427 399 3531 456 “0

250 497 428 544 scunt.
463 489 597 562 ipsa:
624 493 855 565 denique
895 495 1050 562 vites,
1076 511 1235 567 quas,
1260 512 1348 554 me
1386 508 1720 568 contempto,
1753 497 1836 550 in-
1867 496 1919 552 A
1945 493 2135 551 Graeco
2162 495 2422 551 vocabulo
2447 497 2646 552 dicitur
2668 512 2828 568 aqua,
2861 500 3104 570 profecto
3129 503 3337 562 musica
3363 516 3535 568 nostri

251 596 382 636 sana
430 587 867 657 concupiscentia
920 586 1122 659 diligis,
1166 589 1272 646 nisi
1297 605 1419 647 meo
1447 591 1718 660 adjutorio
1748 604 1840 643 ra-

252 671 448 730 dicitus
473 678 862 746 coalescerent,
886 682 1137 749 protinus
1168 677 1424 740 arefactze
1455 683 1634 754 ignem
1659 683 1840 754 potius

249 777 536 833 pascerent
581 785 745 839 quam
809 771 1196 828 inundantibus
1261 764 1472 845 poculis
1532 769 1839 830 bihuloruut

248 868 466 914 ventres
523 861 941 932 ingurgitarent.
973 863 1078 920 Sed
1104 881 1203 920 cur
1227 881 1327 936 ego
1350 867 1402 920 in
1444 867 1699 923 brevibus
1735 868 1836 921 im-

247 951 465 1003 morer?
487 951 937 1023 Quandoquidem
966 965 1022 1011 et
1051 957 1167 1027 ipsa
1194 965 1351 1012 terrae
1375 957 1566 1025 moles,
1595 959 1686 1014 ubi
1710 959 1839 1012 visi-

246 1039 379 1094 bilia
421 1057 650 1112 qumque
698 1055 1029 1114 nascuntur,
1085 1050 1342 1120 adjuncto
1383 1051 1516 1105 mihi
1558 1047 1837 1105 consortio

246 1130 412 1194 aeris,
457 1133 592 1186 meis
644 1136 1029 1193 sustentaculis
1083 1139 1234 1194 velut
1269 1141 1565 1209 suppositis
1611 1139 1838 1208 quibus-

246 1219 367 1272 dam
401 1221 640 1287 basihus,
667 1235 721 1278 ut
747 1227 1046 1282 consistere
1063 1230 1258 1298 possit,
1282 1231 1558 1295 innititur,
1586 1245 1707 1284 mea
1726 1229 1837 1284 vir-

245 1314 361 1363 tute
385 1309 625 1366 fulcitur.
657 1313 762 1370 Sed
791 1314 919 1371 dum
956 1326 1156 1373 terram
1185 1320 1448 1384 sustineo,
1487 1335 1834 1390 nequaquam

246 1395 371 1454 imis
395 1413 672 1472 contenta,
701 1422 834 1462 mere
863 1409 1051 1462 ditioni
1081 1410 1246 1464 etiam
1277 1411 1644 1466 cmlitttlmen
1673 1429 1836 1467 usur-

243 1503 333 1558 po.
368 1490 521 1549 Sicut
552 1496 603 1550 in
643 1495 839 1552 Genesi
874 1499 1074 1567 legitur
1104 1519 1118 1553 :
1151 1519 1170 1553 ι
1206 1501 1400 1558 Divisit
1430 1518 1649 1573 quoque
1689 1506 1834 1560 Deus

245 1596 435 1650 aquas,
463 1601 584 1655 quae
612 1598 770 1644 erant
793 1589 896 1645 sub
925 1591 1289 1657 firmamento,
1325 1597 1393 1650 ab
1415 1596 1496 1650 eis
1521 1611 1642 1665 qua:
1676 1604 1836 1651 erant

244 1678 838 1744 snperfirmamentum
871 1681 1024 1753 (Gen.
1063 1685 1123 1755 ι).
1165 1705 1183 1736 ι
1219 1686 1410 1741 Totam
1441 1687 1606 1759 214
1635 1689 1836 1758 quippe

245 1766 727 1827 terram'cmlestis
778 1774 928 1844 ignis
959 1785 1236 1841 exureret,
1293 1778 1396 1832 nisi
1430 1787 1614 1832 noster
1645 1779 1836 1832 mador

1942 587 2176 643 nominis
2205 589 2359 644 titulo
2384 590 2624 643 cernitur
2652 591 2925 661 insignita.

2011 673 2122 735 Nec
2147 678 2312 732 etiam
2345 678 2458 747 ipse
2483 689 2672 733 auctor
2694 680 3030 752 Pythagoras
3061 700 3091 739 a
3121 697 3304 744 nostra
3335 690 3540 746 disser-

1942 766 2086 820 tione
2125 767 2418 852 discordat,
2449 769 2541 838 qui
2592 769 2867 853 videlicet,
2918 781 2976 825 ut
3023 773 3184 844 hujus
3235 779 3537 850 disciplinae

1939 854 2207 911 inveniret
2233 858 2396 919 viam,
2423 859 2703 913 acetabula
2729 859 2975 927 quazdam
3005 865 3072 918 ad
3095 882 3356 934 aquarum
3387 885 3539 924 men-

1941 959 2122 1000 suram
2147 948 2386 1002 studiose
2416 950 2736 1016 composuit,
2769 959 2823 1004 et
2846 952 2923 1005 sic
2952 967 3168 1009 onmem
3198 956 3536 1013 harmonica

1936 1031 2210 1090 facultatis
2241 1037 2512 1106 peritiam,
2555 1052 2642 1092 me
2686 1037 2845 1104 duce,
2895 1057 2980 1096 me
3024 1043 3274 1112 praeside,
3319 1045 3538 1099 tandem

1935 1123 2228 1181 eﬂicaciter
2275 1129 2382 1182 voti
2432 1142 2654 1197 compos
2701 1129 2999 1196 adinveuit,
3050 1133 3318 1202 hodieque
3365 1133 3535 1188 etiam

1936 1219 2196 1289 quidquid
2232 1221 2284 1274 in
2325 1219 2674 1285 bidraulicis,
2705 1224 2967 1292 quidquid
3013 1225 3066 1276 in
3097 1225 3316 1294 organis
3356 1225 3539 1278 suavi‘

1937 1318 2020 1364 ter
2047 1309 2374 1376 modulatur,
2420 1326 2540 1366 mea
2574 1313 2930 1366 nihilominus
2959 1313 3160 1367 virtute
3189 1312 3432 1368 fulcitur.
3469 1313 3540 1368 Et

1936 1414 1993 1457 ut
2021 1402 2133 1470 jam
2162 1404 2681 1459 excellentissimum
2725 1423 2857 1460 mea:
2891 1407 3170 1476 dignitatis
3199 1407 3539 1478 privilegium

1936 1491 2190 1561 pandam,
2222 1507 2486 1561 suspenso
2524 1494 2578 1548 in
2606 1511 2771 1549 cnice
2799 1497 3043 1562 Domino,
3074 1513 3140 1551 ex
3174 1499 3291 1566 ipso
3322 1497 3543 1552 Creato-

1936 1583 2012 1637 ris
2039 1583 2144 1636 mei
2170 1583 2340 1638 latere
2364 1585 2537 1654 prodii
2557 1586 2737 1657 (Joan.
2763 1589 2874 1657 xu)
2909 1606 2921 1641 :
2945 1599 3001 1643 et
3021 1605 3235 1643 omnem
3263 1596 3533 1643 terrarum

1936 1676 2124 1728 orbem
2158 1681 2436 1744 totumque
2479 1692 2682 1741 aerem,
2732 1677 2940 1733 sociato
2970 1678 3102 1732 mihi
3137 1679 3540 1747 pretiosissimo

1937 1767 2054 1834 ejus
2080 1770 2342 1839 sanguine
2384 1771 2724 1825 consecravi.
2757 1770 2893 1823 Hinc
2919 1778 3006 1824 est
3036 1770 3181 1823 enim
3210 1770 3354 1838 quod
3377 1769 3543 1822 Joan~

241 1855 477 1913 incendii
508 1862 653 1916 vires
678 1838 894 1919 assidue
942 1838 1290 1935 temperaret.
1321 1868 1392 1921 At
1421 1868 1677 1932 fortasse,
1705 1868 1830 1936 quia
1869 1838 1912 1895 Β
1941 1873 2035 1913 "es
2061 1838 2339 1927 θροεὶοιυε
2383 1860 2492 1912 aii:
2530 1878 2548 1909 ι
2596 1858 2695 1913 Hic
2743 1867 2828 1912 est
2871 1859 2962 1928 qui
3005 1859 3154 1913 venit
3200 1874 3296 1929 per
3341 1874 3540 1928 aquam

240 1947 502 2017 liquidam
554 1955 737 2008 cernis
788 1970 980 2010 carere
1026 1957 1254 2020 viribus,
1292 1959 1580 2013 invalidam
1624 1960 1834 2012 credis?

241 2038 347 2094 Sed
374 2040 419 2094 si
442 2041 596 2097 vobis
627 2058 745 2097 mea
792 2043 1054 2100 fortitudo
1095 2048 1329 2114 deesset,
1382 2050 1527 2117 quis,
1582 2063 1733 2118 rogo,
1765 2049 1833 2102 ad

242 2131 492 2185 terendas
539 2130 722 2203 fruges
750 2135 938 2203 gravia
992 2135 1263 2192 molarum
1295 2153 1424 2192 saxa
1450 2139 1694 2193 rotaret?
1714 2137 1832 2192 Non

237 2228 322 2274 est
347 2235 478 2292 ergo
497 2223 667 2279 virtus
693 2227 1092 2282 contemnenda
1117 2226 1362 2297 liquoris,
1392 2244 1512 2298 qua:
1534 2237 1643 2284 tam
1673 2227 1834 2284 facile

241 2321 420 2366 movet
455 2315 710 2369 duritiam
771 2315 985 2386 lapidis,
1019 2325 1094 2382 et,
1120 2325 1180 2370 ut
1221 2332 1327 2372 non
1367 2318 1586 2389 ignores
1630 2319 1835 2372 miran-

239 2400 365 2471 dam
417 2415 628 2480 naturae
678 2421 813 2461 mea:
850 2408 1170 2476 potentiam,
1210 2409 1324 2477 ipse
1362 2410 1520 2478 ignis,
1562 2411 1654 2478 qui
1700 2410 1830 2464 mihi

239 2494 426 2558 etiam,
474 2497 627 2564 juxta
659 2496 1070 2552 dialecticorum
1117 2499 1259 2552 dicta
1297 2502 1606 2556 contrarius
1653 2502 1833 2555 cerni-

241 2593 350 2648 tur,
382 2599 448 2638 ex
500 2601 584 2640 me
612 2596 758 2640 certe
787 2587 1146 2657 depromitur,
1193 2599 1248 2643 et
1272 2605 1341 2644 ex
1371 2592 1508 2644 meis
1532 2590 1833 2645 visceribus

234 2688 573 2747 procreatur.
623 2677 757 2732 Nam
799 2680 841 2734 si
893 2680 1234 2750 crystallum,
1288 2682 1433 2750 quod
1481 2682 1686 2751 absque
1724 2681 1831 2736 ulla

235 2770 533 2838 quaestione
551 2771 866 2824 obdurescit
889 2787 953 2825 ex
978 2771 1169 2841 glacie,
1188 2773 1341 2828 radio
1365 2773 1496 2828 solis
1515 2775 1830 2843 apponitur,

237 2860 369 2915 nulli
399 2862 621 2917 dubium
664 2865 793 2933 quin
825 2880 889 2918 ex
922 2879 987 2918 eo
1031 2867 1276 2933 protinus
1309 2867 1448 2936 ignis
1475 2868 1703 2920 oriatur.
1729 2868 1836 2921 La-

231 2951 387 3021 pides
423 2968 643 3023 (pioque
694 2956 785 3024 qui
826 2955 894 3008 ad
930 2954 1237 3009 faciendam
1289 2956 1494 3010 calcem
1535 2957 1586 3009 in
1615 2957 1832 3011 camino

235 3042 444 3098 decocti
491 3056 638 3108 sunt,
682 3047 724 3098 si
762 3055 882 3115 post
921 3047 1199 3115 quodlibet
1228 3047 1446 3117 longum
1494 3056 1709 3117 tempus
1733 3063 1832 3118 ego

236 3134 482 3205 tetigero,
516 3134 786 3206 fumigare
817 3137 974 3192 simul
1006 3147 1062 3192 et
1093 3138 1286 3192 ardere
1323 3139 1574 3207 protinus
1611 3139 1824 3202 videas;

232 3230 290 3278 et
334 3224 424 3293 qui
481 3233 709 3279 eatenus
756 3235 916 3280 erant
971 3225 1173 3298 frigidi,
1202 3237 1344 3300 post
1384 3229 1556 3282 nos'ri
1588 3238 1829 3284 attactus

235 3312 522 3382 imperium
553 3316 621 3369 ad
649 3316 884 3371 calorem
914 3317 1207 3387 pristinum
1227 3328 1354 3373 sunt
1379 3319 1833 3386 adducti.Qua:ro

233 3403 330 3459 abs
367 3416 440 3471 te,
485 3409 528 3460 si
560 3408 725 3470 nosti,
757 3407 887 3476 quid
919 3416 1002 3462 est
1031 3410 1174 3476 quod
1208 3409 1260 3462 in
1289 3409 1562 3478 plerisque
1592 3408 1834 3463 flumini-

231 3493 355 3560 bus,
383 3507 662 3552 crescente
691 3498 774 3553 vel
794 3507 1053 3567 surgente
1080 3498 1230 3562 luna,
1259 3515 1345 3552 me
1367 3501 1555 3554 videas
1583 3500 1636 3552 in
1661 3499 1833 3554 altum

231 3603 496 3650 crescere,
529 3590 815 3645 deficiente
846 3605 974 3645 vero
1007 3592 1195 3645 eadem
1244 3591 1368 3645 luna
1399 3593 1664 3648 cessare?
1694 3592 1832 3661 Quid

232 3689 314 3734 est
343 3681 528 3744 etiam,
572 3681 615 3735 si
651 3681 930 3746 didiceris,
964 3683 1110 3751 quod
1155 3678 1333 3738 fontes
1361 3683 1414 3739 in
1465 3684 1666 3749 hieme,
1708 3700 1831 3739 cum

231 3773 411 3826 omnia
445 3787 583 3841 pene
614 3773 796 3844 algore
824 3775 1124 3844 rigescunt,
1161 3791 1249 3830 me
1279 3777 1513 3846 tepidam
1536 3786 1590 3831 et
1621 3775 1836 3833 fuman-

235 3875 362 3931 tem,
396 3867 585 3921 testivo
612 3874 793 3921 autem
847 3879 1088 3938 tempore
1133 3866 1388 3937 frigidam
1427 3869 1702 3924 reddunt?
1749 3871 1832 3924 An

231 3955 466 4012 fortasse
496 3958 942 4027 philosophorum
971 3960 1304 4016 vanitatibus
1332 3963 1534 4026 credis,
1571 3963 1664 4032 qui
1707 3971 1836 4016 tunc

231 4049 370 4118 apud
415 4050 701 4118 antipodas
729 4063 850 4104 esse
888 4050 1183 4119 opinantur
1227 4061 1475 4106 aestatem
1521 4068 1646 4106 eum
1693 4053 1836 4121 apud

232 4153 456 4208 superos
486 4139 564 4194 sol
597 4141 868 4196 recedens
884 4141 1062 4197 faciat.
1089 4141 1362 4195 hiemem?
1393 4141 1499 4196 Sed
1529 4143 1572 4196 si
1601 4142 1834 4212 diligen-

233 4239 318 4284 ter
348 4231 606 4294 attendis,
657 4231 763 4286 hoc
803 4231 1026 4286 omnino
1066 4229 1260 4285 falsum
1295 4240 1349 4285 et
1391 4232 1577 4287 solidae
1619 4233 1836 4287 veritati

233 4321 504 4389 reperitur
542 4336 663 4376 esse
689 4323 1050 4376 contrarium.
1094 4323 1218 4377 Ηωο
1251 4323 1415 4390 igitur
1447 4323 1588 4391 apud
1633 4332 1684 4376 te
1719 4332 1835 4377 stu-

231 4412 382 4468 diose
434 4416 710 4485 perquire,
745 4425 801 4469 ct
855 4430 977 4469 cum
1021 4415 1087 4469 ad
1123 4415 1385 4484 liquidum
1432 4415 1672 4470 enodare
1725 4429 1835 4470 non

231 4507 454 4577 poteris,
485 4509 966 4578 profundissimam
990 4517 1199 4563 naturae
1221 4524 1354 4563 mere
1377 4510 1484 4562 vim
1509 4509 1836 4578 impenetra-
1869 4539 1917 4598 υ

230 4598 393 4653 bilem
423 4613 542 4654 esse
571 4602 823 4654 decerne.
867 4597 1000 4662 Sed,
1029 4599 1159 4653 dum
1189 4599 1476 4654 brevitatis
1502 4599 1684 4654 studio
1716 4614 1833 4652 ma-

224 4689 440 4759 jestatis
462 4707 597 4746 mere
611 4693 738 4760 jura
767 4692 1046 4746 succincte
1072 4700 1405 4756 transcurro,
1433 4691 1559 4746 nolo
1591 4701 1643 4746 te
1669 4691 1836 4746 lateat

229 4783 355 4855 quia
386 4793 440 4839 et
466 4784 520 4841 iu
551 4783 856 4840 liberalium
891 4785 1090 4839 artium
1130 4783 1326 4839 studiis
1360 4799 1466 4839 non
1501 4785 1833 4842 mediocrem

230 4876 520 4947 primatum
580 4885 760 4932 teneo.
813 4875 1263 4945 Quandoquidem
1325 4878 1391 4931 ad
1441 4875 1698 4932 discenda
1739 4877 1837 4933 ho-

233 4983 416 5023 rarum
461 4968 657 5038 spatia.
711 4969 776 5022 ad
823 4968 1249 5037 comparandum
1293 4969 1423 5024 solis
1472 4971 1660 5024 orbem
1710 4986 1834 5025 cum

230 5060 446 5130 sphaera
471 5059 616 5124 caeli,
645 5059 714 5113 ad
739 5057 1134 5112 dimensionem
1167 5059 1374 5114 zodiaci
1407 5069 1838 5130 cunctorumque

230 5152 530 5223 signorum,
563 5151 630 5206 ad
670 5151 1058 5206 diseernendos
1099 5150 1441 5221 planetarum
1471 5151 1731 5218 circulos,
1770 5153 1838 5208 ad

231 5252 597 5308 dimensiones
654 5259 925 5307 terrarum
977 5266 1100 5306 cum
1143 5251 1264 5306 cmli
1322 5261 1571 5322 partibus
1620 5268 1839 5324 compa~

233 5355 452 5420 randas,
502 5355 627 5411 dum
667 5363 977 5427 geometra,
1029 5352 1113 5408 vel
1157 5353 1466 5425 astrologus
1514 5368 1842 5425 componere

231 5470 486 5533 satagunt
509 5460 873 5532 horologium,
905 5460 972 5515 ad
1001 5469 1250 5516 nostrum
1277 5469 1568 5517 recurrunt
1588 5463 1837 5532 protinus

232 5566 578 5622 elementum.
609 5565 730 5621 Jam
752 5580 882 5620 vero
906 5565 972 5620 de
999 5565 1204 5622 musica
1226 5582 1326 5622 cur
1347 5566 1550 5637 aliquid
1579 5566 1830 5630 referam,

231 5684 356 5724 cum
388 5669 503 5738 ipso
547 5683 645 5723 suo
683 5667 901 5724 nomine
931 5669 1137 5725 nostris
1180 5685 1240 5725 se
1287 5669 1497 5741 legibus
1535 5680 1831 5738 subditam,

232 5783 298 5825 ex
346 5779 533 5827 nostro
567 5769 843 5841 principio
875 5777 1101 5827 testetur
1126 5774 1413 5829 exortam?
1443 5773 1578 5829 Nam
1603 5775 1647 5831 si
1681 5792 1832 5833 musa

1937 1957 1991 2002 et
2014 1949 2356 2018 sanguinem,
2385 1949 2547 2004 Jesus
2573 1949 2822 2006 Christus
2849 1951 2900 2020 (I
2927 1950 3088 2006 Joan.
3111 1952 3199 2023 v):
3248 1972 3265 2003 ι
3302 1964 3354 2006 et
3384 1953 3542 2022 paulo

1939 2047 2062 2107 post
2077 2040 2294 2094 subdit:
2323 2060 2342 2091 ι
2375 2040 2510 2094 Tres
2534 2050 2683 2106 sunt,
2707 2043 2798 2110 qui
2827 2043 3193 2096 testimonium
3223 2041 3388 2110 215
3411 2044 3541 2095 dant

1935 2129 1991 2183 in
2019 2139 2185 2193 terra,
2205 2129 2448 2197 spiritus,
2466 2146 2606 2199 aqua
2624 2139 2678 2186 et
2700 2132 2921 2200 sanguis
2936 2128 3149 2201 (Ibid.).
3175 2150 3192 2182 ›
3213 2129 3332 2184 iam
3354 2145 3482 2184 vero
3495 2128 3542 2184 si

1935 2228 2128 2274 cuncta
2168 2221 2417 2289 superius
2447 2221 2840 2289 comprehensa
2870 2223 3138 2285 attendas,
3177 2221 3385 2290 reliqua
3415 2234 3534 2275 om-

1938 2309 2025 2363 nia
2058 2324 2192 2364 meze
2240 2309 2431 2364 ditioni
2475 2308 2716 2377 subjecta
2764 2309 3032 2365 elementa
3079 2310 3386 2364 considera.
3434 2306 3544 2364 Sed

1936 2398 2063 2454 dum
2102 2399 2374 2468 praeconia
2419 2415 2553 2454 meae
2594 2399 2770 2453 laudis
2801 2413 3082 2464 enumero,
3119 2400 3213 2468 qui
3253 2400 3380 2464 sim,
3411 2397 3545 2468 quid

1935 2492 2168 2556 valeam,
2196 2492 2391 2545 melius
2435 2493 2664 2544 forsitan
2704 2493 2895 2554 doceo,
2928 2493 2973 2546 si
3008 2503 3059 2546 te
3101 2494 3167 2546 ad
3199 2476 3543 2563 temetipsum

1937 2581 2158 2646 reduco,
2187 2591 2454 2651 quatenus
2483 2582 2610 2635 dum
2635 2597 2752 2636 mea
2787 2582 2838 2635 in
2883 2590 2933 2636 te
2961 2582 3233 2636 dominari
3261 2582 3385 2650 jura
3415 2599 3544 2652 per-

1937 2671 2204 2740 spexeris,
2259 2671 2326 2724 de
2378 2671 2603 2739 reliquis
2647 2671 2813 2724 etiam
2858 2671 2995 2725 meis
3041 2671 3252 2725 viribus
3294 2670 3547 2726 dubitare

1936 2778 2042 2816 non
2076 2763 2270 2832 possis.
2303 2762 2471 2834 igitur
2498 2779 2605 2817 non
2637 2764 2857 2833 ignoras
2894 2763 3038 2831 quod
3066 2778 3134 2818 ex
3163 2773 3396 2833 quatuor
3425 2762 3540 2818 ele-

1936 2855 2134 2907 mentis
2156 2855 2268 2923 ipsc
2294 2854 2568 2917 consistis,
2595 2855 2687 2907 sed
2717 2853 2844 2907 dum
2869 2868 3056 2906 eorum
3080 2854 3182 2906 tria
3216 2868 3312 2922 per
3338 2852 3548 2921 reliqua

1935 2944 2178 3012 corporis
2238 2943 2480 2997 membra
2531 2942 2853 3006 subsidunt,
2921 2941 3266 3011 omnipotens
3313 2941 3545 2996 Creator

1937 3035 2070 3089 mihi
2105 3033 2552 3088 excellentiorem
2586 3032 2930 3103 dignitatem,
2975 3040 3032 3086 et
3070 3031 3217 3086 velut
3250 3031 3548 3100 quamdam

1936 3125 2274 3194 principatus
2319 3138 2500 3178 arcem
2549 3123 2692 3176 inter
2741 3121 2843 3175 alia
2891 3121 3137 3184 contulit,
3179 3122 3306 3175 dum
3357 3135 3445 3175 me
3491 3121 3547 3174 in

1941 3219 2055 3285 ipso
2122 3217 2298 3285 capite
2363 3217 2545 3270 sedem
2602 3216 2802 3270 habere
2855 3216 3157 3272 constituit.
3216 3215 3350 3269 Nam
3419 3216 3547 3270 dum

1940 3317 2154 3361 constet
2183 3306 2440 3374 quoniam
2471 3305 2662 3374 ilegma
2704 3322 2772 3361 ex
2813 3322 2968 3375 aquae
3014 3308 3243 3361 humore
3281 3306 3543 3376 gignitur,

1938 3397 2131 3467 flegma
2161 3406 2344 3451 autem
2370 3397 2424 3449 in
2452 3398 2629 3466 capite
2653 3399 2743 3460 sit,
2773 3397 2902 3450 nulli
2933 3397 3154 3451 dubium
3171 3397 3299 3466 quin
3321 3399 3548 3451 thronus

1939 3501 2092 3556 aqua:
2156 3487 2205 3540 in
2256 3486 2436 3555 capite
2487 3486 2775 3556 prtesidere
2823 3487 3092 3542 videatur.
3141 3486 3294 3543 Unde
3345 3487 3545 3541 mirum

1939 3580 2073 3633 satis
2099 3578 2242 3645 quod
2274 3577 2511 3646 liquidus
2535 3578 2730 3631 humor
2759 3587 2911 3632 tanto
2952 3578 3264 3646 magisterio
3294 3578 3344 3631 in
3388 3591 3550 3648 supe-

1940 3671 2068 3723 riori
2098 3681 2248 3738 parte
2283 3671 2651 3739 suspenditur,
2694 3679 2752 3722 ut
2784 3672 2850 3722 ad
2897 3669 3153 3722 inferiora
3201 3669 3426 3722 minime
3459 3669 3539 3723 de;

1939 3746 2172 3823 labatur,
2205 3771 2431 3830 excepto
2462 3776 2558 3829 per
2587 3761 2820 3815 arterias
2845 3760 3057 3815 cerebri
3099 3759 3297 3814 leniter
3325 3758 3546 3823 deﬂuat,

1939 3862 1997 3906 ct
2039 3854 2317 3923 Spirameu
2362 3853 2474 3907 oris
2507 3852 2649 3906 unde
2696 3851 2873 3905 valeat
2917 3850 3122 3921 egredi,
3155 3850 3302 3905 velut
3341 3851 3548 3905 ostium

1942 3949 2109 4011 petat.
2158 3941 2214 3995 ln
2265 3957 2374 4011 quo
2425 3942 2683 3994 nimirum
2741 3942 3026 4010 perspicue
3073 3941 3326 4010 superbia
3369 3949 3551 3995 vestra

1941 4035 2273 4099 retunditur,
2310 4050 2432 4103 qua:
2462 4035 2591 4087 dum
2639 4034 2980 4087 extrinsecus
3030 4033 3260 4101 positam
3293 4032 3552 4101 dedigna-

1946 4136 2032 4180 tur
2081 4125 2323 4189 haurire,
2357 4124 2578 4179 assidue
2623 4134 2803 4178 tamen
2856 4123 3071 4194 cogitur
3105 4139 3190 4177 me
3243 4125 3387 4177 inter
3436 4123 3551 4178 oris

1943 4227 2094 4289 septa
2143 4217 2374 4281 versari,
2417 4226 2474 4270 et
2516 4225 2573 4269 ut
2621 4217 2692 4269 ita
2735 4215 2948 4283 loquar.
2993 4231 3079 4270 me
3126 4230 3339 4269 mecum
3387 4214 3551 4286 fugis,

1943 4313 2069 4366 dum
2096 4323 2421 4378 quocunque
2447 4318 2496 4362 te
2521 4309 2770 4372 verteris,
2807 4308 2924 4362 sine
2956 4321 3041 4360 me
3066 4323 3189 4362 esse
3213 4324 3318 4363 non
3349 4309 3547 4377 possis.

1942 4399 2099 4464 Nam,
2129 4399 2270 4453 sicut
2299 4397 2630 4466 aquimolum
2677 4413 3019 4465 nequaquam
3057 4406 3236 4466 potest
3269 4397 3386 4451 sine
3425 4413 3553 4468 gur-

1943 4491 2069 4562 gitis
2091 4488 2407 4544 inundantia
2435 4487 2705 4542 frumenta
2750 4487 3074 4554 permolere,
3107 4489 3179 4540 ita
3209 4503 3297 4542 me
3324 4503 3549 4543 necesse

1944 4593 2028 4638 est
2064 4583 2205 4636 inter
2235 4589 2527 4649 utrumque
2566 4579 2790 4632 humani
2834 4579 2948 4633 oris
2999 4577 3170 4633 molas
3218 4579 3339 4634 sine
3382 4580 3555 4635 inter-

1946 4674 2207 4728 missione
2260 4671 2576 4735 dIeurrere,
2625 4679 2684 4724 ut
2736 4684 2834 4723 sua
2885 4669 3056 4738 possit
3110 4669 3272 4724 verba
3328 4669 3557 4739 loquens

1946 4767 2126 4835 lingua
2177 4762 2436 4818 formare.
2485 4760 2542 4815 Si
2581 4775 2709 4831 ergo
2756 4760 2811 4814 in
2841 4759 3095 4814 omnibus
3139 4759 3223 4814 bis
3253 4774 3376 4815 meo
3406 4759 3557 4828 adju-

1949 4860 2089 4915 torio
2131 4857 2358 4928 indiges,
2417 4868 2534 4908 mea
2570 4864 2741 4923 opera
2788 4850 3100 4905 necessario
3128 4849 3321 4913 uteris,
3365 4865 3465 4904 cur
3504 4851 3556 4904 in

1947 4950 2063 5007 solo
2094 4947 2288 5020 poculo
2321 4961 2502 5002 meum
2532 4945 2733 4999 habere
2764 4940 3179 4998 contubernium
3209 4940 3560 5011 dedignaris?

1946 5043 2080 5098 Redi
2107 5057 2236 5113 ergo
2269 5041 2338 5095 ad
2370 5053 2474 5100 me,
2510 5036 2757 5107 fugitive,
2789 5041 3090 5098 revertere,
3127 5032 3209 5087 vir
3237 5032 3465 5104 ingrate,
3503 5031 3560 5089 ei

1942 5133 2034 5204 qui
2071 5142 2174 5187 tute
2205 5147 2300 5202 per
2326 5129 2510 5184 omnia
2550 5137 2632 5184 est
2662 5126 2852 5182 salutis
2882 5125 3178 5192 obnoxius,
3211 5137 3280 5178 ne
3323 5124 3562 5180 videaris

1945 5225 2149 5281 habere
2175 5223 2394 5278 fastidio
2423 5231 2739 5276 nauseatus.

2017 5317 2087 5373 At
2133 5315 2358 5372 forsitan
2405 5314 2647 5385 inquies,
2683 5311 2838 5367 doleo
2865 5319 3049 5382 caput,
3099 5310 3329 5382 langueo
3357 5320 3562 5366 stoma-

1947 5413 2133 5467 chum.
2176 5407 2304 5463 Htec
2355 5415 2481 5462 sunt
2517 5404 2812 5475 emplastra
2855 5404 3120 5469 mollium,
3162 5405 3278 5460 haec
3322 5405 3564 5474 palliatio

1947 5499 2240 5556 carnaliter
2273 5496 2570 5551 viventium
2601 5495 3016 5551 monachorum.
3049 5495 3196 5549 Satis
3234 5509 3414 5548 macra
3449 5495 3564 5548 haec

1945 5591 2191 5648 cernitur
2217 5587 2518 5652 excusatio,
2551 5602 2675 5641 cum
2705 5594 2938 5654 aegrotos
2962 5595 3015 5640 et
3045 5601 3183 5655 aqua
3217 5584 3479 5651 refoveat,
3507 5591 3564 5637 et

1945 5686 2130 5740 viuum
2161 5684 2478 5754 frequenter
2518 5681 2754 5737 occidat.
2795 5679 3052 5753 Nunquid
3080 5679 3226 5736 enim
3251 5677 3561 5733 Praecursor

1953 5775 2164 5832 Domini
2204 5774 2496 5844 aliquando
2537 5783 2773 5845 :egrotus
2817 5772 3081 5846 elanguit,
3131 5772 3220 5841 qui
3274 5771 3453 5824 \‘lnllltt
3505 5773 3559 5822 et
