5428 6582
283 376 390 435 M5
1468 373 1671 430 LIBER
1712 374 2012 445 SEXTUS,
2041 373 2264 432 EPIST.
2306 375 2518 433 XXVII.
3496 380 3604 437 ιιι

280 482 540 544 omnibus
562 491 1068 541 sumentesscutum
1094 484 1238 549 fidei,
1261 485 1313 538 in
1338 499 1447 554 quo
1462 486 1680 555 possitis
1700 488 1882 541 omnia
1917 495 1961 555 Α
1991 487 2196 557 latione
2240 486 2406 555 illius,
2460 485 2553 558 qui
2603 488 2706 543 hoc
2756 485 2990 553 viderat,
3025 487 3361 558 agnovisset,
3410 492 3599 547 occul-

286 575 390 633 lela
421 577 738 647 nequissimi
783 574 941 647 ignea
970 576 1341 647 exstinguere,
1370 584 1424 631 et
1454 577 1666 647 galeam
1695 576 1887 633 salutis

283 668 535 738 accipite,
556 678 611 724 et
638 666 877 739 gladium
908 668 1154 737 spiritus,
1195 669 1337 737 quod
1384 680 1468 724 est
1507 670 1733 725 verbum
1787 669 1885 725 Dei

284 756 557 830 (Ephes.vl
570 758 627 829 .).
642 777 660 809 ι
680 757 791 814 Hoc
807 758 1057 813 videlicet
1072 758 1268 813 bellum
1286 775 1631 830 nequaquam
1646 768 1702 813 et
1725 759 1887 815 Salo-

281 868 406 907 mon
432 854 799 923 ignoraverat,
829 868 952 906 cum
978 851 1194 906 dicebat
1220 870 1233 905 :
1274 869 1292 903 ι
1323 852 1399 906 Ειι
1426 852 1688 906 lectulum
1720 850 1882 906 Salo-

281 945 460 1000 monis
490 948 771 1015 sexaginta
798 944 972 1000 fortes
994 946 1239 1000 ambiunt
1263 960 1330 1001 ex
1356 944 1673 1000 fortissimis
1695 945 1880 1015 Israel,

278 1050 468 1092 omnes
529 1030 775 1091 tenentes
824 1034 1048 1106 gladios,
1103 1046 1158 1090 et
1221 1036 1289 1089 ad
1358 1036 1500 1092 bella
1556 1026 1879 1104 doctissimi,

278 1125 704 1195 uniuscujusque
728 1127 877 1181 ensis
897 1141 1061 1197 super
1086 1125 1265 1181 femur
1287 1142 1446 1181 suum
1474 1136 1698 1198 propter
1728 1129 1882 1181 timo-

276 1234 367 1274 res
394 1230 689 1274 nocturnos
721 1217 899 1291 (Cant.
932 1219 1040 1290 ιιι).
1081 1239 1100 1272 ι
1150 1219 1257 1274 Sed
1298 1222 1390 1289 qui
1422 1220 1651 1291 gladios,
1682 1220 1882 1291 quibus

277 1312 576 1367 adversarii
618 1313 1023 1378 confodiantur,
1073 1322 1380 1379 enumerat,
1422 1314 1588 1368 etiam
1634 1313 1878 1385 clypeos,

275 1402 473 1471 quibus
504 1417 605 1458 nos
643 1406 975 1468 nmniamur,
1008 1403 1351 1473 exsequitur,
1377 1420 1500 1459 cum
1546 1404 1709 1475 paulo
1755 1411 1880 1473 post

274 1493 453 1561 sponsi
482 1509 615 1550 voce
660 1496 725 1549 ad
758 1510 1015 1565 sponSam
1054 1496 1254 1549 dicitur
1283 1514 1295 1551 :
1342 1514 1360 1547 ι
1392 1496 1545 1551 Sicut
1578 1496 1745 1551 turris
1776 1495 1879 1549 Da-

273 1584 361 1637 vid
385 1584 581 1639 collum
603 1591 763 1638 ‘tuum
793 1600 913 1654 quae
941 1586 1206 1640 tedificata
1238 1596 1323 1641 est
1354 1602 1475 1641 cum
1497 1602 1874 1659 propugnacu-

272 1672 356 1738 Iis,
390 1676 534 1730 mille
565 1676 734 1746 clypei
760 1678 996 1745 pendent
1020 1682 1087 1733 ex
1112 1694 1197 1742 ea,
1232 1680 1411 1735 oumis
1448 1690 1725 1734 armatura
1762 1676 1875 1735 for-

271 1766 402 1820 tiuzn
453 1766 632 1837 (Cant.
687 1770 781 1839 Iv).
826 1788 844 1819 ι
905 1769 1005 1836 Qui
1058 1780 1238 1825 autem
1296 1770 1349 1824 bi
1403 1769 1592 1841 .clypei
1646 1770 1874 1841 intelligi

1992 577 2215 632 tandum
2262 592 2384 633 esse
2427 578 2705 648 praecepit.
2751 586 2938 649 atque,
2969 586 3030 632 ut
3061 592 3128 634 ne
3176 579 3264 634 cui
3302 580 3600 647 diceretur,

1990 667 2164 722 donec
2217 668 2436 737 quidem
2476 668 2644 724 abbas
2689 668 2990 734 adviveret,
3023 668 3250 725 omnino
3295 672 3601 739 prohibuit.

1991 756 2091 825 Qui
2124 758 2286 829 paulo
2311 767 2433 828 post
2458 768 2665 815 sancta:
2695 759 3133 815 conversationis
3160 759 3343 816 studio
3364 762 3603 830 deditus,

1988 849 2155 913 obiit;
2202 864 2303 904 nec
2336 849 2497 921 longo
2522 861 2645 921 post
2678 850 2965 906 intervallo
2995 851 3042 906 is
3076 866 3295 922 quoque
3343 854 3429 907 cui
3462 854 3604 907 visio

1988 938 2132 994 facta
2167 940 2363 1004 fuerat,
2420 942 2488 996 ad
2541 942 2832 997 Dominum
2878 958 2945 997 ex
2991 942 3095 998 hac
3145 942 3267 999 luce
3319 944 3600 1014 migravit.

1988 1031 2141 1099 Quod
2170 1032 2425 1089 videlicet
2449 1036 2761 1107 exemplum
2778 1036 2845 1091 ad
2879 1036 3007 1105 quid
3036 1048 3123 1089 me
3144 1036 3290 1091 aliud
3319 1045 3601 1106 provocat,

1986 1123 2089 1177 nisi
2122 1131 2181 1177 ut
2210 1125 2583 1194 occupationis
2610 1126 2999 1182 ecclesiastica:
3035 1126 3460 1181 sollicitudinem
3511 1129 3604 1182 de-

1985 1232 2188 1279 seram.
2219 1230 2384 1287 atque
2428 1218 2497 1273 ad
2528 1218 3011 1289 contemplationis
3058 1218 3306 1289 requiem
3338 1228 3452 1274 tota
3491 1218 3603 1289 spi-

1983 1309 2122 1365 ritus
2151 1310 2399 1366 libertate
2429 1312 2801 1367 contendam?

2057 1401 2165 1458 Sed
2192 1403 2318 1458 dum
2352 1405 2457 1460 hoc
2491 1406 2625 1459 mihi
2676 1421 2775 1475 per
2822 1405 3074 1461 ordinem
3127 1404 3422 1469 diceretur,
3453 1402 3601 1459 aliud

1984 1512 2199 1566 quoque
2229 1496 2331 1552 sub
2360 1498 2553 1551 eodem
2594 1496 2707 1552 fere
2738 1506 3019 1553 momento
3048 1496 3285 1553 relatum
3316 1506 3420 1563 est,
3454 1495 3603 1567 quod

1985 1586 2262 1641 memoria:
2294 1588 2557 1641 mandare
2595 1587 2831 1642 otiosum
2864 1601 2987 1641 esse
3047 1600 3156 1641 non
3216 1585 3411 1649 credo;
3469 1584 3599 1656 quia

1983 1683 2109 1739 licet
2142 1684 2332 1739 adhoc
2362 1686 2641 1754 negotium
2667 1700 2773 1739 non
2801 1684 3094 1754 pertineat,
3129 1682 3196 1737 ad
3232 1681 3326 1735 Dei
3354 1681 3600 1751 omnipo.

1986 1776 2169 1839 tentis,
2220 1777 2304 1830 cui
2339 1776 2603 1845 quidquid
2650 1774 2963 1839 scribimus,
3008 1775 3231 1838 militat,
3283 1773 3443 1828 laude
3490 1786 3598 1827 non

269 1858 522 1924 debeant,
551 1858 693 1913 idem
719 1858 975 1915 Salomon
1008 1862 1058 1914 in
1101 1861 1414 1917 Proverbiis
1438 1862 1730 1917 manifeste
1772 1864 1867 1917 de-
1905 1854 2153 1921 B'vacat.
2197 1864 2505 1922 Richardus
2527 1868 2687 1937 plane
2721 1876 2905 1922 rector
2946 1866 3287 1931 monasterii,
3313 1865 3400 1921 cui
3432 1863 3597 1921 Cam-

268 1947 457 2013 clarat,
485 1965 608 2004 cum
636 1951 767 2005 dicit
794 1969 806 2004 :
843 1971 859 2002 ι
894 1951 1084 2008 Omnis
1108 1968 1288 2007 sermo
1314 1954 1407 2009 Dei
1429 1954 1631 2024 ignitus
1651 1954 1873 2026 clypeus

267 2048 351 2094 est
385 2043 733 2110 sperantibus
782 2043 835 2097 in
885 2060 943 2099 se
974 2044 1157 2114 (Prov.
1192 2046 1366 2115 xxxi).
1406 2066 1423 2099 ι
1472 2047 1571 2101 Diu
1604 2057 1706 2111 est,
1737 2048 1873 2102 dile-

266 2131 508 2187 ctissime
550 2133 743 2199 frater,
775 2134 920 2204 quod
962 2136 1055 2189 tibi
1101 2137 1247 2205 loqui
1276 2138 1445 2193 aridis
1476 2138 1732 2192 desiderii
1765 2137 1869 2193 mei

266 2221 514 2279 faucibus
541 2226 706 2291 sitivi,
733 2242 878 2282 nunc
899 2238 1120 2297 accepta
1152 2231 1457 2292 occasione,
1485 2232 1612 2285 dum
1629 2231 1813 2284 viuum
1839 2246 1868 2283 a

264 2329 450 2372 mensa
488 2321 876 2375 monachorum
923 2321 1119 2390 repuli,
1150 2323 1411 2380 uberibus
1439 2310 1526 2379 me
1549 2339 1866 2380 sermonum

263 2405 451 2463 rivulis
472 2411 687 2465 satiavi.

782 2522 1118 2578 EPISTOIA
1150 2523 1340 2581 XXIV.

684 2629 713 2666 Α
725 2630 752 2667 D
790 2630 1074 2670 lIONESTllM
1121 2630 1428 2670 IIIlNACiZUM.

498 2704 765 2775 (IIabclttr
794 2717 920 2761 (om.
948 2708 1065 2771 III,
1102 2720 1281 2779 estque
1303 2726 1481 2777 opusc.
1514 2708 1629 2779 48.)

691 2797 860 2867 218
898 2798 1231 2853 l‘LPlS'I'OLA
1267 2797 1431 2852 XXV.

725 2904 792 2942 AD
812 2903 1051 2943 JOANNEM
1084 2904 1396 2944 NONACIIUM.

260 2977 664 3035 Ancuusuruu.
696 3011 769 3023 —
792 2981 1045 3037 Defendit
1077 2997 1135 3035 se
1162 2993 1353 3037 contra
1379 2980 1645 3036 Joannem
1678 2998 1866 3052 quem—

328 3052 451 3123 dam
502 3051 863 3123 monacbum,
910 3053 1001 3121 qui
1051 3052 1197 3105 illum
1250 3053 1679 3120 reprehenderat
1722 3058 1867 3123 quod

327 3122 697 3191 episcopatum
721 3122 991 3192 deponere
1019 3123 1071 3176 in
1108 3123 1292 3177 animo
1321 3124 1577 3178 habebat.

1977 1961 2222 2029 porizeui
2259 1960 2583 2015 vocabulum
2632 1970 2738 2023 est,
2790 1961 2896 2015 hoc
2926 1974 2986 2015 se
3033 1960 3201 2015 certis
3231 1956 3595 2027 quorumdam

1978 2053 2331 2107 relationibus
2378 2052 2634 2107 didicisse
2686 2051 2932 2105 narravit
2974 2069 2987 2104 :
3041 2048 3197 2117 Quod
3240 2050 3328 2102 vir
3369 2045 3592 2117 quidam

1974 2161 2037 2201 ex
2072 2144 2462 2215 Longobardia:
2493 2142 2743 2212 partibus
2772 2158 2896 2196 cum
2923 2156 3097 2195 uxore
3123 2138 3284 2195 simul
3327 2138 3394 2192 ad
3424 2151 3591 2193 vene—

1975 2236 2140 2288 randa
2178 2234 2461 2288 beatorum
2495 2231 2867 2300 apostolorum
2922 2230 3112 2283 limina
3184 2227 3589 2292 contendebat;

1970 2338 2209 2393 cumque
2232 2324 2409 2379 lacum
2452 2322 2657 2377 Vulsini
2684 2321 2907 2378 obvium
2932 2321 3099 2391 219
3120 2321 3302 2374 viator
3333 2318 3590 2383 haberet,

1970 2414 2243 2485 navigium
2311 2413 2606 2483 piscatoris
2667 2413 2984 2485 ingressus,
3041 2410 3224 2479 pisces
3273 2407 3438 2474 emit;
3498 2406 3594 2463 sed

1970 2520 2224 2560 reversus
2256 2505 2323 2558 ad
2352 2504 2526 2568 littus,
2559 2503 2925 2573 marsupium,
2965 2502 3018 2556 in
3042 2503 3170 2571 {quo
3198 2499 3285 2554 bis
3309 2497 3593 2553 duodenos

1971 2615 2318 2655 nummorum
2355 2598 2708 2668 Papiensium
2752 2597 2955 2653 solidos
2982 2597 3275 2661 habuerat,
3304 2609 3364 2650 se
3406 2594 3592 2665 perdi-

1969 2690 2115 2743 disse
2153 2688 2429 2758 cognovit.
2487 2687 2737 2758 Cumque
2781 2703 2922 2742 uxor
2969 2688 3089 2757 ejus
3136 2696 3367 2757 propter
3421 2684 3588 2740 vilem

1968 2794 2180 2834 coenam
2214 2793 2434 2848 gravem
2474 2794 2535 2833 se
2582 2788 2912 2849 quereretur
2943 2778 3232 2848 pertulisse
3281 2777 3586 2847 jacturam,

1968 2869 2054 2923 vir
2080 2869 2468 2939 magnanimus
2493 2870 2599 2924 hoc
2624 2870 3012 2940 aequanimiter
3047 2870 3187 2934 tulit,
3231 2868 3589 2939 doloremque

1970 2963 2217 3034 conjugis
2244 2962 2459 3018 blandis
2480 2962 2958 3017 adhortationibus
2980 2961 3157 3017 lenire
3179 2961 3424 3017 curavit:
3452 2960 3583 3026 Sex,

1971 3056 2167 3127 inquit,
2196 3057 2374 3111 adhuc
2417 3056 2769 3111 denariorum
2824 3055 3155 3110 Lueensium
3196 3053 3367 3109 libras
3417 3054 3591 3109 habe-

1975 3162 2115 3211 mus,
2149 3146 2309 3217 hujus
2333 3161 2562 3201 summas
2592 3146 2863 3200 duntaxat
2892 3145 3173 3214 impendio
3204 3143 3451 3198 valemus
3483 3141 3589 3197 iter

332 3211 541 3308 mm”
592 3209 780 3308 19‘s”
834 3211 1089 3308 milii“?
1140 3214 1280 3278 Vim’
1331 3212 1549 3270 manus
1604 3216 1935 3285 Ρρθθθίθνθ
1970 3251 2217 3297 nostrum
2247 3241 2473 3295 honeste
2502 3240 2829 3308 transigere.
2882 3236 3019 3291 Nam
3060 3238 3243 3293 divina
3292 3235 3584 3291 clementia

258 3306 558 3361 monachus
581 3305 811 3360 salutem
846 3306 898 3359 in
934 3306 1180 3361 Domino.

329 3393 484 3462 Quod
509 3396 880 3466 episcOpatum
925 3411 1008 3451 me
1042 3396 1349 3467 relinquere
1378 3398 1515 3453 velle
1541 3413 1855 3466 succenses,

256 3486 499 3557 meisque
520 3488 842 3542 utilitatibus
859 3489 1215 3558 prospiciens.
1246 3489 1512 3555 consulis,
1534 3500 1595 3543 ut
1610 3506 1744 3558 pace
1767 3500 1857 3546 tua

254 3578 467 3648 loquar,
513 3596 651 3645 rem,
695 3580 891 3645 fateor,
917 3580 1091 3636 oculis
1134 3582 1512 3651 spiritualibus
1544 3599 1651 3638 non
1680 3592 1859 3638 atten-

252 3672 358 3727 dis.
394 3673 497 3728 Tot
531 3674 673 3728 enim
704 3690 996 3730 causarum
1037 3674 1382 3729 s'ecularium
1413 3676 1654 3731 tenebris
1682 3678 1853 3733 obvo-

251 3762 419 3831 lutus,
470 3766 643 3821 intimi
674 3766 894 3821 luminis
923 3767 1224 3821 claritatem
1269 3768 1453 3822 videre
1496 3784 1605 3822 non
1657 3768 1851 3834 valeo;

253 3852 318 3907 ad
360 3854 777 3924 contemplanda
822 3858 1130 3926 spiritualia
1158 3858 1442 3913 confusam
1472 3860 1636 3915 nimis
1666 3870 1721 3915 et
1752 3862 1851 3916 ob-

252 3953 430 4000 tusam
457 3946 653 4001 mentis
682 3946 857 4002 aciem
890 3948 1097 4003 attollo.
1132 3948 1273 4005 Ante
1303 3959 1511 4019 septem
1546 3950 1659 4005 fere
1681 3966 1855 4007 annos

254 4036 422 4094 abbas
459 4041 776 4095 monasterii
802 4042 868 4095 ad
912 4043 1176 4103 honorem
1208 4045 1265 4097 B.
1308 4044 1453 4099 Petri
1490 4047 1542 4099 in
1589 4047 1854 4103 Perusino

252 4129 513 4184 suburbio
551 4133 856 4193 constituti,
886 4135 1162 4189 commissi
1195 4135 1299 4192 sibi
1341 4138 1621 4208 regiminis
1661 4154 1850 4193 curam

250 4222 457 4290 sprevit
484 4232 862 4293 rectorrmque
894 4224 993 4280 loci
1019 4226 1235 4282 sibimet
1265 4244 1331 4283 ex
1369 4229 1681 4297 apostolicae
1708 4230 1853 4285 sedis

250 4314 577 4367 auctoritate
607 4316 909 4381 substituit,
943 4318 1007 4371 de
1035 4334 1144 4387 quo
1167 4318 1298 4373 mihi
1328 4318 1617 4373 Rainerius
1659 4317 1851 4387 judex,

248 4400 335 4456 vir
355 4402 601 4458 videlicet
634 4405 859 4476 insignis
887 4418 940 4461 et
986 4408 1255 4463 facundia:
1289 4409 1471 4478 lepore
1500 4410 1848 4479 conspicuus,

250 4507 423 4560 nuper
452 4494 640 4553 retulit
676 4496 819 4565 quod
849 4512 1065 4552 enarro.
1100 4500 1304 4567 Abbas,
1335 4501 1510 4571 inquit
1540 4502 1646 4565 ille,
1696 4513 1849 4573 post-

250 4597 413 4651 quam
444 4600 473 4639 a
508 4587 736 4655 depositi
773 4590 1051 4657 regiminis
1080 4591 1555 4647 administratione
1586 4595 1847 4660 cessavit,

250 4676 491 4744 quotidie
521 4678 717 4733 missas
754 4680 968 4750 gemino
995 4681 1307 4737 celebrabat
1338 4684 1549 4748 officio;
1581 4685 1666 4738 cui
1694 4695 1849 4753 pater

252 4781 407 4820 meus
439 4766 545 4832 iam
579 4778 890 4832 veteranus,
922 4788 1083 4840 quem
1135 4772 1235 4827 ille-
1267 4773 1468 4828 dudum
1519 4775 1848 4830 monachum

248 4854 470 4919 fecerat,
522 4858 573 4912 in
606 4860 772 4913 divini
804 4862 983 4917 cultus
1028 4864 1243 4920 assidue
1293 4865 1639 4921 ministrabat
1686 4867 1846 4922 obse-

249 4948 411 5015 quii‘.
441 4948 682 5014 Quadam
732 4953 913 5021 itaque
942 4955 1029 5007 die
1062 4956 1188 5009 dum
1244 4956 1484 5025 pet-lecto
1532 4958 1846 5028 Evangelia,

250 5034 605 5091 cmlestesille
633 5040 882 5093 victimas
914 5042 1289 5099 immolaturus
1316 5055 1482 5109 esset,
1520 5054 1673 5115 pater
1695 5063 1847 5102 meus

250 5138 445 5194 agnum
471 5124 625 5193 juxta
660 5127 832 5183 altare
862 5131 1007 5185 videt
1056 5134 1336 5196 assistere,
1380 5152 1541 5205 quem
1589 5152 1711 5190 cum
1742 5152 1843 5191 vo-

248 5212 437 5269 luisset
463 5226 685 5285 rcpeute
716 5220 1012 5289 eurripcrc,
1047 5224 1401 5280 tremefactus
1439 5228 1677 5295 expavit,
1727 5243 1843 5280 ma-

250 5319 488 5376 numque
517 5306 569 5361 in
603 5300 723 5362 eum
749 5313 1043 5367 extendere
1073 5330 1180 5369 non
1213 5320 1572 5391 prmsumpsit.
1601 5320 1845 5387 Cumque

248 5396 316 5452 ad
348 5397 400 5452 i.l
441 5408 759 5469 perventum
787 5413 933 5458 esset
971 5414 1029 5458 ιιι
1072 5422 1268 5476 corpus
1318 5409 1657 5465 Dominicum
1699 5410 1846 5464 fran-

252 5498 500 5559 geretur,
552 5492 835 5559 praefatum
893 5512 1091 5565 agnum
1139 5515 1303 5568 super
1360 5518 1603 5556 mensam
1658 5503 1844 5557 altaris

251 5577 403 5646 vidit,
431 5597 590 5651 quem
616 5583 740 5637 dum
766 5585 886 5640 fixis
910 5588 1191 5644 obtutibus
1219 5591 1393 5645 denuo
1418 5594 1731 5659 miraretur,
1760 5611 1843 5650 re-

254 5679 411 5738 pente
439 5671 726 5742 disparuit.
760 5674 912 5742 Quod
937 5678 1065 5733 dum
1095 5682 1425 5739 venerabilis
1453 5685 1621 5742 abbas
1657 5702 1723 5742 ex
1756 5703 1841 5743 re-

323 5782 433 5851 (ll't')
468 5784 638 5854 Epist.
676 5786 833 5856 hujus
866 5788 986 5845 fluis
1017 5790 1191 5847 desid.
1224 5793 1273 5848 in
1306 5811 1435 5849 mss.

1880 4577 1928 4637 D

1962 3349 2058 3391 sua
2094 3330 2477 3387 benedictione
2510 3330 2827 3399 dignabitur
2855 3338 3058 3383 nostrae
3095 3328 3330 3397 jactura:
3361 3326 3584 3395 dispen-

1962 3426 2110 3480 dium
2139 3437 2516 3493 compensare.
2546 3419 2774 3475 Factum
2798 3427 2885 3474 est
2916 3430 3123 3483 autem,
3169 3431 3319 3481 cum,
3362 3414 3587 3486 expedi-

1962 3520 2109 3573 tione
2159 3525 2404 3589 peracta,
2459 3514 2718 3586 praefatus
2751 3514 2835 3567 vir
2883 3510 3039 3583 juxta
3090 3511 3343 3565 eumdem
3402 3509 3581 3563 lacum

1958 3610 2247 3665 metiretur
2297 3608 2638 3676 hospitium,
2701 3605 2871 3675 cmpit
2930 3602 3365 3674 gratulabundus
3418 3599 3585 3655 sociis

1959 3701 2177 3755 dicere:
2215 3697 2352 3764 Quia
2390 3696 2542 3750 lacus
2575 3696 2697 3761 iste,
2742 3694 2973 3758 fratres,
3010 3693 3165 3747 nobis
3198 3690 3381 3745 intulit
3429 3691 3582 3745 dam-

1960 3805 2111 3854 num,
2151 3788 2375 3858 diguum
2408 3786 2655 3858 profecto
2703 3796 2807 3849 est,
2856 3792 2917 3839 ιιι
2958 3782 3265 3837 auxiliante
3317 3782 3452 3845 Deo,
3512 3780 3583 3836 ad

1960 3882 2185 3954 propria
2232 3879 2643 3952 repedantibus,
2698 3878 2879 3933 laetum
2911 3877 3177 3946 praebeat,
3222 3890 3287 3928 ac
3335 3874 3582 3930 solemne

1957 3976 2266 4031 convivium
2295 3990 2309 4028 :
2336 3984 2391 4029 et
2412 3989 2712 4030 conversus
2736 3972 2804 4026 ad
2837 3970 3097 4027 accolas:
3131 3969 3282 4037 Quis,
3317 3969 3410 4030 ait,
3445 3966 3579 4023 mihi

1955 4066 2323 4121 distraeturus
2381 4072 2468 4119 est
2528 4063 2815 4117 duodecim
2870 4061 3264 4115 numismatum
3325 4055 3579 4127 piscem?

1955 4158 2053 4215 Cui
2100 4160 2341 4228 piscator
2372 4158 2660 4217 assistens,
2702 4162 2904 4225 prtcsto
2954 4150 3279 4222 respondit:
3313 4147 3575 4204 Venalem

1953 4248 2202 4320 profecto
2254 4249 2462 4320 piscem
2512 4247 2779 4316 optimum
2818 4245 2997 4300 habeo
3030 4284 3045 4309 ,
3107 4242 3202 4297 sed
3259 4240 3576 4311 quindecim

1955 4340 2144 4411 procul
2174 4340 2341 4394 dubio
2394 4338 2526 4393 mihi
2556 4338 2810 4393 denarios
2842 4334 3185 4399 numerabis,
3217 4333 3261 4387 si
3299 4347 3423 4387 eum
3475 4330 3576 4386 tibi

1954 4428 2236 4485 vindicare
2264 4429 2521 4484 volueris.
2575 4428 2751 4495 Quam
2787 4428 2875 4481 ille
2908 4440 3179 4480 summam
3215 4438 3321 4477 non
3352 4430 3576 4477 cuncta-

1956 4538 2043 4583 tus
2071 4527 2325 4590 exsolvit,
2355 4536 2709 4597 emptumque
2751 4524 2954 4595 piscem
2998 4522 3180 4587 uxori,
3221 4528 3281 4574 ut
3310 4518 3571 4574 exculcn-

1958 4620 2063 4674 tius
2085 4627 2396 4688 pararetur,
2422 4617 2678 4687 injunxit.
2701 4615 2873 4683 Quem
2898 4614 3094 4668 mulier
3115 4623 3169 4667 ut
3203 4610 3569 4675 exenteravit,

1956 4710 2008 4763 iu
2041 4710 2302 4764 intestino
2333 4706 2452 4776 ejus
2475 4706 2776 4762 folliculum
2808 4722 2933 4760 cum
2964 4704 3158 4775 viginti
3190 4711 3427 4773 quatuor
3469 4700 3572 4755 Pa-

1953 4802 2159 4873 piensis
2210 4810 2444 4857 monetae
2488 4801 2676 4856 solidis
2730 4801 2955 4868 reperit.
3012 4797 3167 4853 Tunc
3212 4810 3425 4863 omnes,
3476 4794 3571 4865 qui

1955 4897 2204 4963 aderant,
2248 4897 2301 4951 in
2345 4912 2639 4951 commune
2666 4895 2872 4967 gratias
2901 4894 3148 4947 referunt
3185 4898 3241 4946 et
3288 4890 3343 4943 in
3380 4902 3570 4943 succe-

1956 4987 2211 5043 dentibus
2237 4989 2338 5043 sibi
2364 4989 2596 5059 jacturis
2628 5002 2846 5056 semper
2874 4986 2927 5039 in
2981 4986 3091 5039 Deo
3122 4998 3275 5053 spem
3321 4996 3443 5037 esse
3471 4994 3571 5052 po-

1954 5078 2189 5133 nendam
2215 5080 2590 5134 indubitanter
2612 5086 2917 5148 agnoscunt
2948 5076 3084 5147 (97).

2470 5170 2808 5226 EPISTULA
2851 5169 2946 5224 XX
2961 5170 3043 5224 VI.

1951 5278 2020 5315 AD
2046 5278 2288 5318 lARlNUl-I
2327 5277 2467 5319 SUUM
2502 5279 2846 5327 ρλτιιυειειι,
2880 5278 3171 5317 ΗΟΝΑΕΙῘΙΙΜ
3208 5275 3559 5317 ειλεεεκεειι.

2172 5353 2440 5426 (IIabelur
2478 5365 2605 5407 (om.
2652 5354 2773 5416 Ill,
2807 5366 2983 5422 estque
3015 5370 3195 5423 opusc.
3238 5353 3349 5425 49.)

2460 5446 2795 5501 EPISTULA
2851 5445 3062 5499 XXVII.

2236 5551 2305 5589 AD
2334 5552 2549 5591 PETRI}!
2578 5552 2926 5590 CEDEBROSUI
2960 5552 3270 5592 MONACHUH.

1950 5626 2351 5683 ARGUMENTUI.
2368 5659 2441 5669 -—
2456 5629 2593 5683 Tota
2625 5629 2741 5683 haec
2758 5629 2985 5697 epistola
3002 5640 3195 5685 contra
3220 5628 3437 5683 Petrum
3458 5625 3556 5681 Ce-

2024 5700 2305 5752 rebrosum
2336 5700 2666 5756 monaclmm
2693 5702 2901 5771 scripta
2935 5708 3039 5767 est,
3059 5716 3221 5770 quem
3253 5714 3377 5755 cum
3406 5698 3555 5767 prius
