5428 6562
276 374 375 429 ΗἹ

279 492 366 544 tite
381 483 646 558 judicium
677 469 980 550 imponunt.
1029 475 1165 530 Nam
1209 484 1265 530 et
1306 477 1434 529 ante
1479 488 1598 537 nos,
1628 469 1881 526 omnibus
1910 473 1962 530 Λ

279 580 394 636 fere
451 576 657 634 sanctis
687 570 1037 628 monasteriis
1070 571 1186 624 haec
1241 567 1542 638 disciplina:
1569 565 1756 637 regula
1788 579 1902 619 nc-.

277 683 553 742 quaquam
584 664 686 719 fuit
714 662 990 731 incognita
1027 660 1131 716 etsi
1163 675 1271 714 non
1317 658 1454 713 adeo
1482 657 1834 728 frequentata
1862 673 1876 721 ;

277 763 419 817 unde
464 768 520 814 et
555 755 796 826 singulos
825 767 999 810 annos
1040 750 1377 822 poenitentiae
1416 749 1655 804 millenis
1701 749 1882 818 scopis

278 855 546 911 redimere
597 857 1021 905 consueverunt.
1055 845 1135 900 Tu
1175 859 1392 914 quoque
1429 859 1537 897 non
1582 842 1883 912 disciplina:

279 946 544 1017 regulam,
579 944 673 999 sed
724 939 985 1010 longioris
1037 935 1343 1006 disciplinre
1387 935 1680 990 detestaris
1739 934 1882 989 insa-

277 1040 448 1103 niam,
483 1053 584 1092 nee
616 1036 893 1107 improbas
929 1050 1052 1088 cum
1103 1030 1390 1100 disciplina
1446 1030 1551 1084 dici
1583 1026 1878 1098 psalmum,

277 1129 370 1184 sed
415 1126 814 1198 perhorrescis,
882 1133 943 1180 ut
999 1124 1350 1179 continuetur
1413 1136 1536 1174 cum
1591 1117 1879 1188 disciplina

275 1219 620 1276 Psalterium.
679 1218 784 1273 Sed
809 1219 938 1283 .dic,
978 1219 1233 1280 obsecro,
1264 1215 1459 1277 frater,
1490 1223 1549 1268 ut
1591 1228 1712 1268 cum
1746 1227 1881 1282 pace

281 1319 372 1363 tua
421 1308 632 1378 loquar,
667 1307 957 1362 detestaris
983 1307 1127 1372 illas,
1165 1321 1286 1375 qua:
1334 1319 1398 1358 ex
1454 1317 1607 1357 more
1654 1301 1794 1356 fiunt
1823 1303 1877 1355 in

274 1398 510 1469 capitulo
542 1398 906 1468 disciplinas?
956 1398 1186 1453 damnas
1224 1396 1478 1451 fortassis
1519 1405 1573 1450 et
1601 1395 1705 1450 hoc
1733 1395 1880 1465 quod

275 1505 418 1562 sazpe
467 1489 627 1545 fratri
665 1493 732 1545 de
789 1490 893 1544 levi
942 1489 1189 1561 qualibet
1241 1488 1545 1544 offensione
1601 1486 1876 1554 confesso,

274 1583 493 1637 vicenas
538 1579 796 1646 fortasse,
845 1580 949 1644 vel,
1014 1588 1074 1635 ut
1131 1579 1391 1644 multum,
1459 1578 1878 1649 quinquagenas

273 1674 560 1729 verberum
627 1672 813 1744 plagas
875 1673 1063 1728 subire
1129 1671 1524 1743 prmeipimus?
1591 1670 1700 1726 Sed
1750 1672 1878 1740 quia

274 1766 570 1838 disciplinac
602 1766 718 1820 istze
743 1765 810 1820 ad
836 1764 1180 1820 tolerandum
1223 1765 1373 1820 leves
1399 1775 1528 1820 sunt
1554 1773 1608 1820 et
1640 1765 1874 1836 exigua),

1433 355 1638 413 [ΑΒΕιῖ
1668 354 1968 424 SEXTUS,
2002 353 2223 412 EPIST.
2256 354 2494 411 XXVIII.

3499 355 3608 412 διε

2488 465 2829 524 EPISTOLA
2873 466 3106 524 XXVIII.

2627 580 2695 618 AD
2732 579 2976 618 EUIDEM.

1987 656 2391 712 ARGUMENTUI.
2426 687 2495 696 —
2522 656 2670 710 Duas
2699 656 3033 725 quaestiones
3076 653 3180 708 sibi
3223 667 3252 707 a
3292 651 3455 708 Petro
3493 667 3610 708 mo-

2061 728 2235 780 naclio
2282 728 2594 797 propositas
2640 726 2911 782 dissolvit.
2946 725 3130 797 Prima
3168 733 3307 789 erat,
3347 739 3447 797 cur
3488 738 3610 777 ma-

2057 813 2197 864 gnus
2223 795 2523 866 GregOrius
2565 799 2798 852 dixisset
2851 797 2974 851 ideo
3014 795 3264 860 divitem,
3313 796 3405 863 qui
3447 809 3609 865 opem

2057 868 2271 922 Lazaro
2327 871 2580 924 mendico
2639 869 2785 923 ferre
2841 867 3195 934 contempsit.
3256 868 3322 920 ad
3367 874 3610 920 aeternos

2058 940 2334 994 cruciatus
2380 941 2698 994 damnatum
2753 939 2900 1003 ’essc,
2943 939 3070 1006 quia
3104 939 3204 990 sub
3235 935 3386 990 Novo
3416 936 3610 991 Testa-

2061 1019 2270 1076 mento,
2302 1010 2354 1063 in
2386 1027 2496 1080 quo
2527 1011 2905 1064 misericordia
2959 1010 3013 1062 in
3060 1021 3331 1077 pauperes
3361 1006 3610 1080 praecipi-

2059 1089 2170 1143 tur,
2196 1091 2358 1136 natus
2387 1079 2524 1136 erat.
2559 1082 2744 1136 Altera
2786 1081 3020 1150 quaestio
3047 1081 3114 1132 de
3145 1080 3278 1150 vitio
3317 1079 3612 1150 curiosita.

2059 1153 2157 1216 tis;
2194 1153 2260 1205 de
2298 1169 2406 1221 quo
2452 1151 2599 1206 idem
2640 1152 2697 1206 S.
2742 1148 2936 1206 ductor
2985 1149 3324 1205 mentionem
3372 1148 3604 1210 fecerat.

2057 1222 2202 1291 quod
2234 1223 2322 1278 hic
2346 1224 2479 1291 quid
2506 1225 2599 1289 sit,
2630 1224 2962 1277 ostenditur.

2057 1312 2245 1368 Pmno
2266 1314 2598 1369 charissimo
2627 1315 2809 1380 fratri,
2842 1315 3063 1369 Psraus
3087 1313 3342 1370 salutem.

2058 1403 2270 1471 Quaeris
2319 1423 2349 1459 a
2405 1423 2512 1472 me,
2567 1408 2927 1462 dilectissime
2984 1407 3080 1472 fili,
3125 1407 3256 1476 quid
3307 1404 3411 1461 sibi
3451 1404 3606 1468 velit,

1986 1499 2132 1566 quod
2162 1499 2215 1551 in
2247 1499 2470 1554 liomilia
2509 1501 2695 1555 divitis
2729 1501 2790 1556 B.
2820 1500 3123 1572 Gregorius
3166 1501 3244 1554 ait
3293 1499 3500 1571 (liomif.
3536 1497 3609 1554 40

1985 1591 2040 1643 in
2091 1589 2355 1662 Evang.):
2418 1591 2723 1647 «Nonnulli
2790 1580 3323 1663 putantpmecepta
3389 1589 3609 1646 Veteris

1987 1681 2332 1738 Testamenti
2381 1683 2720 1740 districtiora
2749 1701 2872 1740 esse
2896 1701 3060 1754 quam
3094 1684 3229 1739 Novi
3257 1699 3274 1736 :
3305 1685 3404 1740 sed
3433 1684 3491 1739 hi
3521 1684 3608 1738 ni-

1985 1774 2186 1828 mirum
2244 1773 2550 1844 improvida
2602 1774 3048 1828 consideratione
3078 1772 3362 1827 falluntur.
3406 1772 3464 1826 ln
3514 1771 3609 1826 illo

274 1868 436 1929 atque
462 1858 608 1913 inter
639 1857 838 1913 fratres
866 1857 1195 1930 regulariter
1236 1864 1494 1922 assuetae,
1519 1856 1872 1927 perspicuum
1907 1859 1952 1918 Β
1980 1865 2127 1919 enim
2170 1879 2278 1919 non
2341 1875 2418 1918 ten

1464 1874 1494 1922 ε,
1519 1856 1872 1927 Perspicuum
1907 1859 2127 1919 Benim
2170 1879 2278 1919 non
2341 1864 2579 1930 tenacia,
2639 1865 2737 1919 sed
2799 1864 2992 1934 rapina
3043 1863 3346 1929 multatur;
3382 1862 3458 1917 ibi
3517 1877 3608 1917 res

273 1961 356 2008 cst
383 1953 508 2022 quia
557 1968 665 2008 non
709 1953 960 2022 derogas,
1007 1967 1118 2007 non
1179 1950 1558 2022 reprehendis,
1587 1965 1656 2005 ne
1678 1957 1873 2004 contra

274 2060 618 2100 communem
675 2044 849 2098 sancti
909 2043 1119 2098 ordinis
1173 2043 1626 2098 consuetudinem
1688 2042 1876 2096 venire

271 2132 530 2189 videaris.
573 2133 690 2204 Age
755 2132 942 2203 igitur,
998 2133 1044 2189 si
1099 2133 1530 2204 quinquagenas,
1562 2140 1624 2186 ut
1666 2131 1887 2187 dictum-

271 2236 373 2294 cst,
412 2227 538 2283 licet
571 2226 876 2297 imponere,
920 2241 1018 2280 cur
1065 2241 1174 2281 non
1219 2225 1387 2279 etiam
1422 2238 1742 2295 sexagenas,
1792 2223 1878 2277 vel

272 2320 455 2386 etiam,
493 2318 537 2374 si
567 2317 946 2388 praesumimus
972 2317 1176 2387 dicere,
1204 2331 1377 2386 usque
1398 2316 1699 2370 centenas?
1719 2314 1877 2382 Quod

273 2411 319 2467 si
345 2410 721 2467 centenarium
758 2411 812 2465 in
854 2410 961 2466 hoc
986 2410 1091 2480 pize
1122 2409 1430 2465 devotionis
1458 2408 1733 2464 sacrificio
1770 2424 1864 2463 nu.

272 2517 480 2558 merum
518 2503 645 2558 licet
687 2503 976 2573 attingere,
1009 2519 1110 2558 cur
1137 2517 1246 2558 non
1277 2502 1443 2557 etiam
1480 2502 1873 2567 ducentorum,

271 2608 493 2650 curuon
517 2603 906 2658 trecentorum,
940 2591 1491 2663 quadringentorum,
1525 2592 1690 2661 222
1716 2592 1878 2661 quin-

273 2685 599 2757 gentorum?
630 2699 729 2738 cur
775 2693 924 2738 certe
971 2691 1028 2737 et
1067 2683 1456 2748 millenarium,
1507 2697 1572 2737 ac
1620 2682 1878 2752 deinceps

277 2795 382 2834 non
407 2778 567 2834 liceat
591 2787 835 2833 attexere
873 2775 1206 2832 numerum?
1235 2775 1370 2830 satis
1399 2775 1547 2829 enim
1578 2775 1873 2829 absurdum

277 2877 380 2935 est,
407 2880 463 2924 ut
483 2869 638 2939 cujus
665 2869 742 2922 rei
767 2883 894 2936 pars
925 2867 1149 2920 minima
1174 2873 1329 2934 grate
1356 2864 1674 2936 suscipitur,
1701 2864 1879 2918 maxi—

275 2978 362 3016 ma
395 2961 714 3031 reprobetur
740 2967 794 3013 et
821 2957 983 3012 nimis
1007 2957 1246 3028 ineptum
1277 2964 1361 3012 est
1385 2957 1555 3021 credi,
1589 2965 1648 3010 ut
1670 2955 1874 3010 bonum

272 3052 398 3122 quid
428 3051 622 3106 debeat
654 3049 834 3118 incipi,
862 3049 957 3102 sed
990 3062 1098 3104 non
1123 3047 1475 3117 permittatur
1492 3046 1702 3116 augeri.
1728 3045 1877 3113 Quo-

269 3143 429 3198 modo
457 3141 601 3198 enim
636 3148 813 3210 potest
844 3138 983 3204 fieri,
1021 3147 1081 3193 ut
1103 3132 1148 3192 si
1177 3152 1346 3207 parva
1393 3137 1688 3206 disciplina
1719 3136 1871 3206 puri-

269 3233 415 3296 Ilcat,
467 3233 520 3287 in
548 3207 844 3302 conspectu
871 3228 968 3283 Dei
1007 3227 1364 3298 multiplicata
1398 3227 1699 3281 sordescat.
1733 3225 1870 3281 Nam
1899 3207 1945 3269 ί]

269 3325 314 3384 si
339 3326 594 3380 diurnum
617 3321 884 3390 jejunium
915 3320 1117 3375 bonum
1169 3328 1275 3384 est,
1306 3318 1632 3384 biduanum,
1675 3327 1734 3383 et
1780 3317 1876 3372 tri-

267 3416 503 3472 duanum
543 3413 738 3468 melius
763 3419 866 3466 est.
907 3410 1000 3466 Sic
1049 3409 1296 3480 vigilare,
1355 3407 1437 3463 sic
1487 3408 1741 3479 psallere,
1795 3409 1874 3465 sic

266 3510 534 3574 laborare,
567 3509 647 3564 sic
676 3507 921 3572 obedire,
952 3507 1033 3562 sic
1079 3504 1530 3560 meditationibus
1562 3501 1876 3573 Scriptura-

267 3615 387 3669 rum
445 3599 734 3668 vigilanter
786 3597 1060 3652 insistere.
1115 3595 1507 3665 Unusquisque
1543 3595 1664 3664 pius
1720 3593 1876 3647 labor

267 3705 375 3759 quo
405 3689 666 3760 prolixior
716 3695 823 3752 est,
867 3703 932 3742 eo
974 3687 1349 3757 propensioris
1378 3686 1652 3741 mercedis
1702 3685 1872 3756 gloria

265 3781 460 3852 dignus
497 3787 616 3842 est;
663 3778 841 3831 solum
890 3785 1075 3830 autem
1135 3778 1238 3831 hoe
1283 3777 1505 3846 pietatis
1541 3791 1716 3848 genus
1763 3791 1873 3846 quo

266 3873 441 3940 magis
493 3881 744 3942 augetur,
775 3885 840 3926 eo
893 3869 1134 3924 deterius
1176 3868 1551 3938 iudicabitur?
1595 3869 1762 3936 Dicis,
1814 3879 1872 3925 ut

266 3961 396 4030 quid
417 3964 691 4033 percutior
716 3961 978 4016 carnem?
1009 3960 1345 4030 respondeo:
1381 3971 1440 4014 ut
1461 3961 1591 4030 quid
1621 3961 1871 4030 percutio

266 4054 554 4124 spiritum?
595 4053 737 4110 Dicit
786 4055 931 4108 enim
969 4052 1304 4109 Psalmista:
1348 4073 1367 4105 ι
1405 4053 1766 4108 Exercitabar
1815 4061 1872 4108 et

265 4145 554 4214 scopebam
584 4145 833 4215 spiritum
879 4160 1057 4198 meum
1103 4143 1278 4216 (Psal.
1328 4147 1538 4214 Lxxvi).
1575 4163 1593 4195 ›
1632 4143 1866 4199 Carnem

265 4236 556 4306 siquidem,
598 4244 652 4291 et
702 4235 951 4305 spiritum
986 4250 1171 4305 sc0po,
1201 4235 1293 4304 qui
1320 4250 1408 4289 me
1435 4235 1730 4305 deliquisse
1772 4252 1869 4306 per

266 4344 484 4384 carnem
533 4339 588 4384 ct
637 4328 892 4397 Spiritum
935 4342 1306 4398 recognosco:
1347 4327 1516 4382 Istum
1559 4329 1854 4399 correptio-

269 4433 423 4483 num,
457 4417 602 4471 illam
656 4433 780 4473 cum
837 4418 1052 4472 caeteris
1096 4417 1480 4474 afﬂictionibus
1520 4421 1687 4474 etiam
1745 4436 1864 4490 per-

264 4508 516 4563 cussione
572 4509 870 4576 virgarum,
910 4508 1115 4577 utquia
1146 4508 1268 4562 laeta
1310 4523 1398 4562 me
1443 4524 1574 4565 caro
1608 4509 1863 4564 traxitad

263 4596 498 4667 culpam,
530 4596 725 4652 amicta
759 4597 984 4651 reducat
1018 4599 1086 4652 ad
1109 4598 1348 4653 veniam.
1368 4599 1563 4655 Lorica
1593 4611 1675 4655 est
1703 4601 1865 4656 homo
1900 4569 1951 4629 θ

264 4689 485 4744 indutus
516 4688 583 4743 ad
622 4703 865 4754 carnem,
893 4690 1088 4744 ferreis
1119 4691 1366 4746 membra
1394 4691 1612 4747 diversa
1643 4691 1867 4748 circulis

262 4780 451 4844 ambit,
481 4779 648 4834 mittit
675 4795 798 4834 eum
837 4780 1021 4836 labore
1051 4791 1379 4848 metanmas,
1411 4780 1586 4838 allidit
1618 4783 1672 4837 in
1709 4785 1865 4853 pavi-

261 4881 505 4927 mentum
563 4873 813 4927 crebrius
879 4873 1116 4943 palmas;
1154 4883 1213 4927 ut
1261 4864 1390 4944 quid
1458 4875 1596 4942 haec,
1661 4887 1713 4931 et
1780 4879 1865 4932 his

257 4965 480 5030 similia,
517 4964 620 5020 nisi
659 4975 737 5031 ut,
764 4966 892 5021 dum
931 4983 1030 5036 per
1059 4969 1175 5023 lucc
1197 4985 1398 5040 corpus
1427 4969 1705 5040 affligitur,
1757 4973 1870 5026 ani-

257 5071 364 5112 nuc
428 5057 773 5129 refrigerium
848 5060 1213 5128 procuretur?
1271 5059 1647 5133 Quodcunque
1714 5065 1861 5116 enim

263 5147 394 5203 illud
433 5157 518 5204 est
542 5165 641 5218 per
665 5150 809 5219 quod
844 5166 974 5205 caro
1013 5153 1348 5221 paenitentia:
1395 5169 1559 5209 causa
1590 5154 1864 5209 laceratur

263 5249 425 5310 atque
475 5241 808 5310 percellitur,
841 5257 938 5312 per
987 5243 1088 5298 hoc
1130 5245 1294 5300 homo
1324 5245 1510 5315 procul
1535 5246 1698 5301 dubio
1734 5261 1862 5300 con-

266 5334 423 5387 tracti
453 5343 636 5388 reatus
665 5335 914 5402 squalore
936 5346 1218 5406 purgatur.
1248 5338 1411 5402 Audi,
1436 5339 1565 5407 quid
1597 5355 1683 5394 mc
1703 5354 1864 5394 nosse

263 5424 551 5494 contigerit
608 5426 766 5480 tertio
829 5427 939 5490 die,
1004 5438 1293 5498 postquam
1345 5431 1397 5484 in
1467 5447 1554 5486 me
1606 5441 1711 5486 lure
1755 5448 1860 5487 nan

265 5515 440 5571 dicam
506 5517 876 5588 malignitatis,
929 5523 1023 5577 sed
1089 5523 1458 5593 simplicitatis
1511 5527 1861 5594 phreneticus

263 5608 428 5664 ardor
450 5608 728 5665 incanduit
762 5611 894 5682 (98).

333 5761 450 5833 (98)
487 5761 691 5819 Cretera
725 5767 1103 5824 desiderantur
1132 5772 1182 5824 in
1219 5791 1346 5828 tnss.

1981 1954 2181 2024 injuste
2226 1955 2441 2011 sublata
2481 1956 2830 2011 restitutione
2857 1954 3200 2025 quadruplici
3230 1954 3474 2024 punitur.
3505 1951 3607 2008 [lic

1980 2060 2166 2106 autem
2208 2050 2361 2106 dives
2387 2050 2491 2105 iste
2540 2066 2649 2104 non
2700 2047 2996 2103 abstulisse
3040 2047 3216 2102 aliena
3249 2045 3612 2117 reprehendi-

1983 2153 2091 2211 tur,
2144 2145 2240 2200 sed
2284 2160 2383 2199 sua
2438 2159 2548 2198 non
2584 2143 2823 2213 dedisse.
2861 2147 2897 2195 ι’
2923 2141 3135 2209 Quibus
3185 2139 3376 2209 utique
3427 2137 3609 2194 verbis

1980 2238 2173 2293 docmr
2206 2237 2438 2308 insignis
2468 2237 2573 2291 hoc
2598 2235 2871 2290 duntaxat
2900 2231 3208 2305 approbare
3237 2232 3430 2286 nititur
3453 2231 3607 2301 quia,

1981 2327 2026 2381 si
2059 2327 2211 2384 dives
2261 2326 2351 2382 ille
2380 2327 2435 2380 in
2473 2324 2656 2380 Veteri
2701 2325 3057 2380 Testamento
3102 2321 3295 2377 fuisset
3325 2322 3606 2384 inventus,

1983 2411 2261 2472 tartareis'
2293 2415 2462 2487 223
2504 2416 2685 2486 pomis
2743 2402 3057 2469 nullatenus
3115 2421 3261 2468 esset
3333 2410 3604 2466 addictus.

1979 2506 2143 2562 Juxta
2169 2521 2302 2578 ergo
2326 2507 2470 2561 hanc
2505 2505 2868 2561 assertionem
2895 2504 3103 2560 idcirco
3135 2503 3320 2573 periit,
3345 2502 3474 2572 quia
3505 2500 3609 2557 sub

1981 2616 2122 2656 nova
2152 2601 2327 2670 gratia
2353 2599 2688 2655 constitutus
2716 2597 3076 2669 Evangelium
3102 2612 3328 2653 servare
3361 2606 3608 2651 contem-

1981 2691 2110 2761 psit.
2153 2689 2262 2745 Sed
2311 2689 2608 2756 ediverso,
2640 2697 2697 2744 tu
2752 2687 3014 2755 moveris,
3044 2696 3101 2741 et
3125 2687 3285 2753 dicis,
3327 2685 3608 2757 quomodo

1974 2782 2088 2850 jam
2142 2791 2276 2836 tunc
2333 2781 2545 2837 Novum
2586 2782 3001 2837 Testamentum
3058 2779 3304 2835 illuxisse
3361 2779 3602 2842 dicatur,

1981 2889 2104 2929 cum
2136 2875 2390 2930 Christus
2421 2874 2656 2929 necdum
2709 2874 2765 2928 in
2820 2888 2987 2928 cruce
3016 2887 3336 2941 suspensus,
3371 2872 3603 2925 necdum

1980 2981 2081 3036 per
2108 2966 2534 3021 resurrectionis
2564 2977 2619 3021 et
2648 2963 2989 3020 ascensionis
3021 2963 3252 3033 gloriam
3285 2961 3467 3021 fuerat
3505 2978 3602 3016 su~

1978 3057 2274 3113 blimattts?
2328 3057 2442 3112 [nio
2495 3058 2674 3127 ipsum
2739 3055 3140 3125 Evangelium,
3190 3054 3334 3124 quod
3387 3050 3602 3109 servari

1977 3147 2315 3217 pratcipitur,
2360 3147 2595 3204 necdum
2651 3157 2772 3202 erat
2819 3149 2873 3202 in
2928 3148 3122 3202 orbem
3183 3155 3456 3200 terrarum
3506 3152 3606 3217 per

1979 3240 2357 3309 apostolorum
2406 3256 2504 3295 ora
2561 3238 2842 3294 diffusum.
2892 3237 3181 3294 Postremo
3210 3254 3311 3295 nec
3364 3237 3606 3309 Spiritus

1978 3340 2204 3386 sanctus
2251 3331 2537 3386 hominum
2563 3333 2730 3387 corda
2765 3331 3094 3402 repleverat,
3128 3331 3222 3401 qui
3257 3331 3326 3387 ad
3345 3332 3604 3386 mandata

1978 3424 2248 3480 servanda
2305 3425 2453 3480 vires
2511 3425 2792 3481 mentibus
2855 3425 3240 3480 administrat:
3315 3423 3604 3494 «Spiritus

1977 3524 2199 3571 sanctus
2249 3531 2360 3571 non
2412 3525 2535 3572 erat
2588 3516 2772 3582 datus,
2833 3517 2960 3585 quia
3009 3515 3170 3571 Jesus
3199 3517 3433 3570 necdum
3484 3524 3607 3570 erat

1976 3607 2310 3665 clarificatus
2341 3608 2529 3681 (Joan.
2552 3611 2684 3680 vn).
2721 3629 2739 3661 ι

2049 3700 2189 3756 Huic
2218 3701 2532 3771 quaestioni,
2568 3701 2718 3755 salva
2767 3702 3052 3758 doctorum
3093 3702 3424 3769 reverentia,
3455 3702 3601 3772 quod

1976 3807 2122 3847 nunc
2175 3793 2440 3857 occurrit,
2500 3792 2742 3848 breviter
2791 3793 3191 3861 respondemus
3256 3813 3267 3846 :
3347 3793 3492 3848 Dicit
3547 3795 3600 3848 in

1977 3885 2273 3957 Evangelio
2328 3886 2638 3941 Dominus:
2702 3905 2722 3938 ι
2760 3886 2870 3941 Lex
2904 3899 2957 3942 et
2988 3889 3266 3961 propheta:
3318 3904 3491 3957 usque
3534 3889 3603 3944 ad

1975 3973 2241 4030 Joannem
2287 3974 2508 4046 (Matth.
2573 3975 2674 4048 ιι).
2711 3995 2727 4026 ι
2782 3976 3024 4033 Joannes
3069 3989 3252 4034 autem
3306 3980 3594 4049 praecipit:

1980 4087 1999 4120 ι
2034 4067 2138 4134 Qui
2175 4067 2342 4122 habet
2372 4069 2509 4123 duas
2543 4067 2782 4134 tunicas,
2821 4071 2910 4122 det
2961 4085 3068 4124 non
3102 4068 3324 4124 habenti
3353 4087 3366 4135 ;
3401 4079 3458 4126 et
3507 4071 3602 4140 qui

1973 4161 2142 4215 habet
2193 4176 2366 4223 escas,
2399 4160 2654 4214 similiter
2700 4161 2869 4217 faciat
2906 4160 3060 4232 (Luc.
3099 4163 3207 4229 in).
3243 4181 3261 4214 ι
3298 4162 3456 4218 Sicut
3506 4177 3604 4217 au-

1976 4259 2084 4306 tem
2126 4252 2232 4307 duo
2263 4254 2366 4308 sub
2401 4253 2505 4306 hac
2536 4255 2810 4308 sententia
2837 4264 2969 4309 sunt
3016 4255 3274 4309 mandata
3328 4253 3598 4310 Joannis:

1974 4343 2050 4397 ita
2081 4343 2190 4397 duo
2237 4352 2368 4398 sunt
2413 4353 2642 4414 peccata
2688 4346 2894 4399 divitis.
2949 4347 3054 4400 Iste
3103 4347 3376 4416 siquidem
3426 4347 3597 4401 dicit:

1973 4432 2074 4500 Qui
2098 4435 2263 4489 habet
2289 4437 2427 4490 duas
2465 4436 2701 4500 tunicas,
2734 4437 2824 4490 det
2857 4452 2964 4489 non
2997 4436 3252 4500 habenti;
3289 4437 3378 4491 ille
3409 4437 3603 4491 indue-

1973 4527 2138 4581 batur
2189 4542 2434 4597 purpura
2478 4536 2534 4581 et
2587 4528 2774 4597 bysso.
2817 4528 2918 4595 Qui
2957 4529 3122 4583 habet
3154 4545 3311 4585 escas
3342 4530 3599 4585 similiter

1974 4621 2172 4686 faciat;
2210 4622 2301 4675 ille
2355 4622 2676 4692 epulabatu.
2737 4623 2988 4691 quotidie
3043 4625 3352 4694 splendide,
3412 4627 3506 4679 sed
3543 4627 3596 4680 in

1970 4723 2208 4783 utroque
2263 4713 2432 4768 durus
2484 4723 2541 4768 et
2575 4711 2914 4790 inhunfénus
2965 4715 3335 4780 convincitur,
3389 4717 3516 4769 dum
3548 4725 3604 4770 et

1972 4803 2178 4857 nudum
2233 4801 2503 4858 Lazarum
2562 4820 2730 4858 canes
2781 4804 3080 4875 lingerent,
3138 4821 3238 4859 nec
3274 4806 3500 4860 vestiret
3549 4814 3605 4861 et

1972 4898 2210 4968 cupienti
2249 4900 2437 4952 satiari
2473 4899 2538 4952 de
2593 4900 2777 4964 micis,
2811 4915 2934 4969 quze
2984 4899 3260 4954 cadebant
3292 4899 3358 4954 de
3391 4914 3601 4964 mensa,

1971 4992 2175 5045 victum
2225 4991 2326 5045 sibi
2387 4990 2637 5044 funditus
2689 4992 3010 5060 denegaret.
3073 4990 3269 5059 Magna
3330 5005 3438 5056 res,
3494 5006 3602 5046 non

1976 5081 2196 5144 mirum,
2237 5082 2280 5134 si
2342 5080 2560 5151 longum
2633 5082 2796 5135 habet
2851 5082 3088 5135 initium.
3149 5081 3360 5136 Novum
3418 5083 3605 5153 itaque

1976 5172 2409 5236 Testamentum,
2463 5174 2659 5227 saltem
2713 5185 2978 5243 quantum
3021 5174 3088 5227 ad
3141 5175 3287 5229 hanc
3351 5177 3596 5245 pertinet

1974 5265 2394 5329 humanitatem,
2443 5264 2558 5334 jam
2605 5277 2728 5319 erat
2767 5275 3035 5334 emptum,
3069 5268 3174 5321 etsi
3209 5271 3456 5322 nondum
3500 5285 3601 5324 un-

1975 5359 2136 5426 dique
2169 5366 2318 5412 esset
2341 5359 2406 5410 ad
2441 5357 2832 5426 perfectionem
2859 5374 3030 5429 usque
3064 5360 3413 5427 perductum.
3450 5361 3596 5430 Ergo

1974 5450 2137 5504 datur
2162 5451 2406 5521 intelligi,
2440 5451 2565 5520 quia
2600 5451 2752 5506 dives
2795 5453 2896 5504 iste
2930 5460 3176 5522 tempore
3215 5451 3445 5506 Joannis
3469 5452 3593 5515 fuit,

1975 5544 2068 5596 sed
2100 5541 2215 5609 ejus
2244 5544 2517 5596 mandatis
2559 5545 2941 5613 obtemperare
2991 5545 3338 5612 contempsit.
3371 5542 3446 5598 De
3484 5562 3594 5613 quo

1972 5636 2224 5691 videlicet
2254 5647 2498 5707 tempore
2533 5637 2785 5692 Salvator
2813 5639 2888 5692 ait
2913 5655 2926 5692 :
2968 5659 2984 5689 ι
3021 5641 3062 5692 Δ
3091 5651 3334 5708 tempore
3361 5635 3592 5694 Joannis
