2714 3265
176 535 179 543 ο
192 531 204 547 τ’

204 591 232 606 ’ἐξ
245 607 248 611 ι

184 656 193 657 η
213 666 225 685 ν.
253 662 265 688 Δ

876 176 929 204 M9
1128 175 1157 204 S.
1177 174 1281 204 PETRI
1292 174 1436 204 DAIIANI
1451 173 1528 203 οη).
1549 172 1641 202 PARS
1664 172 1730 201 εει]
1748 172 1866 201 τοιιυδ
1880 171 1900 199 l.
1914 187 1947 192 —

1451 173 1528 203 OPP.
1549 172 1641 202 PARS
1664 172 1730 201 εει]
1748 172 1866 201 τοιυδ
1880 171 1900 199 1.
1914 187 1947 192 -
1967 171 2075 200 εριετ.
2094 171 2157 200 ιω.
2174 171 2240 200 Vill.
2456 172 2511 200 620

873 232 1006 268 Baptista
1029 239 1142 266 regnum
1166 230 1297 259 calorum
1313 230 1367 257 vim
1382 230 1494 266 patitur,
1512 234 1540 258 et
1557 228 1668 256 violenti
1682 231 1706 261 Α

873 278 1008 313 diripiunt
1026 277 1090 305 illud
1103 275 1211 311 (lculi.
1227 277 1277 311 at).
1295 285 1304 302 ι
1321 275 1359 303 Es
1382 283 1437 310 quo
1451 275 1533 310 igitur
1548 280 1668 309 tempore

875 331 991 359 regnum
1007 323 1138 351 culorum
1154 322 1207 349 vim
1225 321 1326 349 dicitur
1344 322 1411 356 pati.
1426 321 1598 356 perspicuum
1613 324 1666 351 est,

874 368 938 403 quia
949 367 1006 403 iam
1019 372 1048 395 et
1059 367 1109 402 legi
1124 367 1244 395 succedit
1256 367 1446 401 Evangelinm:
1459 371 1487 393 et
1501 369 1562 401 post
1573 365 1666 399 Vetus,

875 413 981 441 Novum
990 420 1136 441 coruscam
1150 412 1248 440 merito
1262 413 1362 440 dicitur
1375 412 1589 440 Testamentum.
1603 410 1668 439 Jure

875 465 942 495 ergo
952 459 1027 487 dives
1040 459 1092 486 iste
1105 466 1168 486 cum
1181 458 1305 493 reprobis
1327 462 1369 485 est
1382 457 1526 485 damnatus
1539 457 1566 484 in
1579 462 1667 484 tarta-

877 510 948 535 rum.
973 503 1037 538 quia
1065 510 1128 530 cum
1153 502 1249 530 electis
1263 502 1348 530 noluit
1376 502 1431 529 vim
1461 502 1562 530 inferre
1585 509 1668 537 regno

877 548 1020 577 calorum.

911 593 942 621 Si
957 593 1020 628 quis
1034 597 1126 621 autem
1139 592 1228 622 .nohis
1250 591 1371 626 obiiciat,
1386 592 1459 627 quod
1483 592 1559 620 diviti
1581 592 1667 619 Abra.

876 638 939 666 ham
962 638 1048 666 dicit:
1076 647 1086 663 ι
1101 637 1207 664 Habent
1231 636 1349 672 Moysen,
1365 641 1393 665 et
1414 637 1564 672 Prophetas
1585 637 1665 671 (Lac.

876 683 944 718 xvi).
960 691 969 708 ι
986 683 1038 709 hoc
1050 681 1137 716 ipsum
1155 688 1205 716 pro
1219 682 1298 709 nobis
1312 681 1387 709 facit.
1403 681 1483 713 Nam.
1502 690 1564 710 cum
1585 681 1666 710 Joan-

875 735 924 756 nes
937 735 990 755 non
1010 728 1091 756 modo
1109 728 1240 763 propheta
1263 728 1311 760 ait,
1326 729 1374 756 sed
1398 733 1426 756 et
1445 728 1587 764 plusquam
1605 737 1666 764 pro-

874 773 966 808 pheta,
981 773 1111 808 quidquid
1126 773 1160 799 ad
1175 771 1305 800 Joannem
1320 774 1446 806 mittitur,
1456 774 1490 801 ad
1505 774 1665 809 prophetam

874 816 1064 853 proculdubio
1090 817 1262 850 destinatur;
1284 819 1435 853 pmertim
1472 826 1534 846 cu
1562 824 1589 846 et
1616 820 1664 847 ista

875 862 1010 890 uenientia
1042 861 1156 890 Joannis
1191 863 1364 898 antiquorum
1392 864 1587 898 prophetarum
1613 873 1665 892 non

876 907 1011 935 discordet
1022 907 1150 935 oraculis.
1165 908 1241 943 Apud
1257 908 1330 942 ipsos
1348 909 1422 935 enim
1437 916 1507 944 sepe
1525 909 1577 937 tale
1603 910 1666 944 quid
1684 905 1704 934 Β

875 952 1013 979 invenitur
1026 961 1033 979 :
1049 961 1058 978 ι
1074 952 1179 988 Frange
1193 953 1323 980 esurienti
1343 961 1441 989 panem
1456 959 1543 987 tuum,
1556 960 1584 982 et
1604 962 1665 989 ege-

874 1004 936 1030 nos,
961 1004 1097 1032 vagosque
1111 998 1193 1025 induc
1208 998 1236 1025 in
1258 995 1368 1026 domum
1383 1004 1467 1033 tuam,
1492 1008 1553 1028 cum
1566 1001 1666 1028 videris

875 1042 989 1075 nudum.
1001 1042 1076 1077 operi
1097 1049 1158 1070 eum
1175 1042 1253 1078 (luti.
1268 1043 1355 1078 mn).
1375 1052 1385 1070 ι
1402 1044 1508 1080 onses
1526 1046 1608 1073 etiam
1624 1046 1665 1073 di-

875 1087 932 1115 cit:
949 1096 959 1113 ι
973 1086 1136 1121 Prophetam
1151 1087 1293 1115 suscitabit
1307 1088 1383 1115 vobis
1395 1088 1467 1116 Deus
1481 1089 1515 1116 de
1535 1089 1667 1117 fratribus

873 1132 984 1165 vestris,
998 1139 1089 1167 quem.
1104 1136 1134 1159 ut
1147 1132 1289 1167 meipsnm.
1306 1132 1422 1161 audietis
1439 1133 1529 1168 (Deut.
1548 1138 1636 1169 sviti).
1653 1145 1663 1162 ι

874 1176 910 1206 Et
923 1177 980 1212 ipse
994 1176 1125 1204 Dominus
1137 1177 1174 1204 ait
1187 1186 1194 1204 :
1220 1186 1230 1203 ι
1247 1177 1275 1204 Si
1291 1178 1440 1206 crederetis
1455 1179 1549 1215 levat.
1571 1182 1667 1209 crede-

875 1221 941 1250 retis
968 1221 1061 1256 utique
1086 1226 1115 1249 et
1129 1222 1207 1257 .mihi
1229 1230 1236 1249 :
1262 1222 1296 1249 de
1323 1230 1367 1251 me
1384 1224 1456 1251 enim
1488 1225 1532 1252 ille
1558 1226 1667 1261 scripsit

875 1266 966 1303 (locis.
977 1266 1016 1302 v).
1036 1276 1046 1293 ι
1063 1267 1115 1300 Qui
1142 1275 1208 1303 ergo
1224 1268 1258 1295 ad
1283 1268 1393 1304 Moysen
1417 1271 1565 1299 mittuntur
1584 1277 1666 1307 atque

874 1313 1033 1349 prophetas,
1049 1312 1082 1340 ad
1104 1311 1237 1340 Joannem
1251 1314 1345 1349 utique
1363 1314 1535 1343 destinantur
1549 1321 1577 1344 et
1589 1317 1668 1345 Chri-

872 1363 957 1386 "IIII.

908 1401 985 1437 Quod
1002 1406 1092 1430 autem
1107 1410 1204 1430 rursus
1220 1403 1335 1438 inquiris
1350 1405 1415 1439 quid
1429 1406 1464 1433 sit
1479 1406 1552 1440 quod
1572 1407 1598 1434 in
1613 1407 1664 1434 alia

872 1447 978 1483 putati
995 1447 1120 1475 doctoris
1134 1448 1267 1475 sententia
1289 1451 1432 1484 reperitur.
1446 1451 1541 1478 vitium
1554 1453 1669 1480 curiosi-

873 1493 947 1522 ιιιῑι.

908 1537 991 1574 ³η
1013 1537 1091 1571 Quod
1107 1538 1152 1565 ille
1163 1539 1280 1566 obscure
1294 1539 1395 1573 posuit,
1409 1540 1500 1567 studio
1514 1542 1665 1574 breuitatis.

872 1582 903 1611 il.
919 1582 1062 1618 Augustini
1082 1582 1175 1610 verbis
1196 1590 1230 1610 ex
1259 1583 1329 1611 nodo
1352 1591 1396 1612 me
1417 1585 1498 1620 hujus
1523 1587 1665 1621 expc-diam
1680 1577 1702 1607 (ἶ

873 1629 1039 1666 quastionis.
1053 1629 1098 1657 Ait
1109 1630 1194 1662 ettim,
1206 1629 1270 1657 dum
1285 1629 1316 1657 Β.
1330 1629 1442 1658 Joannis
1455 1632 1569 1666 apostoli
1585 1640 1665 1668 espo«

874 1674 914 1702 ult
941 1674 1095 1709 epistolam.
1121 1674 1286 1702 desiderium
1311 1675 1452 1703 oculorum
1472 1676 1537 1704 dicit
1556 1684 1665 1705 omnem

873 1719 1068 1748 curiositatem.
1083 1718 1143 1746 tiam
1166 1727 1250 1754 quam
1263 1719 1317 1747 late
1337 1724 1411 1754 patet
1425 1721 1570 1749 curiositas
1588 1722 1664 1757 ipsa;

874 1764 903 1792 in
913 1763 1085 1799 spectaculis,
1094 1763 1121 1791 in
1137 1764 1262 1796 theatris,
1274 1764 1301 1791 in
1319 1766 1498 1792 sacramentis
1516 1765 1665 1799 diabolicis,

874 1809 902 1838 in
917 1809 1029 1845 magicis
1044 1810 1160 1840 artibus.
1175 1809 1203 1837 in
1221 1809 1363 1838 maleﬁciis
1377 1810 1434 1846 ipsa
1450 1815 1491 1838 est
1504 1812 1664 1844 curiositas;

874 1854 1019 1890 aliquando
1034 1859 1118 1882 tentat
1129 1861 1223 1882 servos
1243 1854 1301 1887 Dei,
1316 1860 1345 1882 ut
1359 1856 1443 1884 velint
1457 1858 1534 1892 quasi
1549 1858 1667 1885 miracu-

873 1898 930 1928 lum
953 1898 1054 1932 facere.
1081 1896 1188 1927 tentare
1202 1904 1294 1927 utrum
1317 1901 1444 1928 exaudiat
1459 1909 1506 1929 eoa
1530 1902 1611 1930 Deus.
1637 1903 1665 1931 In

875 1944 1016 1973 miraculis
1035 1944 1232 1977 curiositatem,
1248 1944 1300 1972 hoc
1323 1945 1487 1973 desiderium
1509 1955 1562 1975 non
1583 1953 1625 1975 est
1650 1956 1665 1976 a

873 1989 963 2017 Patre.
991 1988 1094 2017 Solutis
1124 1997 1190 2024 ergo
1215 1989 1421 2024 quastionibus,
1446 1984 1572 2019 beneﬁcii
1605 1998 1667 2028 peto

873 2035 972 2068 vicem,
989 2040 1019 2063 ut
1042 2039 1143 2063 sancta
1157 2035 1291 2063 orationis
1306 2039 1358 2063 tum
1376 2044 1486 2064 merear
1500 2038 1665 2072 portionem.

873 2080 962 2108 Aucto
982 2080 1080 2115 quippe
1093 2080 1197 2108 {tenore
1219 2080 1362 2114 mercedis,
1385 2081 1448 2109 talio
1463 2082 1628 2117 redhibetur,
1644 2085 1666 2112 si

873 2126 1026 2162 peccatoris
1047 2126 1201 2154 obedientia
1219 2126 1308 2153 sancti
1322 2126 1373 2153 viri
1392 2128 1519 2162 precibus
1535 2136 1665 2166 compen-

870 2176 958 2200 aetur.

1130 2215 1299 2244 EPISTOLA
1318 2216 1412 2244 XXIX.

1080 2270 1113 2289 η
1131 2270 1288 2290 δτινιιιιωι
1308 2271 1462 2291 Ιομειιυι.
1680 2243 1706 2274 D

873 2306 1077 2342 Ascens-ruit.
1086 2321 1121 2326 —
1131 2306 1271 2342 Stephano
1281 2308 1387 2335 cuidam
1400 2310 1532 2337 monacho
1545 2311 1598 2339 duo
1608 2318 1667 2340 tan-

908 2348 991 2377 quam
1005 2340 1190 2377 saluberrima
1211 2342 1347 2377 prccipun
1365 2345 1554 2376 commendat;
1568 2345 1599 2374 Β.
1612 2348 1666 2376 Ia-

912 2375 960 2403 ria
986 2375 1098 2415 virginis
1120 2375 1237 2415 alliciunt
1253 2375 1382 2415 singulis
1401 2378 1496 2406 diebus
1513 2381 1618 2415 recitet,
1639 2390 1667 2412 et

908 2418 994 2454 sacra:
1021 2410 1181 2454 Scriptura?
1197 2410 1497 2454 legitimi-diligentem
1513 2410 1663 2447 incumbat,

909 2444 1032 2478 Quorum
1047 2444 1186 2480 utriusque
1200 2451 1301 2481 quanta
1308 2448 1344 2474 sit
1355 2444 1469 2480 utilitas.
1481 2449 1571 2477 docet.

911 2490 1016 2518 Damno
1027 2490 1169 2518 STIPIAIIO
1184 2491 1312 2527 religioso
1325 2493 1395 2526 viro,
1413 2493 1523 2523 Passus
1536 2501 1665 2531 peccator

875 2536 1023 2565 monachus
1034 2536 1149 2564 salutem
1163 2536 1190 2563 in
1202 2537 1328 2565 Domino.
1570 2559 1576 2563 .

911 2581 979 2610 Cum
994 2582 1020 2609 in
1042 2581 1203 2611 Psalmodia
1217 2583 1316 2611 studiis
1330 2589 1358 2612 et
1372 2585 1472 2614 divinis
1486 2586 1615 2616 laudibus
1638 2594 1664 2617 te

873 2628 1020 2664 vigilanter
1041 2635 1181 2661 exerceas.
1208 2629 1313 2662 hortor.
1341 2632 1495 2660 venerande
1513 2632 1608 2667 irater.
1637 2640 1665 2663 et

875 2680 984 2705 moneo,
1001 2678 1030 2700 ut
1051 2673 1238 2708 quotidianum
1253 2682 1363 2710 quoque
1386 2676 1415 2703 Β.
1442 2677 1534 2706 lari:
1557 2687 1665 2715 semper

875 2718 990 2755 virginis
1014 2718 1131 2747 oﬂicium
1147 2728 1200 2748 non
1223 2722 1344 2750 omittas.
1361 2723 1475 2759 Dignum
1489 2726 1589 2762 quippe
1612 2730 1664 2759 est,

875 2768 905 2792 ut
919 2772 979 2800 qua:
990 2764 1099 2792 laudum
1115 2768 1248 2800 praeconia
1264 2775 1384 2796 meretur
1399 2771 1433 2797 ab
1453 2771 1567 2807 angelis.
1583 2772 1663 2800 obse-

875 2809 946 2855 quiis
980 2811 1062 2838 etiam
1088 2810 1276 2847 frequentatur
1304 2815 1449 2850 humanis,
1476 2818 1570 2853 eisque
1603 2825 1663 2855 post

877 2852 962 2881 Deum
988 2860 1060 2884 totus
1074 2857 1149 2886 orbis
1162 2859 1289 2887 exhibeat
1306 2860 1425 2892 laudem.
1451 2870 1498 2891 uer
1511 2852 1592 2892 uuam
1605 2852 1663 2892 ’διι-

1721 228 1806 262 accpit
1818 227 1934 263 propria:
1951 227 2048 255 salutis
2072 232 2222 255 auctorem.
2240 226 2348 262 Optima
2363 234 2433 256 sane
2448 236 2511 264 apes

1719 279 1761 302 est
1772 274 1842 308 apud
1861 280 1921 299 eam
1944 273 2043 301 habere
2057 272 2224 307 confugium.
2237 279 2299 308 qua
2313 272 2419 301 scilicet
2439 274 2511 302 inter

1718 327 1812 348 omnes
1826 319 1946 346 caelestis
1972 319 2055 346 curia
2081 323 2234 350 senatores.
2250 318 2414 352 impetrandi
2437 320 2510 354 apud

1719 365 1803 393 Deum
1820 365 1936 399 primum
1951 365 2056 392 obtinet
2081 365 2180 392 locum.
2194 363 2298 399 Nempe
2311 364 2417 393 sororis
2441 372 2510 393 mea

1718 409 1787 437 illius
1811 410 1967 442 Damianus,
1993 410 2126 445 religiosa:
2151 410 2276 437 videlicet
2296 409 2394 438 indolis
2417 410 2512 440 adob-

1718 461 1805 482 scens.
1820 454 1883 480 dum
1898 454 1954 480 lu‘c
1970 461 2061 481 coram
2075 461 2108 481 eo
2130 454 2292 487 scriberem.
2315 455 2420 488 retulit,
2434 456 2510 492 quod

1718 497 1786 531 apud
1800 497 1901 524 Gallias
1917 498 1942 524 in
1963 497 2114 525 litterarum
2130 498 2229 526 studiis
2242 499 2420 532 constitutus.
2436 500 2509 528 tatu

1717 544 1853 577 vulgunle,
1878 544 2015 577 cognovit.
2042 544 2165 571 Clericus
2193 544 2303 579 quidam
2329 543 2510 575 Niveruaaia

1717 587 1843 615 Ecclesia:
1856 590 1950 615 morbo
1961 590 2103 624 depressus
2118 590 2249 625 elanguit,
2264 589 2318 623 iam
2330 588 2445 624 jamque
2461 598 2508 616 su-

1717 638 1940 666 pcrexcrescente
1960 635 2093 665 molestia,
2123 636 2300 662 umribt‘tndus
2326 636 2360 662 ad
2386 640 2510 663 extrema

1716 678 1848 710 pervenit.
1871 678 1919 705 Hic
1939 679 2017 712 plane
2041 679 2160 714 regulam
2184 678 2234 706 sibi
2250 684 2351 706 sancta
2368 680 2511 708 servitutis

1716 721 1860 754 indixerat,
1890 727 1919 749 ut
1943 723 2026 750 beata:
2051 723 2096 751 Dei
2127 724 2251 759 gonitrici
2278 724 2439 759 quotidiana
2462 731 2511 760 per

1716 769 1837 803 singulas
1854 770 1935 795 horas
1948 769 2056 797 laudum
2070 775 2131 797 vota
2148 770 2326 804 persolveret;
2345 779 2466 806 cumque
2477 772 2510 799 tle

1716 814 1769 839 vita
1781 813 1850 840 illius
1861 813 1915 846 jam
1930 822 2010 841 nemo
2021 823 2089 849 pene
2103 815 2271 847 conﬁderet;
2285 820 2313 843 et
2328 816 2404 843 velut
2415 823 2511 851 egres-

1716 866 1795 885 surus
1809 859 1834 885 in
1848 858 1906 892 ejus
1921 864 2029 894 pectore
2052 860 2163 894 spiritus
2177 861 2258 887 ansle
2275 859 2433 895 palpitaret.
2445 868 2511 888 ecce

1719 904 1834 938 gloriosa
1852 904 1937 932 later
1958 905 2004 931 Dei
2034 905 2084 932 sibi
2108 905 2253 933 visibiliter
2276 906 2377 937 astitit.
2396 911 2424 933 et
2440 907 2511 934 sacri

1717 950 1808 975 uberis
1820 951 1915 984 papilla
1932 950 1971 977 lac
1986 951 2154 985 exprimens.
2177 951 2238 985 eius
2249 950 2331 978 labiis
2346 951 2510 984 instillavit;

1715 994 1851 1022 etdivmz
1870 996 1979 1022 virtutis
1999 996 2122 1024 antidoto
2144 998 2269 1032 protinus
2294 997 2346 1028 ille.
2362 997 2512 1032 resumptis

1718 1040 1829 1071 viribus,
1844 1049 1877 1067 cs
1894 1041 2052 1069 inﬁrmitate
2063 1042 2246 1074 convaluit,et
2262 1051 2324 1071 mos
2337 1043 2513 1072 clericalibus

1716 1087 1884 1113 ornamentis
1903 1087 2020 1117 indutus,
2042 1087 2184 1115 ecclesiam
2198 1087 2275 1120 adiit.
2291 1095 2405 1123 seseque
2423 1090 2511 1117 ebore

1718 1132 1888 1165 psallentium
1903 1131 2017 1158 fratrum
2042 1132 2118 1160 latus
2146 1123 2326 1166 interserens,
2349 1134 2451 1161 mirum
2470 1134 2512 1161 vi-

1718 1177 1843 1203 dentibus
1857 1176 2040 1210 spectaculum
2063 1178 2189 1212 prabuit.
2206 1178 2310 1206 Dicitur
2327 1179 2423 1210 etiam.
2437 1180 2513 1215 quod

1718 1221 1804 1248 adhuc
1820 1226 1883 1248 tunc
1898 1223 1923 1249 in
1938 1222 2016 1250 labiis
2032 1223 2090 1257 ejus
2105 1224 2229 1257 quaedam
2244 1223 2323 1251 lactis
2347 1225 2514 1252 sitiebant"

1717 1267 1841 1298 vestigia.
1857 1266 1921 1299 Qu:
1935 1271 2024 1293 autem
2042 1267 2094 1294 sibi
2108 1267 2190 1294 verba
2213 1267 2243 1294 Β.
2259 1266 2342 1304 Virgo
2355 1268 2512 1304 protulerit.

1718 1310 1799 1345 a5
1809 1312 1932 1345 quamvis
1949 1311 2012 1338 mihi
2032 1318 2167 1347 utcunque
2189 1312 2323 1344 dicantur.
2340 1313 2403 1348 quia
2418 1318 2514 1341 certus

1718 1363 1771 1381 non
1787 1364 1855 1385 tum,
1881 1363 1932 1382 non
1959 1356 2074 1383 adhibco
2090 1356 2180 1389 ﬁdem,
2193 1358 2322 1391 quoniam
2344 1358 2371 1386 in
2386 1359 2514 1386 veritatis

1718 1399 1816 1426 lincam
1831 1400 1872 1427 \el
1900 1400 1995 1428 leviter
2015 1402 2163 1438 impingere
2190 1403 2371 1438 pertimesco:
2386 1405 2515 1439 quamvis

1717 1452 1765 1479 per
1777 1445 1827 1471 hoc
1843 1446 1939 1479 conjici
1957 1447 2050 1480 possit,
2063 1447 2191 1481 quoniam
2203 1448 2298 1475 iisdem
2311 1448 2400 1481 labiis,
2412 1450 2514 1484 quibus

1717 1497 1778 1517 ectn
1791 1491 1832 1517 ille
1846 1490 1961 1517 laudavit
1975 1495 2001 1517 et
2014 1492 2106 1524 coluit,
2123 1492 2241 1527 gloriosa
2254 1493 2336 1528 Virgo
2359 1493 2400 1521 lac
2413 1494 2514 1522 salutis

1720 1536 1849 1562 iinmulsit
1867 1545 1872 1561 :
1894 1541 1923 1562 ut
1939 1544 1987 1571 per
2002 1537 2066 1564 illud
2081 1539 2203 1573 corporis
2217 1539 2380 1571 membrum,
2392 1547 2449 1575 quo
2459 1541 2513 1569 sibi

1718 1582 1880 1608 venerabilis
1896 1582 2011 1609 clericus
2035 1582 2122 1610 laudis
2145 1584 2281 1612 obtulerat
2295 1584 2421 1620 gloriam.
2446 1593 2514 1614 cosa-

1717 1635 1782 1662 grua
1797 1628 1980 1655 vicissitudine
2000 1630 2191 1664 recuperanda
2205 1630 2300 1658 salutis
2319 1638 2374 1658 sum
2385 1632 2513 1668 percipe-

1718 1678 1757 1699 ret
1772 1673 1944 1699 medicinam.

1752 1717 1816 1744 Illud
1837 1724 1966 1752 pra-terea
1989 1724 2089 1746 sanet:
2113 1720 2263 1755 prudentia
2287 1726 2339 1749 tua
2361 1729 2515 1758 ωηααε

1717 1765 1898 1790 necessarium
1910 1764 2040 1798 judicavl,
2052 1770 2080 1792 ut
2096 1766 2137 1793 vel
2149 1773 2288 1794 sacrarum
2303 1767 2514 1803 Scriptorum-

1718 1809 1820 1842 pagina:
1833 1816 1939 1843 semper
1962 1814 2103 1837 versentur
2125 1810 2152 1837 in
2170 1812 2306 1839 manibus.
2328 1812 2358 1840 II
2383 1813 2515 1842 hiatu.

1718 1859 1787 1885 esto,
1807 1854 1850 1881 his
1874 1855 2031 1887 immorare,
2046 1856 2072 1882 in
2096 1855 2138 1884 bis
2153 1856 2256 1892 iugiter
2280 1859 2436 1893 requiesce;
2461 1867 2516 1889 nec

1716 1907 1777 1926 cunt
1804 1899 1979 1926 sacularibus
2006 1905 2031 1927 te
2055 1900 2170 1929 delectet
2195 1905 2309 1930 miscere
2333 1904 2514 1939 colloquium,

1715 1945 1787 1979 quod
1814 1945 1913 1971 mentis
1939 1944 2021 1972 Deum
2044 1946 2190 1980 quxrentis
2213 1955 2285 1983 saepe
2303 1950 2462 1977 reverberat
2485 1956 2514 1978 et

1717 1989 1856 2016 confundit
1872 1989 2005 2017 obtutum.
2023 1990 2098 2018 lens
2112 1996 2156 2018 ttta
2170 1991 2269 2020 divinis
2283 2001 2313 2021 se
2328 1993 2516 2024 Volumiuibtas

1717 2040 1842 2069 occupet,
1858 2035 1899 2062 his
1914 2036 2025 2066 intenta.
2042 2037 2165 2071 pervigili
2186 2044 2295 2073 semper
2307 2039 2437 2067 instantia
2451 2049 2516 2077 per-

1717 2084 1833 2106 severet.
1851 2078 1898 2106 llis
1916 2081 2043 2114 antiquus
2059 2080 2201 2108 insidiator
2211 2089 2272 2109 eum
2294 2087 2320 2110 te
2336 2084 2408 2112 videt
2423 2085 2517 2114 lutea-

1718 2128 1784 2156 tum,
1799 2124 1874 2152 velut
1895 2124 2000 2152 hostem
2015 2125 2082 2161 fugit
2105 2130 2240 2154 armatum
2253 2132 2282 2155 et
2296 2129 2373 2156 timet
2388 2131 2518 2159 minus

1717 2171 1839 2206 aggredi.
1859 2171 1945 2197 donec
1961 2176 1987 2198 te
2007 2172 2140 2206 conspicit
2161 2171 2204 2199 his
2219 2173 2281 2201 telis
2295 2178 2323 2201 et
2347 2174 2519 2210 impenetra-

1719 2216 1776 2247 bili,
1794 2220 1823 2242 ut
1845 2215 1882 2243 ita
1907 2216 2003 2248 fatear.
2026 2216 2109 2244 lorica
2133 2218 2243 2246 muniri.
2262 2219 2335 2247 idem
2360 2221 2443 2256 plane
2466 2224 2516 2259 qui

1718 2268 1810 2295 supra,
1823 2268 1900 2288 meus
1914 2261 2096 2296 Esadelphus,
2110 2268 2184 2290 certa
2197 2270 2227 2291 ae
2239 2263 2370 2292 relatione
2383 2266 2517 2295 didici-ss

1718 2307 1840 2334 narravit
1858 2307 1920 2341 quia
1939 2307 2140 2336 Nortbtnannus
2164 2309 2285 2344 quidam.
2301 2310 2366 2338 dum
2388 2319 2444 2339 non
2463 2314 2516 2341 ni-

1717 2352 1818 2379 nitnam
1837 2360 1980 2379 aureorum
1996 2353 2151 2388 congeriem
2169 2355 2322 2390 possideret
2335 2363 2422 2392 eoque
2440 2359 2517 2386 unde

1718 2396 1807 2424 fuerat
1831 2398 1963 2426 oriundus
1991 2399 2080 2426 redire
2105 2401 2293 2433 contenderet,
2312 2402 2395 2437 αηίι
2411 2403 2516 2438 (leas,

1716 2444 1788 2478 cor.)
1806 2449 1861 2471 tam
1880 2445 1994 2472 crimine
2009 2445 2155 2472 formidare
2175 2453 2256 2481 quam
2271 2448 2343 2479 vitm.
2363 2456 2398 2476 ue
2416 2449 2516 2477 videb-

1718 2495 1762 2518 cet
1779 2490 1801 2517 si
1813 2488 2002 2517 suﬂarcinatus
2018 2491 2166 2523 incederet,
2183 2492 2305 2520 isturicie
2324 2491 2369 2529 [f..
2392 2494 2515 2532 inim]

1717 2536 1878 2572 direptionis
1896 2535 2025 2570 impetum
2042 2535 2211 2564 incurrisset.
2227 2537 2350 2573 Cumque
2365 2539 2392 2565 id
2411 2540 2516 2568 sollici-

1719 2586 1761 2608 tus
1782 2581 1884 2608 intenta
1910 2580 2084 2607 meditatione
2109 2581 2269 2614 revolveret,
2296 2587 2324 2610 et
2347 2585 2430 2611 nzo'o
2450 2585 2514 2617 ires,

1718 2626 1798 2654 modo
1821 2634 1875 2654 non
1897 2628 1978 2654 varia
1999 2627 2201 2656 deliberationis
2219 2629 2330 2658 natibus
2350 2631 2515 2666 alter-ares,

1719 2672 1960 2706 advesperascente
1972 2672 2029 2707 jam
2042 2672 2174 2706 Sabbato.
2189 2675 2266 2702 adest
2283 2677 2414 2712 antiquus
2426 2679 2516 2707 hostis

1719 2716 1770 2744 sub
1785 2718 1874 2751 specie
1896 2717 2016 2748 viatoris,
2036 2718 2114 2753 cuius
2128 2719 2293 2747 desiderium
2308 2728 2371 2748 cum
2395 2730 2515 2757 peruu-

1719 2767 1809 2790 etatns
1824 2763 1986 2794 addisceret.
2009 2763 2103 2792 decem
2118 2765 2306 2800 bynutiorum
2326 2768 2429 2803 pepigit
2449 2777 2514 2797 cum

1718 2807 1809 2835 futuro
1830 2809 1985 2836 conviatorc
2004 2810 2174 2842 mercedem;
2199 2812 2292 2847 sicque
2318 2820 2380 2841 sese
2404 2816 2515 2849 spuit

1717 2861 1744 2882 ct
1762 2855 1868 2882 itineris
1881 2855 1976 2882 ducent
1995 2859 2023 2883 et
2043 2855 2160 2884 indubia
2180 2859 2336 2887 securitatis
2358 2865 2511 2889 auctorum
