5428 6602
261 413 360 469 421

1445 395 1648 453 LIBER
1692 391 1990 462 SEXTUS,
2031 388 2252 448 EPIST.
2285 389 2502 447 XXXII.

3489 389 3602 450 ω

260 519 547 584 Proxima,
581 512 778 585 inquit,
806 515 992 576 nocte,
1022 506 1269 564 collectis
1299 520 1483 561 rerum
1516 515 1732 562 tuarum
1755 520 1873 562 sar-
1903 515 1950 570 Α
1980 503 2268 576 spiritibus
2314 503 2600 560 valeamus
2630 501 2998 563 infmderabili
3049 505 3355 566 certamine
3399 506 3602 566 trium-

260 610 483 676 cinulis,
525 597 808 679 requiesce
833 614 1030 672 meque
1065 599 1133 654 ad
1165 607 1218 654 te
1241 606 1531 652 venturum
1559 597 1680 652 sine
1700 597 1868 653 dubio

262 701 601 776 prmstolare,
647 706 710 753 ut
739 709 841 767 ego
888 701 1160 764 nocturno
1207 689 1426 746 silentio
1475 689 1870 760 superveniens

263 805 424 865 teque
452 792 749 865 reperiens,
783 790 890 843 iter
917 797 1150 856 uterque
1196 784 1360 840 simul
1400 784 1700 840 debeamus
1723 783 1868 837 arri-

261 903 413 960 pere.
453 884 696 942 Credidit
739 882 905 938 homo
949 879 1299 936 sermonibus
1327 877 1660 947 alloquentis
1693 885 1750 932 et
1780 891 1870 932 so-

262 978 380 1050 pori
408 992 466 1034 se
495 977 736 1042 tradens,
763 973 906 1029 sicut
932 970 1248 1026 admonitus
1279 969 1482 1035 fuerat,
1508 969 1867 1040 exspectavit.

265 1068 468 1124 Eadem
497 1074 657 1122 nocte
697 1062 1006 1134 versipellis
1035 1061 1264 1133 Spiritus
1304 1060 1372 1115 ad
1411 1075 1536 1114 eum
1575 1060 1720 1115 sicut
1744 1074 1872 1128 pro-

262 1160 488 1214 miserat
512 1156 663 1212 venit
689 1157 851 1226 eique
899 1152 1040 1209 dixit
1073 1171 1086 1206 :
1119 1151 1262 1207 Ecce
1290 1162 1365 1216 te,
1398 1151 1516 1206 sine
1540 1159 1632 1206 tuo
1657 1150 1869 1216 labore,

264 1249 319 1306 in
365 1247 601 1318 patriam
651 1254 824 1310 tuam,
871 1253 925 1300 te
983 1243 1284 1308 nesciente,
1343 1243 1559 1308 reduxi,
1623 1251 1679 1299 et
1723 1242 1871 1312 quod

264 1338 360 1394 tibi
409 1337 772 1409 promiseram
817 1349 925 1391 non
969 1334 1154 1405 segnis
1198 1332 1440 1404 implevi.
1496 1333 1745 1402 Cumque
1812 1346 1873 1387 se

263 1431 428 1486 homo
449 1445 616 1501 super
644 1429 818 1488 rivum
849 1426 1166 1498 quemdam,
1193 1441 1356 1497 quem
1386 1426 1590 1480 dudum
1622 1424 1872 1495 apprime

263 1529 514 1586 noverat,
551 1518 871 1582 invenisset,
904 1525 958 1572 et
985 1515 1104 1570 loca
1136 1530 1365 1586 qumque
1391 1516 1648 1584 contigua
1692 1515 1875 1586 inspe-

263 1619 386 1667 rato
429 1627 496 1667 ac
540 1611 721 1666 subito
752 1608 1091 1679 postliminio
1135 1607 1313 1661 revisa
1358 1613 1731 1677 cognosceret,
1766 1614 1877 1660 tre-

264 1705 536 1763 mefactus
578 1704 818 1775 expavit,
852 1711 908 1758 et
951 1703 1098 1758 hunc
1127 1701 1429 1773 malignum
1459 1701 1736 1771 spiritum,
1781 1700 1873 1770 qui

263 1812 324 1853 se
349 1806 460 1852 tam
489 1805 715 1867 repente
755 1797 822 1850 de
850 1793 1170 1866 longinquis
1197 1793 1399 1848 finibus
1430 1801 1871 1863 transposuerat,

266 1879 641 1946 indubitanter
683 1887 924 1959 agnovit.
984 1885 1084 1941 Cui
1138 1900 1265 1940 mox
1313 1885 1540 1956 spiritus
1595 1883 1872 1940 fallaciter
1904 1886 1949 1946 Β

263 1995 459 2048 verax,
512 1981 622 2036 imo
661 1979 936 2034 veraciter
979 1977 1167 2045 fallax,
1200 1977 1501 2045 aitzVide,
1541 1993 1651 2032 non
1695 1977 1874 2049 negli-

262 2087 361 2150 gas
389 2079 450 2126 ut
473 2071 662 2142 quinta
693 2069 829 2125 feria
867 2069 1121 2139 proxime
1145 2076 1375 2122 ventura
1422 2067 1528 2122 huc
1567 2067 1636 2120 ad
1665 2083 1756 2122 me
1781 2082 1872 2122 ve-

263 2165 383 2220 nias
430 2173 486 2220 et
520 2163 804 2234 praefixum
859 2161 1132 2217 mercedis
1190 2174 1323 2214 meae
1375 2159 1622 2214 debitum
1673 2159 1874 2214 solvas.

261 2255 472 2324 Quibus
501 2255 724 2320 auditis,
753 2253 840 2308 vir
891 2253 986 2307 ille
1029 2253 1373 2308 sacerdotem
1422 2251 1717 2320 quemdam
1748 2266 1879 2306 eon-

264 2348 404 2403 citus
445 2346 604 2410 adiit,
658 2359 891 2416 quaeque
941 2344 1044 2398 sibi
1077 2343 1427 2412 contigerant
1475 2355 1573 2410 per
1621 2341 1875 2395 ordinem

266 2437 484 2505 retulit;
545 2437 677 2508 quid
708 2436 898 2492 'etiam
948 2435 1053 2490 sibi
1097 2435 1164 2488 de
1209 2432 1438 2504 prmfato
1499 2432 1684 2487 debito
1733 2431 1881 2487 foret

263 2529 534 2601 agendum
568 2527 806 2584 solerter
846 2512 1152 2596 inquisivit.
1195 2525 1368 2592 Quem
1410 2525 1706 2596 presbyter
1733 2538 1878 2592 aqua

266 2621 609 2677 sanctificata
654 2635 1007 2690 respersum,
1059 2619 1388 2688 quibusdam
1437 2617 1614 2673 sacris
1679 2617 1880 2672 litteris

265 2721 690 2783 sanctorumque
746 2712 1069 2782 patrociniis
1118 2710 1457 2781 prmmunit,
1515 2725 1755 2780 eumque
1809 2710 1879 2765 ad

265 2804 622 2859 constitutum
656 2804 942 2858 remittens
966 2802 1168 2868 locum,
1210 2801 1452 2856 condicti
1493 2801 1666 2856 debiti
1705 2815 1882 2870 quan-

267 2895 500 2962 titatem,
531 2908 640 2949 non
677 2902 736 2948 ut
784 2894 1032 2949 exaetori
1079 2893 1422 2962 nequissimo
1463 2893 1732 2957 traderet,
1783 2890 1880 2946 sed

267 2994 329 3040 ut
356 2985 410 3040 in
455 3000 517 3041 os
547 2985 715 3057 226
741 2985 860 3056 ejus
907 2983 1224 3056 projiceret,
1259 2983 1572 3054 imperavit.
1626 2981 1882 3052 Cumque

267 3077 335 3133 ad
364 3077 652 3149 prafatum
693 3077 873 3132 locum
911 3087 1144 3147 uterque
1189 3077 1422 3131 invicem
1469 3074 1880 3141 convenissent,

268 3177 325 3224 et
371 3169 456 3224 vir
481 3168 572 3224 ille
614 3169 912 3240 byzanteos
961 3168 1014 3222 in
1067 3183 1251 3222 aerem
1307 3175 1615 3238 spargeret,
1649 3167 1878 3222 dicens:

268 3255 420 3314 Tolle
459 3257 702 3314 debitum
752 3267 929 3324 tuum,
976 3257 1226 3313 diabolus
1269 3257 1457 3328 procul
1509 3257 1776 3312 assistens
1814 3270 1880 3311 ac
1908 3245 1954 3310 C

267 3351 492 3422 propius
527 3350 795 3407 accedere
839 3359 1092 3406 metuens
1122 3350 1386 3420 conqueri
1422 3350 1594 3418 coepit
1619 3359 1676 3403 et
1701 3347 1884 3417 gravi-

270 3449 355 3497 ter
383 3440 754 3512 expostulare,
793 3441 983 3496 dicens
1012 3459 1024 3495 :
1053 3441 1321 3496 Armatus
1352 3441 1622 3496 adversus
1652 3455 1741 3495 me
1788 3455 1886 3495 ve-

268 3531 388 3598 nis;
418 3530 539 3586 telis
567 3531 869 3600 gladiisque
911 3531 1265 3601 prmcinctus,
1300 3538 1564 3600 tanquam
1606 3530 1885 3601 praeliatu-

269 3638 366 3678 rus
389 3623 658 3679 occurris.
697 3622 800 3678 Ubi
841 3633 925 3677 est
965 3622 1104 3677 fides
1150 3623 1274 3676 tua?
1299 3619 1421 3676 1am
1454 3622 1583 3691 quia
1620 3620 1715 3675 tibi
1755 3636 1883 3691 pro-

268 3716 536 3788 pinquare
567 3731 677 3772 non
729 3715 929 3782 audeo,
962 3715 1213 3771 mercede
1263 3729 1384 3769 mea
1428 3715 1726 3769 frustratus
1753 3713 1880 3767 abs-

270 3809 439 3875 cedo;
479 3819 536 3864 et
579 3825 708 3865 mox
754 3823 940 3864 aerem
992 3809 1288 3862 obscurum
1321 3807 1538 3861 turbine
1587 3807 1886 3860 concitavit

270 3908 476 3958 etcum
508 3914 708 3972 magno
729 3898 937 3954 furoris
969 3899 1180 3969 impetu
1210 3897 1279 3950 ab
1304 3907 1533 3966 aspectu
1559 3896 1884 3966 trepidantis

270 3991 513 4048 evanuit.
551 3989 656 4058 Qui
706 3990 959 4060 protinus
1010 4003 1229 4053 aureos,
1280 3997 1340 4041 ut
1366 3986 1612 4056 jacebat,
1659 4000 1689 4040 e
1732 3987 1885 4055 pavi-

273 4093 458 4140 mento
484 4083 736 4155 collegit;
791 4097 856 4138 ac
900 4097 1098 4138 rursus
1127 4083 1195 4136 ad
1240 4082 1584 4136 sacerdotem
1636 4079 1882 4144 rediens,

271 4175 400 4248 quid
425 4177 528 4234 sibi
561 4175 630 4230 de
683 4177 770 4232 Iris
801 4176 1070 4248 agendum
1119 4183 1286 4240 esset,
1323 4174 1606 4244 inquirere
1649 4173 1880 4226 studuit.

273 4268 444 4336 Quem
477 4269 766 4339 presbyter
805 4269 873 4323 de
922 4269 1319 4338 byzanteorum
1371 4267 1698 4324 collectione
1725 4265 1884 4320 valde

272 4360 558 4430 corripuit,
605 4359 690 4414 cui
726 4371 907 4412 tamen
950 4358 1054 4412 hoc
1083 4357 1372 4412 consilium
1402 4357 1575 4422 dedit,
1605 4366 1664 4410 ut
1700 4370 1767 4410 ex
1799 4356 1885 4410 his

275 4448 331 4506 in
381 4449 501 4505 loco
549 4449 685 4504 satis
736 4448 1052 4503 necessario
1095 4457 1325 4516 pontem
1373 4453 1744 4510 construeret,
1791 4445 1885 4515 qni

273 4541 704 4599 commeantium
749 4539 941 4603 usibus
988 4537 1310 4610 profuturus
1353 4547 1520 4593 esset.
1572 4536 1742 4606 anus
1793 4537 1884 4593 ille

1977 597 2172 666 pltare,
2202 596 2466 668 Apostolo
2494 611 2596 653 nos
2637 598 2991 666 exhortante,
3025 601 3120 671 qui
3152 603 3262 656 ait:
3303 614 3324 650 ι
3360 595 3598 656 Sumen-

1980 698 2061 744 tes
2091 697 2309 744 scutum
2343 688 2495 752 fidei,
2529 689 2585 743 in
2629 705 2739 760 quo
2774 691 2999 760 possitis
3030 692 3215 748 omnia
3244 689 3352 747 tela
3380 692 3605 762 nequis-

1975 779 2100 835 simi
2130 779 2289 850 ignea
2321 780 2700 850 exstinguere,
2731 790 2788 835 et
2825 782 3037 852 galeam
3067 782 3262 840 salutis
3304 783 3598 847 assumite,

1975 877 2034 924 et
2063 869 2305 941 gladium
2354 870 2604 940 spiritus,
2645 872 2793 941 quod
2840 880 2926 927 est
2969 873 3201 928 verbum
3244 874 3342 930 Dei
3371 875 3595 947 (Ephes.

1976 963 2075 1034 vi).
2117 981 2137 1014 ι
2201 961 2318 1016 Hoc
2384 963 2572 1033 itaque
2627 963 2809 1034 gladio
2842 1003 2857 1030 ,
2911 963 3313 1032 dilectissime,
3385 981 3606 1039 semper

1976 1055 2288 1126 accingere,
2323 1069 2433 1125 quo
2466 1053 2719 1109 videlicet
2771 1040 2845 1110 et'
2869 1055 3102 1111 callidus
3133 1057 3425 1113 insidiator
3467 1074 3601 1115 con-

1976 1143 2157 1201 fossus
2195 1146 2452 1209 intereat,
2501 1156 2558 1200 et
2587 1146 2842 1201 Christus
2871 1145 2926 1200 in
2963 1156 3016 1202 te
3055 1147 3205 1202 velut
3236 1148 3293 1203 in
3347 1150 3604 1204 munitis-

1977 1237 2116 1292 simo
2139 1245 2450 1293 castrorum
2474 1251 2698 1292 suorum
2728 1237 3146 1309 propugnaculo
3169 1240 3348 1295 victor
3367 1240 3597 1297 existat.

2504 1369 2846 1426 EPISTOLA
2892 1371 3063 1426 XXX.

1978 1476 2049 1516 AD
2101 1474 2390 1516 TEUZONEI
2442 1475 2740 1517 NONACIIUI
2805 1479 3132 1520 HONASTSRII

2684 1549 2892 1589 IARIE.

2222 1622 2493 1694 (Habetur
2514 1633 2641 1679 tom.
2668 1624 2791 1692 111,
2825 1636 3007 1697 estque
3029 1645 3210 1697 opus...
3245 1628 3362 1701 5i.)

2500 1735 2844 1794 EPISTOLA
2890 1738 3087 1794 XXXI.

1984 1842 2053 1882 AD
2092 1843 2394 1884 DOIINICUI
2436 1844 2749 1886 LORICATU!
2791 1847 3029 1887 PRIOREI
3061 1848 3111 1888 S.
3147 1850 3332 1892 IARIAE
3374 1851 3598 1904 811⁵1118,

2505 1917 2737 1966 εωδρυε
2776 1919 3072 1959 ΕΒΕΙΙΤΔΞ.

2209 1992 2484 2064 (Habetur
2511 2003 2639 2048 tam.
2680 1975 2804 2061 11),
2834 2008 3014 2066 estque
3045 2015 3230 2069 opusc.
3258 1998 3378 2072 55.)

2481 2081 2832 2166 EPISTOLA
2873 2109 3091 2166 xxxn.

2088 2213 2159 2253 AD
2214 2212 2345 2256 SUOS
2402 2215 2676 2254 EREIITAS
2735 2215 3066 2256 IONASTERH
3125 2217 3499 2259 ωιωαιωωιε

2599 2286 2646 2325 8.
2698 2286 2980 2326 ΒΔΒΝΛΒΕ.

3183 1479 3512 1523 ηοιιειςτιιηι
3552 1482 3600 1522 S.

1979 2389 2387 2443 Ancuuenruu.
2444 2418 2516 2428 —
2564 2387 2861 2444 Monaclios
2907 2389 2960 2442 in
3011 2388 3178 2444 vicini
3242 2389 3348 2445 sibi
3403 2383 3606 2447 montis

2053 2473 2240 2514 eremo
2298 2468 2708 2514 commorantes
2772 2460 2934 2530 227
2997 2461 3389 2530 reprehendit,
3460 2463 3607 2530 quod

2053 2529 2320 2599 quasdam
2369 2531 2517 2598 leges
2560 2545 2590 2584 a
2637 2545 2698 2584 se
2748 2529 2817 2584 in?
2849 2529 3071 2586 eurum’
3098 2532 3437 2587 monasterio
3470 2529 3605 2587 con-

2055 2601 2277 2674 stitntas
2305 2617 2534 2674 prorsus
2558 2601 2901 2674 negligerent
2931 2611 2986 2656 et
3009 2602 3305 2674 violarent,
3336 2603 3598 2674 quodque

2057 2673 2110 2727 in
2136 2670 2466 2740 quibusdam
2493 2670 2659 2725 rebus
2693 2670 3050 2728 saecularibus
3083 2670 3406 2728 scandalum
3447 2670 3608 2729 aﬂ'er-

2057 2752 2200 2797 rent.
2248 2743 2482 2814 liosdem
2525 2757 2767 2812 quoque,
2798 2744 2945 2814 quod
2995 2753 3340 2799 terrenarum
3389 2745 3609 2800 divitia-

2056 2828 2177 2888 rum
2214 2813 2530 2883 cupidiores
2557 2823 2747 2868 essent
2791 2813 3050 2888 quodque
3081 2816 3221 2888 cibis
3264 2815 3606 2888 delicatiori-

2055 2884 2158 2939 bus
2180 2894 2471 2938 uterentur
2495 2899 2660 2953 quam
2693 2884 2886 2939 eorum
2922 2895 3078 2940 arcto
3101 2886 3323 2941 vivendi
3352 2887 3607 2942 instituto

2056 2955 2396 3028 conveniret,
2426 2955 2755 3028 gravissime
2780 2956 3128 3028 perstringit.
3156 2958 3236 3011 Ad
3267 2967 3604 3024 extremum,

2055 3035 2268 3098 quanta
2301 3026 2376 3078 sit
2415 3025 2601 3080 cantio
2630 3025 2939 3098 adhibenda
2970 3025 3053 3080 in'
3083 3027 3149 3081 iis
3178 3029 3364 3093 rebus,
3404 3044 3528 3098 quas
3576 3043 3608 3082 a

2056 3095 2360 3164 majoribus
2391 3107 2541 3150 recte
2582 3097 2905 3152 constituta:
2941 3107 3091 3161 sunt,
3121 3095 3446 3164 evellendis,
3478 3115 3610 3156 non-

2057 3169 2331 3220 nullorum
2362 3165 2565 3221 infelici
2592 3168 2992 3222 monachorum
3023 3169 3174 3223 exitu
3208 3171 3474 3225 ostendit.
3507 3230 3515 3242 ,

2055 3255 2346 3312 Fratribus
2387 3257 2441 3311 in
2468 3255 2742 3326 Gamngni
2791 3271 2981 3314 eremo
3027 3261 3361 3328 constitutis,
3391 3259 3614 3318 Perses

1985 3359 2247 3420 peccator
2277 3349 2581 3404 monachus
2602 3351 2858 3405 salutem.

2063 3457 2083 3490 ι
2114 3439 2286 3494 Filius
2325 3440 2566 3510 sapiens,
2595 3442 2674 3495 ait
2703 3439 2988 3507 Salomon,
3020 3442 3265 3500 laetificat
3285 3453 3522 3515 patrem,
3547 3445 3612 3501 fl-

1987 3529 2092 3586 lius
2120 3545 2254 3585 vero
2281 3531 2481 3586 stultus
2503 3532 2766 3587 maestitia
2793 3541 2878 3587 est
2897 3533 3092 3588 matris
3120 3549 3234 3588 suze
3257 3533 3445 3606 (Prov.
3467 3539 3547 3606 x).
3585 3557 3604 3590 ι

1987 3623 2093 3690 Qui
2136 3639 2330 3678 rursus
2388 3623 2466 3677 ait
2505 3641 2517 3677 :
2553 3642 2571 3674 ι
2603 3623 2705 3690 Qui
2761 3633 3064 3695 congregat
3110 3625 3162 3679 in
3210 3640 3424 3693 messe,
3470 3627 3616 3684 illius

1987 3715 2206 3783 sapiens
2244 3724 2361 3780 est;
2393 3715 2486 3784 qui
2530 3724 2716 3770 autem
2750 3716 2941 3771 stertit
2971 3717 3025 3770 in
3055 3725 3273 3784 testate,
3303 3717 3451 3774 filius
3478 3735 3615 3774 con-

1987 3805 2221 3861 fusionis
2267 3806 2469 3876 (ξένω).
2504 3825 2521 3856 ο
2580 3806 2694 3862 Hoc
2739 3822 2874 3879 ergo
2924 3823 3026 3863 cur
3061 3808 3267 3874 dicam,
3319 3809 3611 3877 aperiam:

1989 3899 2088 3954 Vir
2117 3899 2340 3968 quidam
2374 3913 2404 3953 a
2441 3899 2840 3955 Mediolanensi
2885 3899 3022 3955 nrbe
3052 3901 3441 3971 progrediens,
3483 3903 3614 3958 dum

1988 4008 2077 4046 me
2107 4000 2406 4061 quaereret,
2436 4004 2532 4061 per
2570 4007 2670 4046 vos
2701 3992 2992 4046 transitum
3019 3991 3247 4058 habuit;
3283 3993 3380 4047 sed
3421 4001 3478 4048 et
3518 3994 3617 4048 ha-

1988 4083 2168 4137 bitare
2204 4083 2512 4148 vobiscum,
2546 4092 2606 4137 nt
2648 4084 2764 4153 ipse
2807 4083 3090 4153 professus
3116 4093 3219 4150 est,
3270 4085 3374 4140 sub
3404 4099 3471 4139 eo
3511 4100 3614 4141 no-

1990 4177 2138 4232 mine
2188 4176 2524 4246 concupivit.
2575 4176 2678 4241 Qui
2727 4176 2857 4231 dum
2899 4176 3077 4231 lassus
3127 4177 3348 4242 itinere,
3401 4193 3618 4233 moram

1991 4269 2147 4326 velut
2193 4271 2533 4340 quiescendo
2575 4270 2952 4338 protraheret,
2984 4271 3080 4326 sed
3126 4272 3194 4326 ab
3222 4272 3618 4341 explorationis

1987 4369 2191 4416 vestra:
2223 4360 2476 4416 custodia
2510 4358 2729 4416 clausos
2755 4360 2947 4416 oculos
2995 4379 3102 4417 non
3137 4362 3395 4430 haberet,
3429 4365 3619 4420 nescio

1990 4470 2130 4527 quos
2197 4463 2443 4509 vestrum
2499 4452 2675 4508 aniles
2712 4469 2887 4524 nugas
2935 4464 2992 4509 et
3033 4456 3207 4510 otiosa
3255 4456 3617 4512 deliramenta

1990 4547 2280 4619 perpendit
2323 4543 2687 4616 profundere,
2726 4555 2782 4602 et
2812 4561 2938 4601 cum
2988 4545 3144 4601 laieis
3172 4547 3437 4603 scurriles
3460 4547 3621 4617 jocos

275 4633 460 4688 verbis
511 4631 794 4688 humiliter
842 4605 1047 4700 paruit,
1102 4639 1157 4685 et
1206 4640 1454 4701 pontem,
1514 4605 1661 4685 sicut
1695 4629 1882 4699 jussus
1918 4605 2419 4696 θὲιιὶιάίυι-ίαίνί(

1514 4631 1658 4685 Sicut
1695 4629 1882 4699 Ιυδδυε
1918 4605 1965 4663 D
1991 4605 2047 4696 et
2073 4639 2310 4695 ludibria
2346 4640 2488 4694 vidit
2526 4639 2741 4694 urbana
2786 4641 3045 4696 miscere.
3084 4639 3241 4696 Unde
3288 4605 3499 4696 factum
3536 4650 3622 4697 est

275 4721 476 4788 fuerat,
507 4721 820 4776 fabricavit.
857 4719 962 4776 Sed
996 4719 1259 4791 quidquid
1286 4720 1376 4774 ille
1410 4736 1534 4774 eum
1584 4721 1804 4775 latomis
1829 4729 1884 4774 et

275 4815 652 4872 caementariis
709 4813 1048 4869 elaborando
1088 4814 1428 4876 construxit,
1482 4811 1587 4866 hoc
1633 4811 1883 4868 diabolus

276 4917 549 4966 nocturno
604 4907 825 4963 silentio
895 4906 1166 4962 violenter
1221 4907 1502 4971 obruens,
1569 4906 1877 4977 dissipavit.

275 5001 446 5071 Quem
470 5001 766 5073 pnedictus
789 5001 874 5055 vir
900 5015 1074 5072 usque
1103 5000 1263 5055 tertia
1308 5000 1422 5054 sive
1453 5007 1674 5069 quarta,
1706 5008 1765 5052 ut
1794 4999 1877 5053 di-

273 5096 438 5162 citur,
468 5097 611 5162 vice,
649 5107 732 5151 est
755 5106 990 5151 conatus
1017 5095 1252 5165 erigere.
1297 5092 1404 5149 Sed
1441 5092 1710 5163 quidquid
1737 5107 1882 5162 pra:-

275 5188 491 5244 oedenti
521 5187 609 5244 die
638 5203 746 5243 non
795 5187 913 5242 sine
946 5203 1146 5257 magno
1184 5187 1371 5241 labore
1401 5186 1729 5250 construxit,
1779 5186 1882 5241 hoc

275 5277 366 5333 die
403 5278 578 5334 altero
618 5295 716 5350 per
749 5288 1050 5357 nocturnas
1094 5276 1295 5335 diaboli
1348 5277 1638 5332 machinas
1665 5277 1881 5332 destru.

277 5380 424 5427 ctum
449 5371 674 5442 reperit.
710 5372 778 5429 Ut
807 5373 975 5443 igitur
1003 5381 1204 5428 caetera
1236 5374 1486 5444 exempla
1527 5373 1687 5444 hujus
1716 5374 1880 5429 omit-

277 5472 408 5528 tam,
441 5462 486 5518 si
525 5463 614 5518 ille
656 5465 748 5535 qui
794 5479 980 5519 sacras
1026 5464 1240 5536 litteras
1276 5473 1706 5535 sanctorumque
1752 5463 1879 5518 reli-

277 5555 434 5625 quias
465 5555 731 5621 habebat,
781 5565 1029 5612 armatus
1075 5567 1239 5626 atque
1273 5557 1534 5612 terribilis
1571 5558 1623 5611 in
1676 5557 1886 5626 antiqui

277 5646 455 5705 hostis
485 5649 660 5707 oculis
686 5652 996 5718 videbatur,
1031 5653 1105 5706 ita
1140 5661 1201 5707 ut
1243 5653 1312 5708 ad
1351 5667 1477 5707 eum
1511 5652 1775 5708 accedere
1806 5652 1886 5706 vel

274 5743 716 5814 appropinquare
747 5746 1074 5818 nequiverit,
1113 5755 1321 5817 quanto
1349 5745 1531 5802 studio
1575 5761 1674 5801 nos
1721 5746 1888 5800 debe-

273 5847 396 5892 mus
419 5835 889 5910 cmlestis,eloquii
936 5839 1057 5896 telis
1095 5839 1408 5910 accingere,
1441 5847 1502 5894 ut
1527 5838 1595 5894 de
1633 5837 1890 5910 malignis

1989 4743 2050 4787 ut
2081 4747 2188 4787 non
2234 4732 2396 4787 modo
2429 4747 2530 4786 nos
2579 4739 2947 4801 nostrumque
3010 4740 3236 4802 propter
3280 4748 3378 4788 vos
3422 4744 3618 4789 contu-

1987 4825 2239 4881 bernium
2269 4839 2431 4879 omne
2454 4831 2862 4888 contemneret,
2889 4824 2984 4878 sed
3007 4835 3062 4878 et
3087 4824 3267 4894 ipsum
3297 4825 3619 4879 conversio-

1987 4918 2074 4972 nis
2121 4916 2385 4980 animum,
2444 4923 2716 4984 quantum
2776 4915 2988 4984 potuit,
3043 4913 3296 4970 funditus
3344 4915 3622 4970 amisisset

1989 5007 2341 5079 (amitteret).
2393 5003 2598 5075 Aperte
2639 5005 2853 5060 scilicet
2898 5005 3012 5061 vita
3071 5015 3263 5060 neStra
3300 5005 3619 5072 fructificat,

1994 5106 2191 5152 utnon
2235 5096 2397 5151 modo
2433 5110 2532 5165 per
2565 5093 2856 5150 anfractus
2893 5103 2951 5150 et
2995 5095 3149 5151 invia
3179 5112 3208 5150 a
3235 5096 3470 5165 iustitia:
3512 5108 3623 5152 tra-

1993 5189 2129 5244 mite
2181 5202 2399 5258 semper
2453 5188 2571 5258 ipsa
2622 5185 2882 5254 declinet,
2923 5202 3120 5243 verum
3164 5188 3333 5243 etiam
3379 5203 3410 5242 a
3451 5187 3622 5242 divini

1991 5281 2174 5337 cultus
2203 5295 2429 5353 egressu
2458 5293 2553 5350 per
2580 5294 2693 5334 suae
2720 5279 3013 5350 pravitatis
3049 5279 3311 5352 exempla
3339 5280 3620 5336 deturbet.

1993 5372 2141 5429 Satis
2182 5373 2343 5442 plane
2375 5371 2670 5442 vigilanter
2713 5371 3053 5427 attendimus
3088 5372 3236 5441 quod
3282 5387 3384 5443 per
3421 5386 3623 5441 expro-

1992 5464 2304 5520 brationem
2334 5462 2614 5533 propheta:
2645 5462 2953 5516 minitantis
2994 5463 3252 5518 audimus
3285 5481 3299 5518 :
3338 5481 3355 5514 ι
3388 5461 3497 5518 Per
3525 5477 3621 5517 vos

1994 5573 2194 5614 nomen
2229 5556 2324 5612 Dei
2368 5556 2784 5626 blasphematur
2816 5555 2974 5628 (Isai.
3005 5572 3114 5622 LII;
3167 5556 3320 5611 Rom.
3357 5557 3442 5626 ιι).
3480 5575 3498 5607 ι
3551 5556 3622 5610 ll-

1995 5650 2086 5706 iud
2128 5653 2294 5706 etiam
2350 5648 2496 5720 quod
2524 5653 2591 5704 de
2639 5648 2765 5705 filiis
2812 5649 2932 5705 Hcli
2992 5649 3279 5721 Scriptura
3340 5655 3612 5703 testatur:

1999 5759 2018 5795 ι
2052 5742 2208 5806 Erat,
2248 5739 2444 5811 inquit,
2499 5747 2784 5811 peccatum
2834 5754 3132 5810 puerorum
3191 5738 3398 5810 grande
3449 5737 3614 5791 nimis

2000 5851 2188 5894 coram
2217 5835 2472 5900 Domino,
2503 5834 2633 5905 quia
2662 5833 3030 5890 detrahebant
3059 5832 3312 5888 homines
3343 5846 3373 5886 a
3400 5831 3612 5894 sacriti-
