5428 6540
376 1264 394 1274 η

370 1270 422 1304 '.._
495 1277 498 1280 '

395 1311 418 1332 __

378 1343 408 1352 Α

370 1377 398 1385 ιι
499 1371 504 1376 ⁵

368 1396 402 1419 7‘
427 1405 458 1422 ’δ

368 1425 404 1442 κγ
431 1429 454 1440 _.

368 1438 406 1465 ος

374 1469 408 1490 -
491 1485 498 1490 .

368 1529 402 1559 η
453 1531 508 1554 Ᾱὸ’

376 1579 442 1610 έ-
495 1581 502 1588 ⁸

381 1621 408 1644 :l
447 1617 450 1622 ’

352 1649 422 1669 ¹¹;.
471 1655 486 1666 I-.

340 1686 353 1693 ἰα
381 1663 408 1692 11

364 1769 408 1806 .1

368 1850 371 1857 .

1690 378 1795 435 ιη

2232 369 2292 427 8.
2333 368 2538 427 PETRI
2579 363 2861 423 DAIIANI
2900 364 3055 424 OPP.
3100 364 3281 423 PARS
3320 362 3451 425 εει]
3483 362 3719 422 τοιιιιε
3744 362 3785 421 I.
3824 394 3897 409 --
3934 366 4154 431 EPIST.
4197 364 4335 425 LlB‘:
4365 367 4498 425 VIII.

4869 370 4981 427 684

1688 489 1774 547 cio
1816 485 1915 541 Dei
1962 485 2013 557 (Ι
2044 482 2171 554 Reg.
2207 482 2291 551 tt).
2327 500 2346 533 ι
2404 479 2574 535 Porro
2618 485 2799 532 autem
2852 492 3015 548 quam
3057 476 3271 547 plurimi
3302 483 3352 542 Α
3379 477 3672 533 salubriter
3716 477 4084 543 interdictum,
4121 479 4222 535 hoc
4263 480 4459 537 letbale
4492 480 4696 538 factum
4742 492 4831 539 est
4870 483 4979 539 lao-

1688 592 1818 639 sunt
1858 580 1949 651 qui
1985 580 2066 633 sic
2115 578 2165 630 in
2208 573 2496 630 turbulenti
2526 571 2707 627 seculi
2745 580 3003 640 tanquam
3047 570 3115 626 in.
3149 583 3277 638 spu-

1688 672 1831 730 mosi
1877 669 2043 725 maris
2088 666 2339 737 procellis
2391 680 2453 719 ac
2504 661 2762 717 ﬂuctibus
2812 660 3160 721 ventilantur,
3219 668 3280 714 ut

1689 762 1793 818 nisi
1840 759 1907 814 ad
1954 759 2197 829 quietum
2244 753 2409 823 hujus
2454 752 2596 807 sacri
2639 752 2850 806 ordinis
2892 764 2950 805 se
2997 748 3280 804 conferant

1687 859 1926 923 portum.
1959 849 2103 904 nulla
2134 845 2342 901 ratione
2370 843 2648 901 confidant
2670 843 2900 913 propria:
2927 841 3119 896 salutis
3146 856 3277 896 eva-

1689 944 1817 997 dere
1847 957 2005 1012 posse
2035 936 2393 1008 naufragium.
2424 934 2622 1003 Quanti
2667 948 2796 1004 ergo
2839 934 3120 1003 sanguinis
3149 948 3278 987 reus

1689 1042 1797 1097 est,
1846 1033 1937 1102 qui
1968 1030 2068 1085 sub
2114 1029 2257 1083 sacri
2304 1027 2519 1081 habitus
2557 1025 2834 1079 schemate
2868 1023 3030 1077 talem
3081 1038 3141 1078 se
3178 1039 3276 1093 per

1695 1134 1959 1193 suscepta:
1973 1118 2333 1194 professionis
2354 1117 2615 1171 incuriam
2639 1114 2877 1175 exhibet.
2902 1125 3276 1184 utquazrentes

1692 1215 1974 1278 accedere,
2018 1222 2271 1282 perverse
2317 1207 2564 1271 vivendo.
2607 1205 2911 1260 disturbet?
2956 1205 3272 1275 Evangelica

1694 1307 1770 1361 illi
1800 1306 2057 1360 nimirum
2102 1300 2367 1357 sententia
2411 1299 2677 1369 congruit.
2708 1311 2814 1367 qua
2845 1297 3043 1351 dicitur
3072 1316 3084 1349 :
3119 1317 3135 1346 ι
3171 1297 3273 1364 Qui

1692 1395 2138 1453 scandalizavetit
2158 1404 2331 1447 unum
2360 1406 2427 1445 ex
2478 1392 2563 1446 his
2605 1390 2835 1461 pusillis,
2882 1391 3100 1460 expedit
3138 1392 3184 1445 ei
3217 1400 3275 1445 ut

1690 1487 2052 1557 suspendatur
2080 1483 2219 1538 mola
2268 1483 2505 1538 asinaria
2548 1481 2601 1535 in
2631 1481 2771 1536 collo
2796 1482 2937 1551 ejus,
2970 1491 3024 1535 et
3063 1484 3273 1536 demer-

1687 1584 1849 1647 gatur
1892 1574 1945 1628 in
1972 1572 2299 1643 profundum
2345 1572 2512 1626 maris
2550 1569 2764 1639 (Hattlt.
2796 1572 2973 1637 xvttt).
3004 1591 3022 1621 ι
3054 1571 3271 1625 Tolera-

1686 1667 1851 1724 bilius
1888 1666 2037 1721 enim
2066 1664 2262 1727 fuerat,
2312 1673 2371 1718 ut
2416 1663 2563 1718 solus
2612 1663 2664 1715 in
2705 1662 2827 1730 ejus
2860 1679 3022 1729 quem
3055 1665 3271 1732 reliquit

1692 1758 1881 1823 mundi
1933 1756 2195 1825 vertigine
2239 1762 2544 1817 rotarelur,
2595 1769 2756 1823 quam
2804 1754 3000 1808 multos
3046 1771 3189 1810 nunc
3238 1772 3267 1809 a

3380 568 3508 622 mini
3532 583 3627 637 per
3658 578 3927 637 usurpata
3955 568 4226 624 libertatis
4252 571 4563 626 arbitrium.

3450 655 3567 711 Iloc
3600 657 3761 727 primi
3791 657 4027 711 hominis
4052 670 4357 727 peccatum.
4386 661 4584 716 fratres
4609 661 4738 725 mei,
4762 670 4821 716 ut
4845 677 4975 718 eum

3380 764 3517 820 pace
3566 760 3747 804 vestra
3800 749 4014 820 loquar,
4066 766 4165 806 vos
4199 752 4399 807 iterare
4451 766 4624 823 usque
4658 753 4819 809 bodie
4864 770 4979 810 non

3379 842 3646 905 desinitis.
3680 844 3723 895 si
3755 844 3899 911 quod
3929 843 4081 898 vobis
4112 844 4401 899 inhibitum
4434 855 4539 906 est,
4572 861 4669 915 per
4694 848 4975 915 pruritum

3379 932 3736 988 lenocinantis
3791 933 4055 987 illecebra:
4084 934 4404 1003 degustatis.
4447 934 4671 1001 Quoties
4713 937 4865 991 enim
4904 937 4979 994 ad

3380 1023 3523 1077 hunc
3578 1024 3761 1078 cibum
3808 1038 4001 1076 manus
4052 1024 4431 1079 inobedientia
4476 1025 4747 1087 tenditur.
4808 1026 4977 1081 toties

3376 1114 3563 1182 procul
3588 1114 3751 1166 dubio
3781 1114 3938 1181 primi
3964 1114 4209 1183 parentis
4235 1114 4390 1183 culpa
4424 1115 4678 1178 iteratur,
4704 1124 4755 1168 et
4782 1130 4975 1170 semen

3377 1206 3563 1273 stirpis
3610 1208 3849 1274 erumpit
3895 1214 4296 1275 consequenter
4349 1207 4403 1261 in
4458 1208 4648 1262 ramis.
4699 1206 4813 1272 Sic.
4844 1224 4977 1278 pro-

3376 1294 3575 1348 fluente
3602 1310 3755 1359 vena,
3791 1298 3937 1349 rivus
3968 1296 4100 1350 fonti
4124 1337 4137 1359 .
4169 1306 4375 1351 tractus
4407 1298 4696 1369 respondet
4718 1300 4943 1369 origini.

3449 1385 3561 1440 Hoc
3591 1390 3756 1441 etiam
3803 1404 3888 1441 me
3942 1406 4048 1442 non
4098 1389 4273 1444 levius
4320 1402 4524 1453 movet,
4571 1390 4699 1461 quia
4742 1402 4975 1463 ιιι-πων

3373 1490 3559 1545 gresso
3583 1476 3933 1529 nihilominus
3964 1479 4342 1533 inobcdicntim
4369 1480 4559 1545 limite,
4588 1479 4974 1551 eleemosynas

3375 1586 3404 1623 a
3447 1569 3795 1623 molaribus
3844 1570 4221 1625 indifferenter
4268 1574 4552 1641 accipitis.
4602 1573 4974 1645 possessionis

3376 1670 3570 1714 vestra:
3618 1661 3883 1715 funiculus
3910 1663 4181 1718 inbianler
4208 1664 4525 1725 extenditis.
4565 1674 4638 1725 et,
4680 1674 4737 1716 ut
4768 1674 4972 1719 cuncta

3376 1754 3555 1808 brevis
3585 1771 3766 1808 sermo
3793 1757 4101 1817 concludat,
4141 1758 4192 1810 in
4228 1758 4446 1811 oeculto
4472 1755 4631 1811 simul
4662 1766 4719 1812 et
4742 1755 4971 1826 publica

1689 1846 1984 1906 salutifera
2012 1846 2261 1901 stationis
2310 1856 2590 1900 revocaret
2621 1860 2863 1900 accessu.
2910 1846 2965 1899 Si
2993 1861 3121 1913 ergo
3163 1846 3268 1899 vita
3304 1849 3347 1907 Β
3379 1846 3492 1898 fieri
3534 1847 3729 1899 divites
3777 1845 4064 1899 festinatis.
4096 1845 4219 1900 ΙΙπο
4268 1858 4449 1901 autem
4490 1845 4779 1909 facientes.
4814 1862 4973 1902 ama-

1687 1950 1873 1997 nostra
1910 1948 2018 1993 tam
2050 1952 2213 2009 prava
2239 1938 2450 1991 videtur
2470 1946 2525 1991 et
2550 1936 2791 2006 squalida
2823 1946 2879 1990 ut
2908 1938 3071 1990 etiam
3104 1952 3269 1989 carne

1690 2028 1903 2083 vestitis
1928 2026 2236 2081 hominibus
2285 2024 2469 2090 feteat,
2506 2024 2681 2094 qualis
2709 2034 2867 2094 putas
2914 2035 2997 2079 est
3041 2027 3265 2093 angelis,

1688 2119 1779 2187 qui
1801 2117 2007 2186 jugiter
2033 2130 2245 2185 semper
2273 2116 2512 2169 eminent
2542 2116 2594 2168 in
2646 2114 2943 2183 spiritualis
2992 2116 3269 2167 munditia:

1687 2209 1955 2271 culmine;
1997 2206 2173 2275 qualis
2206 2208 2336 2268 Deo,
2384 2206 2476 2275 qui
2506 2213 2559 2259 et
2590 2206 2762 2275 ipsam
2809 2215 3031 2274 superat
3073 2207 3271 2273 angeli-

1688 2314 1808 2354 cam
1836 2294 2191 2367 dignitatem?
2224 2294 2376 2351 Unde
2410 2305 2464 2350 et
2499 2295 2627 2349 illud
2666 2294 3009 2350 formidolose
3034 2312 3268 2364 pensan-

1690 2387 1817 2441 dum
1846 2394 1951 2451 est,
1978 2401 2045 2439 ne
2076 2385 2213 2449 illos,
2245 2385 2336 2453 qui
2379 2384 2447 2438 ad
2495 2384 2795 2439 custodiam
2828 2396 3068 2439 nostrain
3104 2386 3273 2455 depu-

1689 2478 1789 2533 tati
1815 2486 1967 2539 δειλία
1998 2476 2217 2545 angelos
2244 2478 2366 2529 vita:
2416 2485 2616 2530 nostra:
2658 2476 2798 2530 fetor
2824 2474 3079 2541 odendat,
3107 2477 3272 2548 ω

1687 2575 1749 2621 ιιι
1801 2564 1985 2635 potius
2018 2565 2158 2634 apud
2207 2563 2375 2620 Deum
2409 2565 2666 2634 conqueri
2695 2580 2859 2635 quam
2891 2580 2986 2620 sua
3040 2581 3139 2621 nos
3179 2568 3271 2622 de-

1685 2657 1847 2712 beant
1882 2654 2226 2710 attestatione
2256 2654 2412 2709 tueri.

1756 2747 1892 2804 Illud
1920 2763 2137 2818 quoque
2166 2747 2231 2801 de
2254 2746 2558 2803 sanctitatis
2591 2757 2780 2803 vestra:
2806 2750 3090 2818 praeconiis
3126 2752 3268 2804 noti-

1687 2841 1774 2897 tia
1801 2849 2000 2897 nostra;
2034 2842 2446 2911 superaecessit,
2477 2842 2601 2908 quia
2635 2841 2891 2910 pleraque
2921 2843 3149 2911 capitula
3204 2843 3267 2894 ad

1683 2931 2032 2987 continentia:
2075 2930 2401 3000 pertinentia
2442 2929 2805 2999 disciplinam,
2850 2932 3141 2999 quaeinter
3178 2947 3270 2985 vos

1680 3022 2003 3093 regulariter
2047 3022 2460 3083 constituimus,
2523 3021 2598 3073 ita
2646 3036 2789 3076 nunc
2836 3021 3092 3075 oblivioni
3140 3030 3269 3076 suit

1680 3114 1903 3178 tradita,
1934 3127 1998 3165 ac
2038 3112 2083 3164 si
2115 3110 2287 3165 deliro
2318 3110 2543 3164 cuilibet
2571 3108 2773 3164 fuerint
2812 3110 3070 3165 oblivioni
3115 3126 3263 3166 man-

3374 1939 3601 1990 rissimis
3626 1954 3724 1990 nos
3760 1947 3910 1989 tetra:
3934 1940 4385 2006 concupiscentia:
4413 1940 4651 1994 motibus
4678 1938 4967 2001 laceratis;

3371 2046 3476 2083 non
3510 2030 3685 2081 solum
3738 2029 3912 2091 vobis,
3940 2031 4029 2082 sed
4079 2039 4133 2083 et
4184 2031 4420 2097 posteris
4448 2032 4647 2085 vestris
4679 2030 4971 2087 dulcedine

3371 2120 3572 2189 quietis
3610 2120 3867 2179 adimitis,
3922 2136 4176 2174 curarum
4220 2120 4563 2175 szecularium
4608 2135 4707 2175 vos
4754 2121 4972 2191 laqueis

3372 2210 3666 2269 inundatis,
3698 2220 3751 2261 et
3776 2212 3917 2277 quod
3944 2212 4293 2263 deterrimum
4318 2220 4421 2271 est.
4452 2213 4721 2281 pugnandi
4746 2227 4973 2281 semper

3372 2314 3495 2351 cum
3553 2300 3940 2361 ιωι-ιιιπιιιυε,
3996 2301 4079 2353 vel
4134 2311 4313 2369 potius
4357 2304 4643 2356 materiam
4688 2304 4969 2359 serviendi

3372 2390 3723 2451 constituitis,
3774 2406 3877 2441 non
3909 2390 4326 2444 considerantes
4367 2389 4496 2444 illud
4528 2392 4730 2459 egregii
4765 2394 4968 2461 pandi-

3371 2480 3573 2534 calatis
3600 2519 3616 2542 ,
3659 2480 3801 2548 quod
3848 2481 3991 2533 veris
4034 2480 4577 2536 abrenuntiatoribus
4615 2482 4692 2536 ait
4739 2500 4753 2535 :
4810 2502 4828 2535 t
4862 2482 4973 2539 Ila-

3372 2570 3562 2624 betites
3609 2570 3864 2623 alimenta
3910 2580 3963 2623 et
4008 2572 4209 2639 quibus
4263 2580 4543 2641 tegamur.
4599 2574 4666 2627 iis
4720 2574 4973 2629 contenti

3372 2662 3561 2714 simus.
3630 2660 3763 2713 Nam
3828 2662 3918 2729 qui
4000 2662 4187 2715 volunt
4251 2662 4447 2716 divites
4525 2660 4642 2718 ﬁeri
4720 2664 4975 2720 incidunt

3374 2752 3426 2805 in
3476 2753 3699 2820 laqueos
3761 2752 4001 2814 diaboli,
4075 2762 4131 2806 et
4180 2754 4550 2817 tettlationes.
4618 2770 4684 2810 ac
4748 2756 4973 2811 deside-

3374 2842 3450 2893 ria
3494 2839 3661 2893 inulta
3715 2841 3922 2894 inutilia
3972 2852 4026 2894 et
4072 2842 4289 2905 nociva,
4335 2859 4455 2912 quae
4488 2856 4736 2907 mergunt
4788 2848 4969 2901 bomi~

3372 2946 3493 2983 nem
3529 2932 3579 2983 in
3615 2932 3890 2984 interitum
3938 2942 3993 2984 et
4054 2934 4411 3002 perditiOnem
4472 2934 4535 3003 (I
4572 2934 4707 2989 Tim.
4763 2940 4899 3005 vt);
4942 2958 4961 2989 s

3370 3024 3536 3094 ω
3580 3024 3668 3078 ubi
3719 3034 3772 3077 et
3818 3028 4101 3093 sequitur:
4145 3046 4162 3077 ι
4198 3025 4367 3080 Radix
4409 3028 4651 3082 omnium
4690 3028 4970 3084 malorum

3369 3128 3452 3171 est
3478 3118 3731 3179 avaritia,
3770 3133 3932 3186 quam
3962 3118 4180 3187 quidam
4224 3129 4539 3188 appetentes
4566 3133 4895 3176 erraverunt
4938 3138 4969 3175 a

1680 3206 1831 3270 data,
1888 3202 2140 3257 videlicet
2193 3210 2252 3253 ut
2306 3201 2489 3254 vinum
2534 3197 2766 3269 utroqu'e
2807 3200 3261 3270 quadragesima“
3290 3201 3335 3264 C
3368 3208 3473 3262 fide
3523 3218 3577 3263 et
3631 3209 3977 3263 inseruerunt
4031 3226 4087 3263 se
4135 3210 4410 3265 doloribus
4446 3211 4629 3266 multis
4679 3213 4899 3281 (Ibit).
4942 3234 4963 3267 ι

1678 3304 1924 3362 tempore
1970 3307 2074 3345 non
2113 3290 2345 3352 bibatur,
2396 3304 2504 3343 non
2555 3290 2720 3358 piscis
2767 3290 2983 3356 edatur,
3034 3299 3093 3344 ut
3142 3290 3250 3345 nisi

1678 3381 1966 3453 pmipuis
2006 3378 2410 3442 festivitatibus,
2450 3378 2607 3432 molis
2636 3378 2907 3447 legumina
2944 3394 3051 3434 non
3083 3388 3265 3436 teran-

1680 3480 1791 3535 tur,
1823 3480 1883 3524 ut
1911 3468 2231 3538 vespertinae
2261 3466 2543 3522 refectioni
2568 3467 2992 3537 pulmentarium
3021 3483 3129 3523 non
3163 3484 3261 3538 pa-

1679 3572 1865 3627 retur;
1900 3569 1961 3613 ut
2003 3560 2251 3613 oleastra:
2296 3557 2519 3612 frixum
2566 3558 2843 3614 rarissime
2870 3559 3261 3625 concedantur.

1678 3664 1736 3710 et
1762 3652 1929 3707 multa
1980 3649 2197 3714 similia,
2238 3663 2359 3717 qua:
2409 3648 2582 3717 magis
2639 3648 2864 3704 colenda
2914 3664 3075 3718 quam
3126 3650 3264 3704 σοι-ί-

1680 3742 1853 3798 benda
1896 3738 2256 3793 decernimus.
2302 3736 2414 3791 Nec
2462 3737 2685 3801 mirum.
2732 3737 2778 3792 si
2823 3738 2947 3801 hoc,
2994 3752 3081 3793 me
3118 3753 3263 3794 nunc

1680 3828 1870 3902 procul
1898 3838 2108 3897 agente,
2146 3825 2517 3895 prmsumitur,
2558 3840 2678 3879 cum
2709 3840 2845 3881 orno
2864 3826 3117 3883 videlicet
3158 3827 3263 3881 sub

1680 3922 1796 3991 ipsa
1845 3918 2127 3973 nativitate
2182 3915 2483 3980 Dominica,
2541 3930 2627 3971 me
2674 3927 2964 3986 prasente.
3022 3918 3118 3973 sed
3166 3934 3263 3974 ne-

1679 4014 1906 4073 sciente,
1938 4008 2167 4063 mulsum
2203 4006 2384 4071 melle,
2412 4006 2572 4060 simul
2602 4014 2658 4061 et
2687 4008 2926 4062 diversis
2950 4009 3256 4080 pigmento.

1678 4118 1801 4159 rum
1846 4099 2134 4171 generibus
2174 4100 2487 4167 parabatur.
2534 4096 2687 4163 Quod
2733 4106 2791 4150 ut
2832 4099 3052 4166 agnovi.
3106 4107 3260 4153 tanto

1677 4195 1854 4265 magis
1894 4192 2120 4263 prodigii
2145 4192 2384 4244 novitate
2414 4204 2704 4259 percussus
2730 4191 3015 4255 exhorrui,
3053 4200 3258 4260 quanto

1676 4289 1729 4343 id
1761 4288 1813 4341 in
1841 4298 2025 4339 eremo
2052 4281 2252 4335 factum
2279 4296 2347 4334 ne
2376 4279 2613 4333 audiisse
2652 4294 2739 4333 me
2783 4282 2999 4349 quidem
3027 4290 3258 4336 eatenus

1674 4375 2014 4445 contigisset.
2048 4370 2241 4426 Verum
2282 4370 2387 4423 ista
2434 4366 2695 4431 dicentes,
2742 4383 2842 4425 nec
2871 4384 2992 4424 cum
3022 4371 3128 4425 illis
3160 4387 3259 4425 nos

1676 4467 1879 4522 sentire
1926 4464 2047 4533 quis
2086 4463 2311 4532 judicet,
2345 4460 2435 4530 qui
2491 4460 2783 4529 prohibent
2835 4476 2867 4515 a
2912 4462 3069 4525 cibis.
3118 4478 3257 4532 quos

1678 4558 1819 4612 Deus
1848 4553 2069 4608 creavit.
2093 4553 2113 4621 (
2138 4550 2165 4604 1
2199 4550 2320 4604 Cor.
2360 4552 2456 4621 x);
2501 4567 2598 4605 nec
2644 4552 2952 4621 apostolicae
2978 4555 3254 4607 contraire
3286 4538 3333 4597 ί)

1676 4644 1977 4706 sententim,
2022 4655 2124 4710 qua
2156 4655 2252 4694 nos
2275 4640 2599 4695 manducare
2632 4642 2895 4710 praecipit,
2920 4657 3255 4712 quaecunque

1675 4742 2050 4808 apponuntur,
2100 4739 2157 4785 et
2205 4730 2338 4784 nihil
2386 4729 2740 4799 rejiciendum
2787 4733 2928 4800 quod
2972 4747 3094 4785 cum
3129 4749 3254 4802 gra-

1677 4828 1875 4883 tiarum
1930 4825 2144 4878 actione
2203 4820 2499 4889 percipitur
2540 4817 2593 4888 (1
2623 4817 2757 4871 Tim.
2803 4820 2898 4888 tv).
2964 4821 3125 4874 Aliud
3174 4832 3259 4876 est

1677 4917 1839 4978 enim,
1873 4914 2016 4983 quod
2056 4918 2334 4965 creaturas
2375 4909 2469 4964 Dei
2509 4910 2682 4964 bonas
2711 4909 3086 4964 indifferenter
3116 4926 3258 4966 asse-

1676 5006 1875 5066 rimus;
1907 5000 2075 5061 aliud.
2109 4999 2251 5067 quod
2292 4998 2563 5067 pudicitia
2611 4998 3002 5068 sobrietatique
3032 5015 3255 5054 servan-

1676 5097 1755 5152 de
1780 5093 2141 5163 castigatione
2174 5104 2460 5159 corporum
2502 5090 2867 5158 providemus.
2899 5089 3105 5146 Bonum
3139 5104 3256 5148 erat

1673 5191 1873 5258 quippe
1911 5186 1965 5238 in
1992 5183 2247 5254 paradiso
2275 5181 2503 5252 lignum,
2548 5196 2578 5233 a
2619 5180 2761 5237 bono
2805 5182 3011 5238 scilicet
3050 5181 3254 5255 Opiﬁce

1675 5278 1989 5340 conditum;
2022 5274 2224 5328 bonum
2253 5272 2605 5327 nihilominus
2636 5287 2743 5328 non
2774 5272 2873 5327 fuit
2904 5276 3252 5339 manducare.

1674 5367 1863 5423 eodem
1904 5364 2224 5419 instituente
2270 5370 2603 5432 praeceptum
2631 5360 2788 5429 (Gen.
2820 5364 2915 5433 tt);
2961 5365 3075 5429 sed,
3126 5365 3252 5420 dum

1673 5457 1872 5511 bonum
1900 5455 2042 5510 bono
2085 5468 2192 5507 non
2237 5453 2374 5507 bene
2414 5451 2684 5522 jungitur,
2732 5469 2882 5509 mors
2907 5456 3158 5526 protinus
3190 5474 3256 5512 ex

1677 5550 1947 5606 virulenta
1994 5547 2202 5605 semine
2241 5546 2510 5617 superbia:
2553 5556 2863 5617 generatur.
2910 5547 3067 5616 Quod
3110 5550 3257 5605 enim

1677 5642 1877 5695 bonum
1916 5640 2095 5695 fuerat
2130 5654 2225 5707 per
2275 5645 2546 5700 naturam.
2585 5637 2784 5693 malum
2819 5637 3021 5697 factum
3052 5652 3135 5697 est
3160 5655 3257 5711 per

1676 5732 2051 5791 inobedientite
2095 5731 2344 5803 culpam;
2393 5737 2449 5786 et
2492 5730 2634 5799 quod
2684 5731 2752 5789 ab
2800 5730 3037 5790 Auctore
3077 5733 3249 5791 fuerat

3366 3298 3660 3354 Enimvero
3699 3300 3837 3353 dona
3900 3300 3981 3354 vel
4011 3301 4314 3356 oblationes
4342 3302 4410 3355 ab
4436 3304 4621 3373 iniquo
4651 3306 4967 3375 suscipere.

3364 3391 3494 3460 quid
3539 3400 3622 3445 est
3668 3390 3812 3443 aliud
3857 3408 4021 3461 quam
4072 3394 4347 3461 propriam
4392 3395 4634 3450 animam
4676 3412 4743 3451 ex
4784 3398 4969 3457 dantis

3364 3480 3618 3549 squalore
3648 3479 3896 3534 fmdare?
3937 3480 4071 3535 Hinc
4102 3484 4246 3535 enim
4269 3484 4531 3552 scriptum
4554 3495 4675 3539 est:
4714 3506 4733 3538 ι
4766 3487 4969 3542 Immo-

3364 3570 3527 3626 lantis
3562 3588 3627 3626 ex
3670 3572 3857 3641 iniquo
3888 3572 4091 3625 oblatio
4133 3582 4217 3626 est
4264 3574 4565 3637 maculata.
4596 3586 4649 3630 et
4681 3592 4790 3631 non
4836 3591 4969 3633 sunt

3362 3662 3711 3732 beneplacitz
3726 3666 4177 3717 subsannationes
4194 3666 4501 3734 iniquorum
4516 3664 4927 3737 (Ecdiaxxtv).
4942 3691 4963 3723 ι

3362 3752 3431 3809 ει
3462 3769 3716 3809 rursum:
3755 3773 3773 3804 ι
3823 3753 3970 3808 Dona
4002 3754 4308 3822 iniquorum
4359 3772 4466 3809 non
4518 3758 4712 3825 probat
4748 3760 4969 3815 Altissi-

3362 3858 3504 3906 mus.
3543 3858 3643 3899 nec
3682 3844 3902 3911 respicit
3933 3844 3983 3895 in
4016 3842 4383 3897 oblationibus
4417 3845 4748 3913 iniquorum.
4778 3862 4881 3903 nec
4910 3850 4965 3905 in

3361 3935 3707 3989 multitudine
3754 3934 4146 3989 sacriﬁciorum
4195 3950 4386 3990 eorum
4432 3939 4817 4007 propitiabitnr
4864 3958 4967 4011 pro

3358 4023 3598 4093 peccatis
3645 4022 3875 4093 (1οἑἀ.).
3916 4044 3933 4076 ι
3968 4023 4033 4078 Et
4068 4040 4275 4087 revera,
4314 4028 4445 4095 quid
4493 4028 4713 4096 prodest
4750 4030 4965 4097 justum

3359 4100 3568 4171 orando
3599 4116 3903 4177 mdificare,
3934 4116 4077 4183 quod
4112 4132 4313 4186 pravus
4343 4117 4561 4172 festinat
4592 4134 4849 4189 perverse
4883 4126 4967 4175 vi-

3358 4206 3537 4260 vendo
3567 4205 3887 4259 desk-uere?
3926 4205 4079 4260 Unde
4120 4216 4175 4259 et
4217 4222 4315 4275 per
4341 4209 4594 4264 eumdem
4640 4209 4965 4280 Sapientem

3359 4297 3594 4351 dicitur:
3629 4314 3647 4346 ι
3675 4294 3831 4349 Unus
3867 4297 4146 4351 adificans
4191 4308 4247 4351 ct
4290 4298 4431 4352 alter
4468 4300 4781 4366 destruens,
4830 4308 4963 4373 (μιιῦ

3358 4388 3579 4457 prodest
3608 4388 3735 4447 illis.
3766 4389 3867 4441 nisi
3900 4389 4097 4443 labor?
4138 4389 4287 4444 Unus
4327 4406 4493 4447 orans
4528 4404 4584 4448 et
4621 4410 4761 4451 unus
4788 4398 4935 4451 male

3360 4476 3570 4537 dicens.
3599 4478 3751 4545 cujus
3779 4494 3963 4532 vocem
3991 4481 4247 4534 exaudiet
4285 4480 4471 4535 Deus?
4511 4501 4531 4535 ι
4568 4483 4757 4551 (ΙΝ.)
4790 4485 4963 4542 Porro

3360 4578 3543 4621 autem
3573 4567 3638 4619 ad
3669 4567 3797 4635 quid
3825 4570 4135 4623 divitiarum
4164 4570 4312 4624 lucra
4343 4573 4711 4641 congerimus,
4736 4590 4805 4629 an
4830 4581 4965 4647 quia

3360 4658 3475 4712 hac
3511 4658 3563 4712 in
3587 4669 3805 4713 nostros
3832 4675 3961 4713 usus
4000 4662 4327 4731 expendere,
4362 4678 4415 4715 na
4468 4679 4557 4717 ira
4588 4666 4805 4722 modico
4832 4685 4969 4723 con-

3362 4754 3507 4799 tenta
3536 4747 3874 4815 prohibente.
3907 4763 4011 4800 non
4038 4763 4345 4815 possumus.
4372 4750 4424 4803 in
4454 4766 4590 4819 quos
4616 4756 4830 4823 prodigi
4868 4774 4963 4809 η-

3362 4835 3529 4899 leant.
3562 4837 3721 4889 anxia
3754 4852 3967 4906 semper
3996 4838 4357 4893 sollicitudine
4381 4844 4788 4912 perquirimus?
4817 4846 4965 4903 Inte-

3360 4928 3463 4982 rim
3493 4938 3670 4983 autem
3697 4929 3749 4982 in
3776 4944 3964 4982 earum
3992 4930 4451 5000 contemplatione
4480 4934 4625 4990 solas
4650 4936 4961 4995 infelicium

3360 5018 3638 5071 oculorum
3686 5028 3996 5074 nostrorum
4042 5020 4323 5075 illecebras
4360 5024 4654 5092 pascimus.
4704 5043 4832 5083 etim
4864 5046 4965 5087 eas

3358 5106 3674 5177 intorquere
3702 5109 3753 5161 in
3782 5118 3981 5161 nostra
4012 5114 4351 5167 necessitatis
4382 5116 4651 5184 impendia
4681 5133 4789 5173 non
4812 5124 4963 5177 vale~

3358 5211 3498 5250 mus.
3535 5196 3687 5251 Unde
3726 5207 3778 5250 et
3818 5198 4073 5253 Salomon
4104 5206 4651 5272 cumpca-misisset:
4688 5227 4707 5259 ι
4740 5212 4963 5269 Avarus

3356 5300 3465 5339 non
3494 5284 3745 5355 impletur
3774 5288 4024 5355 pecunia.
4057 5297 4111 5341 et
4138 5290 4228 5358 qui
4259 5302 4405 5345 amat
4436 5297 4715 5363 pecunias,
4745 5298 4965 5357 fructus

3358 5390 3465 5430 non
3495 5380 3639 5444 capit
3668 5392 3729 5430 ex
3760 5378 3837 5431 eis
3862 5378 4088 5445 (Eccles.
4112 5388 4196 5449 v);
4233 5401 4252 5433 ι
4279 5388 4529 5451 protinus
4559 5387 4777 5442 intulit;
4812 5409 4829 5440 ι
4852 5389 4961 5447 Ubi

3358 5475 3485 5519 sunt
3510 5480 3639 5536 opes
3670 5467 3871 5531 multm.
3906 5468 4056 5521 multi
4080 5480 4133 5523 et
4158 5472 4250 5540 qui
4279 5474 4571 5529 comedunt
4596 5492 4712 5531 eas.
4736 5477 4809 5533 Et
4828 5482 4961 5547 quid

3358 5559 3577 5627 prodest
3607 5560 3925 5637 possessori.
3969 5562 4072 5614 nisi
4116 5563 4258 5629 quod
4304 5564 4521 5619 divitias
4566 5568 4743 5621 cernit
4783 5574 4961 5626 oculis

3356 5648 3519 5702 suis?
3548 5668 3565 5698 ι
3596 5648 3780 5717 (Ibid)
3809 5648 3959 5715 Quini
3992 5660 4173 5705 autem
4206 5653 4405 5708 dLvitia:
4432 5658 4839 5724 possidentbus
4872 5666 4957 5713 in-

3359 5748 3547 5809 gerant
3573 5739 4012 5807 sollicitudinem,
4047 5758 4143 5797 nec
4172 5758 4266 5799 eos
4304 5748 4585 5815 quiescere
4614 5764 4811 5805 secure
4840 5766 4943 5821 per
