5428 6558
198 371 307 429 415

1341 346 1557 406 LIBER
1599 332 1910 403 SEXTUS,
1933 334 2154 395 EPIST.
2193 332 2410 391 XXXII.

3420 326 3522 383 620

202 484 442 544 mittant,
489 474 712 532 audiant
747 464 1029 530 monachi,
1078 473 1308 532 quorum
1350 467 1502 513 certe
1543 451 1810 524 professio
1842 457 1883 512 Α
1915 460 2000 503 est
2028 448 2319 544 appetitor,
2381 445 2476 502 sed
2508 443 2778 544 bonorum
2809 443 3020 544 potius
3039 443 3420 544 communium
3448 447 3532 500 di-

204 589 313 631 non
345 563 694 626 sollicitudini
734 557 966 621 militat,
1001 552 1096 610 sed
1142 551 1312 621 quieti
1343 568 1356 602 :
1391 566 1409 599 ι
1456 546 1638 601 Dulcis
1683 550 1801 607 est,

205 662 402 734 inquit.
435 669 658 724 somnus
685 647 953 722 aperanti,
992 645 1108 700 sive
1144 641 1412 703 multum,
1456 639 1570 692 sive
1613 650 1804 734 parum

201 727 470 810 comedat.
505 745 774 804 Saturitas
802 749 988 795 autent
1020 734 1203 791 divitis
1229 748 1336 787 non
1368 730 1498 786 sinit
1530 743 1655 783 eum
1681 727 1805 782 dor-
1852 801 1855 806 Α

204 845 342 900 mire
361 839 562 911 (Eccfe.
591 835 666 905 v).
712 854 730 886 ι
761 831 1056 892 Praeterea,
1085 824 1301 881 tametsi
1323 823 1495 879 homo
1515 819 1804 881 violenter,

205 941 300 988 aut
343 929 550 986 furtive
589 939 696 981 non
734 921 948 993 rapiat,
992 916 1158 972 etiam
1190 915 1234 969 si
1265 925 1610 982 nequaquam
1651 922 1802 961 men-

206 1024 408 1085 tiendo,
437 1017 525 1072 vel
549 1008 1028 1072 circumvenien'do
1063 1005 1319 1074 decipiat,
1355 1017 1460 1056 non
1506 999 1697 1054 levi-ter
1726 1004 1808 1048 la-

204 1127 328 1169 men
382 1115 601 1180 peccat,
656 1103 701 1158 si
750 1095 1019 1157 duntaxat
1065 1095 1299 1149 alienam
1342 1106 1454 1147 rem
1485 1086 1809 1157 simpliciter

204 1201 572 1270 concupiscat.
608 1194 761 1252 Unde
785 1204 1002 1263 quoque
1033 1189 1086 1242 in
1113 1185 1362 1255 catalogo
1395 1183 1582 1237 decem
1603 1191 1806 1248 praece-

202 1305 419 1366 ptorum
459 1291 716 1361 ponitur:
747 1305 764 1338 ι
793 1283 908 1340 Νοη
937 1280 1288 1349 concupisces
1319 1291 1434 1330 rem
1463 1271 1694 1366 proximi
1729 1270 1803 1323 tui

206 1364 383 1458 (Deut.
412 1384 508 1454 vr).
551 1401 570 1433 ι
607 1379 742 1448 Quis
765 1385 947 1432 autem
986 1382 1170 1428 reatus
1211 1370 1283 1424 sit
1311 1367 1472 1423 alieni
1495 1364 1638 1458 juris
1662 1377 1804 1458 _ain-‘

203 1453 372 1539 bitio;
392 1488 450 1529 nt
469 1453 542 1528 ex
573 1468 842 1527 industria
869 1465 1033 1521 multa
1063 1473 1407 1534 praeteream,
1433 1472 1540 1513 uno
1568 1457 1629 1510 Β.
1659 1453 1803 1509 Petri

203 1568 428 1624 docetur
454 1561 722 1633 exemplo.
763 1579 782 1611 ι
812 1557 1003 1617 Nemo.
1049 1554 1260 1625 inquit,
1287 1561 1534 1607 vestrum
1565 1547 1806 1618 patiatur

205 1667 464 1731 tanquam
498 1652 793 1715 homicida,
826 1657 922 1704 aut
951 1647 1064 1711 fur,
1094 1655 1186 1700 aut
1213 1642 1533 1704 maledicus,
1556 1647 1650 1692 aut
1674 1637 1806 1690 alie-

202 1729 397 1806 norum
428 1745 698 1818 appetitor
719 1742 782 1813 (I
809 1740 952 1796 Pelr.
984 1739 1076 1810 n).
1113 1757 1131 1789 ι
1163 1736 1264 1805 Qui
1287 1735 1433 1790 enim
1463 1733 1605 1787 inter
1632 1729 1805 1784 homi-

1911 541 2198 596 stribntor.
2259 540 2385 594 Hme
2424 547 2606 593 autem
2667 537 2912 592 breviter
2968 537 3232 606 diximus,
3284 547 3346 595 ut
3385 537 3533 593 inter

1910 632 2212 688 alienorum
2255 630 2612 700 appetitores,
2663 638 2721 684 et
2751 626 2938 683 fideles
2969 629 3380 700 dispensatores
3409 643 3532 686 esse

1910 724 2223 780 distantiam
2239 732 2690 786 monstrarcmus,
2707 735 2775 776 ne
2791 721 3041 776 videlicet
3062 721 3358 792 aliquando
3370 739 3529 779 suurr.

1909 818 2009 872 sub
2038 815 2223 871 colore
2253 814 2474 870 virtutis
2497 814 2686 868 vitium
2719 813 2924 883 palliet,
2969 813 3050 868 vel
3089 829 3278 869 rursus
3309 815 3532 870 virtutis

1912 909 2116 963 intima:
2171 907 2510 977 puritatem,
2569 903 2766 959 falsmn
2829 905 2946 959 vitii
3001 919 3199 960 nomen
3248 906 3526 962 obscuret.

1909 1001 2060 1056 Giezi
2107 1014 2240 1056 sane
2287 1014 2424 1069 puer
2470 999 2665 1062 Elisei,
2721 999 2765 1053 si
2808 999 3202 1069 prophetarum
3263 999 3428 1064 filiis,
3472 1011 3532 1055 ut

1910 1090 2173 1144 mentitus
2201 1099 2307 1153 est,
2337 1089 2547 1159 argenti
2581 1087 2786 1143 talenta
2823 1089 3191 1160 suscipiendo,
3227 1091 3530 1146 consuluis-

1909 1191 2013 1247 set,
2046 1195 2392 1252 nequaquam
2422 1179 2722 1236 subeunda:
2759 1179 2924 1249 lepnn
2957 1181 3306 1236 sententiam
3336 1192 3527 1252 pertu-

1911 1273 2081 1327 lisset.
2114 1270 2250 1325 Nam
2280 1271 2485 1325 idcirco
2514 1269 2670 1341 plaga
2715 1285 3013 1340 percussus
3052 1281 3139 1326 est
3169 1287 3335 1342 quam
3368 1274 3529 1332 dator

1910 1359 2192 1428 amiserat,
2229 1362 2360 1432 quia
2411 1375 2518 1416 non
2561 1361 2630 1417 ad
2679 1362 2782 1417 boc
2835 1360 3012 1416 aliena
3065 1365 3328 1434 suscepit,
3380 1365 3525 1420 utin

1908 1469 2045 1523 opus
2071 1453 2297 1523 pietatis
2318 1451 2674 1521 expenderet,
2712 1452 2808 1508 sed
2843 1461 2902 1506 ιιι
2926 1467 3040 1508 suae
3063 1455 3524 1524 concupiscentia:

1909 1545 2252 1600 satisfaciens
2282 1545 2488 1615 proprii
2514 1542 2655 1614 juris
2694 1544 2999 1614 possideret
3034 1545 3330 1615 peculium.
3368 1546 3527 1604 Unde

1910 1639 1992 1692 vir
2021 1639 2113 1693 Dei
2142 1646 2434 1708 postquam
2459 1649 2584 1692 eum
2605 1637 2764 1708 digne
2787 1637 3114 1706 corripiens,
3144 1639 3249 1693 ait:
3279 1659 3298 1690 ι
3331 1641 3526 1697 Nonne

1909 1745 2004 1784 cor
2052 1744 2230 1784 meum
2273 1730 2328 1784 in
2373 1729 2629 1799 praesenti
2676 1737 2832 1793 erat,
2883 1731 3115 1799 quando
3145 1745 3404 1789 reversus
3439 1745 3526 1791 est

199 1845 370 1910 cidas,
397 1842 549 1898 fures
569 1847 735 1910 atque
756 1835 1048 1892 maledicos
1069 1832 1161 1903 qui
1189 1844 1413 1906 regnum
1441 1826 1534 1880 Dei
1557 1820 1801 1894 profecto
1837 1841 1879 1899 η
1908 1822 2072 1876 homo
2094 1820 2162 1876 de
2188 1835 2355 1876 curru
2378 1834 2478 1874 suo
2503 1821 2556 1875 in
2585 1833 2878 1876 occursum
2905 1821 3001 1878 tibi
3027 1822 3051 1876 ?
3082 1841 3103 1877 ι
3151 1822 3205 1895 (1
3217 1822 3260 1878 γ
3290 1823 3418 1896 Reg.
3443 1833 3524 1896 νς)

199 1915 308 1990 non
340 1933 653 2006 possident,
690 1929 1047 2001 appetitorem
1076 1923 1351 1981 facultatis
1382 1920 1571 1975 alienae
1599 1915 1801 1972 consti-

200 2029 326 2092 tuit,
356 2040 518 2097 quam
551 2037 719 2095 grave
746 2022 955 2076 crimen
996 2030 1268 2087 quamque
1299 2011 1606 2069 damnabile
1637 2009 1708 2064 sit
1733 2023 1797 2062 ex

194 2116 486 2173 collatione
529 2113 789 2171 similium
820 2110 1103 2165 evidenter
1145 2105 1407 2162 Ostendit.
1443 2101 1598 2169 Quod
1633 2100 1798 2154 etiam

197 2207 430 2263 lucidius
461 2205 727 2268 cernitur,
760 2202 805 2256 si
842 2198 986 2270 quod
1017 2197 1103 2253 his
1132 2196 1316 2250 verbis
1347 2191 1692 2260 subjnnctum
1717 2197 1800 2244 est

195 2296 468 2351 subtiliter
512 2293 846 2349 attendatur.
898 2288 1033 2343 Nam
1083 2287 1332 2357 protinus
1381 2282 1588 2337 addidit
1635 2298 1646 2333 :
1685 2300 1704 2331 ι
1741 2279 1798 2333 Si

197 2396 406 2451 autem,
432 2393 492 2440 ut
509 2384 852 2444 Christianus
871 2395 976 2435 non
998 2379 1310 2439 erubescat,
1333 2371 1598 2445 glorificet
1617 2379 1798 2424 autem

195 2461 256 2532 in
302 2477 406 2532 isto
451 2467 682 2530 nomine
717 2472 1036 2531 Dominum,
1067 2469 1324 2539 quoniam
1359 2477 1574 2533 tempus
1614 2471 1696 2516 est
1740 2469 1801 2514 ut

195 2569 420 2638 incipiat
445 2566 708 2636 judicium
744 2565 812 2620 de
840 2563 1001 2618 domo
1033 2561 1125 2616 Dei
1170 2559 1383 2630 (lbid.).
1417 2577 1433 2610 ι
1471 2557 1542 2612 Ut
1566 2570 1697 2626 ergo
1733 2555 1799 2609 de

196 2659 372 2714 aliena
404 2656 780 2728 appetentibus
811 2654 1166 2717 disseramus,
1202 2666 1309 2704 non
1351 2650 1486 2705 sicut
1533 2646 1799 2701 Christia-

201 2766 330 2815 nus,
356 2750 452 2805 sed
479 2750 620 2804 sicut
643 2747 1014 2802 Antichristus
1047 2743 1234 2814 procul
1262 2741 1427 2796 dubio
1454 2740 1675 2810 patitur,
1705 2737 1797 2806 qui

200 2837 328 2892 dum
374 2837 566 2892 alienis
600 2835 920 2892 substantiis
962 2833 1158 2896 inhiat,
1194 2828 1496 2899 ingruentis
1535 2842 1660 2882 eum
1697 2825 1795 2880 ad-

196 2926 475 2982 versitatis
500 2925 805 2981 sollicitudo
841 2922 1146 2993 perturbat.
1195 2918 1449 2987 Christus
1474 2916 1621 2972 enim
1650 2915 1800 2970 venit

198 3017 551 3086 semetipsum
582 3024 638 3072 et
662 3015 943 3072 caelestem
983 3012 1215 3083 gloriam
1244 3009 1485 3064 tradere.
1517 3005 1797 3062 Antichri-

197 3115 316 3163 stus
357 3117 536 3162 autem
586 3107 830 3172 veniens,
868 3107 1080 3160 animas
1131 3102 1448 3166 hominum,
1498 3099 1792 3169 pretiosam

1908 1932 2030 1973 mox
2087 1916 2340 1972 addidit:
2388 1935 2406 1968 ι
2438 1915 2597 1973 Nunc
2641 1931 2774 1988 ergo
2820 1918 3080 1987 accepisti
3132 1927 3420 1990 argentum
3468 1929 3526 1975 et

1905 2019 2105 2075 vestes,
2160 2017 2219 2064 ut
2261 2023 2416 2065 emas
2443 2009 2667 2073 oliveta,
2696 2010 2904 2076 vineta,
2939 2020 2993 2066 et
3037 2027 3188 2076 oves,
3241 2024 3296 2068 et
3331 2015 3522 2077 boves.

1903 2111 1960 2153 et
1997 2113 2186 2154 servos
2211 2108 2266 2154 et
2295 2099 2563 2165 ancillas;
2595 2103 2691 2157 sed
2720 2111 2776 2156 et
2818 2099 2965 2171 lepra
2991 2100 3232 2158 Naaman
3275 2105 3523 2160 adhmrc-

1903 2192 1985 2246 nit
2014 2191 2108 2245 tibi
2131 2199 2186 2247 et
2211 2191 2406 2246 semini
2435 2201 2526 2246 tuo
2551 2206 2724 2262 usque
2747 2192 2800 2246 in
2835 2194 3231 2263 sempiternum
3259 2195 3474 2262 (Ιὸὶιί.)⁸
3499 2219 3518 2249 ο

1902 2282 2052 2339 Giezi
2089 2297 2254 2354 porro
2275 2298 2463 2338 semen
2496 2293 2645 2350 sunt,
2676 2285 2768 2354 qui
2805 2300 2890 2350 ea,
2941 2301 3062 2356 qum
3091 2287 3145 2342 in
3182 2303 3321 2358 opus
3345 2291 3489 2359 pieta
3509 2323 3526 2332 -

1905 2377 1972 2432 tis
2006 2377 2364 2447 impendenda
2420 2388 2800 2446 susceperant,
2856 2378 3082 2434 sibimet
3127 2381 3180 2434 in
3239 2390 3522 2451 posterum

1903 2462 2065 2526 noxis
2094 2469 2379 2540 profutura
2405 2479 2756 2526 conservant.
2805 2470 3031 2542 lgnobili
3063 2488 3324 2544 namque,
3355 2484 3525 2546 atque

1904 2569 2160 2640 degeneri
2208 2568 2421 2638 parenti
2473 2582 2805 2638 responsura
2839 2570 3160 2639 posteritas,
3213 2571 3342 2626 dum
3373 2586 3524 2627 sum-

1903 2667 2027 2728 plus
2089 2673 2356 2727 supernos
2414 2657 2468 2711 in
2527 2673 2622 2712 sua
2677 2656 2983 2715 transferre
3054 2659 3209 2714 lucra
3264 2671 3520 2723 conatur.

1902 2747 2062 2801 alieni
2095 2746 2286 2816 procul
2323 2745 2488 2802 dubio
2539 2744 2766 2801 sceleris
2805 2747 2952 2816 lepra
2999 2747 3368 2818 profunditur.
3411 2748 3525 2805 Nec

1901 2839 2335 2909 praetereundum
2367 2836 2514 2906 quod
2550 2835 2661 2891 illic
2684 2837 2889 2892 dicitur
2919 2854 2933 2892 :
2973 2858 2992 2890 ι
3031 2839 3100 2894 Ει
3125 2853 3413 2911 regressus
3437 2853 3524 2897 est

1883 2928 1969 2982 ~ab
1998 2941 2064 2983 eo
2090 2925 2240 2982 Giezi
2270 2926 2542 2997 leprosus,
2597 2926 2757 2995 quasi
2803 2927 2896 2981 nix
2926 2926 3139 2998 (lbid.).
3185 2948 3204 2982 ι
3245 2928 3348 2985 Nix
3372 2931 3519 2986 enim

1899 3017 2044 3081 alba,
2079 3017 2172 3071 sed
2201 3015 2436 3087 frigida;
2472 3017 2760 3087 hypocrita
2801 3032 3018 3088 nempe,
3058 3019 3236 3089 quise
3275 3035 3373 3091 per
3395 3037 3522 3077 san-

1899 3107 2106 3162 ctitatis
2133 3106 2475 3162 adumbrata:
2523 3106 2846 3178 figmentum
2881 3109 3238 3180 transfigurat
3269 3111 3322 3165 in
3353 3127 3523 3184 ange-

197 3199 448 3256 videlicet
477 3201 859 3264 substantiam,
906 3211 1140 3256 conatur
1181 3195 1417 3252 auferre.
1449 3193 1505 3250 Si
1536 3209 1670 3264 ergo
1698 3195 1789 3264 qui
1819 3197 1864 3257 C
1897 3198 2007 3252 lnm
2033 3199 2188 3261 lueis,
2224 3197 2390 3253 nullis
2415 3197 2656 3252 infervet
2702 3199 2928 3254 aestibus
2966 3200 3300 3267 charitatis;
3356 3212 3522 3274 atque

196 3291 371 3347 aliena
406 3293 611 3362 appetit
653 3291 999 3348 Christianus
1030 3306 1136 3344 non
1172 3297 1278 3354 est,
1308 3303 1413 3357 qua
1443 3288 1652 3342 ratione
1682 3302 1796 3340 mo-

198 3386 406 3440 nachus
431 3385 694 3440 dicendus
716 3383 837 3440 est?

267 3475 430 3546 230
452 3473 755 3530 Notandum
791 3484 973 3530 tamen
1017 3475 1144 3546 quia
1172 3473 1421 3545 quisquis
1467 3489 1572 3527 non
1621 3473 1796 3527 secie-

197 3565 334 3620 ratis
356 3604 372 3629 ,
404 3566 498 3620 sed
526 3565 925 3620 bonestioribus
952 3565 1085 3619 viris
1111 3564 1315 3635 aliquid
1346 3565 1449 3619 hoc
1471 3563 1654 3618 studio
1689 3564 1790 3617 tol-

195 3654 281 3720 lit,
316 3664 377 3711 ut
420 3655 659 3712 subsidia
692 3654 954 3710 fratribus
995 3656 1046 3710 in
1077 3663 1318 3726 egestate
1341 3654 1659 3724 provideat,
1705 3653 1792 3708 vel

197 3747 287 3817 pio
335 3746 556 3803 cuilibet
599 3749 747 3818 operi
803 3757 1052 3817 sumptus
1105 3735 1399 3810 exhibeat;
1435 3747 1550 3802 sive
1601 3746 1789 3810 etiam,

198 3838 338 3907 quod
367 3837 633 3907 insignius
678 3847 782 3901 est,
815 3839 1144 3908 pauperibus
1194 3837 1246 3890 in
1291 3837 1620 3891 necessitate
1670 3852 1794 3892 suc-

199 3935 410 3993 currat,
465 3926 552 3982 bic
575 3941 681 3982 non
706 3927 967 3982 dicendus
997 3935 1082 3983 est
1116 3927 1291 3982 aliena
1322 3926 1665 3996 impudenter
1697 3940 1793 3995 ap-

203 4025 402 4086 petere,
437 4016 530 4072 sed
558 4017 759 4086 potius,
804 4033 924 4088 qua:
954 4018 1259 4072 communia
1291 4027 1438 4082 sunt,
1467 4033 1497 4070 a
1530 4016 1791 4071 fratribus

201 4111 254 4164 in
287 4109 481 4166 fratres
520 4111 668 4180 juste
697 4109 1016 4164 transferre.
1051 4109 1130 4162 Ad
1163 4109 1263 4162 hoc
1290 4108 1434 4162 enim
1467 4123 1605 4162 unus
1626 4119 1782 4163 ets-te-

203 4202 276 4256 ris
305 4203 466 4258 ditior
487 4211 578 4261 est
603 4212 663 4256 ut
707 4216 814 4256 non
841 4199 1012 4255 solum
1039 4200 1327 4254 commissa
1356 4197 1651 4268 possideat.
1691 4197 1787 4252 sed

199 4299 260 4345 ut
305 4307 408 4347 non
470 4291 794 4347 habentibus
845 4297 1055 4361 eroget,
1089 4299 1144 4345 et
1198 4304 1305 4343 nor:
1355 4299 1462 4342 tam
1499 4291 1588 4358 pie
1626 4302 1787 4357 quam

194 4383 334 4452 justo
384 4383 628 4458 minister
658 4383 790 4452 ipse,
825 4396 931 4436 non
962 4381 1236 4443 dominus,
1284 4395 1402 4448 qua:
1451 4388 1578 4458 sunt
1614 4378 1786 4433 aliena

195 4473 484 4542 dispenset.
507 4456 679 4528 °Unde
708 4471 974 4541 PrOpbeta
1004 4487 1126 4536 cum
1154 4471 1358 4524 diceret
1388 4485 1400 4520 :
1441 4488 1459 4520 ι
1502 4456 1784 4537 Disperslt,

1901 3289 1966 3342 ad
1998 3289 2172 3344 instar
2199 3288 2344 3344 nivis
2369 3287 2532 3343 simul
2558 3297 2644 3346 est
2672 3287 2830 3344 albus
2869 3299 2926 3344 et
2951 3288 3204 3360 frigidus,
3252 3291 3380 3360 quia
3409 3293 3518 3362 piis

1897 3380 2117 3449 quidem
2159 3395 2219 3435 se
2249 3380 2532 3436 deservire
2575 3379 2838 3450 operibus
2883 3381 3130 3448 simulat,
3177 3383 3274 3438 sed
3303 3382 3520 3440 viscera

1898 3470 2085 3524 solidae
2113 3469 2334 3541 pietatis
2373 3470 2607 3540 ignorat.
2654 3466 2810 3537 Quod
2840 3470 2996 3541 plura
3038 3487 3472 3531 commemorem
3496 3477 3523 3530 ἵ

1897 3561 2018 3616 Dixi
2047 3576 2313 3632 przesens,
2342 3562 2464 3617 dico
2489 3577 2634 3618 nunc
2662 3563 2884 3628 absens,
2911 3564 3128 3619 tandem
3158 3575 3342 3621 tamen
3370 3577 3522 3624 utro-

1896 3654 2061 3725 bique
2109 3653 2448 3723 perficiens:
2504 3653 2764 3724 Spernite
2817 3655 3078 3721 divitias,
3130 3672 3202 3713 ne
3252 3671 3528 3730 perpetuo

1897 3744 2256 3800 mendicetis:
2290 3744 2807 3800 estote-voluntarie
2846 3761 3138 3816 pauperes,
3173 3757 3234 3802 ut
3261 3750 3381 3806 sine
3407 3750 3517 3806 ﬁne

1897 3837 2156 3907 regnetis.
2187 3857 2204 3889 ι
2235 3837 2410 3904 Beati,
2445 3838 2649 3907 inquit,
2689 3854 2960 3909 pauperes
3000 3841 3224 3910 spiritu,
3253 3843 3516 3912 quoniam

1895 3934 2141 4002 ipsorum
2173 3941 2257 3988 est
2285 3948 2512 4003 regnum
2545 3932 2815 3988 caelorum
2847 3932 3069 4005 (Matth.
3099 3950 3171 4000 v;
3206 3935 3334 3992 Luc.
3368 3937 3468 4008 vt).
3494 3958 3515 3989 ι

1895 4025 1962 4079 Ει
2001 4023 2260 4080 Salomon
2315 4025 2390 4079 ait
2431 4039 2445 4078 :
2484 4044 2502 4075 ι
2545 4023 2648 4092 Qui
2679 4025 2798 4080 odit
2851 4027 3166 4093 avaritiam,
3204 4029 3348 4101 longi
3382 4030 3520 4086 [ient

1892 4115 2010 4170 dies
2041 4113 2160 4183 ejus
2207 4114 2392 4185 (Prov.
2438 4115 2658 4184 xxviii).
2725 4136 2744 4168 ι
2780 4115 2844 4170 Ει
2869 4116 3028 4188 231
3059 4118 3302 4173 iterum:
3343 4137 3361 4171 ι
3398 4119 3518 4176 Νοη

1894 4206 2196 4276 proderunt
2232 4205 2440 4260 divitia:
2470 4205 2523 4260 in
2555 4206 2643 4260 die
2674 4205 2920 4263 ultionis.
2979 4207 3227 4264 Tristitia
3255 4209 3520 4281 (justitia)

1895 4307 2076 4354 autem
2132 4299 2392 4355 liberabit
2448 4315 2477 4353 a
2508 4311 2686 4356 morte
2734 4301 2921 4373 (Prov.
2950 4303 3051 4373 xl).
3085 4321 3104 4354 ι
3140 4302 3210 4358 Et
3272 4319 3464 4360 rursus
3498 4323 3511 4359 :

1900 4408 1917 4437 ι
1947 4387 2136 4442 Melior
2160 4398 2246 4443 est
2270 4405 2478 4460 pauper
2508 4390 2560 4444 in
2595 4390 2948 4461 simplicitate
2979 4406 3077 4446 sua
3099 4433 3114 4457 ,
3145 4407 3310 4462 quam
3357 4395 3513 4452 dives

1895 4481 2078 4549 pravis
2116 4481 2408 4536 itineribus
2458 4480 2646 4552 (Prov.
2696 4484 2914 4552 xxvlu).
2968 4503 2986 4536 ι
3025 4483 3288 4538 Etalibi:
3325 4503 3343 4538 ι
3392 4485 3511 4549 Vir,

195 4565 340 4620 dedit
375 4566 705 4636 pauperibus
729 4561 902 4634 (Peril.
936 4563 1074 4633 est),
1113 4582 1130 4614 ι
1167 4577 1272 4616 ιιοιι
1324 4561 1527 4615 addidit
1556 4577 1780 4616 munera
1819 4555 1863 4612 υ
1890 4572 1980 4640 qui
2029 4571 2252 4627 [ρειίηειι
2279 4573 2332 4627 di

1366 4561 1527 4615 ddidit
1556 4577 1780 4650 tnuncm
1819 4555 1980 4640 ani
2029 4571 2252 4627 festinat
2279 4573 2466 4640 ditari,
2535 4587 2592 4627 et
2648 4573 2772 4629 aliis
2822 4574 3052 4638 invidet,
3107 4576 3326 4647 ignorat
3365 4581 3510 4650 quod

193 4654 348 4724 ejus:
386 4656 478 4710 sed
503 4695 519 4717 ,
553 4673 570 4706 ι
599 4653 807 4723 justitia
844 4651 959 4722 ejus
999 4661 1181 4707 manet
1209 4652 1262 4706 in
1309 4651 1566 4706 smculum
1598 4649 1779 4706 saeculi

192 4742 407 4816 (Ibid.).
427 4765 445 4809 η
468 4745 602 4800 Hine
625 4747 813 4810 etiam,
845 4760 966 4800 cum
991 4744 1056 4799 de
1085 4743 1405 4798 exhibendis
1425 4743 1784 4812 eleemosynis

197 4835 454 4891 Dominus
481 4837 832 4904 loqueretur:
893 4854 912 4886 ι
948 4833 1175 4896 Videte,
1231 4835 1424 4903 inquit,
1477 4848 1544 4887 ne
1571 4833 1782 4888 faciatis

191 4927 452 4999 justitiam
484 4937 715 4989 vestram
749 4941 932 4982 coram
958 4926 1286 4994 hominibus,
1318 4937 1376 4980 ut
1399 4926 1685 4980 videamini
1714 4925 1782 4978 ab

191 5017 612 5091 cis(‘latth.vt).
649 5040 667 5072 ι
703 5021 854 5088 Quod
883 5029 1062 5074 autem
1088 5019 1448 5090 cleemosynze
1479 5010 1782 5089 largitatem

194 5109 281 5165 hic
310 5111 578 5181 praecipue
623 5109 892 5179 justitiam
933 5111 1046 5165 vult
1079 5110 1329 5178 intelligi,
1368 5111 1606 5164 insinuat
1646 5110 1781 5179 ipse.

193 5221 316 5261 cum
363 5216 560 5273 praesto
595 5206 912 5277 snlijungit:
975 5223 992 5256 ι
1031 5205 1166 5260 Cum
1200 5203 1335 5261 facis
1359 5204 1780 5277 eleemosynam,

193 5295 302 5352 noli
328 5298 454 5351 tuba
482 5313 678 5354 caruere
701 5297 914 5368 (Ibid).
954 5317 972 5349 ι
999 5295 1074 5350 lta
1099 5296 1306 5367 justitia
1333 5306 1434 5357 est.
1465 5313 1585 5366 quzt‘
1607 5296 1781 5351 aliena

194 5395 321 5442 sunt
344 5388 589 5444 reddere.
605 5389 945 5459 Quapropter
965 5389 1058 5458 qui
1087 5389 1347 5444 divitibus
1368 5386 1623 5444 auferens
1646 5387 1780 5458 (99),

194 5476 558 5546 indigentibus
621 5480 842 5535 exhibet
875 5519 890 5544 ,
968 5494 1074 5534 non
1148 5477 1450 5533 alienorum
1527 5479 1788 5535 dicendus

265 5629 385 5702 (99)
414 5631 647 5702 Verbum
677 5634 864 5702 aufero
899 5635 971 5688 ita
1012 5643 1234 5702 usurpat
1265 5634 1322 5690 S.
1357 5635 1568 5698 doctor,
1593 5645 1650 5688 nt
1681 5651 1783 5690 non

198 5700 379 5776 invitis
407 5701 687 5776 divitibus,
729 5700 822 5758 sed
875 5704 1006 5772 ipsis
1048 5700 1355 5776 volentibus
1405 5705 1606 5776 aliquid
1636 5709 1784 5761 acci-

198 5772 449 5840 piendum
507 5773 772 5842 intelligat
810 5793 822 5826 :
863 5790 985 5826 nam
1046 5774 1272 5841 iniquis‘
1305 5772 1563 5830 divitibus
1615 5777 1785 5832 bonus

610 5864 880 5924 ιἈτιιοι..
916 5864 1186 5926 CXLIV.

1892 4671 2107 4730 egestas
2135 4663 2486 4731 superveniet
2513 4663 2565 4718 ei
2597 4663 2811 4735 (Ibid.).
2874 4685 2893 4714 ι

1963 4752 2239 4806 Pruritum
2296 4762 2560 4823 prteterea
2607 4755 2751 4825 gulae
2798 4755 3016 4811 frenum
3061 4759 3317 4814 cohibeat
3345 4757 3513 4816 disci-

1891 4847 2068 4915 plinze.
2087 4845 2361 4901 incassum
2386 4861 2620 4916 namque
2644 4856 2882 4902 conatur
2901 4847 3177 4904 :edifleare
3202 4849 3508 4922 fastigium.

1893 4938 1983 5008 qui
2033 4938 2085 4991 in
2119 4952 2306 5002 arena,
2345 4953 2466 5008 qua:
2514 4937 2734 5003 dissilit,
2790 4939 3027 5005 collocat
3065 4940 3510 4997 fundamentum.

1889 5027 1991 5095 Qui
2020 5029 2283 5082 virtutum
2316 5028 2586 5098 lapidibus
2616 5028 2843 5084 festinat
2873 5030 3076 5084 atrium
3103 5031 3344 5086 sublime
3374 5047 3511 5089 con-

1886 5131 2139 5185 struere,
2198 5121 2351 5190 prins
2401 5135 2627 5176 necesse
2676 5129 2758 5175 est
2805 5120 3144 5177 inborrentia
3192 5123 3506 5180 carnalium

1888 5213 2309 5269 delectationum
2348 5215 2569 5268 dumeta
2621 5228 2877 5284 purgare.
2930 5213 3086 5269 Unde
3128 5230 3227 5285 per
3259 5214 3511 5271 Salomo-

1889 5320 2011 5359 nem
2062 5305 2302 5359 dicitur:
2351 5322 2370 5355 ι
2402 5303 2703 5373 Diligenter
2751 5319 2948 5360 exerce
2979 5321 3171 5376 agrum
3217 5317 3394 5373 tuum,
3448 5318 3509 5362 ut

1889 5404 2076 5466 postea
2137 5395 2376 5451 aedifices
2424 5396 2646 5451 domum
2688 5405 2836 5449 tuam
2888 5394 3076 5467 (Prov.
3123 5398 3297 5467 xxiv).
3332 5417 3352 5450 ι
3408 5397 3507 5452 Ille
3585 5427 3589 5434 -

1890 5486 2090 5556 quippe
2139 5484 2281 5540 bene
2347 5485 2568 5540 domum
2616 5487 2818 5540 mentis
2882 5486 3152 5553 aedificat,
3199 5489 3293 5559 qui
3350 5490 3505 5558 prius

1890 5643 2134 5716 opponit,
2173 5642 2339 5716 abiis
2368 5642 2565 5709 quibus
2595 5657 2823 5716 munera
2856 5645 3030 5714 accipi
3085 5653 3402 5716 negaverat,
3433 5643 3502 5699 ab

1889 5713 1958 5768 iis
1983 5713 2233 5768 concedit
2265 5713 2318 5766 in
2346 5726 2647 5783 pauperum
2678 5713 2989 5770 utilitatem.

2867 5872 2932 5928 1's
