5428 6568
265 399 367 458 “9

1419 397 1623 453 LIBER
1666 393 1962 459 SEXTUS,
2001 392 2219 450 EPlST.
2253 393 2471 460 XXXII.

3472 398 3581 455 £30

265 516 386 581 mis,
418 523 472 571 ei.
498 515 769 571 robustus.
799 511 1026 569 Factum
1055 519 1159 578 est,
1197 511 1444 582 apposita
1477 525 1685 574 mensa,
1715 519 1858 563 uter-
1889 517 1933 572 Α
1963 507 2209 560 criminis
2237 505 2408 561 semel
2434 506 2727 560 admissam
2757 505 2961 560 decreti
2987 508 3229 578 regulam
3256 525 3354 580 per
3383 512 3574 567 inube-

265 621 368 676 que
397 606 690 670 discubuit,
723 604 816 659 sed
849 604 950 659 iste
988 618 1128 674 pane
1177 612 1487 664 contentus,
1521 611 1575 657 et
1602 615 1742 670 aqua
1777 614 1860 653 re-

262 697 467 769 gularis
499 696 771 768 sejejunii
810 695 1092 766 disciplina
1146 694 1385 749 cohibuit
1422 711 1436 758 ;
1476 693 1562 748 ille
1598 699 1731 746 Vero
1779 691 1862 744 vi-

263 805 393 846 num
424 791 548 855 sibi,
589 798 645 843 et
685 790 930 858 insuper,
971 787 1116 858 quod
1151 786 1454 850 videbatur,
1483 784 1725 839 indulsit.
1761 781 1862 848 Qui

261 880 524 949 profecto,
547 879 592 934 si
614 879 758 949 quod
779 875 1094 933 imminebat
1114 885 1450 947 agnosceret,
1484 877 1717 945 rigorem
1741 875 1864 926 abs-

263 970 503 1024 tinentia:
557 968 624 1022 ad
672 968 968 1038 pctulantis
995 966 1134 1036 gula:
1166 966 1508 1020 laznocinium
1539 979 1644 1045 non
1691 962 1860 1017 molli-

262 1068 367 1122 ret,
395 1066 586 1112 octava
637 1058 905 1129 siquidem
933 1057 1045 1120 die,
1075 1072 1198 1111 eum
1234 1055 1531 1110 Dominiea:
1558 1055 1862 1110 nativitatis

260 1148 451 1219 gloria,
475 1148 675 1202 mundo
703 1148 1054 1219 tripudiantc,
1084 1147 1434 1212 claresceret,
1462 1145 1550 1200 ille
1572 1145 1861 1200 defunctus

259 1247 377 1302 est;
409 1247 464 1291 et
509 1252 632 1292 cum
683 1237 998 1293 festivitatis
1049 1237 1315 1290 invitante
1351 1235 1534 1289 laatitia
1576 1245 1635 1291 et
1677 1236 1859 1290 caueri

260 1337 686 1399 provocarentur
709 1329 775 1382 ad
807 1342 1077 1387 mensam.
1102 1326 1192 1382 ille
1219 1326 1566 1390 efferebatur,
1604 1326 1858 1381 flentibus

259 1421 498 1490 undique
523 1421 839 1491 propinquis
866 1420 1181 1475 carnalibus
1207 1460 1223 1484 ,
1255 1421 1323 1474 ad
1351 1419 1710 1489 sepulturam.

329 1508 558 1576 Quidam
589 1510 718 1564 mihi
749 1510 1047 1564 monachus
1072 1509 1253 1563 retulit
1281 1509 1426 1578 quia,
1460 1510 1588 1564 dum
1617 1509 1858 1564 frixuras

254 1601 520 1670 quasdam
571 1601 623 1655 in
680 1599 1031 1656 refectorium
1078 1599 1318 1656 deferret
1350 1601 1403 1654 in
1447 1601 1686 1666 vasculo,
1729 1617 1858 1671 pru-

254 1690 446 1745 rientis
470 1704 592 1744 eum
625 1689 768 1760 gula:
797 1689 1050 1744 stimulus
1097 1688 1325 1759 pupugit
1354 1702 1590 1758 moxque
1637 1690 1856 1745 sibimet

255 1795 415 1833 uuam
441 1780 492 1833 in
513 1794 575 1832 os
601 1777 892 1848 projiciens
914 1778 1116 1832 furtive
1132 1779 1395 1834 comedit.
1420 1778 1526 1834 Sed
1554 1779 1696 1835 illico
1724 1795 1851 1834 eum

1967 600 2228 654 dientiam
2263 601 2491 656 violare.

2042 689 2110 744 Ut
2135 701 2318 744 autem
2343 705 2410 744 ex
2436 691 2757 747 domesticis
2781 706 3002 761 quoque
3026 693 3368 760 pricbeamus
3393 709 3578 749 exem-

1965 778 2147 847 plum:
2186 780 2238 831 in
2269 781 2604 834 monasterio
2636 780 2698 833 Β.
2729 781 3025 846 Vineentii,
3068 784 3211 851 quod
3242 799 3350 838 non
3387 786 3581 853 procul

1963 886 1993 922 a
2025 879 2208 926 monte
2236 871 2329 941 qui
2361 871 2562 926 dicitur
2591 871 2753 926 Petra
2796 873 3045 938 Pertusa,
3097 874 3342 928 cernitur
3368 876 3571 930 consti-

1967 970 2177 1028 tutum;
2215 962 2318 1017 hoc
2351 971 2611 1032 tanquam
2664 965 2915 1031 regulare
2952 965 3418 1022 constitueramus
3460 967 3582 1022 edi-

1964 1057 2137 1115 ctum,
2166 1060 2224 1104 ιιι
2261 1051 2363 1105 sub
2399 1051 2636 1107 districti
2687 1068 2914 1108 censura
2971 1055 3170 1125 rigoris
3214 1057 3580 1128 quadragesi-

1964 1141 2106 1195 male
2135 1141 2775 1210 eelebrareturlnitium,
2806 1145 3089 1210 nimirum,
3121 1159 3178 1200 ut
3208 1163 3304 1218 per
3336 1149 3578 1204 triduum

1964 1231 2181 1285 nonnisi
2239 1233 2512 1287 modicum
2569 1235 2726 1303 panis
2786 1251 2910 1290 cum
2959 1252 3099 1307 aqua
3149 1254 3342 1293 omnes
3379 1240 3581 1297 fratres

1963 1326 2340 1392 comedet-ent,
2387 1329 2532 1382 nulla
2583 1331 2686 1384 nisi
2753 1330 3079 1396 lecn'onum,
3140 1336 3256 1391 sive
3321 1338 3577 1392 ordinum

1963 1416 2130 1471 verba
2151 1416 2486 1486 proferrent,
2516 1421 2674 1475 nudis
2702 1423 2931 1490 pedibus
2957 1423 3214 1495 lugubres
3244 1443 3307 1482 ac
3335 1443 3579 1485 mceren-

1963 1514 2046 1560 tes
2085 1506 2405 1562 incederent
2449 1509 2667 1579 expleto
2698 1514 2975 1567 communi
3013 1515 3387 1572 modulatione
3418 1518 3574 1573 Psal-

1962 1597 2106 1651 terio
2162 1607 2350 1653 mutua
2405 1615 2464 1655 se
2505 1616 2797 1672 scoparum
2838 1606 3199 1676 castigatione
3249 1622 3573 1681 purgarent.

1960 1687 2113 1753 Quod
2145 1705 2268 1743 cum
2314 1690 2515 1747 fratres
2557 1703 2706 1759 voto,
2754 1705 2808 1749 et
2837 1699 3042 1760 animo,
3087 1715 3151 1755 ac
3192 1703 3462 1771 spirituali
3487 1704 3577 1773 ju-

1959 1779 2243 1836 cunditate
2300 1798 2406 1837 non
2462 1785 2708 1855 segniter
2761 1799 3012 1858 agerent,
3063 1800 3118 1846 et
3180 1793 3326 1847 ultra
3381 1797 3572 1862 etiam,

255 1882 439 1929 tantus
469 1873 706 1927 Libidinis
736 1873 902 1927 ardor
924 1872 1144 1938 invasit,
1170 1881 1246 1936 ut,
1273 1872 1415 1942 quod
1445 1889 1727 1942 nunquam
1758 1889 1855 1928 ea-
1887 1867 1934 1926 Β
1961 1872 2106 1940 quod
2143 1872 2430 1942 przelixum
2490 1884 2632 1942 erat,
2687 1878 2822 1932 satis
2870 1895 3144 1952 superque
3164 1885 3391 1953 peculio
3419 1888 3577 1944 bona:

252 1972 410 2018 tenus
429 1961 656 2025 fecerat,
693 1961 834 2015 nulla
867 1977 926 2016 se
993 1961 1202 2016 ratione
1236 1962 1641 2032 comprimeret,
1682 1963 1855 2017 donec

250 2052 608 2107 inmunditiae
646 2050 854 2105 ﬂuxum
905 2067 1091 2107 semen
1148 2053 1250 2106 sibi
1304 2053 1540 2122 propriis
1599 2055 1853 2109 manibus

247 2140 513 2209 eiecisset.
543 2140 641 2194 Hic
684 2142 865 2211 itaque
891 2156 1107 2196 servum
1141 2158 1311 2196 .suum
1340 2143 1535 2198 merito
1565 2153 1850 2198 contuma-

249 2249 369 2288 cem
426 2234 615 2295 sensit,
678 2234 824 2303 quia,
872 2234 1032 2304 juxta
1085 2235 1184 2288 viri
1249 2235 1510 2305 sapientis
1552 2235 1850 2306 eloquium,

246 2323 482 2379 molliter
502 2323 764 2378 euutrivit
822 2321 1005 2394 (Prov.
1034 2324 1208 2396 nix),
1238 2325 1305 2390 de
1334 2340 1443 2394 quo
1461 2323 1586 2392 jure
1622 2326 1727 2380 dici
1754 2340 1850 2394 po-

249 2425 372 2480 test,
402 2416 526 2485 quia
567 2425 690 2485 post
729 2416 1051 2480 lmecellam,
1086 2417 1332 2471 introivit
1380 2418 1434 2471 in
1460 2434 1583 2472 eum
1617 2418 1851 2474 Satanas

247 2506 432 2575 (Joan.
489 2507 632 2577 xm).
666 2505 929 2560 Nimirum
988 2516 1179 2561 venter
1213 2517 1269 2561 et
1329 2508 1584 2578 genitalia
1614 2509 1848 2563 invicem

244 2597 349 2652 sibi
380 2597 552 2652 vicina
586 2606 746 2661 sunt;
773 2605 828 2650 et
862 2612 985 2650 eum
1014 2595 1113 2651 hoc
1138 2596 1192 2649 in
1222 2605 1348 2651 cute
1379 2597 1682 2662 reficiatur,
1715 2599 1847 2652 illud

244 2687 314 2742 ad
340 2687 697 2742 contumelias
741 2687 1031 2740 excitatur.
1092 2686 1431 2756 Quapropter
1471 2689 1852 2756 exstinguatur

243 2777 491 2840 avaritia,
550 2786 610 2830 ut
665 2776 819 2830 liberi
851 2776 1019 2830 simus
1065 2790 1095 2828 a
1143 2776 1496 2832 szecularibus
1557 2788 1612 2831 et
1653 2780 1845 2848 quieti.

241 2862 394 2920 Gula:
423 2865 750 2935 reprimatur
779 2865 1045 2928 edacitas,
1078 2873 1138 2917 ut
1167 2865 1395 2919 sincera:
1423 2866 1701 2922 valeamus
1724 2884 1849 2925 esse

240 2955 510 3009 castitatis
562 2955 792 3008 victores
841 2954 1146 3024 conspicui.
1202 2955 1387 3010 Otiosa
1428 2973 1495 3012 ex
1536 2972 1632 3013 ore
1658 2971 1848 3015 nostro

238 3044 405 3098 verba
439 3059 544 3098 non
585 3042 878 3112 profluam,
912 3045 1006 3098 sed
1039 3043 1329 3113 superﬂuis
1371 3047 1625 3101 omnibus
1673 3050 1844 3120 rigida

239 3132 405 3186 divini
445 3133 672 3187 terroris
704 3147 802 3188 nos
829 3147 1046 3202 semper
1091 3148 1324 3188 censura
1367 3147 1700 3204 compescat.
1734 3139 1844 3192 Pu-

1960 1963 2257 2020 voluutatis
2307 1977 2557 2037 agerent,
2613 1970 2834 2039 quidam
2881 1975 3026 2029 inter
3076 1989 3172 2031 eos
3217 1981 3450 2046 exstitit,
3479 1984 3574 2052 qui

1958 2053 2097 2108 clam
2139 2056 2193 2110 in
2227 2058 2440 2113 edendo
2485 2060 2729 2130 regulam
2778 2062 3022 2119 violavit.
3078 2065 3209 2120 Erat
3257 2082 3442 2126 autem
3485 2073 3576 2128 ille

1956 2142 2130 2198 frater
2153 2145 2341 2201 multis
2369 2149 2764 2206 exercitiorum
2791 2155 3002 2210 artibus
3030 2157 3263 2226 pollens,
3293 2163 3573 2219 scribendi

1957 2233 2212 2290 videlicet
2242 2245 2298 2290 et
2326 2240 2573 2306 natandi,
2599 2243 2877 2308 toruandi,
2912 2245 3135 2316 insuper
3159 2258 3214 2303 et
3236 2249 3568 2320 fabricandi,

1957 2331 2018 2376 ut
2055 2323 2159 2378 hoc
2193 2324 2267 2379 illi
2291 2326 2692 2395 quodammodo
2725 2347 3030 2404 congruere
3063 2339 3340 2394 videretur
3372 2360 3387 2398 :

1999 2467 2198 2529 Augur,
2227 2468 2604 2535 Sebteuobates,
2633 2475 2857 2526 medicus
2878 2491 3074 2544 magus,
3101 2483 3263 2532 omnia
3285 2487 3440 2535 novit.

1955 2609 2119 2670 atque
2164 2611 2223 2655 ut
2275 2603 2473 2659 talibus
2525 2607 2760 2672 assolet,
2832 2611 3126 2667 multarum
3175 2619 3568 2674 necessitatum

1954 2691 2175 2747 suffulta
2225 2695 2442 2762 peritia,
2496 2699 2640 2767 quod
2690 2700 2918 2766 libebat,
2971 2704 3295 2776 plerumque
3346 2711 3569 2782 impune

1953 2781 2171 2838 licebat.
2198 2784 2333 2838 Cum
2363 2785 2475 2855 jam
2505 2791 2781 2846 mediante
2811 2795 3260 2867 Quadragesima,
3290 2801 3380 2855 ille
3407 2781 3568 2874 vege-

1954 2883 2060 2941 tus,
2098 2876 2316 2941 obesus,
2357 2879 2539 2935 alacer
2586 2893 2750 2953 atque
2788 2887 3045 2944 robustus
3079 2906 3178 2960 per
3207 2895 3392 2948 omnia
3418 2897 3568 2951 vidc—

1951 2975 2123 3032 retur,
2171 2978 2395 3038 repente
2447 2971 2523 3024 illi
2579 2973 2714 3029 levis
2760 2990 2826 3030 ac
2883 2988 3183 3049 temperata
3249 2987 3565 3054 gravedinis

1951 3059 2200 3113 molestia
2251 3064 2607 3130 supervenit;
2643 3075 2698 3119 at
2750 3082 2871 3122 cum
2928 3085 3029 3141 ego
3081 3073 3148 3128 ad
3192 3075 3340 3130 illum
3384 3082 3561 3147 gratia

1953 3150 2282 3208 visitationis
2313 3157 2652 3224 accederem,
2686 3160 2835 3215 illico
2873 3165 3021 3218 venit
3053 3167 3104 3219 in
3137 3179 3375 3223 mentem
3411 3180 3470 3224 ιιι
3511 3174 3560 3225 ri

238 3226 364 3281 deat
393 3226 576 3297 itaque
625 3227 684 3280 in
730 3227 975 3281 intestini
1027 3227 1189 3297 hujus
1237 3228 1364 3283 belli
1413 3245 1708 3301 congressu
1758 3235 1843 3288 in-
1869 3220 1915 3282 (ἶ
1947 3243 2184 3298 dicerem
2228 3249 2374 3315 quod
2419 3263 2508 3301 me
2538 3251 2758 3304 audisse
2794 3255 3118 3323 contigerat,
3155 3257 3304 3311 illum
3336 3261 3558 3328 quidem

235 3316 555 3385 gruentibus
588 3317 917 3371 adversariis
957 3317 1254 3370 enormiter
1289 3318 1508 3386 cedere,
1535 3321 1629 3375 sed
1660 3323 1839 3390 potius

235 3407 504 3459 enitamur
534 3407 744 3461 auctori
785 3407 1028 3460 omnium
1064 3407 1369 3477 triumphos
1399 3420 1454 3464 et
1479 3410 1666 3480 gloria:
1697 3414 1832 3468 insi-

234 3499 359 3570 gnia
392 3510 690 3570 reportare.

303 3588 572 3645 Praeterea
595 3589 737 3662 quod
753 3601 1024 3661 quantam,
1049 3594 1191 3648 sicut
1216 3598 1470 3666 superius
1496 3597 1701 3652 dictum
1729 3609 1832 3664 est,

233 3695 266 3735 a
291 3681 444 3737 nobis
476 3683 618 3737 inter
647 3697 742 3737 vos
767 3683 1092 3754 regulariter
1120 3689 1443 3753 constituta,
1475 3705 1621 3744 nunc
1648 3700 1834 3744 autem

231 3774 488 3830 oblivioni
553 3776 753 3829 tradita
809 3791 873 3828 ac
931 3777 1270 3847 negligenter
1327 3781 1567 3846 omissa,
1620 3791 1675 3836 et
1734 3798 1836 3838 nos

232 3881 438 3922 maeror
483 3883 590 3922 non
637 3868 772 3922 levis
832 3879 1142 3938 exasperat,
1195 3881 1250 3926 et
1305 3888 1402 3927 vos
1459 3873 1686 3928 oﬂ‘ensio
1725 3892 1832 3929 non

231 3959 382 4029 parvi
437 3967 616 4014 reatus
669 3969 908 4014 accusat.
963 3960 1117 4026 Quod
1169 3963 1357 4029 enim,
1399 3979 1486 4019 me
1541 3966 1835 4022 ordinante

230 4046 398 4104 semel
425 4048 638 4102 admitti
667 4048 893 4118 placuit,
925 4050 1027 4104 nisi
1060 4066 1145 4105 me
1170 4054 1446 4121 prtebente
1474 4070 1829 4122 consensum,

229 4153 505 4209 nunquam
524 4139 708 4192 debuit
732 4139 946 4194 violari.
973 4140 1249 4212 Quidquid
1278 4145 1422 4198 enim
1449 4146 1661 4216 publica
1690 4149 1832 4203 inter

230 4225 427 4282 multos
453 4241 682 4282 censura
712 4229 920 4293 statuit,
960 4240 1057 4284 aut
1102 4246 1133 4284 a
1177 4235 1390 4288 cunctis
1444 4237 1669 4292 omnino
1711 4253 1826 4292 ser-

227 4317 482 4382 vandum,
521 4325 614 4371 aut
665 4319 711 4372 si
756 4319 942 4373 violari
995 4323 1305 4386 conveniat,
1353 4327 1632 4384 communi
1664 4327 1828 4384 debet

221 4404 426 4473 judicio
457 4408 776 4470 retractari,
811 4409 1050 4479 alioquin
1084 4413 1130 4465 si
1163 4415 1228 4466 ad
1263 4430 1510 4483 personae
1537 4417 1825 4486 cujuslibet

227 4496 511 4551 arbitrium
551 4496 838 4569 frangitur,
875 4514 930 4554 ut
961 4504 1135 4571 gravi,
1185 4506 1402 4576 dignum
1435 4519 1541 4574 est,
1574 4511 1820 4565 animad-
1849 4546 1851 4550 ι

225 4588 480 4642 versione
533 4587 823 4657 plectatur.
883 4591 1070 4646 Achan
1128 4610 1323 4665 nempe
1379 4598 1522 4653 filius
1562 4599 1815 4666 Charini,

225 4677 350 4744 quia
399 4689 588 4732 contra
623 4693 911 4734 commune
959 4684 1294 4748 mandatum,
1348 4703 1540 4743 tnanus
1584 4692 1653 4745 ab
1684 4707 1817 4745 ana-

225 4766 464 4820 themate
495 4766 712 4822 Iericho
745 4785 849 4823 non
893 4771 1156 4835 cohibuit,
1200 4785 1315 4840 post
1344 4775 1527 4843 jactus
1557 4780 1815 4849 lapidum,

223 4855 388 4911 etiam
412 4855 891 4928 conflagrationem
928 4861 1136 4930 ignium
1180 4881 1283 4919 non
1326 4870 1499 4922 evasit
1527 4870 1668 4940 (Jos.
1699 4875 1818 4942 vn),

222 4955 284 5002 ut
309 4949 398 5018 qui
430 4947 637 5004 facibus
660 4951 1017 5006 ineanduerat
1040 4955 1307 5021 avaritia),
1332 4957 1577 5015 flammas
1600 4977 1816 5031 quoque

219 5043 435 5113 prepria
486 5060 649 5100 carne
706 5047 1024 5114 depasceret
1081 5047 1134 5100 in
1181 5049 1651 5107 animadversione
1693 5053 1813 5106 vin-

221 5130 398 5185 dictae.
443 5130 706 5188 Jonathas
757 5144 937 5188 autem
989 5137 1183 5190 mortis
1225 5139 1550 5193 sententiam
1593 5145 1811 5208 meruit,

219 5220 346 5290 quia
376 5221 651 5293 decretum
686 5225 737 5278 in
770 5241 1057 5280 commune
1096 5229 1388 5296 prolatum,
1432 5233 1624 5287 edendi
1675 5245 1813 5288 tem-

217 5324 319 5379 pus
344 5312 690 5381 anticipando
732 5316 961 5368 mutavit
991 5314 1042 5386 (I
1073 5315 1198 5385 Reg.
1228 5319 1363 5388 xw).
1395 5317 1568 5376 llomo
1595 5338 1812 5392 quoque

220 5401 309 5458 ille
334 5401 499 5476 235
527 5404 616 5473 qui
649 5420 745 5475 per
776 5408 1052 5461 desertum
1083 5411 1430 5480 praesumpsit
1467 5413 1518 5466 in
1552 5415 1637 5469 die
1670 5415 1807 5470 Sab-

218 5491 329 5548 bati
362 5493 506 5565 ligna
537 5495 812 5567 colligere,
857 5500 984 5568 quia
1037 5499 1186 5556 solus
1236 5505 1474 5558 excessit
1519 5522 1810 5564 commune

217 5587 553 5653 mandatum,
581 5588 847 5659 lapidibus
873 5593 1125 5659 obrutus,
1170 5593 1318 5648 solus
1358 5599 1615 5666 expendit
1647 5600 1806 5672 digna

216 5688 391 5732 morte
434 5681 754 5750 supplicium
785 5681 976 5754 (Num.
1012 5685 1122 5755 xv).
1170 5687 1286 5743 Non
1319 5691 1444 5760 quia
1485 5694 1692 5749 crimen
1724 5705 1802 5749 est

235 5784 270 5825 ιι
297 5773 623 5829 necessitate
651 5775 793 5846 ligna
840 5776 1116 5848 colligere,
1150 5780 1243 5835 sed
1270 5781 1395 5852 quia
1429 5797 1533 5837 non
1562 5785 1698 5841 levis
1725 5797 1807 5841 cst

1944 3349 2044 3406 pro
2066 3335 2393 3404 quibusdam
2413 3337 2806 3397 offensionibus
2833 3359 2941 3398 non
2967 3347 3168 3403 debere
3189 3355 3563 3408 sacrosanctis

1943 3423 2210 3482 altaribus
2259 3429 2574 3484 ministrare
2612 3450 2622 3484 :
2665 3448 2788 3487 eum
2845 3445 3026 3492 tamen
3075 3455 3406 3512 eanperare
3451 3447 3562 3500 for-

1942 3515 2156 3571 midans
2193 3537 2205 3570 :
2237 3519 2360 3584 Diti,
2394 3519 2587 3582 fateor.
2627 3525 2779 3591 haesi,
2819 3529 3025 3582 diutius
3063 3532 3381 3589 deliberavi.
3417 3538 3559 3604 Quid

1939 3609 2136 3679 plura?
2167 3612 2411 3668 Tandem
2444 3616 2710 3672 obduravi
2755 3619 3012 3688 frontem,
3058 3626 3335 3683 arbitrans
3366 3645 3432 3685 ac
3465 3633 3559 3687 de-

1941 3701 2139 3756 finiens
2187 3704 2356 3759 tutius
2383 3720 2505 3761 esse
2536 3708 2811 3764 hominem
2843 3728 3005 3782 quam
3045 3714 3138 3770 Dei
3166 3719 3560 3790 omnipotentis

1939 3791 2219 3850 offendere
2251 3796 2615 3866 majestatem.
2639 3802 2744 3857 Aio
2769 3819 2900 3875 ergo
2927 3806 2994 3860 ad
3019 3823 3138 3860 cum
3175 3826 3190 3863 :
3219 3809 3560 3869 Charissime

1941 3881 2109 3937 frater
2134 3883 2343 3950 Maure,
2371 3888 2474 3943 hoc
2499 3890 2643 3946 enim
2670 3895 2890 3950 nomine
2913 3899 3233 3964 vocabatur,
3264 3902 3554 3970 confitere,

1938 3975 2318 4043 pmnitentiam
2349 3995 2471 4050 age,
2498 3991 2553 4035 et
2575 3983 2620 4037 si
2661 3986 2790 4054 quid
2819 3997 2904 4042 est
2940 3989 2994 4044 in
3040 3999 3092 4046 te
3128 3994 3271 4062 quod
3305 3994 3558 4054 fortassis

1937 4080 1968 4118 a
2025 4070 2302 4125 tremenda
2352 4073 2644 4144 missarqm
2699 4086 2752 4133 te
2801 4079 3173 4140 celebratione
3223 4089 3551 4155 prohibeat,

1937 4159 2266 4214 venerabilis
2291 4170 2379 4215 tua
2403 4161 2723 4221 fraternitas
2750 4172 2922 4226 sacris
2949 4174 3357 4244 obtemperare,
3385 4195 3554 4236 cano-

1933 4245 2094 4300 nibus
2133 4263 2240 4301 non
2290 4260 2625 4309 contemnat.
2669 4257 2751 4311 Ad
2794 4262 2938 4328 quod
2991 4263 3080 4318 ille
3113 4282 3125 4318 :
3159 4264 3390 4321 Peccata
3429 4285 3548 4323 mea

1930 4337 2113 4390 omnia
2155 4341 2577 4411 quamplurimis
2604 4333 2983 4415 spiritualibus
3011 4354 3145 4410 viris
3185 4356 3418 4425 innotui,
3453 4361 3551 4416 sed

1931 4427 2268 4491 mandatum,
2313 4441 2370 4484 ut
2410 4449 2438 4484 a
2482 4436 2829 4493 sacrificandi
2862 4443 3169 4499 ministerio
3202 4449 3545 4516 rccederem,

1925 4530 2031 4569 non
2078 4520 2284 4588 accepi.
2341 4521 2594 4579 Secunda
2643 4537 2826 4584 autem
2876 4537 3253 4604 aegrotationis
3300 4540 3406 4605 die,
3455 4543 3544 4596 vis

1923 4606 2202 4665 dicscente
2257 4617 2614 4683 crepusculo,
2665 4635 2796 4677 ecce
2855 4625 2946 4679 ille
3003 4643 3110 4682 non
3164 4615 3389 4699 jacens,
3449 4639 3545 4689 sed

1922 4697 2114 4752 sedens
2173 4702 2223 4754 in
2282 4703 2484 4760 lectulo
2526 4723 2936 4768 sacramentum
2987 4697 3255 4776 Dominici
3295 4727 3546 4793 corporis

1920 4789 2080 4843 anxie
2130 4790 2432 4861 ﬂagitabat.
2482 4797 2733 4869 Cumque
2783 4805 2953 4861 abbas
3001 4811 3316 4877 nobiscum,
3375 4789 3542 4872 simul

1919 4893 1984 4934 ac
2038 4881 2264 4952 reliquis
2313 4885 2580 4944 fratribus
2637 4891 2780 4948 lecto
2831 4897 3185 4955 discumbens
3228 4903 3538 4970 assisteret,

1920 4975 2088 5042 C(Bpll.
2141 4991 2265 5029 eum
2318 4981 2600 5048 corripere
2657 5000 2756 5038 cur
2810 4988 3068 5060 videlicet
3114 4993 3181 5054 is,
3233 4996 3326 5064 qui
3391 4999 3539 5052 nulla

1922 5063 2114 5116 mortis
2137 5064 2290 5133 signa
2320 5072 2704 5135 przetenderet.
2735 5084 3025 5146 tantopere
3056 5081 3318 5136 viaticum
3350 5095 3537 5154 postuo

1920 5149 2076 5206 laret.
2119 5153 2211 5208 Ille
2262 5171 2395 5210 vero
2448 5159 2802 5217 nihilominus
2857 5167 2909 5219 in
2962 5183 3060 5222 sua
3106 5149 3378 5239 petitione
3412 5191 3541 5244 per-

1917 5241 2146 5306 sistens,
2199 5247 2482 5302 sacerdote
2516 5249 2630 5317 jam
2694 5269 2818 5308 cum
2877 5260 3150 5316 ministris
3199 5266 3536 5334 accedente,

1916 5332 2193 5401 applicans
2229 5335 2331 5389 sibi
2370 5354 2536 5393 unum
2570 5356 2634 5395 ex
2678 5343 2943 5403 fratribus
2974 5352 3164 5407 nescio
3191 5357 3338 5424 quod
3367 5332 3539 5426 grave

1915 5433 2197 5489 peccatum
2230 5428 2497 5482 confitens
2528 5431 2889 5489 insusurravit
2919 5439 2972 5493 in
3001 5457 3218 5498 aurem.
3253 5446 3536 5505 Continuo

1914 5513 2004 5568 ille
2035 5517 2330 5580 attonitus,
2358 5527 2420 5572 ut
2459 5526 2801 5590 postmodum
2834 5531 2966 5584 mihi
2999 5535 3207 5598 retulit,
3232 5545 3286 5590 et
3315 5549 3533 5593 certum

1913 5607 2213 5674 pmnitendi
2263 5609 2532 5666 calculum
2589 5631 2750 5685 quem
2804 5621 3113 5689 prazligeret
3167 5635 3276 5679 tam
3339 5629 3530 5685 subito

1915 5701 2184 5766 nesciens,
2210 5702 2337 5757 licet
2361 5705 3121 5775 addubitans,,auriculatorie
3156 5717 3522 5798 subloqueqs,

1915 5793 2220 5866 quindecim
2254 5797 2356 5851 sibi
2389 5813 2562 5853 annos
2593 5802 2928 5873 poenitentia:
2955 5807 3117 5879 235
3143 5809 3359 5867 indixit.
3391 5793 3518 5870 Mox
