5428 6584
440 1027 486 1923 ξ

1714 434 1820 492 435
2249 440 2305 496 S.
2349 439 2547 498 PETRI
2589 443 2868 500 DAMlANl
2910 447 3056 503 OPP.
3102 450 3279 508 PARS
3304 449 3432 508 SEU
3471 447 3704 509 TOIUS
3743 448 3780 509 l.
3813 483 3858 496 —

2816 443 2868 500 κι
2910 447 3056 503 OPP.
3102 450 3279 508 PARS
3304 449 3432 508 SEU
3471 447 3704 509 TOIUS
3743 448 3780 509 l.
3813 483 3881 508 -η
3921 450 4134 512 EI‘IST.
4162 450 4286 512 LIB.
4334 454 4456 513 νιιι.
4852 458 4960 514 ιω

1716 559 1968 661 pegrato't:
2017 551 2311 654 monachus
2359 556 2550 660 debita.-
2600 560 2875 661 servitutis
2941 562 3275 661 obsequium.
3312 571 3352 628 Α
3859 590 4011 661 ul
4056 587 4384 648 εριδτοω
4421 591 4480 648 υ,

1782 638 2247 697 ΕλοεΙΙεηιὶδιὶωο
2286 654 2340 698 et
2379 646 2616 713 piissime
2652 649 2887 708 domine.
2918 652 2960 702 si
2991 652 3140 704 vobis
3164 653 3279 719 pla-
3596 711 3654 730 η
3695 638 4186 730 ..ε-Μῗτξηῖξξ

1711 738 1875 792 ceret.
1904 730 2017 800 jam
2045 743 2253 804 tempus
2275 711 2420 791 esset
2447 748 2503 790 ut
2533 740 2697 793 miser
2727 739 2813 794 ille
2837 742 3097 795 Gislerius
3122 744 3280 797 mise-
3591 711 3654 748 ⁸⁸
3694 712 3906 752 tuo"
3959 715 4228 757 unum.
4267 719 4306 757 "
4345 717 4738 762 'mumu"

1711 820 2003 874 ricordiam
2063 837 2519 892 consequeretur;
2569 828 2680 896 jam
2731 839 3068 895 congrueret,
3117 839 3175 884 ut
3213 834 3278 884 de
3381 828 3768 903 Alctnﬂwa.
3805 862 3868 871 —
3898 833 4245 889 Commendat
4292 834 4531 903 eiusdem
4585 839 4799 894 Henriel
4843 842 4955 897 vir-

1708 910 1938 965 vinculis
1967 920 2074 965 tam
2107 913 2375 967 diuturna:
2401 917 2673 984 Captionis
2698 918 2890 978 exiret.
2923 926 2982 971 et
3009 928 3128 986 post
3156 921 3260 974 lon-
3448 906 3654 986 Elii“:
3678 901 3852 986 Piget-“Il:

2811 928 2890 978 νει,
2923 926 2982 971 ει
3009 928 3128 986 pos;
3156 921 3260 974 ιοη.
3448 906 3625 986 lutea:
3678 901 4335 986 pietatemhprtcipueet
4357 977 4368 986 .
4390 908 4627 986 studium
4679 911 4955 986 religionis

1967 1001 2136 1050 ilium-
2171 1004 2235 1050 ad
2263 969 2483 1050 [Imm-ia.
2510 1018 2793 1050 remearet-
2841 969 2954 1050 Nam
2986 969 3263 1050 (:hiivilra.
3447 969 3680 1050 tuendt'
3709 971 4110 1050 _q00d.‘.v"‘iucr

3447 969 3680 1050 t‘uendz,
3709 973 3852 1050 quod
3871 969 4221 1050 _Wiqueriirm
4254 975 4543 1050 barbarum
4562 969 4853 1050 hominem
4883 995 4951 1035 es

1707 1014 1843 1068 gum.
1865 1001 2137 1065 exsilium,
2171 1004 2235 1057 ad
2263 1008 2476 1074 propria
2510 1018 2794 1062 remearet.
2841 1008 2954 1062 Non
2986 1009 3263 1064 oblivisca-

1709 1100 1796 1118 ιι...
1822 1088 2069 1118 Jan-nt...-
2104 1105 2250 1118 ...ιη--
2278 1093 2569 1118 :......._..-_
2595 1095 2716 1118 ..-ελ
2751 1111 2840 1118 ---
2891 1097 3016 1118 n__2
3041 1099 3053 1118 ι
3091 1099 3200 1118 ι---
3238 1101 3275 1118 ι.
3477 1107 3484 1114 ι
3592 1115 3600 1118 _
3721 1107 3731 1118 .

2841 1008 2954 1118 Nan
2986 1009 3275 1118 eburna:
3447 1001 4953 1118 ξζξὲᾋῖιὶζξ“εῖᾶδξξξῖἲῖῖτῖἓέ’ἶῖι,υξιῖἷῗιῖιίξῖίᾜῩιέηξὲιῖίῖ

1709 1100 1796 1140 iur
1821 1088 2072 1145 dominus
2101 1105 2252 1145 meus
2278 1093 2569 1161 imperator
2591 1095 2717 1164 quid
2751 1111 2843 1150 rex
2891 1097 3054 1152 David
3091 1099 3277 1153 fecerit
3445 1088 4950 1182 acuebat“;bneﬁi'kﬁiéi

1703 1192 1829 1231 cum
1889 1177 2095 1247 fugeret
2140 1195 2172 1232 a
2222 1180 2358 1236 facie
2396 1183 2628 1237 Absalon
2683 1202 2696 1236 :
2749 1184 2876 1252 quia
2919 1186 3045 1237 dum
3095 1185 3273 1240 Semei
3444 1181 3806 1264 5190313991]!

2808 1184 2876 1237 ,ξε
2919 1186 3045 1237 dum
3095 1185 3273 1240 semei
3444 1181 3806 1264 rte-eumdem
3852 1181 4141 1264 hominem,
4191 1182 4257 1264 ad
4303 1177 4438 1264 eam:
4470 1183 4812 1264 dignitatem,
4845 1177 4952 1256 qua

1709 1267 1970 1323 advenas
1991 1284 2116 1324 eum
2145 1270 2347 1339 lapides
2374 1273 2630 1334 mitteret.
2654 1275 2868 1328 duriora
2895 1276 3057 1329 etiam
3084 1287 3271 1330 contra
3437 1241 3853 1366 ξξιξξιεῗηῑω

2809 1290 2868 1328 η
2895 1276 3057 1329 ﬂiam
3084 1287 3271 1330 eam"
3437 1241 3854 1366 tﬁrmatus
3885 1246 4080 1312 fuerat,
4113 1241 4288 1304 redire
4317 1241 4622 1307 molient'Em
4662 1241 4770 1309 ιιΙῶ
4794 1241 4953 1314 ἰδέω

1704 1371 1886 1425 regem
1938 1327 2334 1416 maledictionis
2374 1363 2551 1431 iacula
2597 1365 2969 1432 intorqueret.
3017 1365 3203 1419 dicens
3255 1385 3268 1419 :
3444 1327 3697 1381 puum"

1704 1464 1723 1495 ‘
1763 1447 2050 1515 κει-βάθη,
2087 1451 2368 1520 egredere.
2393 1453 2474 1504 vir
2507 1454 2828 1523 sanguinum
2873 1463 2930 1508 et
2982 1455 3064 1508 vir
3108 1455 3272 1509 Belial
3445 1442 3648 1499 ὓοωηο
3697 1444 3842 1500 Hui

2811 1469 2828 1506 ι
2873 1463 2930 1508 ει
2982 1455 3064 1508 νὴ
3108 1455 3272 1509 neua]
3445 1442 3648 1499 Domno
3697 1444 3933 1502 Htsarco
3973 1450 4325 1505 invictissimo
4371 1452 4702 1521 imperatori.
4733 1455 4955 1515 Pinus

1701 1535 1785 1604 (ll
1840 1536 1961 1607 Reg.
1996 1539 2109 1609 xvr)
2150 1558 2162 1593 :
2199 1560 2217 1591 ι
2259 1541 2348 1594 ille
2378 1558 2500 1597 cum
2545 1552 2651 1596 tam
2694 1542 3004 1599 fortissimis
3049 1546 3274 1601 bellato-
3372 1544 3621 1602 Ρεσωιοτ
3650 1552 3838 1591 monac

2697 1542 3004 1599 [οτιίιςίιηίι
3049 1546 3274 1601 bella”.
3372 1544 3621 1602 peccator
3650 1540 3948 1592 monachus
3978 1541 4172 1594 debita:
4199 1545 4475 1598 servitutis
4499 1547 4841 1617 obsequium.

1701 1641 1819 1679 rum
1846 1627 2032 1682 cuneis
2053 1631 2407 1698 constipatus,
2457 1632 2752 1696 incederet,
2799 1649 2902 1687 non
2934 1635 3105 1688 solum
3147 1652 3269 1690 eum
3442 1623 3733 1678 Ιωωοηιδε
3769 1628 3845 1681 Ιειυ

2810 1649 2902 1687 non
2934 1635 3105 1688 ,οιιηιι
3147 1652 3269 1690 eum
3442 1623 3733 1678 lmmensas
3769 1628 3948 1682 laudes
3999 1629 4128 1699 Regi
4183 1647 4348 1700 regun
4396 1635 4613 1691 Christo
4641 1635 4954 1703 referimus,

1716 1732 1807 1770 ion
1845 1718 2061 1777 occidit.
2095 1719 2188 1773 sed
2213 1721 2376 1774 etiam
2408 1721 2587 1776 Abisai
2623 1713 2768 1776 illu'm
2814 1725 3080 1778 volentem
3119 1728 3267 1780 occi-
3370 1714 3492 1780 (11³⁵³
3527 1717 3860 1770 "Milium"

2814 1725 3080 1778 νοιεηιεη,
3119 1728 3267 1780 θεοί-
3370 1714 3492 1780 quia
3527 1717 3865 1770 sanctitatem
3891 1728 3941 1770 et
3972 1721 4224 1775 virtutum
4253 1724 4412 1789 dona,
4444 1739 4563 1792 qua
4593 1727 4774 1781 multis
4804 1725 4951 1782 ητις

1699 1807 1831 1860 acie
1877 1809 2175 1876 asperrime
2215 1812 2496 1878 corripuit,
2547 1812 2730 1865 dicens
2766 1830 2776 1863 ε
2818 1831 2836 1861 σ
2866 1812 3004 1878 Quid
3046 1815 3176 1868 mihi
3215 1825 3269 1869 et
3372 1804 3610 1857 rentibu-
3653 1805 3718 1858 «ιο
3766 1808 3909 1876 τελείει
3961 1811 4238 1877 maiestate
4286 1814 4654 1882 οοαηονίιιιιη.
4691 1814 4803 1882 iam
4841 1833 4952 1871 no-

1695 1897 1870 1958 vobis.
1902 1896 2243 1953 liliiSarvis?
2273 1900 3261 1963 Dimittiteeum.utmaledicatmibi.
3303 1911 3344 1970 Β
3373 1893 3579 1954 verbis.
3636 1897 3726 1948 sed
3774 1898 3907 1950 vivis
3955 1901 4209 1966 operibus
4259 1903 4636 1970 ορντοδιωιη·
4692 1904 4826 1958 Nam
4893 1907 4950 1960 tu

1699 1986 1957 2041 Dominus
1990 1989 2245 2058 praecepit
2274 1991 2321 2043 ei
2349 2001 2406 2043 ut
2443 1991 2792 2046 malediceret
2817 1993 3012 2056 David;
3045 2005 3100 2048 et
3149 1997 3270 2058 quis
3372 1985 3684 2061 εξρυιείοοε
3714 1985 3843 2054 WiQ'

2817 1993 3012 2056 Πενίας
3045 2005 3100 2048 ει
3149 1997 3270 2058 ηυξ,
3372 1985 3684 2061 eapulsione
3714 1985 3970 2054 Wiquerii
4008 1988 4310 2059 [Widqueii
4338 1993 4548 2065 etiam].
4576 2010 4674 2048 vos
4703 1998 4949 2050 omnim

1697 2086 1781 2131 est
1823 2079 1914 2147 qui
1960 2079 2156 2134 audeat
2198 2081 2376 2136 dicere
2408 2098 2421 2134 :
2450 2082 2633 2149 Quare
2662 2085 2741 2138 sic
2766 2085 2999 2139 fecerit?
3031 2105 3048 2135 ι
3081 2085 3269 2148 (ΗΜ.)

1699 2168 1810 2224 Nec
1839 2172 2101 2240 ignoratis
2123 2173 2354 2242 qualiter
2383 2175 2544 2229 stulto
2565 2176 2731 2231 Nabal
2757 2177 2953 2233 dicenti
2983 2181 3266 2234 adversum

1699 2276 1822 2314 cum
1855 2276 1874 2313 :
1909 2281 1926 2311 r
1960 2261 2129 2317 Hodie
2161 2264 2506 2321 increverunt
2530 2269 2693 2332 servi,
2725 2271 2816 2338 qui
2852 2269 3059 2335 fugiunt
3091 2273 3266 2326 domi—

1699 2367 1797 2405 nos
1828 2352 2037 2411 suost
2091 2353 2211 2424 Reg.
2254 2358 2402 2426 xxv),
2444 2378 2460 2408 ι
2501 2359 2708 2428 Aliigail
2746 2362 3137 2419 interveniente
3181 2381 3268 2432 pec

1692 2444 1885 2511 percit.
1917 2443 2160 2511 Qualiter
2182 2447 2342 2500 etiam
2377 2449 2429 2502 in
2457 2447 2581 2502 Saul
2612 2451 2915 2505 immaniter
2942 2467 3267 2522 persequen-

1697 2543 1826 2595 tem,
1879 2550 2001 2588 cum
2053 2546 2236 2604 posset
2288 2538 2432 2592 illum
2479 2540 2748 2602 occidere,
2790 2558 3004 2597 manum
3055 2547 3267 2598 mittere

1700 2638 1804 2679 non
1839 2626 2176 2693 prmsumpsit
2199 2625 2248 2695 (1
2304 2626 2432 2698 Reg.
2475 2646 2620 2692 xxiv.
2663 2634 2828 2695 sui).
2877 2632 2999 2688 Haec
3041 2645 3095 2688 et
3138 2636 3262 2697 alia,

1693 2714 1909 2768 domine
1940 2715 2033 2780 mi,
2073 2725 2383 2772 sanctorum
2437 2735 2617 2788 regum
2653 2723 2801 2775 vobis
2845 2724 3085 2791 exempla
3138 2741 3262 2793 pro-

1695 2807 1896 2870 ponite,
1923 2815 1977 2860 et
2002 2806 2404 2876 postjudicium
2434 2811 2857 2866 misericordiam
2886 2817 3263 2882 peccatoribus

1694 2896 1981 2964 indulgete.
2014 2915 2031 2946 α
2063 2896 2404 2967 Quaecunque
2432 2903 2573 2954 enim
2614 2903 2814 2968 scripta
2851 2915 2999 2966 sunt,
3051 2907 3116 2959 ad
3170 2925 3262 2961 no-

1687 2995 1854 3040 stram
1894 2989 2194 3041 doctrinam
2229 2991 2432 3059 scripta
2459 3001 2584 3045 sunt
2609 2991 2781 3058 (Rom.
2821 2997 2931 3062 sv).
2973 3016 2991 3047 ι
3048 2996 3110 3050 Et
3137 3014 3260 3051 cum

1686 3075 1866 3128 omnia
1904 3091 2063 3143 regna
2097 3087 2383 3142 terrarum,
2417 3096 2535 3148 qua:
2572 3092 2752 3136 vestro
2778 3085 3060 3152 subjicitur
3090 3089 3262 3156 impe-

1692 3166 1772 3217 rio
1799 3175 1938 3220 teste
1964 3168 2182 3231 mundo,
2238 3168 2537 3239 largissima
2587 3181 2779 3226 vestrm
2823 3175 3036 3242 pietatis
3086 3179 3257 3230 abun-

1687 3254 1866 3306 dantia
1900 3255 2416 3324 repleat,quomodo
2453 3260 2595 3314 solus
2639 3262 2902 3317 Cislerius
2948 3275 3111 3321 tanta:
3159 3270 3261 3322 erit

1688 3359 1884 3413 expers
1913 3340 2319 3408 misericordiae.
2351 3358 2406 3400 ut
2438 3364 2609 3418 neque
2645 3365 2742 3418 per
2773 3352 3059 3408 saeculares
3093 3357 3257 3418 viros,

1689 3445 1862 3500 neque
1893 3446 1990 3500 per
2011 3447 2193 3486 servos
2225 3434 2337 3488 Dei.
2365 3435 2541 3489 locum
2587 3439 2727 3506 apud
2777 3453 2873 3493 vos
2919 3441 3261 3509 indulgentia

1691 3520 1866 3574 valea't
1911 3521 2186 3576 invenire?
2226 3522 2501 3578 Clarescat
2527 3526 2636 3592 jam
2687 3528 2860 3596 pietas
2902 3528 3126 3585 Romani
3161 3534 3260 3586 im-

1694 3614 1853 3682 perii.
1871 3623 1924 3668 et
1943 3614 2027 3668 cui
2052 3615 2190 3668 Deus
2213 3617 2441 3684 propriis
2467 3618 2872 3673 viribusomnes
2895 3622 3256 3688 adversarios,

1696 3707 1964 3775 subjugat,
1993 3708 2164 3776 ipsum
2205 3723 2418 3777 quoque
2458 3709 2547 3763 Dei
2594 3711 2765 3779 pietas
2805 3711 3034 3768 feliciter
3060 3716 3248 3769 vincat.

1682 3796 1737 3849 In
1765 3795 1868 3851 hoc
1905 3798 2048 3851 enim
2077 3807 2160 3851 est
2185 3798 2425 3866 perfecta
2464 3800 2704 3860 victoria.
2736 3802 2779 3855 si
2813 3803 2857 3856 is
2886 3804 2972 3856 cui
3010 3805 3256 3868 victoria,

1681 3887 1901 3941 Christo
1955 3887 2230 3951 donante.
2281 3889 2558 3948 tribuitur.
2599 3905 2627 3942 a
2676 3890 2786 3944 sola
2823 3892 3024 3946 Christi
3059 3897 3257 3961 pietate

1690 3979 1954 4032 vincatur.
1988 3976 2232 4032 Piissiute
2262 3979 2504 4042 Domine,
2552 3980 2980 4036 misericordiam
3020 3993 3254 4038 vestram

1683 4069 2106 4140 l:.crymabiliter
2130 4069 2375 4131 obsecro.
2407 4080 2461 4124 et
2491 4070 2717 4139 pedibus
2767 4073 2960 4126 vestris
2997 4088 3080 4126 me
3125 4089 3254 4142 proo

1682 4169 1888 4216 stratus
1914 4161 2160 4222 advolvo.
2189 4176 2286 4228 pro
2316 4161 2792 4236 charitaleChristi
2825 4164 3083 4218 miserum
3101 4166 3254 4220 illum

1673 4252 1787 4320 jam
1817 4249 2116 4304 clementer
2147 4250 2435 4313 absolvite,
2466 4235 2521 4303 et
2552 4265 2637 4304 me
2668 4265 2883 4305 servu'n
2923 4261 3158 4307 vestrum
3199 4255 3253 4308 in

1677 4353 1809 4409 pace
1839 4339 2229 4408 quiescentem,
2264 4354 2359 4406 pro
2385 4350 2576 4394 sancto
2605 4340 2832 4407 imperio
2867 4350 3044 4394 vestro
3092 4356 3253 4396 orare

1679 4430 2014 4499 permittite;
2040 4429 2328 4501 sin_autem
2363 4429 2514 4483 vobis
2548 4431 2620 4482 ita
2646 4429 2880 4492 videtur,
2917 4445 3010 4498 per
3038 4441 3252 4486 vestras

1675 4517 1881 4572 litteras
1913 4517 2298 4572 absolutionem
2332 4519 2459 4571 mihi
2495 4519 2660 4580 illius,
2709 4530 2914 4572 remota
2963 4521 3108 4594 omni
3154 4521 3253 4573 du-

3374 2075 3426 2127 in
3457 2075 3664 2130 laudem
3697 2081 3776 2131 sui
3805 2081 4077 2134 Creatoris
4113 2083 4396 2149 attollitur,
4430 2086 4667 2141 Ecclesia
4693 2091 4758 2142 de
4785 2104 4952 2142 manu

3373 2167 3592 2220 violenti
3619 2171 3888 2236 pradoois
3912 2173 4157 2240 eripitur.
4182 2184 4234 2226 et
4263 2175 4408 2228 salus
4431 2191 4550 2230 esse
4574 2178 4736 2232 totius
4762 2180 4954 2233 mundi

3371 2267 3544 2309 vestra
3598 2259 3938 2313 incolumitas
3964 2263 4257 2328 iudicatur.
4290 2284 4306 2308 ο
4343 2264 4616 2319 Lttentur
4644 2281 4773 2336 ergo
4799 2267 4952 2330 ccli.

3369 2347 3592 2400 exsultet
3631 2359 3771 2401 terra
3802 2350 3973 2418 (Pint.
4025 2357 4167 2421 xcv),
4219 2374 4237 2405 ι
4273 2356 4399 2422 quia
4432 2355 4483 2407 in
4519 2370 4642 2425 rege
4685 2371 4784 2409 suo
4821 2370 4954 2411 vera

3368 2437 3616 2493 Christus
3652 2456 3873 2506 regnare
3913 2447 4276 2511 cognoscitur,
4322 2454 4376 2499 et
4420 2446 4519 2499 sub
4556 2448 4672 2514 ipso
4699 2446 4810 2513 iam
4847 2462 4957 2501 sa-

3369 2530 3471 2580 culi
3523 2529 3624 2581 fine
3674 2547 3895 2584 aureum
3953 2536 4114 2587 David
4162 2537 4419 2592 sa-culum
4469 2548 4778 2591 renovatur.
4830 2537 4954 2608 Ipse

3367 2619 3532 2678 enim,
3570 2622 3656 2686 qui
3708 2621 3849 2674 facto
3896 2623 4101 2691 ﬂagello
4148 2629 4210 2677 de
4257 2625 4524 2680 resticulis
4569 2629 4862 2682 vendentes
4894 2630 4951 2683 iis

3368 2708 3562 2773 templo
3593 2709 3866 2762 columbas
3891 2712 4047 2778 ejecit
4088 2712 4300 2778 (lculi.
4337 2730 4455 2778 ni;
4494 2714 4664 2769 lare.
4698 2733 4782 2780 si;
4813 2716 4950 2772 Lac.

3367 2813 3487 2858 six;
3518 2797 3676 2851 Joan.
3713 2809 3806 2862 tt).
3842 2802 3974 2868 ipse.
4021 2804 4260 2872 inquam,
4289 2815 4342 2858 et
4389 2822 4494 2860 non
4541 2807 4699 2870 alius,
4733 2810 4785 2861 in
4817 2823 4951 2878 rego

3366 2905 3463 2940 suo
3511 2888 3770 2956 Wiquerii
3819 2894 4128 2947 cathedram
4193 2897 4244 2948 in
4308 2896 4536 2950 ecclesia
4589 2899 4948 2967 negotiantis.

3364 2980 3578 3030 evertit.
3613 2979 3674 3031 Et
3719 2983 3808 3048 qui
3843 2982 3969 3036 olim
4014 2986 4228 3054 superbi
4275 2986 4404 3039 Saul
4448 2990 4815 3057 arrogantiam
4855 3004 4948 3044 re-

3364 3067 3496 3134 pulit
3531 3067 3580 3134 (l
3617 3068 3742 3137 Reg.
3771 3080 3900 3134 siit;
3939 3071 3965 3125 1
4003 3073 4183 3127 Paret.
4221 3077 4306 3142 ι),
4337 3077 4450 3145 ipse
4476 3094 4620 3132 nunc
4650 3095 4756 3133 non
4787 3081 4951 3134 dissi-

3364 3159 3540 3212 milem
3591 3164 3798 3229 reprobi
3849 3165 3942 3216 viri
3979 3165 4238 3219 malitiam
4265 3167 4621 3223 conculcavit.
4658 3171 4948 3226 Verumta-

3287 3245 3330 3302 C
3364 3266 3485 3304 men
3519 3252 3639 3304 nolo
3666 3254 3824 3307 lateat
3854 3255 4126 3308 dominum
4153 3272 4330 3311 meum
4361 3269 4540 3328 regem
4563 3260 4688 3328 quia
4717 3259 4950 3329 pestifer

3364 3341 3448 3395 ille
3482 3345 3562 3394 vir
3606 3346 3670 3396 ad
3714 3344 4084 3399 Ravennatem
4116 3348 4304 3402 urbem
4336 3363 4462 3403 suas
4496 3349 4750 3419 epistolas
4773 3349 4946 3406 labri-

3362 3433 3536 3490 cavit;
3589 3435 3720 3484 alias
3763 3437 3980 3500 quidem
4039 3438 4248 3490 occulte
4312 3438 4568 3506 singulis,
4618 3439 4756 3494 alias
4809 3454 4947 3497 vero

3359 3521 3721 3572 communiter
3745 3523 4030 3582 universis,
4063 3525 4114 3575 in
4141 3525 4334 3592 quibus
4354 3539 4412 3578 se
4436 3523 4706 3579 facturum
4732 3527 4946 3592 omnis.

3359 3623 3690 3678 quacunque
3735 3611 3834 3679 ipsi
3885 3613 4174 3675 voluerint,
4207 3613 4273 3666 de
4317 3613 4476 3667 rebus
4509 3614 4769 3670 Ecclesia
4816 3631 4948 3685 spo-

3360 3700 3561 3767 pondit.
3590 3699 3741 3765 Quod
3770 3703 3814 3755 si
3862 3704 4037 3754 verbis
4063 3704 4283 3756 minime
4311 3704 4618 3767 crederent,
4641 3707 4946 3760 secundum

3360 3791 3473 3844 bare
3512 3807 3666 3844 suum
3700 3795 3944 3847 nuntium
3972 3795 4156 3861 jurare
4199 3795 4468 3863 praecepit.
4501 3793 4651 3849 Unde
4689 3811 4794 3849 non
4841 3797 4945 3850 dl-

3358 3879 3472 3932 bito
3533 3881 3794 3948 quosdam
3841 3883 3906 3934 de
3955 3880 4357 3935 Ravennatibus
4424 3883 4693 3952 maiestati
4745 3895 4946 3939 vestra

3358 3982 3663 4038 suggerere.
3693 3977 3755 4022 ut
3781 3970 3846 4022 ad
3873 3970 4120 4023 eamdem
4165 3971 4480 4025 cathedram
4525 3972 4598 4026 illi
4647 3975 4822 4028 valeat
4853 3989 4946 4030 re-

3357 4057 3570 4123 pedare.
3601 4056 3864 4111 Nimirum
3897 4068 4142 4126 raptores
4170 4059 4350 4112 mundi
4379 4061 4467 4128 qui
4491 4062 4737 4114 ambiunt
4763 4062 4946 4118 «adeo

3354 4150 3570 4203 siastica
3607 4153 3745 4203 bona
3779 4151 4033 4219 diripere.
4067 4151 4230 4204 talem
4259 4150 4445 4204 volunt
4474 4153 4809 4220 episcopum,
4842 4152 4942 4221 qui

3353 4253 3539 4292 eorum
3569 4241 3772 4307 rapinis
3797 4225 3900 4293 non
3930 4241 4107 4294 valeat
4133 4241 4374 4293 obviare.
4405 4239 4506 4291 Vos
4527 4249 4730 4302 autem.
4751 4241 4940 4294 excel-

3354 4329 3651 4380 lentissime
3684 4329 3919 4392 domine,
3948 4343 4108 4381 aures
4137 4337 4342 4381 vestras
4373 4342 4403 4379 a
4438 4326 4715 4380 venenatis
4745 4340 4940 4382 eorum

3354 4418 3595 4471 consiliis
3628 4418 3879 4480 claudite,
3922 4428 3976 4471 et
4011 4417 4498 4487 spiendidissimam
4528 4415 4713 4481 glori:
4741 4427 4940 4470 vestra:

3353 4507 3571 4569 famam,
3614 4525 3732 4577 qua'
3779 4525 3875 4578 per
3923 4508 4084 4562 totius
4125 4506 4307 4560 mundi
4350 4507 4688 4560 latitudinem
4721 4507 4934 4566 volitat.

1679 4607 1875 4662 bietate
1905 4608 2223 4676 promittite,
2248 4617 2301 4659 et
2331 4623 2415 4661 me
2443 4609 2509 4661 ad
2533 4622 2627 4661 vos
2646 4610 2963 4677 quantocius
2992 4591 3248 4664 festinare
3279 4591 3325 4652 θ
3352 4612 3572 4670 Propter
3616 4616 3779 4652 ιιηυη·
3822 4607 3823 4610 “

2794 4610 2963 4663 tocius
2992 4591 3248 4664 τεέιίηπυ
3279 4591 3325 4652 D
3352 4612 3572 4670 propter
3616 4616 3779 4652 unun.
3822 4600 4096 4653 hominem
4135 4597 4404 4652 ofl'uscare
4453 4597 4638 4649 nolite.
4688 4595 4746 4648 Si
4784 4597 4937 4650 enim

1695 4697 1869 4752 ubetc.
1894 4697 2092 4752 Redeat
2124 4699 2188 4751 ad
2221 4699 2534 4752 memoriam
2559 4698 2759 4751 domini
2783 4702 2924 4768 regis
2954 4701 3108 4768 quia,
3127 4717 3245 4755 cum

1677 4790 1817 4860 apud
1845 4791 2227 4844 monasterium
2243 4789 2443 4845 Classis
2467 4806 2496 4843 a
2520 4791 2675 4844 vobis
2695 4791 3031 4846 discessurus
3049 4807 3244 4858 essem,

1675 4880 1885 4938 dixistis
1911 4881 2037 4933 mihi
2091 4894 2104 4931 :
2168 4879 2388 4934 Noveris
2419 4881 2605 4948 procul
2643 4880 2806 4934 dubio
2837 4883 2962 4950 quia
2999 4883 3106 4944 isti,
3137 4897 3238 4950 pro

1674 4983 1781 5037 quo
1834 4984 1919 5022 mc
1963 4984 2138 5039 rogas,
2196 4970 2518 5039 quandoque
2564 4971 2777 5022 veniam
2834 4973 3133 5033 exnibcbo,
3191 4983 3246 5025 et

1679 5057 1936 5125 quidquid
1985 5059 2131 5112 circa
2193 5057 2339 5111 illum
2398 5059 2824 5112 misericorditer
2876 5075 3039 5128 egero
3081 5103 3095 5122 ,
3153 5079 3249 5130 pro

1676 5161 1862 5201 amore
1886 5147 2082 5202 Christi
2131 5157 2188 5204 et
2238 5159 2325 5202 tua
2374 5150 2641 5204 cbaritate
2689 5150 2989 5204 certissime
3034 5151 3248 5207 faciam.

1673 5235 1828 5291 Nune
1859 5251 2006 5307 ergo.
2031 5239 2457 5295 eminentissime
2489 5243 2726 5304 domine.
2771 5252 2827 5296 et
2879 5244 3248 5299 iufelicissimo

1672 5329 1750 5384 illi
1799 5329 2231 5383 misericordiam
2285 5340 2514 5385 vestram
2569 5333 2864 5389 clementer
2913 5336 3241 5403 inipentlitc,

1676 5431 1732 5476 et
1782 5421 1910 5475 mihi
1959 5435 2118 5476 servo
2168 5429 2346 5475 vestro
2395 5424 2675 5476 veritatem
2723 5426 2894 5478 sancti
2940 5428 3051 5480 oris
3083 5428 3246 5481 vestri

1673 5508 1962 5564 eﬂlcaciter
2026 5509 2335 5578 adimplete,
2394 5513 2518 5581 quia
2567 5512 2706 5566 sicut
2760 5529 2855 5582 per
2921 5513 3243 5583 Proplietam

1675 5600 1866 5653 dicitur
1897 5617 1909 5653 :
1946 5619 1964 5650 ι
1999 5600 2416 5656 Misericordiarn
2457 5612 2510 5656 et
2553 5603 2833 5657 veritatem
2882 5603 3050 5672 diligit
3083 5604 3240 5666 Deus,

1675 5689 1900 5760 gratiam
1923 5699 1972 5744 et
1995 5690 2216 5760 gloriam
2245 5690 2332 5746 dct
2362 5692 2452 5747 tibi
2481 5691 2732 5748 Dominus
2755 5689 2922 5762 (Psal.
2954 5697 3199 5764 unm).
3220 5715 3235 5744 ι

3355 4691 3440 4745 ille
3489 4692 3553 4744 ad
3603 4693 3947 4761 episcopatus
3984 4706 4163 4745 arcem
4201 4690 4519 4751 revertitur,
4556 4690 4720 4742 totius
4752 4691 4940 4758 populi

3349 4797 3471 4849 spes
3499 4797 3617 4850 qua:
3645 4792 3823 4836 erecta
3860 4782 4051 4841 fuerat,
4089 4781 4304 4844 labitur,
4335 4780 4507 4833 servis
4551 4777 4643 4833 Dei
4672 4781 4938 4848 gaudium

3350 4871 3574 4932 tollitur.
3619 4880 3672 4924 et
3712 4887 4000 4939 pravorum
4032 4871 4292 4938 nequitia,
4337 4883 4455 4937 qua
4499 4867 4795 4921 formidare
4820 4868 4938 4936 jam

3349 4972 3609 5030 ceperat,
3643 4963 3709 5015 ad
3740 4962 4043 5014 audendum
4066 4960 4246 5029 pejora
4275 4959 4597 5013 ﬂducialiter
4623 4961 4934 5013 roboratur.

3351 5050 3714 5120 Quapropter,
3748 5066 3838 5104 rex
3887 5052 4272 5112 invictissime.
4315 5053 4456 5118 quod
4489 5051 4554 5103 ad
4587 5051 4798 5104 laudem
4841 5051 4936 5105 Dei

3350 5151 3408 5194 et
3449 5142 3676 5194 salutem
3711 5142 3987 5197 hominum
4022 5141 4291 5210 coepistis,
4323 5141 4386 5193 ad
4420 5141 4580 5194 finem
4609 5155 4784 5208 usque
4809 5157 4940 5208 per-

3351 5230 3558 5294 ducite,
3607 5240 3658 5284 et
3703 5232 3907 5285 latrone
3958 5231 4158 5297 reiecto
4201 5243 4471 5302 pastorem
4513 5231 4657 5290 unde
4683 5231 4937 5285 Ecclesia

3349 5322 3578 5388 gaudeat
3628 5323 3892 5376 ordinate.
3947 5322 4296 5392 Omnipotens
4343 5322 4521 5384 Deus,
4577 5322 4669 5388 qui
4729 5322 4936 5374 terreni

3351 5408 3557 5478 imperii
3596 5412 3951 5480 gubernacula
3987 5415 4191 5476 tribuit,
4230 5425 4284 5467 et
4323 5413 4388 5467 ad
4434 5413 4736 5466 faciendam
4769 5413 4936 5485 ω

3349 5498 3613 5567 justitiam
3643 5518 3792 5554 suam
3826 5504 3914 5556 diu
3956 5504 4005 5556 in
4035 5505 4131 5558 hac
4167 5515 4214 5556 te
4256 5505 4362 5556 vita
4396 5505 4688 5568 custodiat.
4721 5517 4776 5560 et
4813 5519 4938 5576 post

3354 5593 3595 5645 mortalis
3624 5595 3745 5648 vita
3775 5594 4058 5650 decursum
4088 5597 4154 5648 ad
4180 5595 4420 5649 cozlestia
4444 5611 4610 5658 regna
4645 5599 4934 5666 perducat.

3351 5681 3534 5736 Amen.
