5428 6588
230 445 328 503 85⁵3

802 557 1134 615 EPISTOLA
1175 557 1260 612 ιιι.

285 667 349 707 81)
381 666 654 708 ηεηιιεωι
692 667 907 709 ιιεκιιιςι
946 670 982 709 ιι
1025 668 1136 708 IIP.
1179 667 1396 718 ιτιωυιι,
1440 668 1767 710 κονΑΝοιιωι

935 739 1132 779 ιιεσειι.

235 816 629 871 Anco-temnit.
660 845 732 855 —
760 814 886 886 llaec
913 813 1142 886 epistola
1180 817 1396 886 scripta
1413 821 1496 869 est
1530 814 1597 868 ad
1630 813 1827 869 Henri-

301 901 443 956 ciim
471 886 772 956 superioris
813 883 1031 956 Henrici
1067 883 1398 956 lllium,_:qui
1431 894 1646 940 mortuo
1675 894 1827 956 patre

297 953 552 1009 nondum
597 957 890 1024 imperator
919 955 1100 1010 fuerat
1129 953 1452 1024 appellatus,
1490 957 1584 1009 sed
1618 953 1823 1025 regium

297 1039 496 1078 nomen
525 1025 861 1089 sustinebat;
893 1026 982 1094 qui
1013 1026 1294 1095 proximus
1323 1035 1406 1079 est
1445 1026 1513 1079 ad
1541 1025 1826 1095 imperato-

297 1095 431 1165 riam
460 1095 778 1165 dignitatem
800 1098 1022 1165 gradus.
1048 1095 1184 1165 Erat
1202 1105 1382 1150 autem
1411 1104 1538 1150 tunc
1567 1097 1826 1165 temporis

297 1163 866 1247 adolescens'ej‘usque
887 1176 1078 1247 πιθεέ
1111 1164 1330 1247 selectis
1363 1163 1692 1247 quibusdam
1717 1167 1827 1247 pri-

301 1235 488 1306 marite
511 1235 810 1306 nobilitatis
839 1235 1154 1305 proceribus
1184 1236 1493 1306 regebatur.
1526 1235 1696 1304 Hujus
1725 1235 1826 1306 igi-

295 1313 385 1357 tur
411 1304 771 1361 adolescentis
797 1304 1037 1360 animum
1060 1306 1214 1374 quasi
1243 1304 1565 1374 quibusdam
1593 1305 1825 1361 stimulis

296 1373 578 1443 impellere
601 1385 834 1430 conatur
860 1375 922 1430 S.
956 1373 1147 1430 doctor
1170 1377 1238 1430 ad
1263 1373 1419 1444 opem
1450 1374 1710 1432 Ecclesia:
1738 1376 1822 1430 fe-

294 1444 710 1516 rendant,_qu:e
738 1445 1112 1500 scelestissitni
1163 1445 1306 1516 illius
1347 1446 1826 1516 pseudopontilicis

293 1513 516 1568 Cadaloi
551 1513 738 1570 furore
767 1516 1002 1584 pessime
1028 1513 1358 1570 vexabatur.
1379 1513 1645 1582 Quoniam
1695 1532 1822 1572 vero

297 1593 635 1653 cognoverat
677 1589 927 1656 eumdem
963 1585 1276 1650 Henricum,
1307 1595 1362 1640 et
1388 1588 1571 1656 pravis
1599 1601 1820 1642 suorum

294 1656 654 1726 quorumdam
683 1655 948 1720 consiliis,
992 1656 1190 1726 quibus
1232 1655 1414 1710 omnia
1444 1657 1731 1713 honestate
1768 1667 1823 1712 et

293 1725 494 1795 pietate
543 1725 755 1779 cariora
799 1738 979 1792 erant,
1009 1725 1064 1780 et
1103 1742 1200 1781 sua
1230 1735 1422 1797 sponte
1453 1729 1641 1794 etiam,
1678 1730 1822 1797 quod

291 1803 480 1867 postea
507 1797 686 1850 exitus
711 1797 984 1866 patefecit,
1019 1797 1084 1850 ad
1118 1797 1355 1867 pejorem
1381 1813 1602 1853 causam
1634 1800 1819 1852 defen-

288 1863 522 1937 dendam
573 1863 746 1936 magis
798 1882 916 1922 esse
968 1863 1328 1937 propensum,
1379 1867 1589 1924 lenibus
1638 1868 1820 1923 verbis

1385 441 1588 499 LIBER
1631 439 1994 507 SEPTIMUS,
2037 441 2258 498 EPIST.
2293 442 2386 498 Ill-

1856 563 1903 621 Α
1936 559 2074 615 rime
2102 559 2386 614 dimicaret
2418 557 2638 629 (T.Ltv.
2659 558 2988 620 Dec.nt,lib.
3015 558 3077 630 ι).
3111 557 3362 616 lmbelles
3382 562 3539 630 pueri

3436 448 3544 503 ⁸58

1932 650 2069 707 bella
2085 649 2198 720 jam
2228 652 2439 720 spirant
2465 665 2565 721 pro
2595 658 2829 704 terrena:
2851 650 3008 706 unius
3032 651 3270 707 civitatis
3297 651 3540 714 honore;

1930 755 1984 799 et
2016 754 2092 811 tu,
2123 754 2175 799 te
2207 761 2313 798 non
2340 745 2553 799 excitas
2581 743 2649 798 ad
2678 743 3018 813 procinctum
3050 759 3154 814 pro
3185 746 3389 801 tuenda
3426 747 3552 800 uui-

1931 835 2154 892 versalis
2183 836 2441 891 Ecclesiae
2471 837 2756 892 libertate!

2001 925 2230 990 Quidam
2283 935 2547 996 praeterea
2595 924 2925 991 consiliarii,
2957 925 3034 979 tui
3077 925 3331 982 videlicet
3380 926 3546 981 aulici

1929 1017 2218 1072 ministerii
2248 1017 2656 1086 dispensatores
2701 1016 2783 1076 (ut
2815 1015 2955 1070 fteda
2999 1032 3097 1085 per
3134 1017 3394 1087 populum
3426 1018 3549 1072 vul—

1929 1117 2088 1178 gatur
2119 1107 2366 1177 infamia)
2396 1107 2463 1161 de
2491 1107 2877 1179 persecutione
2900 1107 3162 1163 Romana:
3191 1109 3548 1178 gratulantur

1928 1196 2211 1262 Ecilesite,
2253 1197 2475 1266 utrique
2523 1196 2736 1252 scilicet
2773 1197 2916 1266 parti
2953 1195 3202 1254 faventes
3234 1199 3549 1269 blandeque

1927 1298 2209 1353 canentes,
2249 1296 2309 1341 ut
2335 1287 2497 1343 modo
2525 1303 2586 1343 se
2615 1287 2946 1343 venerabilis
2987 1303 3144 1358 papae
3175 1287 3420 1346 fautores
3444 1303 3549 1360 per

1927 1379 2316 1434 assentationis
2339 1378 2671 1434 lenocinium
2695 1388 2969 1444 asseram,
2991 1379 3152 1434 modo
3179 1379 3544 1452 primogenita

1928 1471 2146 1526 Satanae
2174 1469 2296 1526 falsi
2330 1484 2617 1526 successus
2645 1469 2766 1524 laeta
2796 1469 3139 1540 promittant.
3169 1469 3325 1538 Quod
3357 1478 3545 1526 tamen

1927 1563 1994 1618 de
2026 1561 2352 1632 quibusdam
2381 1562 2589 1618 sanctis
2623 1562 2776 1627 viris,
2810 1561 2905 1633 qui
2935 1562 3043 1617 tuis
3088 1575 3427 1618 consuevere
3458 1562 3544 1618 iti-

1928 1661 2135 1706 tcresse
2183 1651 2462 1718 consiliis,
2512 1651 2666 1707 nefas
2711 1660 2795 1707 est
2841 1653 3012 1707 credi.
3065 1651 3236 1708 Plane
3288 1652 3542 1724 quisquis

1925 1754 2169 1800 sanetam
2211 1744 2455 1799 dividere
2484 1744 2713 1800 molitur
2745 1742 3074 1830 Ecclesiam,
3105 1742 3410 1800 timendum
3435 1743 3544 1802 sibi

1927 1846 2014 1892 est
2061 1853 2130 1892 ne
2180 1839 2478 1894 secundum
2519 1835 2894 1908 evangelicam
2942 1836 3274 1892 sententiam
3321 1844 3380 1892 et
3423 1837 3545 1910 ipse

289 1935 502 2006 acriora
549 1926 819 2006 quaedam,
850 1948 935 2003 et,
964 1926 1022 1990 ut
1053 1926 1126 1992 ita
1163 1926 1366 2001 dicam,
1415 1939 1688 1994 amariora
1741 1941 1819 1992 in.
1854 1926 1896 1984 Β
1925 1930 2202 1986 dividatur
2242 1949 2256 1986 :
2289 1950 2308 1984 ι
2341 1931 2558 1996 Veniet,
2591 1929 2788 2001 inquit,
2825 1929 3089 1990 Dominus
3137 1930 3281 1987 servi
3314 1929 3459 1987 Illius
3485 1931 3540 1986 in

290 2005 595 2078 teruiiscet,
634 2015 703 2078 _ut
752 2023 914 2076 quem
957 2009 1166 2078 pudore
1211 2023 1316 2062 non
1369 2018 1604 2078 poterat,
1657 2010 1820 2065 minis

291 2075 484 2130 saltem
521 2089 578 2130 et
610 2075 804 2132 timore
836 2079 904 2132 ad
928 2075 1167 2133 ollicium
1200 2075 1502 2134 revocaret.

293 2183 501 2239 Domno
547 2183 787 2242 llssnico
837 2187 1342 2257 prmcellentissimo
1403 2189 1551 2260 regi,
1601 2189 1820 2247 Psrnrs

219 2285 472 2348 peccator
501 2280 799 2335 monachus
825 2281 1168 2336 servitutem.

292 2367 502 2424 Subditi
547 2368 750 2438 quique
803 2371 996 2424 timent
1051 2385 1259 2439 regem,
1315 2385 1411 2426 rex
1461 2385 1686 2428 necesse
1733 2381 1818 2426 est

216 2469 424 2514 metuat
453 2458 824 2516 Conditorem.
862 2461 967 2516 Sed
991 2476 1114 2516 cum
1139 2461 1420 2531 Scriptura
1445 2463 1628 2519 dicat:
1669 2482 1687 2514 ι
1716 2462 1816 2518 Cui

217 2549 336 2619 plus
359 2549 738 2616 committitur,
764 2551 882 2621 plus
914 2551 1210 2620 requiritur
1242 2551 1394 2621 (Luc.
1425 2549 1557 2622 xu);
1648 2553 1813 2608 etiam

219 2641 270 2693 in
302 2640 404 2695 hoc
445 2641 664 2710 expedit
699 2655 881 2712 regem
929 2641 1251 2712 propensius
1288 2640 1622 2710 formidare,
1670 2643 1814 2712 quod

218 2729 324 2792 illi,
358 2744 517 2798 quem
569 2730 750 2785 cordis
799 2730 1012 2785 occulta
1065 2746 1170 2786 non
1224 2717 1447 2796 fallunt,
1495 2733 1708 2803 cogitur
1749 2734 1814 2788 de

213 2819 459 2890 pluribus
489 2819 757 2874 rationem
783 2821 1030 2875 reddere.
1057 2819 1191 2876 Cum
1222 2822 1384 2891 igitur
1406 2837 1498 2877 rex
1530 2824 1582 2876 in
1609 2823 1814 2892 judicio

212 2908 466 2964 discutiat
499 2910 792 2974 hominem,
824 2911 966 2965 Deus
1005 2916 1207 2980 regem,
1235 2911 1458 2981 dignum
1496 2927 1564 2966 ne
1606 2922 1722 2978 est,
1756 2923 1815 2968 ut

226 3000 401 3069 pulvis
429 3001 609 3055 timeat
639 3002 944 3072 pulverem,
975 3011 1030 3057 et
1054 3003 1194 3058 idem
1225 3003 1405 3074 pulvis
1430 3005 1482 3059 in
1514 3021 1641 3077 rege
1671 3007 1811 3060 divi-

211 3107 334 3146 nam
381 3092 642 3162 despiciat
693 3093 1072 3162 majestatem?
1120 3094 1174 3148 In
1223 3095 1414 3150 diebus
1465 3097 1596 3160 tuis,
1625 3113 1658 3151 o
1691 3113 1808 3163 rex,

208 3181 460 3234 obortum
505 3191 588 3236 est
643 3182 748 3238 tale
803 3183 1141 3252 periculum,
1188 3185 1332 3254 quod
1378 3187 1622 3240 omnium
1673 3201 1811 3257 pene

193 3272 546 3326 transcendit
587 3273 858 3343 nequitias
903 3274 1251 3338 saeculorum,
1299 3277 1595 3346 apostolica
1643 3279 1798 3332 nitui-

205 3376 326 3414 rum
350 3363 503 3417 sedes
534 3379 629 3432 per
657 3365 1079 3420 haeresiarcbam
1108 3365 1258 3436 (100)
1281 3367 1593 3424 Parmensis
1619 3369 1808 3425 Eccle-

203 3451 301 3504 sicc
332 3451 616 3518 scinditur,
651 3455 843 3524 religio
884 3455 1216 3520 Christiana,
1265 3458 1638 3525 confunditur,
1675 3476 1806 3531 apo-

201 3543 466 3598 stolorum
517 3545 670 3600 labor
722 3548 1024 3615 evertitur,
1068 3559 1117 3604 et
1174 3551 1500 3608 universalis
1553 3553 1808 3622 splendor

203 3632 460 3689 Ecclesiae
501 3651 598 3706 per
624 3639 968 3695 tenebrosam
999 3641 1162 3697 unius
1201 3643 1540 3700 schismatici
1571 3645 1808 3701 hominis

197 3726 695 3795 concupiscentiam
727 3730 1068 3786 obscuratur.
1110 3731 1250 3800 Quid
1275 3735 1345 3790 ad
1373 3736 1488 3790 [nec
1515 3737 1682 3802 dices,
1711 3739 1804 3809 qui

196 3815 581 3872 ecclesiastica:
613 3818 947 3877 defensionis
978 3823 1156 3878 ollicio
1201 3824 1467 3896 fungeris,
1492 3828 1583 3898 qui
1618 3829 1669 3882 in
1709 3844 1798 3898 pa-

199 3908 379 3971 terni,
431 3909 510 3962 vel
563 3912 691 3964 aviti
741 3913 943 3981 sceptri
986 3914 1111 3984 jura
1160 3918 1447 3972 succedis?
1491 3920 1573 3974 An
1631 3921 1804 3989 plenae

194 3995 343 4053 forte
391 3999 555 4053 robur
597 4003 775 4057 aetatis
822 4005 1000 4059 adhuc
1032 4003 1128 4059 tibi
1165 4005 1354 4062 deesse
1402 4012 1804 4080 conquereris?

200 4090 312 4147 Sed
341 4107 469 4150 ecce
494 4092 625 4152 Joas
663 4112 756 4153 rex
790 4096 924 4152 Juda
959 4109 1113 4154 tener
1139 4099 1320 4155 adhuc
1351 4101 1417 4156 de
1443 4105 1610 4158 sartis
1641 4105 1798 4160 tectis

195 4182 381 4250 templi
427 4183 678 4240 celeriter
720 4187 1090 4242 instaurandis
1118 4203 1242 4242 cuiu
1295 4192 1671 4247 sacerdotibus
1717 4195 1798 4248 dio

189 4281 377 4342 sputat
405 4272 454 4341 (I
471 4271 510 4326 γ
543 4272 671 4344 Reg.
708 4278 840 4344 sit);
870 4292 965 4331 eos
988 4293 1205 4346 quoque
1235 4279 1488 4334 collatam
1518 4296 1548 4334 a
1597 4283 1797 4352 populo

190 4370 340 4416 vetat
383 4363 618 4420 retinere
662 4367 966 4435 pecuniam,
1022 4377 1298 4438 totamque
1333 4372 1635 4429 artificibus
1661 4389 1795 4444 0pc-

191 4465 315 4505 rum
339 4450 546 4520 judicat
574 4455 958 4512 exhibendam.
995 4457 1164 4514 David
1201 4460 1292 4516 vix
1323 4461 1452 4516 dum
1480 4463 1796 4521 adolescen-

189 4539 284 4595 tiae
334 4541 498 4598 limen
547 4545 888 4616 ingrediens,
938 4549 1202 4605 adversus
1248 4551 1467 4607 Goliatb
1509 4569 1616 4610 nou
1669 4571 1792 4612 cum

183 4631 393 4700 gladio,
425 4634 519 4690 sed
546 4651 669 4690 cum
700 4624 898 4708 lapillis
927 4641 1085 4710 quasi
1119 4642 1402 4711 pueriliter
1428 4644 1672 4712 dimicat,
1697 4649 1790 4703 sed
1825 4647 1875 4708 D

182 4723 239 4780 ei
267 4735 434 4795 caput
462 4736 722 4799 tanquam
753 4731 837 4785 vir
865 4731 1022 4788 fortis
1071 4734 1178 4789 ictu
1211 4736 1462 4806 pugionis
1502 4740 1793 4795 obtrunciit

182 4813 240 4885 (1
293 4814 422 4888 Reg.
477 4821 632 4888 xvn).
682 4822 1134 4880 Adolesceutulus
1177 4828 1356 4882 adhuc
1397 4826 1575 4884 Josias
1627 4830 1789 4903 243

181 4908 372 4962 omnia
404 4925 531 4966 vasa
553 4911 682 4967 Baal
707 4915 772 4970 de
798 4917 997 4987 templo
1027 4918 1236 4974 Domini
1267 4936 1389 4975 cum
1416 4923 1778 4979 sacerdotibus

181 4997 439 5066 projicit,
475 5009 530 5054 et
579 5001 631 5056 in
681 5005 924 5060 convalle
971 5007 1208 5076 Cedron,
1261 5009 1474 5066 llanuna
1529 5024 1785 5080 vorante,

178 5093 468 5147 succendit
517 5093 634 5165 (IV
678 5097 806 5168 Reg.
858 5102 1051 5172 xxiii).
1097 5103 1175 5158 Illi
1230 5105 1394 5175 igitur
1447 5108 1786 5166 honorabant

180 5180 468 5248 templum,
511 5184 563 5238 iu
597 5201 703 5254 quo
734 5191 957 5260 sanguis
983 5191 1268 5248 brutorum
1305 5196 1622 5253 animalium
1656 5199 1780 5254 fun-

177 5267 449 5336 debatur;
515 5280 568 5326 tu
618 5290 722 5329 nou
769 5281 1046 5335 succurris
1095 5281 1369 5349 Ecclesizc,
1426 5288 1477 5341 iu
1528 5304 1632 5358 qua
1684 5307 1782 5360 pro

176 5355 362 5414 salute
394 5365 577 5417 mundi
625 5365 828 5422 Christi
868 5385 1067 5440 corpus
1101 5371 1366 5429 offertur?
1414 5355 1580 5444 Nam,
1614 5355 1779 5436 Ill-nti

174 5448 463 5513 gentilium
509 5466 724 5522 quoque
772 5473 1118 5515 recurramus
1174 5463 1496 5532 historiam,
1548 5469 1778 5524 Annibal

172 5537 291 5600 ille,
325 5542 414 5610 qui
443 5541 955 5617 Carthagiucnsium
985 5553 1092 5608 dux
1115 5557 1291 5611 factus
1313 5568 1416 5622 est,
1449 5577 1569 5615 cum
1603 5565 1779 5620 adhuc

170 5645 374 5685 novem
399 5646 842 5707 essetannorum,
868 5646 1122 5703 Ainilcari
1151 5652 1286 5719 patri
1307 5650 1509 5718 juravit
1535 5657 1600 5709 ad
1631 5673 1774 5720 aras,

170 5723 306 5793 quia
338 5742 458 5781 cuin
491 5731 741 5799 primitus
771 5748 972 5805 posset,
1005 5742 1266 5798 adversus
1317 5745 1588 5802 Romanos
1623 5764 1773 5804 acer-

245 5861 400 5934 (IDU)
429 5862 721 5924 Cadalouut
753 5869 1020 5946 intelligit.

1923 2023 2031 2089 die,
2067 2039 2172 2093 qua
2203 2040 2310 2079 non
2346 2034 2554 2094 sperat,
2593 2034 2649 2080 et
2677 2024 2840 2087 hora,
2868 2037 2975 2092 qua
3007 2023 3204 2088 nescit,
3247 2031 3304 2078 et
3331 2023 3541 2084 dividet

1922 2131 2081 2180 eum,
2130 2124 2452 2185 partemque
2481 2113 2601 2183 ejus
2651 2129 2776 2169 cum
2819 2113 3132 2169 infidelibus
3178 2122 3344 2184 ponet
3380 2112 3537 2187 (Luc.

1922 2209 2056 2260 xui.
2099 2225 2118 2259 ι
2151 2205 2324 2262 Porro
2355 2206 2422 2262 de
2468 2204 2674 2275 Pbaleg
2724 2204 2834 2260 lilio
2883 2202 3065 2260 Heber
3115 2205 3381 2275 scriptum
3431 2214 3538 2270 est,

1919 2299 2046 2368 quia
2084 2315 2138 2353 in
2169 2297 2364 2354 diebus
2390 2297 2510 2366 ejus
2556 2297 2729 2356 divisa
2770 2305 2853 2353 est
2888 2307 3031 2353 terra
3065 2296 3220 2369 (Gen.
3258 2299 3348 2371 x);
3381 2299 3450 2354 de
3485 2305 3541 2357 te

1921 2406 2140 2462 quoque
2189 2389 2494 2445 cavendum
2537 2397 2622 2444 est
2669 2403 2740 2446 ne
2790 2388 3044 2455 dicatur,
3077 2389 3205 2458 quia
3257 2390 3312 2443 in
3343 2388 3540 2446 diebus

1923 2483 2028 2537 tuis
2058 2483 2230 2536 divisa
2257 2491 2342 2537 est
2373 2480 2642 2538 Ecclesia.
2673 2478 3002 2535 Scribuntur
3031 2479 3280 2546 annales,
3317 2488 3540 2536 texatur

1921 2575 2150 2630 historia
2181 2590 2303 2644 qua:
2333 2574 2481 2630 dicat
2508 2573 2638 2644 quia
2665 2571 2842 2627 Nerva
2875 2571 3336 2628 clementissimus
3365 2573 3540 2641 impe-

1922 2675 2070 2719 rator
2118 2663 2427 2734 pacificavit
2475 2661 2810 2725 Ecclesiam,
2875 2659 3273 2717 Constantinus
3323 2659 3535 2716 coullr-

1919 2758 2110 2824 mavit,
2163 2756 2503 2812 Theodosius
2551 2755 2856 2821 exaltavit,
2917 2763 2971 2810 et
3024 2770 3150 2810 eum
3203 2762 3534 2824 perventum

1919 2849 2083 2904 fuerit
2117 2849 2185 2904 ad
2211 2857 2284 2915 te,
2308 2847 2605 2919 gloriosum
2635 2861 2704 2902 ne
2733 2846 2829 2902 tibi
2858 2856 2964 2912 est,
2993 2845 3040 2902 si
3068 2845 3286 2901 dicatur
3319 2860 3335 2898 :
3366 2843 3534 2901 Hein-

1919 2943 2065 2996 rirus
2112 2940 2340 2996 divisit?
2375 2939 2537 2994 Absit
2574 2939 2679 2994 hoc
2714 2953 2744 2992 a
2777 2946 2865 3002 te,
2905 2945 2965 2990 ut
2993 2937 3137 2992 banc
3183 2936 3328 3006 legat
3359 2935 3533 2992 histo-

1919 3033 2054 3087 riam
2082 3031 2378 3102 posteritas
2403 3038 2632 3085 ventura
2661 3029 2728 3084 de
2759 3037 2833 3084 te.
2861 3026 2978 3082 Noli
3003 3041 3138 3099 ergo
3157 3042 3280 3083 esse
3304 3025 3529 3097 Phaleg,

1915 3127 2006 3196 qui
2059 3125 2348 3196 conjuncta
2386 3123 2600 3179 dividas
2649 3119 2817 3194 (Gen.
2862 3119 2964 3192 x);
3014 3120 3112 3176 sed
3168 3130 3289 3176 esto
3326 3117 3528 3175 Christi

1915 3217 2234 3286 discipulus,
2268 3218 2358 3285 qui
2387 3215 2562 3270 divisa
2593 3212 2913 3283 conjungas.
2945 3213 2983 3268 li
3019 3225 3149 3266 vero
3174 3209 3267 3282 qui
3291 3209 3360 3265 ad
3389 3209 3530 3266 divi-

1839 3292 1881 3352 (ἶ
1916 3312 2125 3367 sionem
2155 3311 2466 3382 apostolica:
2495 3309 2644 3365 sedis
2691 3308 2963 3365 diabolico
2992 3309 3404 3366 succenduntur
3441 3307 3529 3362 in.-

1883 3464 1885 3466 ,
1913 3403 2138 3468 stinctii,
2178 3403 2421 3468 Dathan,
2446 3412 2502 3457 et
2533 3402 2964 3471 Abiron,‘atque
3005 3401 3186 3456 Chore
3225 3400 3294 3456 ad
3321 3415 3532 3456 memo-

1915 3497 2049 3549 riam
2083 3503 2370 3560 revocent,
2409 3504 2466 3549 et
2495 3510 2562 3549 ex
2605 3507 2796 3548 eorum
2841 3491 3242 3562 perditionibus
3270 3490 3532 3563 colligant

1913 3587 2105 3658 (Num.
2158 3586 2305 3658 va),
2353 3588 2446 3657 qui
2483 3585 2608 3641 fluis
2642 3585 2809 3640 etiam
2849 3599 2938 3650 se,
2971 3584 3064 3653 qui
3098 3600 3208 3640 non
3237 3583 3528 3640 dissimilia

1910 3689 2212 3745 sectantur,
2240 3687 2541 3750 exspectat.
2578 3677 2655 3732 llli
2689 3692 2824 3733 sane
2853 3677 3094 3732 schisma
3119 3676 3524 3749 fecerantSyn-

1909 3785 2132 3841 agoga,
2201 3771 2290 3826 isti
2357 3769 2682 3824 divisionem
2759 3767 3148 3822 machinantur
3233 3766 3524 3826 Ecclesiae.

1908 3862 2279 3930 Quamobrem
2314 3863 2457 3918 sicut
2501 3863 2625 3918 illos
2652 3862 2841 3932 utique
2871 3860 3119 3916 viventes
3153 3869 3300 3924 terra
3331 3860 3526 3932 deglu-

1910 3956 2027 4020 tiit;
2061 3956 2142 4010 sic
2173 3955 2262 4009 isti
2291 3970 2388 4024 per
2413 3953 2780 4010 schismatica:
2819 3952 3076 4023 nequitise
3104 3952 3362 4008 meritum
3393 3966 3526 4023 pru-

1907 4048 2118 4112 dentes,
2148 4056 2204 4102 et
2227 4047 2466 4102 scientes
2505 4055 2830 4117 merguntur
2859 4045 2912 4098 in
2949 4053 3236 4100 tartarum.
3269 4041 3384 4100 Nec
3413 4043 3526 4114 glo-

1908 4139 2116 4193 rientur
2164 4138 2257 4208 qui
2309 4135 2601 4192 manifeste
2652 4135 2916 4191 Romana:
2962 4133 3222 4190 Ecclesia:
3273 4132 3519 4189 schisma

1904 4245 2012 4283 non
2064 4228 2305 4294 faciunt,
2357 4230 2448 4284 sed
2497 4238 2681 4282 tamen
2732 4226 3024 4281 annuendo
3076 4234 3132 4279 et
3168 4224 3520 4296 negligenda

1901 4320 2279 4376 scindentibus
2333 4335 2439 4374 non
2480 4319 2775 4384 resistunt,
2826 4318 2954 4389 quia
3011 4317 3156 4373 sicut
3201 4331 3312 4374 non
3365 4315 3519 4373 solus

1901 4409 2009 4475 ille,
2041 4411 2136 4480 qui
2165 4411 2304 4466 dixit
2338 4425 2352 4463 :
2385 4431 2400 4461 ι
2434 4409 2491 4465 in
2519 4408 2723 4470 cielum
2749 4408 3143 4473 conscendam,
3171 4421 3339 4480 super
3365 4419 3520 4462 astra

1899 4504 2023 4559 cceli
2068 4504 2328 4559 exaltabo
2380 4503 2575 4560 solium
2626 4517 2808 4560 meum
2858 4500 3010 4575 (Ιεα.
3061 4502 3221 4572 xiv);
3263 4520 3283 4555 ι
3318 4501 3414 4558 sed
3465 4515 3522 4557 et

1900 4609 2093 4651 omnes
2132 4595 2374 4650 fautores
2406 4593 2535 4662 ejus.
2569 4602 2796 4664 repente
2836 4601 2964 4648 sunt
2994 4608 3025 4649 e
3070 4592 3211 4649 cmlo
3257 4590 3516 4663 proiecti,

1901 4685 2297 4751 ita,nou.modo
2327 4685 2530 4751 Chore,
2559 4685 2655 4740 sed
2696 4693 2756 4740 et
2793 4684 3090 4754 complices
3120 4685 3259 4756 ejus,
3292 4685 3516 4740 ducenti

1897 4777 2148 4832 videlicet
2188 4777 2584 4848 quinquaginta
2632 4778 2737 4832 viri
2775 4777 3020 4833 caelestis
3059 4778 3204 4850 ignis
3250 4787 3381 4846 sunt
3430 4779 3516 4835 iu-

1896 4868 2088 4922 cendio
2128 4867 2396 4922 devorati.
2447 4867 2603 4923 Unde
2652 4869 2962 4924 cavendum
3014 4878 3136 4936 est,
3180 4885 3251 4925 ne
3301 4870 3517 4927 malitia

1895 4960 2237 5016 subditorum
2264 4958 2529 5014 redundet
2555 4959 2858 5030 iu'regem,
2891 4969 2946 5016 et
2976 4962 3022 5016 si
3056 4976 3164 5017 non
3194 4961 3518 5037 delinquen-

1897 5060 2045 5112 tem,
2093 5066 2200 5104 non
2253 5059 2436 5106 tamen
2495 5066 2594 5122 pro
2645 5052 2858 5108 viribus
2901 5055 3311 5124 prohibentem.
3373 5054 3513 5134 Nam

1895 5140 2230 5212 Gregoriana
2258 5143 2533 5197 sententia
2558 5151 2682 5198 est:
2715 5143 2870 5199 Facti
2909 5145 3129 5216 culpam
3164 5146 3350 5211 habet,
3393 5149 3511 5218 qui,

1895 5239 2038 5308 quod
2079 5247 2276 5308 potest,
2313 5239 2536 5312 negligit
2574 5239 2888 5295 emendare.
2921 5242 3240 5298 Cavendum
3280 5251 3386 5309 est,
3427 5244 3509 5299 in-

1893 5347 2078 5400 quam,
2111 5348 2144 5386 o
2176 5348 2294 5394 rex,
2323 5348 2391 5387 uc
2432 5335 2558 5387 dum
2589 5341 2642 5386 tu
2672 5333 2880 5404 pateris
2902 5333 3070 5390 dividi
3105 5336 3508 5402 sacerdotium,

1891 5421 2056 5494 244
2078 5432 2224 5476 tuum
2250 5439 2486 5494 quoque,
2512 5425 2655 5494 quod
2685 5425 2847 5488 absit,
2874 5426 3153 5482 dividatur
3179 5428 3505 5498 imperium.

1889 5510 2023 5565 Nam
2052 5514 2194 5566 sicut
2225 5530 2376 5568 sacra
2414 5525 2646 5570 testatur
2689 5516 2942 5581 biStoria,
2980 5533 3101 5572 mox
3138 5528 3197 5572 ut
3244 5517 3375 5573 Saul
3407 5534 3504 5589 ap-

1890 5603 2176 5672 prehendit
2222 5607 2589 5662 summitatem
2639 5608 2786 5676 pallii
2841 5608 3150 5673 Samuelis,
3196 5618 3250 5665 ct
3300 5611 3500 5679 scidit,

1888 5697 2136 5767 protinus
2182 5699 2256 5752 illi
2289 5698 2510 5755 Samuel
2541 5717 2554 5752 :
2589 5720 2604 5751 ι
2641 5700 2753 5765 Sic,
2790 5701 2989 5770 inquit,
3024 5703 3187 5757 scidit
3227 5702 3495 5760 Dominus

1889 5801 2114 5857 regnum
2144 5787 2308 5844 Israel
2340 5806 2367 5844 a
2401 5799 2450 5844 te
2483 5790 2645 5846 hodie
2666 5832 2679 5857 ,
2708 5800 2762 5846 et
2810 5793 3028 5847 tradidit
3064 5792 3191 5848 illud
3237 5794 3491 5863 proximo
