5428 6564
340 1022 501 1923 1

404 1576 407 1591 ι

390 1646 401 1673 ξ

380 1680 397 1695 ί

340 1914 421 1925 ...νγ

1754 475 1859 534 159
2294 477 2351 532 S.
2396 474 2594 530 PETRI
2634 468 2921 530 DAIIANI'
2947 470 3099 528 OPP.
3132 470 3317 527 PARS
3357 469 3487 528 SEU
3526 468 3760 527 TOIUS
3798 467 3837 523 Ι.
3876 498 3898 508 -

2846 468 2921 528 Ni
2947 470 3099 528 OPP.
3132 470 3317 527 PARS
3357 469 3487 528 SEU
3526 468 3760 527 τοιιυε
3798 467 3837 523 l.
3876 497 3943 510 —-
3972 467 4189 524 EPIST.
4230 466 4359 523 LIB.
4406 468 4534 523 \‘lll.
4890 468 4990 526 ιιι

1745 602 1840 645 tuo
1886 556 2096 654 metior;
2141 598 2196 643 te
2224 586 2482 662 (IV_ﬂag.
2526 586 2638 656 xv).
2677 607 2696 639 ι
2744 586 2913 642 Porro
2946 596 3143 642 autem
3182 586 3323 641 sicut
3350 600 3397 658 Α
3426 587 3564 640 cavi.
3595 582 3754 639 Utde
3785 593 3836 638 te
3864 598 4099 654 quoque.
4132 584 4271 638 sicut
4301 584 4368 640 de
4410 583 4535 647 illo.
4574 582 4773 639 celebri
4820 598 4991 654 quan-

1738 678 1967 749 pallium
2018 678 2148 733 illud
2193 676 2360 732 vestis
2406 687 2527 731 erat
2566 676 2870 741 Samuelis,
2921 678 3001 734 sic
3047 687 3103 733 et
3130 688 3320 734 sancta

3428 674 3605 743 doque
3638 687 3734 741 per
3761 673 4013 743 populum
4043 673 4327 730 devotione
4358 674 4574 730 dicatur
4604 690 4618 726 :
4644 673 4874 740 utinam.
4902 684 4991 733 α

1742 756 1981 823 Ecclesia
2028 766 2193 823 vestis
2235 775 2322 821 est
2374 766 2559 835 utique
2615 764 3011 838 Redemptoris.
3073 767 3172 824 Cui
3225 782 3322 837 per
3422 780 3529 820 non
3573 774 3911 828 nasceretur.
3958 774 4051 819 aut
4097 778 4203 820 non
4251 777 4586 827 moreretur;
4638 768 4784 832 imo,
4825 778 4887 823 ut
4927 770 4993 828 da

1746 857 2076 929 Prophetam
2121 858 2326 913 dicitur
2354 876 2365 910 :
2398 875 2417 908 ι
2445 854 2853 915 Οηιιΐαιδωαι
2874 869 2929 916 et
2954 860 3205 915 decore-
3232 861 3317 914 in-

1740 949 1906 1004 «luisti
1940 945 2115 1019 (Paul.
2163 949 2305 1018 an).
2340 966 2360 998 ι
2388 936 2793 1004 Confessionem
2828 951 3025 1020 quippe
3062 949 3320 1005 Dominus

1744 1037 1940 1101 induit,
1969 1053 2096 1094 cum
2143 1038 2248 1095 sibi
2278 1047 2591 1107 peccatores
2614 1038 2850 1094 aasociat
2894 1040 3206 1109 peniteodo
3231 1055 3319 1095 sa-

1742 1120 1927 1196 nat‘os;
1959 1129 2211 1196 decorem
2237 1142 2389 1193 vero.
2418 1143 2542 1185 cum
2570 1128 2790 1184 sibimet
2812 1129 3109 1185 clementer
3136 1130 3315 1201 agglu-

1742 1220 1883 1275 tinat
1921 1220 2240 1290 innocentes
2277 1221 2453 1275 nitore
2491 1219 2716 1291 justiti:
2759 1221 3069 1292 speciosus.
3087 1219 3315 1277 Pallium

1740 1308 1907 1379 igitur
1946 1304 2387 1367 Samuelis'Saul
2426 1310 2643 1380 abrupit
2682 1319 2740 1366 et
2782 1325 3006 1382 regnum
3047 1313 3311 1382 perdidit;

1741 1399 1946 1457 Christi
1970 1402 2237 1457 scinditur
2264 1400 2665 1464 vestimentum,
2689 1410 2745 1455 et
2777 1400 2901 1457 licet
2929 1417 3034 1456 non
3062 1403 3315 1459 scinden-

1742 1493 1829 1561 tis,
1857 1501 2035 1548 tamen
2078 1494 2326 1550 scindere
2368 1493 2761 1563 permittentis.
2794 1494 2959 1549 stabit
2996 1494 3313 1564 imperium?

1736 1582 2117 1639 lnconautilem
2141 1593 2346 1640 vestem
2369 1582 2497 1640 less
2527 1583 2682 1640 miles
2705 1585 2922 1656 gentilis
2946 1586 3142 1641 metuit
3167 1586 3311 1640 scin-

1735 1670 1887 1737 dere,
1919 1678 1975 1725 et
2002 1670 2298 1726 Christiani
2334 1686 2441 1735 non
2468 1682 2724 1726 voratur
2749 1671 3045 1728 Ecclesium
3091 1687 3187 1742 per
3222 1686 3309 1727 er-

1734 1774 1913 1814 rorem
1961 1761 2367 1817 schismaticum
2418 1764 2716 1834 separare?
2765 1762 2900 1819 Cum
2956 1779 3086 1836 ergo
3141 1766 3308 1819 vestis

1733 1850 1932 1925 Christi
1994 1862 2181 1909 sancta
2236 1852 2447 1909 dicatur
2513 1854 2790 1921 Ecclesia,
2846 1856 3038 1911 scissio
3104 1857 3301 1920 vestis.

3422 856 3593 912 sacris
3622 856 3832 927 paginis
3858 854 4213 911 adhibeamus
4243 856 4573 926 exemplum,
4609 856 4740 912 illud
4773 856 4995 929 inim-

3423 958 3509 1003 tur
3534 947 3587 1002 iu
3615 956 3665 1002 te
3693 946 3837 1018 quod
3872 946 4039 1001 David
4074 946 4176 1002 sibi
4208 944 4376 1003 Deum
4404 945 4569 1001 Israel
4606 945 4810 1003 dixisse
4846 961 4989 1003 com-

3420 1036 4090 1095 memoratuSicutlux
4139 1052 4366 1101 aurora.
4411 1038 4621 1094 oriente
4667 1038 4991 1103 aole,msne

3418 1128 3623 1200 absque
3674 1128 3905 1193 nubibus
3949 1126 4160 1192 rutilat.
4204 1138 4263 1183 et
4301 1128 4443 1183 sicut
4483 1126 4680 1197 pluviis
4730 1130 4993 1198 ιαωιιι

3418 1220 3697 1275 ιιοώιδο
3745 1230 3886 1274 terra
3920 1216 4016 1287 (ΙΙ
4051 1216 4182 1289 11η.
4214 1218 4423 1287 xxm):
4459 1217 4591 1273 isic
4630 1232 4756 1274 cum
4805 1218 4992 1274 eodem

3416 1311 3585 1365 David
3620 1326 3727 1367 non
3754 1311 4022 1365 immerito
4049 1309 4227 1365 valeas
4250 1309 4433 1379 etipse
4465 1316 4690 1363 cauare
4716 1307 4991 1365 :cCuucta

3413 1398 3559 1454 salus
3591 1414 3731 1463 mea,
3768 1408 3823 1453 et
3848 1398 4025 1453 omnis
4054 1398 4322 1461 volunt“.
4348 1412 4450 1453 nec
4482 1406 4567 1452 est
4595 1397 4892 1466 quitqua-
4924 1414 4993 1453 ex

3409 1502 3476 1543 eo
3499 1489 3643 1557 quod
3667 1503 3773 1543 non
3810 1488 4076 1557 germinet
4100 1486 4313 1558 (Μαι),
4346 1508 4365 1541 s

3486 1578 3722 1649 Utraque
3755 1590 4016 1650 prclerea
4046 1580 4284 1650 dignitas
4308 1620 4324 1644 ,
4353 1588 4411 1635 et
4447 1578 4645 1651 regalis
4672 1578 4917 1645 scilicet,
4941 1588 4997 1637 et

3410 1670 3781 1733 sacenlotalis,
3811 1670 3953 1723 sicut
3996 1669 4370 1739 principaliter
4412 1670 4466 1724 in
4516 1669 4738 1725 Christo
4781 1668 4997 1726 uili-et

3410 1761 3642 1815 invicem
3674 1761 3936 1830 singulari
3962 1761 4294 1816 sacramenti
4354 1761 4586 1816 veritate
4630 1762 4999 1825 connectit",

3409 1852 3489 1905 sic
3528 1853 3579 1905 in
3616 1851 3932 1907 Christiano
3961 1850 4156 1921 populo
4179 1860 4367 1905 mutuo
4384 1852 4619 1921 quodam
4653 1851 4757 1907 sibi
4792 1850 4997 1908 mm

1735 1942 2055 1999 divisionem
2084 1944 2324 1999 minatur
2361 1945 2522 2017 regi:
2552 1947 2857 2019 potestatis.
2886 1945 3021 2001 llinc
3053 1957 3138 2001 est
3170 1946 3308 2002 forte
3337 1939 3380 1998 Β
3408 1940 3706 2011 copulatur.
3738 1940 3979 2010 Utraque
4003 1939 4249 1995 videlicet
4283 1941 4509 1997 alterum
4542 1941 4773 2013 invicem
4796 1942 4998 1997 utilita-

1733 2035 1880 2106 quod
1908 2035 2091 2102 urbes,
2133 2038 2348 2107 oppida.
2378 2038 2491 2100 sive
2532 2039 2824 2109 provincia:
2858 2036 3019 2110 hujus
3053 2041 3201 2110 regni
3239 2040 3309 2095 ah

1732 2126 1936 2182 exteris
1960 2127 2201 2196 quotidie
2226 2128 2497 2184 cernimus
2520 2130 2831 2195 nationibus
2856 2130 3124 2200 usurpari.

1802 2210 2076 2269 Baltasar
2094 2229 2309 2285 nempe,
2337 2216 2465 2286 quia
2491 2231 2617 2271 vasa
2640 2215 2849 2272 Domini
2877 2216 3127 2272 imitanda
3153 2216 3307 2272 labiis

1732 2301 2022 2359 Gentilium
2073 2305 2315 2376 protulit,
2360 2320 2483 2361 mox
2529 2321 2595 2361 ex
2640 2321 2735 2363 ore
2781 2306 3016 2362 Danielis
3055 2307 3300 2362 audivit:

1738 2412 1759 2443 ι
1795 2394 2033 2451 Diviaum
2070 2405 2153 2452 est
2178 2411 2401 2468 regnmn
2438 2406 2610 2463 tuum,
2636 2408 2693 2453 et
2718 2400 2900 2453 datum
2938 2408 3021 2455 est
3053 2396 3221 2454 Indis
3252 2408 3309 2454 et

1734 2481 1916 2538 Persis
1941 2483 2105 2556 (Dan.
2140 2488 2218 2555 v).
2268 2505 2288 2537 ι
2327 2484 2442 2541 lieli
2478 2488 2769 2542 sacerdotii
2812 2488 3073 2558 dignitate
3121 2488 3301 2543 detru.

1734 2569 1899 2636 ditur,
1927 2571 2054 2627 dum
2082 2588 2189 2629 non
2218 2573 2447 2629 intentat
2473 2574 2599 2631 aliis
2618 2577 2861 2640 verbera,
2888 2578 2985 2632 sed
3008 2576 3299 2640 blanditur.

1734 2670 2006 2731 utcunque
2031 2671 2212 2718 tamen
2239 2664 2504 2733 corripuit
2531 2665 2670 2725 illos.
2710 2666 2804 2722 sed
2848 2666 3073 2721 lenitate
3112 2667 3301 2735 [tau-is.

1731 2764 1840 2803 non
1886 2752 2201 2807 austeritate
2240 2751 2591 2829 pontiﬁcis}!
2620 2751 2743 2824 Reg.
2772 2757 2868 2822 ιι),
2913 2764 3076 2823 atque
3102 2754 3304 2808 idcirco

1731 2838 2035 2895 oenicibus
2068 2838 2310 2896 eﬂ'ractis
2349 2841 2602 2896 occubuit
2642 2841 2701 2912 (1η
2725 2841 2849 2913 Reg.
2879 2843 2987 2907 Ivi,
3012 2844 3137 2913 quia
3183 2858 3303 2912 pec-

1727 2928 1976 2985 cantibus
2003 2929 2356 2987 inclementer
2382 2931 2623 2997 indulsit.
2662 2934 2861 2989 Achias
2888 2934 3149 3005 prima
3189 2936 3302 3003 pal-

1726 3016 1857 3071 lium
1903 3033 2059 3073 suum
2091 3019 2145 3073 in
2190 3020 2471 3076 duodecim
2518 3033 2702 3092 partes
2743 3024 2933 3087 addit,
2967 3033 3023 3079 et
3063 3025 3198 3087 dixit
3232 3026 3301 3080 sd

1725 3104 2016 3163 Jeroboam
2036 3124 2062 3169 _:
2095 3128 2120 3161 s
2146 3106 2296 3165 Tolle
2326 3109 2425 3166 tibi
2452 3110 2640 3167 decem
2668 3114 2956 3169 scissuras.
2984 3113 3110 3170 liae
3151 3115 3297 3171 eai-

1722 3198 1858 3254 dicit
1882 3197 2143 3256 Domitius
2177 3182 2320 3256 licus
2349 3198 2516 3257 Israel
2548 3219 2562 3255 :
2593 3201 2737 3257 Ecce
2780 3218 2883 3275 ego
2925 3204 3171 3260 scinthm
3217 3218 3299 3258 te-

1724 3291 1891 3357 gnutn
1912 3287 1979 3343 de
2000 3303 2162 3343 manu
2186 3287 2515 3357 Salomonis,
2543 3300 2599 3346 et
2620 3291 2760 3348 dabo
2785 3292 2881 3348 tibi
2908 3292 3095 3348 decem
3126 3290 3299 3348 tribus
3324 3279 3371 3341 (Σ

1726 3375 1857 3447 (111
1884 3375 2012 3449 Reg;
2052 3379 2163 3450 xl).
2211 3399 2232 3431 ι
2262 3380 2465 3436 Divisio
2492 3378 2629 3452 ergo
2673 3382 2843 3438 vestis
2885 3384 3176 3438 scissuram
3213 3397 3302 3438 re-

1733 3466 1877 3536 galia
1898 3466 2169 3538 signiﬁcat
2194 3468 2438 3525 ditionis.
2470 3469 2623 3537 Quod
2648 3471 2775 3541 quia
2817 3484 3157 3541 nequaquam
3196 3470 3303 3527 Do—

1730 3557 1912 3614 minus
1941 3559 1996 3615 in
2033 3559 2227 3616 diebus
2252 3559 2556 3617 Salomonis
2577 3560 2838 3632 implevit,
2866 3563 2961 3619 sed
2991 3563 3046 3617 in
3073 3568 3304 3633 posteris

1724 3645 1845 3716 eius
1884 3647 1999 3704 hac
2042 3650 2309 3705 sententia
2337 3649 2538 3718 viguit;
2569 3648 2638 3707 de
2666 3660 2722 3707 te
2765 3666 2982 3722 quoque
3026 3652 3175 3722 pium
3219 3663 3305 3707 est

1724 3726 1947 3794 credere
1973 3740 2117 3809 quod
2144 3740 2239 3795 tibi
2266 3740 2366 3811 qui
2386 3741 2647 3797 innocens
2673 3757 2757 3807 es,
2784 3756 3011 3815 regnum
3034 3744 3300 3814 integrum

1727 3828 2095 3909 permanebit;
2125 3835 2247 3899 post
2292 3838 2345 3885 te
2370 3844 2500 3886 vero
2528 3830 2894 3899 subiectorum
2936 3842 3147 3889 tuorum
3188 3848 3303 3888 me-

1728 3915 1867 3981 ritis,
1894 3917 1997 3973 nisi
2021 3916 2163 3974 forte
2185 3933 2246 3974 se
2268 3918 2562 3994 corrigam,
2587 3919 2942 3977 transferetur
2962 3931 3021 3976 et
3044 3922 3302 3977 concedet

1724 4007 1782 4063 in
1804 4014 2045 4063 exteros.
2075 4006 2233 4065 Sicut
2258 4008 2403 4063 enim
2432 4024 2530 4079 per
2559 4003 2833 4066 Daniélem
2860 4010 3060 4067 dicitur
3091 4027 3104 4061 :
3134 4026 3154 4061 ι
3192 4008 3300 4063 Do-

1727 4094 1966 4154 minatur
1988 4098 2247 4156 Excelsus
2291 4114 2454 4170 super
2481 4115 2704 4171 regnum
2747 4101 3025 4157 hominum
3043 4140 3059 4163 ,
3084 4092 3151 4156 et
3180 4100 3300 4155 cui-

1730 4186 1944 4256 cunque
1976 4186 2210 4244 voluerit
2231 4188 2323 4244 dat
2347 4187 2654 4259 iiiud(Dsn.
2681 4187 2951 4259 tv)i.Nam
2978 4197 3035 4243 et
3057 4189 3303 4260 Assyrio-

1723 4289 1847 4329 rum
1872 4282 2118 4346 regnum,
2139 4284 2197 4332 et
2222 4276 2663 4333 Lacedasmonum
2690 4280 3028 4349 aliorumque
3061 4282 3297 4350 gentium

1727 4378 1829 4435 per
1873 4364 2091 4422 deﬁnita
2141 4370 2447 4437 temporum
2496 4368 2674 4439 spatia
2722 4383 2783 4424 se
2828 4378 3153 4435 tenuerunt,
3202 4385 3302 4425 nec

1726 4457 1931 4514 diutius
1949 4459 2180 4529 pralixit
2206 4459 2579 4515 diuturnitatis
2601 4461 2909 4525 terminum,
2941 4462 3083 4515 sicut
3115 4474 3301 4517 eorum

3410 2031 3481 2086 tis
3510 2040 3595 2085 est
3631 2029 3836 2101 indiga,
3870 2030 3998 2083 dum
4038 2039 4098 2083 et
4148 2029 4513 2083 sacerdotium
4565 2028 4716 2099 regni
4769 2028 4996 2086 tullius

3408 2125 3730 2194 protegitur.
3774 2132 3827 2177 et
3852 2126 4077 2191 regnum
4104 2120 4462 2175 sacerdotalis
4493 2118 4657 2175 oﬂcii
4704 2120 5001 2177 sanctiuts

3409 2213 3644 2268 fulcitur.
3678 2211 3790 2265 ilex
3821 2212 3964 2265 enim
4015 2212 4365 2281 precingitur
4396 2209 4599 2281 gladio,
4649 2220 4709 2265 ut
4749 2212 4998 2268 hostibus

3406 2303 3656 2358 Ecclesia
3679 2304 3918 2356 munitus
3942 2312 4212 2356 occurrat.
4246 2300 4516 2356 Sacerdos
4553 2302 4865 2356 orationum
4904 2316 4995 2355 va-

3405 2394 3779 2455 catexcubiis.
3808 2403 3863 2445 ut
3893 2394 4004 2461 regi
4051 2408 4173 2446 cum
4215 2392 4415 2462 populo
4448 2391 4617 2447 Deunt
4671 2392 4997 2461 placubih

3406 2486 3615 2539 reddat.
3657 2482 3747 2537 Ille
3777 2484 3877 2537 sub
3913 2482 4067 2537 lance
4088 2483 4315 2551 iustitia:
4349 2484 4563 2555 negotia
4594 2483 4756 2538 debet
4777 2493 4997 2540 terrens

3403 2574 3687 2635 irimrre;
3715 2574 3816 2625 iste
3835 2570 4032 2626 ﬂuenta
4060 2572 4300 2627 cmlestis
4324 2572 4526 2643 eloquii
4558 2573 4721 2627 debet
4764 2572 5001 2629 uitiati.

3403 2664 3505 2717 bus
3526 2664 3829 2732 propinare.
3861 2662 3951 2716 llle
3973 2664 4299 2717 constitutus
4328 2672 4435 2725 est.
4490 2672 4549 2716 ut
4600 2670 4861 2718 nocentu
4908 2673 4999 2718 ut-

3403 2766 3509 2820 que
3536 2753 3789 2807 scelestos
3809 2752 4058 2821 legalium
4083 2752 4422 2807 sanctionum
4449 2767 4678 2807 censura
4706 2764 4993 2817 coerceat;

3405 2843 3506 2897 iste
3535 2842 3600 2896 ad
3636 2843 3738 2895 hoc
3778 2841 4059 2895 ordinatus
4107 2850 4213 2903 est.
4250 2852 4310 2895 ut
4337 2855 4438 2911 per
4468 2841 4649 2897 claves
4680 2840 4949 2897 Ecclesia
4978 2882 4999 2907 ,

3400 2949 3537 3002 quos
3562 2934 3789 3000 accepit.
3818 2931 3953 2984 alios
3988 2924 4400 2986 selo'canonlci
4444 2931 4648 3003 vigoris
4699 2931 4996 3003 astringat.

3400 3024 3535 3079 alios
3561 3038 3657 3093 per
3685 3022 4151 3078 mansuetudinem
4185 3023 4571 3079 ecclesiasticm
4620 3023 4844 3094 pietatis
4889 3023 4997 3080 ab-

3400 3116 3595 3171 solvat.
3628 3116 3732 3170 Sed
3756 3115 3881 3169 audi
3929 3104 4153 3169 Paulum
4180 3114 4250 3170 Ile
4278 3115 4494 3185 regibus
4524 3115 4912 3187 disputamus.
4938 3126 5002 3173 α

3402 3216 3605 3260 rectam
3639 3205 3833 3276 regalis
3874 3203 4035 3260 oﬂcli
4084 3205 4281 3260 linum
4327 3204 4620 3273 iacientem
4652 3224 4667 3261 :
4697 3223 4822 3263 nam
4873 3219 5005 3278 psus

3402 3294 3569 3349 multa
3593 3295 3671 3350 sic
3699 3294 3777 3349 ait
3806 3312 3819 3346 :
3858 3311 3877 3344 ι
3912 3291 4005 3349 Dei
4026 3293 4171 3348 enim
4196 3294 4443 3349 minister
4473 3304 4563 3351 est
4587 3296 4684 3351 tibi
4714 3297 4769 3350 iu
4808 3296 5001 3361 bono;

3400 3385 3446 3440 si
3473 3394 3651 3441 autem
3676 3385 3873 3440 malum
3897 3384 4111 3446 feceris.
4141 3384 4290 3440 time.
4318 3384 4437 3440 Non
4477 3386 4627 3441 enim
4656 3385 4778 3443 sine
4824 3402 5007 3446 es.

3400 3474 3633 3545 gladium
3681 3482 3881 3543 portat.
3913 3472 4007 3529 Del
4046 3475 4193 3528 enim
4220 3474 4472 3530 minister
4506 3485 4593 3531 est
4618 3516 4636 3540 ,
4684 3476 4887 3533 viudus
4936 3478 4999 3534 iu

3401 3564 3537 3619 iram
3561 3564 3611 3619 ei
3641 3565 3732 3633 qui
3756 3562 3953 3617 malum
3978 3564 4091 3633 agit
4120 3562 4292 3631 (Boni.
4324 3558 4467 3633 xm).
4508 3583 4530 3617 s
4578 3562 4639 3619 ει
4662 3579 4800 3636 ergo
4826 3575 4889 3621 tu
4926 3580 5005 3624 α

3400 3653 3649 3707 minister
3687 3650 3825 3712 Dei.
3872 3665 4179 3721 quarenon
4232 3649 5014 3710 delendum“?

3398 3742 3510 3798 Cur
3527 3743 3778 3804 armaris.
3801 3742 3847 3796 si
3870 3756 3974 3795 nou
3997 3739 4295 3811 pruliarls?
4312 3740 4424 3796 Cur
4448 3741 4776 3810 accingeris,
4796 3744 4845 3798 si
4860 3758 5005 3800 ο.-

3397 3834 3765 3905 gredientibus
3796 3846 3901 3887 non
3929 3831 4177 3886 resistis?
4201 3830 4335 3898 Quis
4362 3832 4463 3888 sub
4506 3832 4695 3889 αανο
4736 3834 5013 3889 ’θῆαι-

3400 3934 3487 3979 tur
3527 3922 3843 3978 umbraculo
3872 3935 4098 3976 securus
4146 3922 4347 3993 poterit
4374 3921 4655 3992 disputare
4697 3923 4766 3979 de
4815 3925 5015 3981 bsﬂu?

3400 4014 3571 4069 Porro
3589 4013 3858 4070 veraciter
3883 4013 4000 4067 sine
4016 4026 4181 4066 causa
4208 4012 4446 4082 gladium
4473 4021 4685 4081 portas,
4708 4015 4817 4070 nisi
4852 4020 5005 4073 reui-

3400 4103 3661 4169 stentium
3708 4103 3820 4157 Deo
3859 4101 3994 4158 colla
4026 4100 4380 4167 trsnsfndias,
4433 4117 4536 4159 nec
4574 4104 4774 4160 vindex
4830 4119 4899 4161 es
4944 4107 5007 4162 iu

3400 4196 3537 4250 iram
3559 4196 3608 4250 ei
3635 4195 3727 4263 qui
3758 4193 3956 4248 malum
3979 4194 4109 4264 agit,
4140 4194 4269 4247 dum
4318 4193 4372 4247 iu
4402 4193 4777 4250 adulterantes
4802 4194 5018 4254 Eccle-

3398 4286 3534 4338 siam
3565 4299 3671 4339 non
3698 4282 4003 4352 consurgis,
4033 4291 4090 4337 et
4118 4296 4241 4335 αιιιι
4268 4280 4595 4339 Simeoueet
4619 4282 4747 4338 Levi
4772 4284 5007 4340 violas-

3400 4374 3605 4429 sororia
3632 4372 3979 4443 opprobrium
4012 4387 4042 4425 a
4069 4373 4229 4425 domo
4258 4371 4423 4428 Israel
4446 4390 4554 4428 non
4586 4372 4803 4444 lupulis
4832 4374 5011 4443 (Cum.

3401 4466 3607 4533 xxxiv).
3648 4461 3901 4519 Vertatur
3926 4476 4058 4531 ergo
4080 4462 4240 4516 docta
4260 4472 4464 4516 manus
4503 4463 4570 4517 ad
4616 4463 4899 4531 capulum.
4948 4476 5015 4521 es

1723 4551 1996 4602 testamur
2034 4547 2262 4603 annales
2302 4549 2564 4605 excedere
2604 4558 2916 4619 potuerunt.
2965 4549 3101 4605 Huic
3136 4550 3300 4606 etiam
3403 4568 3525 4609 cum
3553 4550 3721 4607 David
3760 4550 3814 4604 in
3841 4549 4205 4604 Amalecbitas
4254 4550 4456 4620 impetu
4506 4549 4734 4619 fulguris
4770 4550 4927 4607 irrue
4950 4552 5013 4621 (ι

1723 4636 1912 4699 Italico
1960 4654 2126 4711 regno
2172 4639 2461 4710 aliquando
2506 4639 2769 4697 dominati
2815 4649 2944 4696 sunt
2983 4639 3178 4706 (it-mei,
3206 4641 3303 4696 ali-
3332 4621 3380 4683 υ
3406 4640 3534 4714 Reg.
3573 4641 3737 4707 xxx);
3778 4640 3991 4694 etsicut
4027 4638 4115 4693 ille
4141 4637 4477 4695 latrunculos
4500 4638 4713 4710 subegit
4738 4640 4823 4696 sic
4852 4650 4913 4697 es
4944 4653 5013 4697 tu

1724 4728 1941 4797 quando
1977 4727 2139 4795 Galli,
2166 4728 2484 4799 plerumque
2506 4729 2706 4786 Latini.
2730 4729 2811 4785 ‘l'u
2835 4746 3041 4801 quaso,
3068 4730 3301 4803 gloriose
3402 4729 3586 4787 hostes
3614 4728 3870 4785 Ecclesia
3896 4728 4108 4783 vibrato
4137 4728 4361 4797 iustitia
4398 4744 4659 4784 niucrone
4711 4728 5011 4803 mulge.

1728 4828 1850 4882 rex.
1878 4835 1910 4874 a
1931 4820 2112 4889 pravis
2135 4820 2479 4899 consiliariis,
2521 4830 2775 4891 tanquam
2816 4836 2848 4875 a
2880 4822 3159 4878 venenatis
3186 4837 3299 4877 ser-
3402 4818 3614 4875 Sentiat
3664 4817 3864 4874 sentiat
3886 4816 4210 4871 veterrimus
4236 4815 4325 4870 ille
4354 4816 4543 4879 dmco.
4592 4813 4869 4873 Cadalous
4922 4822 5015 4875 vi-

1730 4909 1971 4979 pentium
1999 4908 2170 4987 sibilis
2216 4926 2379 4966 aures
2420 4912 2635 4976 obtura,
2662 4911 2716 4966 in
2755 4911 2911 4967 virile
2936 4922 2990 4968 te
3015 4913 3180 4981 robur
3204 4926 3301 4981 per
3400 4908 3595 4965 delicet
3621 4906 3968 4977 perturbatur
3995 4905 4277 4969 Ecclesia.
4301 4918 4528 4960 eversor
4544 4905 4866 4975 apostolica:
4918 4910 5017 4963 di-

1726 4996 1974 5052 ardoreni
1999 4998 2223 5068 spiritus
2242 4998 2443 5061 excita,
2464 4997 2712 5068 collapsa
2732 4994 2892 5054 matri
2914 5009 3018 5055 tum
3045 4999 3300 5056 Romanas
3398 5000 3656 5071 κύρησε,
3689 5000 3937 5054 inimicos
3956 4997 4148 5052 salutis
4176 4997 4443 5063 humana,
4484 4999 4709 5062 sentiat,
4747 4999 5013 5069 inquam,

1727 5084 1983 5146 Ecclesia
2022 5102 2241 5142 manum
2281 5087 2528 5159 porrige.
2562 5096 2619 5143 et
2665 5097 2919 5157 tanquam
2947 5089 3301 5159 archangelus
3400 5091 3553 5146 radix
3573 5090 3804 5160 pecmti,
3834 5102 4010 5157 preco
4034 5087 4228 5143 diaboli
4259 5128 4276 5151 .
4315 5087 4594 5158 apostolus
4645 5090 5009 5153 Antichristi.

1729 5161 1973 5246 Iisphael
2000 5192 2031 5231 a
2070 5176 2207 5233 Sara
2237 5175 2349 5232 ﬁlia
2394 5175 2595 5247 Raguel
2623 5176 2967 5242 daemonium,
3006 5192 3035 5230 a
3073 5193 3183 5249 quo
3226 5180 3303 5233 vi-
3401 5194 3456 5241 et
3479 5185 3609 5256 quid
3650 5183 3804 5253 plura
3834 5182 4048 5237 dicam?
4071 5181 4268 5251 sagitta
4303 5182 4565 5251 producta
4612 5182 4681 5236 de
4726 5183 5009 5253 pharetra

1730 5256 1953 5331 duatur,
1982 5266 2187 5338 expelle
2215 5266 2370 5339 (Tali.
2395 5268 2535 5337 vin),
2560 5276 2620 5321 ut
2642 5268 2786 5323 sicut
2821 5266 3152 5324 Octavianus
3187 5268 3301 5324 Au-
3404 5274 3640 5338 Satanae,
3672 5272 3821 5339 virga
3847 5272 4037 5336 Assur,
4062 5271 4206 5326 illius
4228 5271 4416 5335 Belial.
4450 5273 4596 5328 Ilius
4642 5274 5008 5344 perditionis.

1732 5366 1924 5428 gustus
1966 5356 2021 5412 in
2050 5358 2154 5413 hoc
2191 5357 2456 5430 gloriatur
2477 5359 2653 5431 elogio
2679 5377 2691 5411 :
2724 5380 2743 5410 ι
2778 5358 2996 5425 Urbem,
3028 5361 3299 5431 inquiens.
3402 5366 3493 5434 qui
3520 5365 3835 5419 adversatur
3856 5371 3913 5415 et
3944 5360 4225 5417 extollitur
4248 5378 4411 5433 supra
4442 5377 4603 5418 omne
4652 5363 4801 5433 quod
4856 5366 5007 5421 dici—

1731 5444 2019 5501 lateritiam
2066 5449 2275 5517 reperi,
2324 5445 2570 5518 relinquo
2613 5453 2970 5506 marmoream
3015 5450 3200 5521 (Suet.
3247 5453 3305 5506 in
3407 5442 3493 5508 tur
3518 5453 3679 5517 Deus,
3709 5452 3961 5521 autquod
3984 5451 4183 5507 colitur
4203 5450 4288 5522 (11
4322 5451 4501 5508 nm.
4528 5456 4615 5521 ιι),
4668 5468 4881 5523 ωηεν
4940 5456 5007 5511 li-

1732 5534 2024 5608 Augusto);
2045 5554 2066 5590 ι
2098 5537 2180 5593 sic
2205 5545 2261 5593 et
2288 5546 2343 5593 tu
2372 5536 2544 5617 multo
2570 5536 2832 5612 gloriosus
2854 5539 3126 5609 multoque
3150 5532 3303 5596 nobi-
3404 5543 3620 5607 hidinis.
3653 5543 3990 5613 naufragium
4010 5544 4297 5611 castitatis,
4322 5542 4761 5601 Christianitatis
4783 5560 5005 5617 oppro-

1733 5626 1839 5682 tius
1881 5625 2061 5682 dicere
2094 5626 2274 5683 valeas
2306 5646 2319 5681 :
2349 5615 2648 5682 Romanam
2692 5628 2991 5684 Ecclesiam
3031 5628 3299 5697 iacentem
3404 5634 3599 5698 brium,
3642 5634 3930 5705 ignominis
3967 5635 4329 5701 sacerdotum,
4353 5638 4603 5706 genimen

1735 5718 1951 5789 quidem
1980 5734 2113 5790 puer
2155 5720 2355 5785 inveni,
2386 5720 2483 5775 scd
2515 5730 2816 5798 antequam
2845 5720 3000 5792 plene
3046 5722 3302 5792 pubesce-
3404 5723 3563 5777 ιωωτ
3591 5725 3759 5787 orbis,
3784 5724 4037 5792 spurcitia
4068 5724 4271 5789 seculi.
4293 5725 4530 5781 dedecus
4566 5726 4952 5784 universitati
4982 5744 5001 5781 :

1736 5820 1873 5873 rem,
1911 5805 2074 5880 ω
2101 5816 2319 5865 auctore
2348 5806 2480 5877 Deo,
2509 5808 2564 5864 in
2593 5818 2792 5866 statum
2829 5809 3117 5883 pristinum
3142 5825 3296 5868 revo-
3406 5822 3713 5870 attexantur
3742 5812 3917 5868 adhuc
3943 5813 4182 5884 epitheta
4202 5814 4446 5883 Cadaioi,
4483 5814 4764 5890 catalogus
4800 5818 5005 5875 viduli-
