5428 6560
187 497 190 501 λ
291 422 391 485 tu

1398 413 1604 472 LIBER
1644 408 2019 478 SEPTIMUS,
2048 408 2266 466 EPIST.
2294 407 2386 466 iV.
3492 401 3605 460 ιιι

286 549 375 599 set
393 539 629 596 nominis
665 534 936 594 tenebrosi
965 489 1192 605 serpens
1219 529 1482 594 lubricus,
1519 525 1743 586 coluber
1772 535 1880 583 tor-
1905 528 1959 592 Δ
1989 534 2124 580 tum.
2156 523 2288 590 Sed,
2311 538 2351 580 o
2375 522 2584 578 utinam
2602 527 2861 593 ego,ante
2889 518 3131 576 tribunal
3188 519 3338 575 tuum
3383 515 3603 588 adiudi-

288 643 499 699 tuosus,
521 636 730 688 stercus
748 627 1054 690 hominum,
1075 625 1272 679 latrina
1294 621 1613 685 criminum,
1662 618 1881 674 sentina
1987 631 2082 673 cer
2109 630 2235 670 reus
2265 609 2672 683 perduellionis,
2695 611 2825 668 dum
2859 621 2918 668 tu
2943 621 3129 667 tamen
3162 611 3217 668 in
3249 610 3602 670 adversarios

286 727 565 788 vitiorum,
593 719 929 777 abominatio
950 717 1099 781 ccli,
1127 713 1295 788 m
1320 711 1589 784 proiectio
1617 709 1882 781 paradisi,
1919 732 1923 736 -

286 814 542 886 pabulum
573 809 795 878 tartari,
825 807 1023 879 stipula
1074 806 1214 878 ignis
1263 804 1477 867 interni,
1533 801 1736 857 sentiat
1779 800 1885 855 iste

283 915 491 962 motum
520 902 683 972 regite
709 898 1032 968 maiestatis,
1074 887 1157 952 et°
1184 904 1465 976 terrenum
1495 899 1705 976 metuat
1733 892 1884 963 prin-

282 995 482 1066 cipem,
505 993 597 1063 qui
620 992 883 1046 audacter
907 996 1168 1058 provocat
1193 987 1248 1043 in
1291 974 1433 1043 bella
1469 974 1783 1048 cmicatem;
1825 991 1885 1038 et

281 1084 409 1155 quia
435 1084 566 1139 dicit
596 1082 856 1152 insipiens
899 1081 954 1134 in
1003 1079 1172 1136 corde
1221 1091 1359 1135 suo:
1396 1096 1416 1130 ι
1447 1076 1564 1133 Non
1607 1085 1693 1132 est
1739 1073 1883 1131 Deus

281 1173 455 1246 (Paul.
481 1173 636 1243 aut);
679 1191 699 1225 ι
731 1172 1262 1243 experiaturinesse
1289 1171 1440 1242 regio
1470 1169 1676 1242 pectori
1723 1167 1882 1231 Chri-

280 1268 473 1322 stianae
502 1266 624 1321 ﬁdei
653 1265 931 1335 pietatem,
965 1279 1066 1335 pro
1085 1263 1287 1328 divina:
1309 1259 1520 1319 militia:
1548 1261 1749 1319 castris
1770 1274 1879 1316 non

278 1355 555 1412 enerviter
597 1352 1000 1424 conﬁigentem.
1057 1351 1302 1422 Regnum
1363 1366 1495 1422 ergo
1527 1359 1676 1408 tuum
1725 1365 1880 1407 arma

278 1445 582 1515 corripiat,
632 1452 692 1498 ut
733 1458 857 1498 cum
901 1439 1299 1497 Melchisedech
1347 1450 1454 1497 stet
1509 1441 1878 1496 sacerdotium

280 1532 439 1607 (Ceu.
486 1533 636 1605 xw);
683 1530 1057 1588 sacerdotium
1101 1540 1222 1589 oret
1253 1549 1287 1600 ,'
1318 1541 1381 1587 ut
1449 1531 1656 1587 avitum
1708 1531 1877 1586 David

277 1627 550 1688 exaltetur
579 1626 890 1697 imperium.
920 1624 1056 1680 Nam
1079 1625 1151 1680 ad
1180 1626 1288 1681 hoc
1311 1623 1421 1695 pro
1449 1632 1501 1680 te
1554 1623 1878 1679 universalis

276 1728 398 1774 orat
419 1719 684 1785 Ecclesia,
717 1729 777 1774 ut
802 1728 858 1774 et
882 1719 1036 1776 labor
1068 1729 1192 1778 tuus
1225 1719 1276 1776 ei
1305 1719 1549 1790 quietem
1581 1720 1780 1798 pariat,
1821 1727 1881 1777 et

273 1810 614 1867 orationibus
651 1811 799 1868 illius
817 1811 990 1881 gloria
1038 1812 1133 1868 tibi
1181 1811 1528 1883 triumphalis
1572 1822 1872 1878 accrescat,

274 1902 414 1958 sicut
436 1912 493 1958 et
513 1883 727 1974 Moyses
748 1880 944 1960 orabat
974 1919 1149 1976 eoque
1177 1880 1576 1972 simul'orante,
1598 1905 1872 1973 vincebat;
1906 1880 1954 1941 Β

273 1992 319 2045 si
351 2006 481 2046 vero
508 1991 814 2047 remitteret
857 2008 1050 2057 manus
1083 1993 1321 2066 Moyses,
1365 1993 1666 2062 superabat
1708 1995 1880 2064 ιιι-θαι-

272 2094 376 2135 nus
393 2079 877 2152 Amaleclt;(Ea:od.
903 2081 1061 2152 xvu).
1119 2082 1262 2138 Hinc
1303 2091 1360 2137 et
1403 2082 1698 2156 Apostolus
1750 2083 1876 2140 ait:

280 2189 299 2222 ι
330 2169 570 2228 Obsecro
592 2173 829 2243 primum
879 2173 1125 2229 omnium
1148 2172 1266 2229 ﬁeri
1293 2173 1726 2239 obsecrationes,
1774 2189 1877 2246 po-

270 2261 606 2326 stulationes,
639 2263 938 2335 gratiarum
967 2265 1211 2320 actiones
1235 2280 1334 2335 pro
1353 2264 1609 2320 omnibus
1637 2265 1874 2320 homini-

270 2354 393 2420 bus,
421 2369 524 2425 pro
566 2356 809 2424 regibus,
868 2367 927 2411 et
967 2358 1240 2423 omnibus,
1308 2358 1401 2429 qui
1433 2359 1486 2412 in
1545 2357 1878 2415 sublimitate

270 2453 396 2500 sunt
419 2444 696 2500 constituti
729 2443 777 2516 (l
803 2442 941 2498 Tim
969 2445 1056 2516 tt).
1095 2466 1113 2499 ι
1144 2445 1327 2514 Quare
1375 2448 1514 2503 hoc?
1541 2447 1682 2503 Audi
1729 2448 1876 2521 quod

268 2533 552 2603 sequitur:
591 2552 611 2586 ι
668 2534 999 2605 thuietam
1027 2544 1084 2591 et
1119 2537 1469 2607 tranquillam
1523 2533 1691 2593 vitam
1748 2555 1878 2610 aga-

270 2625 467 2681 musiu
506 2626 651 2680 omni
681 2625 885 2697 pietate
935 2636 992 2682 et
1029 2629 1284 2683 castitate
1340 2629 1524 2700 (Ibid.
1551 2629 1592 2701 ).
1624 2615 1668 2682 ι’
1704 2630 1877 2688 Porro

268 2717 394 2788 quia
429 2717 725 2788 splendida:
751 2720 1029 2775 memoria:
1058 2729 1216 2790 pater
1240 2721 1361 2792 ejus
1413 2723 1736 2793 magniﬁcus
1771 2723 1896 2778 imw

267 2817 488 2879 perator
513 2807 825 2866 sublimiter
868 2809 1132 2865 esaltavit
1180 2810 1507 2874 Ecclesiam,
1562 2819 1619 2864 tu
1653 2825 1874 2883 quoque

265 2899 408 2956 sicut
442 2897 560 2970 eius
585 2899 758 2955 hieres
793 2899 1029 2970 imperii,
1053 2901 1135 2955 sic
1166 2900 1336 2955 etiam
1389 2901 1445 2956 iu
1484 2900 1873 2956 ecclesiastica:

265 2991 532 3070 cautionis
555 2989 681 3060 jura
719 2986 976 3046 succe’de.
1005 2990 1177 3060 igitur
1201 2992 1253 3046 in
1275 2990 1639 3047 ecclesiastici
1692 3000 1872 3049 status

267 3082 642 3140 incolumitate
689 3082 957 3138 servanda
1007 3081 1314 3138 clarissima
1364 3082 1581 3138 soboles
1623 3083 1871 3152 paternis

1985 705 2302 778 apostolica
2327 705 2475 761 sedis
2491 703 2739 765 vindices
2763 702 2969 758 arbiter
2987 701 3284 773 aquilatis.
3314 700 3389 774 In.
3422 700 3605 758 cervi-

1984 798 2066 854 cis
2097 812 2231 853 mea:
2253 794 2506 867 jugulum
2535 794 2753 851 securis
2772 794 2986 850 vibrata
3024 792 3306 859 des-revixit,
3360 801 3603 850 tantum-

1985 891 2146 947 modo
2175 889 2425 944 llomana
2455 886 2703 944 Ecclesia
2760 885 2997 957 propria:
3049 884 3340 956 dignitatis
3386 885 3598 956 apicem

1984 994 2083 1051 per
2110 987 2163 1034 te
2189 980 2442 1048 reparata
2465 975 2826 1032 conscendat.
2856 973 3030 1029 Porro
3057 973 3102 1029 si
3134 971 3436 1030 Cadaloum
3485 974 3598 1031 cito

1984 1070 2132 1126 velut
2155 1069 2295 1125 alter
2318 1055 2712 1125 Cotistantinus
2740 1066 2934 1123 Arium
2983 1066 3149 1146 247
3209 1065 3450 1124 destrnis
3481 1107 3497 1132 ,
3540 1076 3600 1125 et

1983 1161 2262 1226 Ecclesiae,
2288 1175 2388 1232 pro
2406 1176 2516 1232 qua
2544 1158 2803 1217 Christus
2829 1167 3080 1214 mortuus
3094 1167 3181 1214 cst
3205 1173 3400 1229 pacem
3423 1157 3598 1215 refor-

1980 1267 2136 1312 mare
2161 1253 2481 1321 contendis;
2507 1252 2679 1309 l‘aciat
2702 1261 2756 1308 te
2777 1251 2922 1309 Deus
2955 1251 3009 1306 in
3038 1250 3296 1322 proximo
3332 1249 3402 1306 de
3427 1265 3608 1322 regno

1980 1345 2266 1416 imperiale
2301 1344 2576 1416 fastigium
2603 1343 2892 1410 scandere,
2929 1351 2984 1398 et
3014 1357 3046 1396 a
3074 1341 3292 1397 cunctis
3345 1340 3604 1400 hostibus

1980 1439 2090 1494 tuis
2138 1438 2369 1510 insignis
2422 1437 2611 1509 gloria:
2653 1436 2843 1492 titulos
2896 1445 3218 1506 reportare;
3273 1433 3517 1506 alioquin
3547 1432 3599 1492 sl

1981 1526 2158 1586 adhuc
2184 1529 2518 1594 dissimulas,
2554 1529 2601 1585 si
2658 1529 2846 1584 mundi
2894 1526 3265 1600 periclitantis
3319 1539 3595 1594 errorem,

1979 1635 2104 1675 cum
2137 1619 2317 1691 possis
2373 1619 2614 1684 abolere,
2641 1619 2940 1683 detrectas,
2967 1628 3025 1674 et
3074 1616 3307 1688 reliqua.
3353 1616 3599 1675 Cobibeo

1978 1708 2254 1778 spiritum,
2277 1717 2330 1765 et
2356 1710 2767 1781 consequentia:
2799 1708 3053 1778 relinquo
3080 1706 3381 1765 lectoribus
3434 1707 3598 1765 intel-

1979 1799 2202 1858 lectum.
2839 1855 2844 1861 .

2548 1870 2887 1940 EPISTOLA
2927 1870 3016 1926 tv.

1981 1977 2258 2029 uulsaan
2309 1978 2711 2020 AlClllEPlSCOPl
2737 2004 2754 2030 ,
2811 1979 3080 2020 nomnen
3133 1951 3461 2020 insanum
3519 1975 3595 2020 ιτ

2051 2047 2396 2090 αιτειιοιιωι
2436 2048 2804 2091 αλιυικιιιυι
2839 2049 3208 2091 ινιεευνοιυιι
3248 2050 3319 2089 ΔΙ)
3341 2045 3598 2090 Αειςιπι

2051 2119 2484 2168 IIIPIIATBICII,
2511 2120 2730 2160 “REICI
2765 2121 2807 2160 ιι
2843 2121 2957 2160 IIP.
2994 2116 3234 2161 οιοιιιι.
3263 2134 3265 2138 ·

1978 2187 2727 2280 ΑῃαυηιιευτριιττΡειξςηι
2765 2195 3088 2280 imperatris
3115 2196 3299 2280 Agnes
3349 2210 3452 2280 per
3505 2195 3598 2254 lit-

2051 2272 2219 2338 teras,
2245 2275 2304 2320 ut
2329 2266 2551 2338 pallium
2585 2265 3367 2338 Moguntinouarchiepiscopo'
3388 2278 3597 2338 recou-

2051 2347 2138 2394 ter
2157 2335 2698 2404 electo'mittereturI
2721 2336 3059 2392 Rescribunt
3103 2335 3363 2392 doctores
3387 2335 3598 2394 beatis-

2047 2408 2172 2463 simi
2207 2406 2490 2463 asecretis
2515 2407 2757 2477 episcopi
2807 2405 3135 2477 cardinales,
3197 2407 3254 2462 id
3309 2405 3432 2462 ﬁeri
3481 2423 3595 2464 nou

2047 2476 2696 2562 possedﬁousolereenim
2709 2477 2884 2560 Roma
2891 2476 3322 2562 namEcclesiam
3335 2477 3460 2562 cuiq
3466 2493 3598 2562 nam

2046 2547 2276 2622 antistiti
2310 2547 2550 2622 absenti,
2581 2547 2694 2622 nisi;
2713 2548 2806 2622 qui
2842 2547 3041 2622 priusa
3065 2561 3282 2602 summo
3303 2547 3592 2622 pontiﬁce,

2047 2629 2143 2672 aut
2171 2617 2287 2684 ejus
2308 2617 2496 2688 legato,
2513 2616 3129 2688 examinatusidoueus
3152 2626 3317 2672 tanta:
3337 2617 3598 2688 dignitati

2049 2688 2304 2760 iuventus
2329 2685 2518 2760 luerit,
2544 2687 2770 2760 pallium
2799 2687 3062 2760 tribuere.
3095 2685 3599 2760 Oportcre_'igitur

2047 2759 2319 2840 eumdem
2367 2756 2759 2840 M‘oguutinunn
2804 2756 3285 2840 archiepiscopum
3355 2756 3597 2840 Romam

2046 2827 2344 2898 proﬁcisci,
2370 2825 2528 2898 utibi
2569 2828 2906 2898 approbatus
2929 2825 3406 2898 etIvoti'compos
3461 2825 3597 2886 eh-

2045 2897 2191 2962 ctns,
2221 2898 2274 2952 in
2302 2897 2537 2964 patriam
2568 2897 2898 2952 revertatur.

2044 2989 2422 3046 Sereuissimae
2451 2989 2785 3058 imperatrici
2833 2991 3069 3054 AGNB'I'I,
3120 2989 3597 3055 “numerosan-

1971 3080 2375 3151 chiepiscopus,
2402 3087 2459 3134 et
2486 3078 2813 3136 Bomucws
2843 3080 3175 3136 Albaueusis
3200 3095 3325 3135 cum
3372 3081 3593 3138 ceteris

264 3173 590 3246 respondeat
619 3172 914 3238 institutis;
940 3181 1000 3229 et
1026 3173 1100 3228 ab
1133 3173 1334 3228 arbore
1381 3187 1478 3227 sua
1525 3187 1634 3228 non
1675 3173 1870 3244 deger—
1904 3239 1937 3246 _
1971 3169 2342 3226 cardiuaIibus
2379 3169 2672 3240 episcopis,
2703 3157 3163 3227 concordissimte
3191 3168 3474 3228 ﬁdelitatis
3493 3171 3594 3228 ob-

265 3239 434 3322 minet
459 3279 644 3321 ramus
674 3265 727 3319 in
753 3265 956 3329 fructu,
985 3280 1151 3336 quam
1179 3281 1279 3335 per
1312 3265 1597 3330 traducem
1645 3239 1865 3321 virtutis
1894 3239 1940 3300 C
1971 3259 2242 3329 sequium.

263 3366 320 3414 et
345 3357 536 3429 gratia:
561 3357 728 3413 decus
748 3365 1000 3412 exornat.
1038 3355 1147 3413 Sed
1181 3357 1321 3412 sicut
1349 3357 1480 3412 olim
1535 3373 1633 3428 per
1688 3356 1861 3423 illum,

265 3461 372 3502 non
409 3445 608 3501 amodo
629 3458 729 3516 per
753 3455 886 3520 teet
912 3445 1153 3516 collapsa
1209 3455 1464 3516 resurgat
1509 3445 1771 3511 Ecclesia,
1810 3456 1870 3503 et

261 3535 631 3594 ecclesiastica
660 3551 782 3606 quas
815 3534 1040 3592 confusa
1069 3545 1155 3591 est
1179 3535 1435 3592 reﬂoreat
1471 3535 1782 3606 disciplina.

333 3627 536 3684 Durius
564 3627 708 3684 forte
760 3626 976 3683 loeutus
1033 3642 1152 3684 sum
1205 3628 1344 3698 regi,
1397 3628 1700 3699 praesertim
1740 3641 1866 3683 cum

264 3718 518 3776 Salomon
550 3719 695 3775 dicat
727 3736 741 3773 :
771 3736 791 3771 ι
815 3719 870 3774 lu
894 3718 1229 3790 cogitatione
1250 3728 1340 3773 tua
1363 3717 1478 3790 regi
1497 3733 1568 3773 ne
1587 3719 1864 3781 detrahas,

262 3810 400 3866 etin
435 3818 648 3866 secreto
667 3809 864 3866 cubilis
895 3811 993 3875 tui,
1019 3825 1090 3866 ne
1113 3809 1464 3865 maledixeris
1505 3809 1682 3871 diviti,
1734 3809 1865 3879 quia

265 3901 380 3956 avis
404 3899 535 3976 cali
554 3900 793 3972 portabit
821 3915 1008 3956 vocem
1037 3911 1208 3968 tuam,
1240 3909 1296 3957 et
1325 3902 1417 3971 qui
1447 3901 1609 3956 habet
1653 3916 1866 3971 pennas

264 3991 611 4049 annuutiabit
640 3993 966 4048 sententiam
994 3991 1196 4062 (Eccle.
1222 3990 1299 4063 κ).
1356 4011 1375 4043 ι
1423 3991 1490 4045 Et
1525 4005 1738 4056 revera,
1769 3991 1863 4062 qui

264 4083 542 4156 peculatus
555 4083 763 4139 crimen
793 4081 1042 4146 incurrit,
1058 4079 1442 4153 i'udiacoposin
1463 4078 1862 4151 cogituriui‘ar-

266 4175 382 4232 circ
401 4174 545 4245 quod
575 4172 718 4238 tul-it,
746 4173 840 4228 sed
875 4172 1004 4228 tunc
1032 4171 1388 4228 deferendum
1437 4180 1540 4228 est
1574 4171 1709 4241 rcgi,
1738 4185 1862 4226 cum

265 4278 361 4320 rex
385 4264 726 4332 obtemperat
750 4260 1066 4328 Couditori;
1099 4261 1341 4332 alioquin
1375 4277 1500 4317 cum
1525 4275 1620 4315 rex
1663 4262 1862 4317 divinis

267 4354 491 4413 resultat
517 4355 782 4426 imperiis,
827 4355 942 4426 ipse
989 4369 1207 4426 quoque
1256 4354 1383 4426 jure
1430 4354 1800 4413 contenmitur
1829 4370 1862 4410 ιι

263 4446 540 4515 subiectis.
583 4447 642 4503 Si
677 4448 801 4518 quis
823 4448 970 4503 enim
1002 4450 1278 4520 proprius,
1332 4461 1438 4503 non
1473 4447 1565 4502 Dei
1605 4463 1698 4504 rex
1737 4462 1862 4504 esse

2040 3351 2089 3408 Δ
2111 3352 2273 3424 longo
2292 3350 2406 3421 jam
2440 3358 2690 3422 tempore
2739 3367 2968 3424 prorsus
3001 3351 3278 3424 imperiali
3316 3354 3594 3426 majestati

1971 3439 2211 3501 Ecclesia
2250 3443 2499 3499 Romana
2528 3444 2655 3514 plus
2689 3459 2799 3501 nou
2820 3445 3013 3502 debuit
3048 3461 3215 3515 quam
3241 3455 3447 3504 vestra
3468 3447 3594 3520 git),-

1971 3533 2085 3600 τίω,
2111 3547 2182 3588 ex
2209 3532 2368 3602 cuius
2390 3532 2645 3589 videlicet
2671 3542 2877 3589 sancta
2890 3534 3203 3615 devotionis
3215 3537 3600 3615 studiotuulta‘

1968 3628 2234 3686 beneﬁcia
2271 3637 2328 3683 et
2354 3643 2553 3699 magna
2583 3629 2844 3701 suscepit.
2892 3629 2973 3685 Ita
3028 3613 3312 3696 nimirum,
3359 3613 3423 3687 ut
3463 3630 3595 3703 jure

1969 3718 2172 3775 dicaris
2201 3718 2262 3773 Β.
2295 3716 2446 3773 Petri
2467 3719 2846 3788 apostolorum
2884 3719 3158 3790 principis
3192 3720 3328 3785 ﬁlia,
3377 3730 3437 3778 et
3491 3721 3591 3781 Del

1967 3809 2360 3888 omnipotentis
2391 3809 2775 3877 in‘commisso
2803 3809 2899 3866 tibi
2951 3808 3222 3881 regimine
3245 3839 3251 3844 ι
3273 3808 3452 3868 ﬁdelis
3490 3799 3594 3868 a'n-

1966 3901 2116 3957 cilla.
2140 3900 2198 3957 Si
2218 3902 2348 3971 quid
2366 3901 2926 3974 ergomaguiﬁcentia
2951 3911 3132 3958 vestra
3161 3895 3468 3976 Romanam
3489 3916 3594 3974 pe-

1970 3995 2042 4050 tit
2063 3995 2384 4061 Ecclesiam,
2436 3995 2586 4066 quod
2634 3996 2919 4053 canonicis
2945 3995 3153 4052 'obviet
3201 3993 3432 4065 regulis,
3477 4009 3592 4051 non

1967 4085 2212 4150 malitiae,
2241 4086 2389 4157 quod
2416 4087 2580 4152 absit,
2613 4083 2978 4153 ascribimus;
3011 4087 3108 4142 sed
3166 4085 3592 4142 consiliatorum

1966 4187 2276 4234 vestrorum
2338 4178 2520 4249 potius
2573 4177 2899 4248 ignorantia:
2952 4177 3302 4248 deputamus.
3360 4174 3591 4232 Petistis

1963 4268 2109 4324 enim
2132 4273 2192 4323 ut
2221 4268 2448 4324 domino
2477 4267 2797 4340 Moguntina
2827 4268 3048 4340 pallium
3073 4267 3407 4334 mitteretur,
3437 4267 3590 4339 quod

1963 4357 2151 4427 procul
2177 4355 2346 4413 duLio
2375 4365 2699 4413 sanctorum
2736 4357 2964 4413 Patrum
3019 4357 3397 4413 sanctionibus
3455 4370 3589 4428 pro,-

1963 4447 2126 4502 batur
2158 4447 2472 4509 adversum.
2495 4446 2600 4517 Ipsi
2630 4448 2900 4518 siquidem
2931 4447 3220 4518 pontiﬁces
3245 4462 3311 4502 ex
3339 4446 3586 4518 antiquo

263 4537 625 4603 convincitur,
649 4539 742 4608 qui
771 4538 825 4592 iu
856 4538 944 4593 die
987 4553 1180 4608 pugna:
1218 4553 1324 4593 non
1370 4545 1481 4606 stat
1527 4553 1626 4609 pro
1663 4539 1860 4596 castris
1893 4535 2278 4610 ntraditionis
2301 4550 2426 4604 usu,
2458 4536 2527 4590 ad
2571 4536 2945 4607 apostolorum
2976 4538 3178 4607 debent
3219 4535 3410 4592 limina
3453 4541 3608 4610 pro?

263 4630 541 4698 Ecclesiae,
575 4639 632 4686 et
652 4631 733 4686 sic
755 4632 991 4702 propriis
1023 4631 1370 4697 utilitatibus,
1403 4632 1710 4702 specialiter
1743 4637 1860 4690 me-

265 4723 388 4787 tuit,
411 4731 471 4776 ut
499 4722 669 4777 ruinae
693 4722 1059 4791 periclitantis
1095 4724 1356 4781 Ecclesia:
1387 4739 1494 4780 nou
1550 4735 1859 4782 succurrat.

265 4809 370 4866 Sed
391 4819 448 4865 et
466 4826 589 4867 cum
617 4827 716 4883 per
735 4812 930 4867 Isaiam
963 4812 1228 4869 Dominus
1251 4815 1434 4869 dicat:
1486 4831 1505 4865 ι
1555 4814 1765 4882 Venite,
1812 4825 1866 4872 te

262 4901 468 4972 arguite
495 4918 580 4958 me
607 4903 743 4976 (Ira.
778 4903 854 4974 1);
889 4923 908 4956 ι
935 4919 1032 4960 cur
1055 4905 1222 4962 homo
1248 4907 1317 4959 ab
1343 4904 1564 4960 homine
1594 4905 1864 4975 despiciat

263 4993 416 5065 argui
447 5009 608 5064 quem
643 5004 862 5051 constat
915 4998 1106 5052 eadem
1155 4996 1502 5052 mortalitatis
1561 4997 1679 5067 lege
1735 5013 1865 5053 cun-

263 5083 496 5156 stringi?
524 5084 592 5140 Et
622 5099 744 5140 cum
774 5085 890 5156 lege
937 5070 1139 5141 forensi
1170 5097 1388 5142 cautum
1420 5088 1511 5154 sit,
1555 5071 1616 5142 ut
1664 5088 1780 5157 qui'
1809 5088 1864 5143 iu

263 5181 633 5244 peremptores
655 5185 940 5243 parentum
973 5191 1079 5231 non
1111 5176 1416 5241 ulciscitur,
1460 5177 1513 5232 in
1555 5175 1646 5245 jus
1694 5178 1870 5232 luere-

263 5261 474 5320 ditaria
496 5265 858 5321 successionis
888 5265 1204 5324 nullatenus
1235 5268 1578 5334 admittatur,
1603 5270 1732 5340 ‘ego,
1772 5269 1862 5338 qni

267 5355 320 5410 in
347 5357 672 5413 homicidam
713 5360 906 5414 matris
939 5374 1095 5424 meae,
1120 5361 1382 5417 Romamn
1421 5361 1634 5418 scilicet
1677 5353 1866 5417 Eccle-

265 5444 358 5502 site
393 5446 578 5507 ulcisci
602 5462 832 5518 ueqneo,
865 5449 1070 5505 ultores
1095 5451 1287 5507 saltem
1313 5451 1592 5520 impellere
1619 5466 1724 5507 non
1751 5462 1865 5525 teu-

267 5539 428 5596 tabo?
465 5539 668 5612 Deputa
694 5555 824 5614 ergo
849 5559 957 5608 me,
984 5559 1017 5597 ο
1049 5559 1163 5610 rex,
1199 5545 1437 5602 ﬁdeliter
1463 5546 1859 5611 consulentem,

266 5646 372 5688 non
399 5635 702 5703 procaciter
723 5637 1141 5707 obloquentem;
1175 5639 1257 5694 vel
1287 5641 1331 5695 si
1373 5640 1569 5712 placet,
1592 5642 1863 5698 aestimato

264 5738 351 5780 me
370 5739 482 5796 pra:
503 5726 688 5784 dolore
715 5741 1009 5800 perempta:
1037 5731 1227 5786 matris
1274 5732 1547 5797 insanum,
1598 5748 1704 5788 non
1760 5733 1861 5787 ad-

264 5831 455 5876 versus
483 5818 860 5877 excellentiam
885 5820 1048 5894 regia:
1095 5821 1398 5894 maiestatis
1426 5822 1728 5881 insolenter
1752 5825 1862 5886 cla-2

1891 4583 1940 4641 D

1965 4645 2177 4701 perare,
2207 4630 2410 4695 ethoc,
2442 4631 2692 4701 sinequo
2717 4627 3129 4701 metropolitani
3160 4644 3288 4687 esse
3318 4645 3432 4686 non
3459 4643 3588 4701 pos-

1965 4730 2115 4785 sunt,
2139 4720 2355 4791 signum
2381 4720 2976 4776 consummanda-sua
2997 4719 3284 4791 dignitatis
3308 4721 3582 4790 accipere.

1967 4811 2125 4879 Quod
2157 4811 2202 4866 si
2233 4811 2362 4865 huic
2388 4810 2683 4866 asserttoui
2713 4809 2971 4865 fortassis
3023 4801 3303 4878 objicitu‘r,
3328 4824 3358 4863 a
3384 4807 3589 4864 Roma-

1966 4901 2058 4956 nis
2081 4899 2430 4973 pontiﬁcibus
2457 4898 2683 4971 pallium
2733 4897 2803 4954 ad
2846 4886 3084 4970 plurima
3131 4898 3249 4954 loca
3302 4913 3448 4968 stupe
3489 4914 3589 4969 per

1969 4995 2195 5051 nuntios
2219 4994 2388 5052 fuisse
2408 4992 2816 5060 transmissum,
2850 4992 2958 5047 hoc.
2983 4978 3268 5065 negotium
3298 4990 3390 5046 tali
3435 4990 3589 5048 vidc-

1968 5094 2056 5140 tur
2085 5083 2460 5140 declarations
2483 5083 2778 5155 distingui;
2810 5081 2939 5152 quia
2974 5089 3107 5136 tunc
3133 5071 3398 5150 temporis
3419 5079 3587 5151 legati

1967 5177 2226 5233 Romanae
2254 5175 2514 5234 Ecclesia:
2536 5174 2654 5230 vice
2683 5187 2836 5244 papae
2857 5173 3257 5252 fungebantur,
3307 5185 3408 5241 per
3457 5185 3589 5241 pso-

1967 5269 2175 5324 vincias
2205 5265 2510 5324 constituti.
2539 5265 2618 5321 illi
2651 5266 2819 5338 igitur
2838 5278 2957 5329 eos,
2993 5262 3087 5334 qui
3114 5261 3184 5339 ad
3233 5261 3589 5332 episcupatns

1967 5361 2178 5432 apicem
2201 5359 2684 5430 promovebantur,
2707 5355 3121 5420 examinabaut,
3141 5355 3337 5426 sicque
3350 5353 3583 5426 pallium

1967 5453 2036 5507 ab
2066 5449 2365 5522 apostolica
2391 5450 2519 5506 sede
2559 5464 2657 5520 per
2699 5447 2924 5504 nuntios
2966 5447 3357 5518 impetrabant.
3405 5444 3585 5501 Porro

1965 5552 2169 5607 autem.
2193 5553 2252 5599 ut
2282 5559 2390 5598 uno
2420 5542 2654 5598 sulliciat
2677 5541 2938 5612 exemplo
2963 5539 3246 5596 declarare
3298 5538 3448 5609 quod
3495 5537 3580 5595 di-

1966 5637 2185 5702 cimus;
2243 5634 2612 5690 Bruuichildis
2676 5635 2862 5705 regina
2929 5631 3270 5687 Francorum
3339 5629 3576 5702 Syagrio

1967 5728 2122 5784 fratri
2175 5743 2293 5789 suo,
2354 5725 2831 5798 Augustodunensi
2893 5726 3148 5782 videlicet
3203 5723 3481 5795 episcopo,
3539 5737 3573 5778 a

1964 5826 2028 5882 Β.
2060 5824 2330 5897 Gregorio
2353 5824 2650 5897 impetrare
2673 5822 2893 5896 pallium
2923 5820 3028 5878 alia
3055 5819 3266 5876 ratione
3313 5832 3421 5874 non
3476 5830 3571 5890 ρον
