5428 6540
401 1147 434 1180 ἴ
447 1175 454 1186 θ

393 1197 432 1248 ’ἦ

399 1319 442 1362 ’ς-

403 1371 414 1380 i
433 1379 460 1390 ο.

390 1399 460 1440 (af:

399 1547 450 1580 '2‘;

393 1587 396 1592 .

391 1611 458 1646 res.

407 1649 462 1688 -ἔέ-

403 1693 462 1734 ξ-ἷξιι

393 1761 442 1818 .J's
465 1797 468 1802 '

393 1827 410 1850 -I

1700 403 1807 460 “3

2266 399 2323 455 S.
2366 397 2571 453 PETRI
2598 393 2880 450 DAMltliNl
2906 392 3065 450 OPP.
3107 392 3284 448 Ρλιιε
3324 393 3452 451 εει)
3490 392 3723 450 TOIUS
3765 394 3804 448 ι.
3842 422 3906 433 -
3950 391 4164 449 εῐιιετ.
4200 392 4324 448 LIB.
4357 390 4488 447 \‘lll.

4847 392 4961 449 ω

1689 518 1787 570 tui.
1810 512 2001 587 (Cass.
2037 510 2231 579 περίτι.
2256 510 2292 563 l.
2318 524 2413 573 vn,
2439 524 2521 577 ep.
2546 506 2624 575 5),
2647 506 2749 560 nisi
2774 504 2939 577 ω
2960 503 3064 567 ille,
3078 502 3268 572 quan!-
3296 516 3343 572 Α
3371 521 3486 560 esse
3529 504 3887 573 conspiceret,
3920 514 4117 574 pmto
4151 505 4468 573 subiunxit:
4502 520 4521 554 ι
4554 501 4693 571 Quia
4727 518 4843 560 ια
4872 504 4959 561 ιο-

1686 604 1769 656 vis
1790 602 1963 656 bonus
1987 608 2132 653 esset
2155 607 2209 650 et
2235 597 2433 666 justus,
2463 594 2766 650 (ξιιιιὲίιῒιιιιι
2790 592 3151 653 defensorem,
3173 592 3263 659 qui

1688 692 1743 745 in
1765 689 1869 744 illis
1895 686 2137 757 partibus
2158 683 2497 755 apocrisiarii
2534 683 2860 752 fungebatur
2884 679 3081 739 oﬂlcio.
3110 680 3179 733 ab
3203 694 3268 733 eo

1687 776 2080 835 examinandos
2107 776 2302 842 adiret,
2322 775 2508 844 sicque
2526 772 2796 841 accipiens
2816 770 3034 840 pallium
3049 769 3270 839 dignam

1690 871 1744 925 in
1776 868 1950 937 legato
1974 882 2075 923 suo
2116 866 2360 921 Romano
2389 864 2631 935 pontiﬁci
2662 861 3019 917 reverentiam
3044 862 3271 915 exhibe-

1692 970 1791 1013 ret.
1822 956 2104 1013 Hauritius
2128 956 2290 1010 etiam
2322 956 2619 1023 imperator
2659 951 2728 1006 ab
2772 952 2964 1005 eodem
3005 952 3271 1019 Gregorio

1689 1062 1783 1117 per
1811 1045 1970 1115 longa
2004 1055 2245 1113 tempora
2268 1041 2602 1112 supplicans,
2634 1038 2811 1101 aliter,
2835 1037 2982 1108 quod
3011 1041 3077 1092 de
3108 1038 3271 1107 pallio

1689 1138 1941 1207 petierat,
1994 1149 2100 1187 non
2129 1132 2391 1203 implevit.
2430 1132 2531 1189 nisi
2577 1132 2705 1201 quia
2749 1129 3011 1184 Maximus
3058 1128 3273 1184 Saloni-

1691 1235 1850 1278 tanus
1892 1223 2180 1293 episcopus
2201 1222 2509 1276 Ravennam
2537 1234 2706 1289 usque
2724 1220 2986 1289 pervenit,
3018 1233 3183 1289 seque
3208 1234 3273 1273 ea

1699 1315 1785 1369 bis
1817 1312 2085 1383 capitulis,
2118 1326 2237 1380 qua
2261 1312 2476 1365 sibimet
2491 1310 2702 1379 objecta
2725 1309 2942 1364 fuerant
2963 1324 3145 1365 conm
3166 1310 3274 1371 bis.

1687 1394 1884 1471 quibus
1906 1402 2007 1456 hoc
2038 1388 2303 1471 'judicium
2330 1399 2628 1468 iniunctum
2649 1399 2845 1465 fuerat,
2874 1400 3035 1469 digna
3062 1398 3279 1454 satisfa-

1692 1490 1874 1544 ctione
1915 1489 2164 1560 purgavit
2202 1489 2376 1558 UDII.
2424 1487 2619 1558 Regia.
2666 1488 2703 1543 ι.
2736 1504 2789 1553 v,
2814 1505 2895 1559 ep.
2926 1488 2996 1543 25
3022 1496 3079 1543 et
3118 1488 3153 1542 Ι.
3182 1502 3273 1547 vu.

1690 1582 1842 1650 epist.
1876 1580 2017 1651 129).
2062 1580 2352 1635 Enimvero
2377 1589 2433 1636 et
2459 1582 2652 1636 beatus
2696 1594 2833 1651 papa
2866 1578 3129 1634 Damasus
3175 1577 3277 1632 hoc

1689 1669 1934 1725 decrevit
1964 1669 2129 1740 (apud
2152 1668 2368 1725 lvonem
2395 1669 2810 1732 Carnotensem,
2834 1668 2926 1723 lib.
2954 1668 3018 1737 t),
3045 1676 3105 1721 ut
3129 1668 3281 1737 quis-

1690 1761 1816 1831 quis
1839 1760 2376 1831 metropolitanorum
2408 1760 2551 1815 ultra
2582 1769 2694 1814 tres
2740 1772 2956 1813 menses
3009 1767 3132 1828 post
3182 1772 3277 1812 or-

3369 606 3524 651 cutus
3554 611 3670 648 sum
3701 594 3876 657 vobis,
3909 595 4131 649 tristitia
4166 594 4406 664 implevit
4433 608 4529 649 cor
4558 601 4831 658 vestrum;
4860 594 4962 650 sed

3369 702 3469 755 ego
3504 686 3784 739 veritatem
3823 686 3946 739 dico
3986 686 4179 740 vobis:
4212 685 4441 755 Expedit
4487 692 4546 740 ut
4589 698 4693 757 ego
4737 684 4958 741 vadem.

3372 778 3428 831 Si
3464 777 3605 831 enim
3642 792 3748 832 non
3788 777 3993 841 abiero,
4036 776 4347 831 Paracletus
4376 793 4484 831 non
4517 777 4696 831 veniet
4731 776 4799 831 sd
4827 792 4957 838 vos;

3372 869 3414 921 si
3453 878 3631 922 autem
3657 867 3863 931 abiero,
3893 869 4102 922 mittam
4130 881 4251 921 eum
4290 865 4355 919 ad
4394 882 4490 921 vos
4513 865 4697 937 (locis.
4728 868 4806 935 ι).
4840 885 4861 919 s
4900 866 4963 921 Si

3373 974 3499 1029 ergo
3540 959 3871 1012 illuminator
3903 960 4163 1012 mentium
4196 956 4432 1027 Spiritus
4462 957 4776 1027 apostolicis
4811 956 4963 1013 illabi

3374 1050 3863 1118 pectoribus-plena
3894 1048 4181 1105 diﬂusione
4208 1065 4313 1104 non
4346 1058 4581 1119 poterat,
4613 1051 4715 1104 nisi
4746 1049 4964 1106 Veritas

3377 1140 3510 1209 ipsa.
3540 1154 3658 1207 qua:
3687 1140 3768 1193 eis
3808 1140 3955 1194 illum
4002 1142 4266 1195 missurus
4307 1151 4449 1205 erat,
4493 1141 4829 1212 corporalem
4876 1143 4965 1199 sui

3374 1230 3716 1298 pmsentiam
3742 1231 3810 1284 ab
3836 1245 4023 1285 eorum
4053 1230 4410 1286 subtraxisset
4435 1230 4737 1295 obtutibus,
4757 1242 4967 1302 quanto

3376 1320 3546 1387 magis
3584 1334 3803 1373 necesse
3844 1330 3925 1374 est
3974 1329 4031 1374 ut
4077 1336 4244 1390 purus
4286 1320 4449 1375 homo
4479 1320 4548 1375 ab
4576 1320 4857 1375 hominum
4904 1336 4968 1376 se

3376 1408 3674 1477 frequentia
3711 1410 4013 1475 subtrahat,
4055 1421 4321 1480 quatenus
4347 1412 4567 1480 superni
4597 1411 4841 1468 muneris
4867 1425 4967 1468 ea-

3376 1519 3478 1573 pas
3511 1504 3642 1558 ﬂat?
3679 1504 3875 1572 Sicque
3906 1519 4061 1558 mens
4093 1506 4325 1559 humana
4354 1504 4480 1559 dum
4508 1513 4665 1559 vacat
4706 1504 4775 1559 ab
4803 1517 4967 1576 aspe-

3377 1595 3550 1648 ctibus
3584 1595 3880 1659 hominum,
3928 1596 4099 1650 sancti
4153 1595 4385 1665 Spiritus
4428 1604 4705 1650 mereatur
4749 1595 4971 1666 lagres~

3377 1701 3516 1741 sum.
3567 1686 3768 1741 Eorum
3814 1704 3965 1757 ergo,
4010 1689 4101 1759 qui
4151 1699 4327 1743 tecum
4357 1689 4840 1757 conversabantur,
4870 1691 4972 1747 ab.

3380 1778 3629 1839 sentiam,
3657 1777 3761 1831 noli
3785 1780 4044 1847 deputare
4060 1778 4353 1847 jacturam,
4380 1780 4489 1835 imo
4509 1780 4704 1835 salutis
4724 1781 4969 1845 occasio,

1691 1850 2027 1905 dinationem
2054 1864 2207 1904 suam
2235 1849 2482 1906 Romano
2515 1848 2755 1920 pontifici
2784 1848 2943 1944 ﬂdetn
2976 1862 3129 1902 suam
3168 1862 3267 1944 es-
3304 1858 3343 1917 Β
3374 1867 3719 1938 perfugam,
3746 1869 3830 1923 Inc

2825 1849 2943 1944 άςιη
2976 1862 3129 1902 "mn
3168 1862 3267 1944 εἷ’
3304 1858 3343 1917 Β
3374 1867 3719 1938 perfectionis
3746 1869 3953 1923 lucrum
3985 1880 4038 1924 et
4067 1873 4358 1941 propensio
4386 1873 4554 1927 nostri
4586 1873 4765 1928 meriti
4794 1874 4969 1944 ἀφα-

1690 1954 1916 2011 pouere,
1962 1949 2016 1994 et
2068 1939 2288 2009 pallium
2346 1940 2589 2011 ﬂagitare
2639 1938 2927 2001 distulerit,
2985 1938 3272 1993 commissa

1690 2038 1878 2086 careat
1900 2028 2186 2099 dignitate.
2213 2028 2554 2099 Quapropter
2575 2030 2690 2099 ipse
2718 2028 2967 2081 dominus
3009 2025 3274 2097 legenti-

1690 2134 1794 2175 nus
1816 2118 2021 2175 electus
2043 2128 2221 2175 vester
2245 2120 2313 2175 ad
2339 2120 2705 2191 apostolorum
2732 2117 2916 2171 limina
2952 2117 3135 2170 venire
3165 2131 3273 2170 non

1693 2205 1929 2272 diﬂerat,
1990 2208 2177 2277 sicque
2226 2208 2487 2278 perfectio
2534 2223 2647 2265 sua
2696 2206 2974 2278 dignitatis
3019 2208 3278 2261 canonice

1693 2306 1750 2350 et
1781 2296 2155 2352 nrdinabiliter
2201 2297 2315 2351 ﬂat.
2348 2296 2475 2353 Sive
2500 2298 2647 2353 enim
2694 2311 2813 2358 nos,
2862 2296 2977 2349 sive
3017 2294 3278 2349 Dominus

1696 2395 1903 2452 noster,
1944 2386 2205 2456 quidquid
2257 2402 2355 2457 pro
2401 2388 2643 2457 quolibet
2697 2383 3005 2439 mortalium
3056 2396 3278 2437 necesse

1696 2486 1785 2533 est
1813 2491 1996 2549 agere,
2024 2492 2123 2547 pro
2150 2487 2343 2533 vestra:
2364 2477 2703 2534 celsitudinis
2736 2476 2907 2546 gloria
2957 2490 3065 2531 non
3114 2473 3275 2529 dubi—

1699 2575 1873 2621 tamus
1898 2566 2139 2636 implere.

2265 2656 2596 2713 EPISTOLA
2638 2654 2704 2709 V.

2316 2754 2383 2792 AD
2405 2753 2641 2792 ιηυιι.

1902 2825 2315 2894 (Hobeturtont.
2342 2826 2459 2890 Ill,
2502 2837 2678 2897 estque
2723 2840 2901 2894 opust.
2952 2822 3065 2893 56.)

2251 2937 2581 2992 EPISTULA
2625 2937 2711 2991 Vl.

2325 3043 2395 3081 AD
2435 3042 2669 3082 “IDII.

1691 3114 2086 3170 Δκυιιιιιτυιι.
2110 3144 2181 3154 -
2207 3114 2487 3184 Eamdem
2518 3116 2803 3184 Agnetem.
2861 3130 2983 3183 qua:
3030 3113 3277 3184 RainalJi

1764 3184 2279 3259 CDQQIIbelSCOpl,
2311 3182 2667 3259 Hertuisinda:
2702 3182 2955 3259 aﬂinis’et
2982 3184 3148 3259 ipsius
3179 3182 3273 3236 l’e-
3304 3199 3347 3259 ρ

1767 3255 1836 3308 tri
1868 3253 2113 3306 Datuiaui
2168 3253 2454 3321 prmsentia
2492 3253 2771 3316 destituta,
2824 3252 3144 3321 quibusdam
3190 3268 3277 3306 so-

1768 3321 1915 3376 lebat
1944 3330 2103 3375 antea
2153 3326 2217 3375 de
2262 3326 2425 3375 rebus
2469 3327 2535 3374 ad
2579 3324 2833 3391 pietatem
2888 3324 3280 3389 pertinentibus

1766 3391 2018 3459 colloqui,
2050 3400 2103 3444 et
2124 3392 2345 3444 consilia
2375 3406 2470 3444 sua
2497 3391 2676 3444 omnia
2716 3392 3137 3459 contmtuticare,
3187 3396 3282 3444 tri-

1771 3458 2344 3528 stior’aliquantulum
2380 3460 2661 3514 videbatur
2708 3458 2921 3521 effecta,
2972 3459 3285 3514 consolatur

1766 3541 1821 3582 et
1843 3531 2113 3590 hortatur,
2136 3538 2195 3581 ut
2221 3530 2271 3582 in
2302 3528 2503 3583 Christi
2534 3530 2830 3583 amicitiam
2857 3543 2916 3581 se
2948 3531 3161 3597 penitus
3204 3531 3283 3581 in-

1771 3598 1953 3651 sinuet
1978 3599 2045 3651 ab
2076 3597 2166 3651 illo
2189 3599 2368 3651 omnia
2393 3599 2581 3653 solatia
2612 3599 2863 3666 petenda,
2892 3600 3125 3664 quandiu
3155 3615 3281 3653 eum

1770 3667 1860 3721 illo
1883 3668 1972 3730 sit,
2002 3682 2273 3737 nunquam
2298 3681 2356 3721 se
2385 3668 2555 3722 solam
2585 3681 2706 3721 csse
2735 3668 3053 3721 arbitretur.

1775 3757 2013 3812 Dominae
2041 3772 2150 3811 suae
2177 3757 2508 3827 imperatrici
2545 3758 2775 3821 Acasti,
2837 3755 3049 3813 Panes
3092 3773 3283 3827 pecca-

1702 3855 1787 3901 tor
1816 3847 2112 3901 monachus
2137 3849 2472 3903 servitutem.

1771 3937 2038 4002 Arbitror,
2094 3940 2421 3995 venerabilis
2467 3942 3010 4017 dominahquoniam
3063 3956 3127 3995 ex
3177 3956 3284 4009 quo

1700 4028 1951 4083 dominus
2019 4029 2311 4085 Rainaldus
2357 4031 2609 4087 Comante
2658 4033 2804 4088 sedis
2860 4033 3184 4101 episcopus,
3230 4042 3287 4085 et

1700 4128 1885 4174 sancta
1914 4120 2107 4179 mulier
2136 4120 2479 4177 Hermisiuda
2520 4120 2708 4179 relicta
2730 4123 3000 4192 quondam
3030 4123 3281 4192 germani

1701 4210 1805 4273 tui,
1833 4224 1931 4279 ego
1956 4224 2169 4279 quoque
2197 4226 2390 4267 servus
2412 4221 2557 4276 tuus,
2584 4214 2650 4266 ad
2675 4212 2893 4282 propria
2947 4212 3148 4281 quique
3201 4227 3283 4266 re-

1698 4302 1980 4365 cessimus,
2012 4317 2165 4356 mens
2188 4314 2276 4356 tua
2306 4319 2448 4358 nunc
2470 4303 2712 4367 ﬂuctuat,
2751 4312 2809 4361 et
2854 4303 2998 4357 velut
3043 4305 3282 4357 omnium

1650 4426 1659 4435 ι
1700 4391 1954 4446 destituta
1981 4392 2194 4456 solatio,
2218 4392 2386 4447 solam
2422 4408 2481 4448 se
2507 4394 2833 4447 remansisse
2858 4392 3123 4461 deplorat.
3155 4391 3289 4447 Gra-

1704 4489 1798 4535 vat
1852 4480 1989 4535 forte
2037 4482 2291 4551 longioris
2330 4498 2560 4538 censura
2603 4484 2823 4551 silentii,
2870 4494 2925 4539 et
2952 4484 3167 4539 taedium
3202 4492 3285 4537 est

1706 4540 2295 4642 colloquentiutnvnunc
2318 4575 2509 4629 deesse
2554 4540 2921 4644 praesentiam,
2960 4591 3097 4645 quos
3141 4590 3283 4644 sape
3312 4540 3361 4599 θ

1707 4663 1978 4736 refugiens
2007 4706 2022 4729 ,
2079 4666 2205 4720 dum
2240 4667 2530 4733 adessent,
2599 4667 2905 4721 remotioris
2940 4667 3121 4737 anguli
3160 4667 3283 4721 lati-

1708 4755 1887 4812 bulum
1944 4756 2253 4827 expetebas.
2326 4757 2647 4812 Toleramus
2715 4757 2860 4811 enim
2932 4772 3073 4826 sepe
3142 4758 3286 4826 quod

1705 4846 1877 4917 gratis
1910 4845 2136 4901 oﬂertur
2166 4864 2181 4911 ;
2226 4848 2556 4916 perfruimur
2584 4890 2597 4910 ,
2641 4848 2784 4917 quod
2824 4846 3099 4902 diﬂicilius
3132 4888 3148 4913 ,
3188 4847 3288 4902 ob-

1708 4934 1940 4990 tinemus
1979 4952 1993 4987 :
2036 4936 2469 5004 parvipendimus
2506 4937 2648 5004 quod
2709 4937 2945 4990 abundat
2986 4954 2998 4989 :
3039 4948 3095 4991 et
3143 4936 3288 5005 quod

1710 5026 1901 5082 deesse
1965 5026 2371 5094 conspicimus,
2447 5026 2721 5079 inhiantcr
2789 5036 3054 5095 optamus.
3122 5025 3289 5097 249

1710 5114 1909 5170 Verum
1937 5116 2024 5185 pia
2059 5130 2211 5171 mens
2242 5124 2356 5181 tua,
2392 5130 2513 5185 qua:
2541 5115 2706 5169 divini
2756 5117 2955 5169 amoris
2991 5116 3112 5186 igne
3158 5131 3290 5171 suc-

1710 5202 1863 5257 cendi
1915 5204 2053 5257 votis
2105 5206 2356 5260 omnibus
2415 5213 2606 5259 aestuat
2635 5244 2649 5268 ,
2696 5216 3037 5273 nequaquam
3079 5220 3145 5259 ea
3189 5205 3288 5259 hu—

1709 5304 1882 5345 mana:
1922 5291 2196 5347 societatis
2238 5294 2481 5349 absentia
2522 5294 2899 5357 mutabescat;
2952 5293 3059 5346 imo
3086 5304 3288 5361 quanto

1708 5382 1812 5438 sibi
1856 5390 2068 5436 terrena
2100 5384 2293 5438 solatia
2339 5386 2525 5439 deesse
2566 5384 2895 5447 considerat,
2939 5393 3087 5438 tanto
3116 5386 3287 5454 magis

1709 5470 1775 5527 dc
1824 5472 2122 5543 prepinqua
2179 5475 2347 5528 sancti
2404 5474 2637 5543 Spiritus
2688 5472 2943 5543 par-aeleti
3001 5475 3286 5543 praesentia

1710 5560 1967 5616 confidat.
2017 5560 2167 5616 Unde
2207 5560 2454 5617 Salvator
2478 5578 2601 5617 cum
2648 5563 2844 5616 iturum
2877 5577 2935 5617 se
2961 5563 3029 5617 ad
3074 5562 3285 5617 Patrem

1710 5660 1828 5719 post
1876 5652 2289 5708 resurrectionis
2332 5654 2558 5724 gloriam
2604 5654 2927 5717 decltraret.
2973 5663 3028 5708 et
3070 5670 3137 5710 ca
3186 5656 3287 5711 hoc

1712 5740 2095 5812 discipulorum
2134 5746 2345 5801 animos
2378 5762 2483 5802 non
2514 5745 2857 5803 mediouiter
2894 5747 3286 5817 perturbandos

3380 1968 3519 2011 tetu:
3538 1968 3931 2027 argumentum,
3956 1960 4103 2027 quia,
4125 1960 4250 2014 dum
4270 1961 4529 2029 strepitus
4547 1960 4765 2015 humani
4786 1970 4973 2017 coeat

3376 2046 3628 2116 alloquii,
3676 2049 4008 2102 construitur
4054 2051 4106 2103 in
4152 2060 4203 2103 te
4249 2066 4344 2119 per
4384 2050 4655 2104 silentium
4703 2052 4970 2121 templum

3378 2134 3610 2203 Spiritus
3654 2138 3848 2190 sancti.
3884 2137 4018 2191 Uine
4047 2147 4160 2202 est,
4192 2138 4335 2206 quod
4365 2138 4432 2191 de
4459 2137 4741 2193 lsraelitici
4781 2140 4971 2208 templi

3376 2226 3777 2279 constructione
3821 2242 3973 2279 sacra
4016 2236 4243 2280 testatur
4272 2226 4519 2291 historia,
4567 2228 4693 2298 quia
4740 2228 4974 2284 malleus

3377 2326 3430 2370 et
3472 2321 3697 2372 securis.
3726 2327 3779 2370 et
3808 2332 3967 2372 omne
3995 2317 4380 2372 ferramentum
4410 2334 4517 2373 non
4542 2330 4670 2373 sunt
4693 2320 4879 2373 audita
4913 2318 4971 2375 in

3378 2409 3537 2462 domo
3561 2408 3767 2462 Domini
3795 2424 3916 2462 cum
3941 2409 4291 2463 aedificarunt
4323 2406 4373 2475 (l
4400 2406 4524 2477 Reg.
4551 2410 4649 2477 vt).
4679 2406 4972 2477 Templu-

3376 2499 3574 2568 quippe
3622 2499 3712 2552 Dei
3760 2514 3854 2568 per
3900 2500 4172 2552 silentium
4213 2499 4430 2561 crescit,
4476 2498 4603 2567 quia
4646 2513 4771 2552 eum
4814 2513 4975 2555 liena

3382 2589 3615 2642 bumana
3646 2603 3739 2657 per
3784 2592 4051 2642 exteriora
4102 2602 4159 2643 se
4202 2588 4363 2641 verba
4409 2603 4514 2641 non
4546 2586 4741 2651 fundit,
4774 2588 4829 2641 in
4878 2603 4980 2643 su-

3379 2677 3545 2731 blime
3574 2678 3845 2747 fastigium
3910 2679 4173 2746 ,iiritualis
4199 2677 4409 2732 :ediﬂcii
4437 2686 4709 2733 structura
4737 2694 4979 2734 consur-

3380 2767 3492 2836 git,
3544 2776 3801 2835 tantnque
3851 2768 4239 2831 subcresccns,
4294 2768 4348 2820 in
4398 2766 4589 2820 altiora
4642 2768 4976 2833 sustollitur,

3379 2865 3583 2923 quanto
3621 2870 3716 2924 per
3747 2856 3941 2907 silentii
3983 2857 4279 2909 custodiant
4309 2854 4696 2917 circumclusa,
4725 2870 4847 2910 sese
4876 2871 4979 2911 ea-

3383 2951 3650 3002 trinsecus
3680 2946 3900 3002 fundere
3947 2951 4281 3017 prohibetur.
4318 2949 4516 3003 Custos
4559 2950 4705 3003 enim
4742 2949 4979 3018 justiti:

3382 3041 3675 3093 silentium.
3721 3040 3786 3092 Et
3828 3054 3925 3107 per
3967 3039 4256 3093 Jeremiatu
4299 3040 4539 3093 dicitur:
4575 3056 4595 3090 ι
4631 3037 4839 3093 Bonum
4884 3046 5009 3095 est

3383 3129 3679 3198 prrstolari
3715 3145 3836 3182 cum
3880 3131 4093 3183 silentio
4124 3129 4356 3183 salutare
4386 3129 4617 3183 Domini.
4649 3128 4860 3185 Bonum
4887 3140 4981 3185 est

3382 3223 3496 3274 viro
3520 3236 3641 3274 cum
3679 3224 3975 3289 portaverit
4010 3221 4197 3291 jugum
4225 3220 4293 3274 ab
4321 3221 4684 3275 adolescentia
4708 3236 4806 3275 sua
4838 3238 4853 3275 :
4885 3236 4981 3277 se-

3380 3310 3528 3363 debit
3555 3311 3849 3371 solitarius,
3881 3322 3935 3364 et
3966 3314 4183 3373 tacebit,
4216 3312 4342 3379 quia
4386 3311 4585 3365 levabit
4613 3325 4673 3365 se
4717 3325 4885 3381 super
4912 3326 4979 3367 tu

3381 3398 3597 3465 (Terra.
3633 3404 3735 3467 ιιι).
3776 3420 3792 3451 ι
3830 3400 4115 3453 Solitarius
4143 3399 4320 3468 plane,
4349 3402 4476 3453 dum
4509 3410 4671 3461 tacet,
4703 3415 4765 3453 se
4793 3400 4981 3455 elevat

3381 3504 3541 3557 super
3578 3504 3668 3548 se.
3713 3490 3836 3558 quia
3889 3505 4042 3544 mens
4088 3491 4354 3553 humana,
4400 3468 4526 3543 dum
4583 3489 4721 3543 intra
4770 3489 4979 3544 silentii

3382 3579 3618 3631 claustra
3654 3580 3887 3647 undique
3912 3578 4375 3639 circumcluditur,
4415 3580 4466 3631 in
4497 3578 4775 3647 superiora
4802 3577 4981 3631 subli-

3383 3670 3484 3721 mis
3512 3672 3759 3739 erigitur,
3794 3672 3860 3723 ad
3892 3671 4057 3723 Deum
4086 3686 4183 3739 per
4208 3669 4427 3725 emleste
4454 3670 4786 3724 desiderium
4828 3670 4985 3741 rapi-

3383 3771 3487 3821 tttr,
3517 3768 3573 3812 et
3602 3761 3653 3812 in
3696 3775 3879 3813 amore
3908 3762 4024 3829 ejus
4060 3776 4155 3827 per
4185 3761 4434 3814 ardorem
4483 3760 4718 3828 Spiritus
4760 3759 4983 3815 inﬂa-

3384 3862 3579 3913 matur,
3610 3859 3661 3903 et
3704 3860 3956 3918 tanquam
4002 3850 4120 3904 fons
4166 3853 4343 3913 vivus,
4390 3851 4516 3905 dum
4562 3867 4657 3921 per
4687 3852 4981 3907 verborum

3382 3941 3613 3994 circulos
3660 3939 3823 3993 ﬂuere
3871 3942 3999 3994 biuc
4046 3942 4166 3995 inde
4215 3956 4319 3993 non
4350 3942 4566 4003 sinitur,
4599 3943 4757 3995 undis
4783 3957 4983 3996 exere.

3385 4030 3657 4082 scentibns
3700 4029 3752 4080 iu
3785 4029 3975 4081 altiora
4022 4028 4346 4081 cumulatur.
4393 4026 4676 4096 Templum
4719 4044 4853 4097 ergo
4898 4030 4981 4087 tui

3384 4119 3620 4187 pectoris
3650 4133 3790 4171 nunc
3821 4133 3916 4187 per
3944 4120 4215 4172 silentium
4246 4128 4480 4179 crescat,
4508 4119 4768 4173 virtutum
4812 4121 4982 4187 ιμή-

3385 4209 3605 4261 tualium
3638 4220 3890 4277 tanquam
3919 4210 4224 4262 caalestium
4254 4208 4490 4277 lapidum
4534 4209 4586 4261 in
4619 4218 4670 4262 te
4700 4217 4983 4263 structura

3384 4294 3833 4367 consurgat,'ubi
3888 4315 4153 4367 supernus
4202 4300 4288 4352 ille
4336 4314 4587 4367 sputtsns,
4631 4315 4793 4368 quem
4848 4302 4983 4355 totis

3386 4390 3681 4441 visceribus
3704 4389 3901 4457 diligis,
3934 4389 4075 4441 velut
4104 4390 4154 4442 in
4190 4389 4428 4442 thalamo
4456 4404 4554 4443 suo
4585 4389 4984 4445 delectabiliter

3389 4480 3711 4545 requiescat.
3768 4480 4033 4531 Memento
4085 4480 4263 4548 itaque
4309 4482 4451 4548 quod
4500 4480 4790 4549 Apostolus
4834 4482 4915 4533 ait
4964 4498 4977 4533 :

3391 4585 3409 4617 ι
3441 4554 3572 4632 Quia
3608 4566 4009 4621 fundamentum
4039 4568 4180 4621 aliud
4211 4584 4369 4621 nemo
4400 4578 4575 4637 potest
4609 4584 4809 4636 ponere
4838 4585 4983 4638 pras-

3391 4667 3470 4711 ter
3502 4658 3552 4710 id
3582 4660 3724 4727 quod
3755 4662 3987 4726 positum
4017 4668 4115 4719 est.
4149 4660 4398 4713 Christus
4422 4658 4599 4714 Jtsus.
4638 4660 4695 4715 Si
4726 4662 4853 4729 quis
4884 4676 4983 4730 po-

3385 4752 3553 4803 suerit
3599 4766 3759 4819 supcr
3806 4753 3903 4804 llOC
3949 4750 4362 4804 fundamentum
4410 4768 4624 4817 aurum,
4664 4763 4980 4821 argentum,

3388 4841 3589 4910 lapides
3630 4844 3915 4907 pretiosos,
3958 4842 4118 4908 ligna.
4153 4840 4353 4895 fenum.
4403 4840 4651 4909 stipulas,
4690 4842 4853 4911 quale
4882 4858 4981 4897 cu-

3381 4932 3575 5000 jusque
3621 4930 3783 4985 fuerit
3827 4932 4024 5000 LOpUSL
4076 4930 4213 4999 ignis
4258 4932 4505 4997 probabit
4550 4929 4598 4993 (1
4632 4930 4756 4983 Cor.
4800 4940 4909 4999 tu).
4954 4951 4977 4983 s

3382 5024 3519 5089 Quid
3541 5024 3683 5077 enim
3706 5034 3799 5091 per
3830 5038 4043 5085 aurum,
4067 5034 4349 5092 argentum
4373 5032 4429 5075 et
4452 5022 4657 5090 lapides
4683 5024 4979 5091 pretiosos,

3383 5114 3486 5168 nisi
3538 5116 3701 5168 robur
3742 5121 3797 5167 et
3845 5123 4159 5166 ornamenta
4190 5113 4481 5165 virtutum?
4525 5111 4665 5178 Quid
4698 5126 4828 5165 vero
4880 5128 4983 5181 per

3384 5205 3547 5274 ligna,
3582 5204 3761 5257 fenum
3804 5214 3858 5258 et
3903 5205 4146 5273 stipulas,
4178 5204 4279 5256 nisi
4325 5200 4590 5273 fragilitas
4626 5204 4873 5256 innuitur
4904 5206 4983 5257 ri-

3388 5296 3619 5349 tiorum?
3662 5297 3890 5349 Attende
3934 5312 4083 5364 ergo,
4132 5306 4191 5347 ut
4233 5295 4518 5348 edificium
4549 5296 4694 5363 quod
4727 5296 4781 5346 in
4810 5304 4865 5349 te
4898 5296 4977 5355 Et.

3388 5401 3493 5439 non
3525 5402 3590 5440 ex
3624 5385 3797 5451 fragili
3844 5387 3915 5439 sit
3950 5388 4199 5449 materia,
4230 5402 4349 5455 qua
4377 5384 4610 5440 ﬂammis
4648 5384 4815 5454 350
4858 5402 4983 5440 esse

3389 5479 3555 5545 possit
3581 5478 3833 5538 obnoxia,
3864 5494 3982 5544 qum
4016 5479 4185 5530 ventis
4211 5478 4281 5531 sit
4320 5476 4717 5546 impellentibus
4744 5480 4978 5531 ruitura.

3388 5565 3613 5636 Lignum
3650 5567 3827 5636 plane,
3860 5566 4040 5619 fenum
4067 5577 4119 5620 et
4146 5567 4370 5636 stipulas
4406 5565 4565 5619 facile
4602 5576 4783 5635 potest
4811 5581 4983 5621 vorax

3388 5655 3601 5709 ﬂamma
3642 5670 3990 5717 consumere;
4027 5671 4216 5709 aurum
4246 5671 4374 5710 \cru
4402 5655 4481 5709 vel
4524 5665 4831 5725 argentum,
4868 5658 4985 5708 sits

3391 5747 3594 5817 lapides
3646 5747 3899 5816 pretiosi,
3952 5748 4195 5801 nesciunt
4245 5746 4496 5804 incendio
4553 5746 4861 5814 sul-iacere.
4920 5746 4983 5799 Et
