5428 6542
1753 409 1864 467 447
2324 410 2384 468 8.
2426 410 2632 468 PETRI
2671 409 2952 466 DAIIANI
2975 409 3138 467 'OPP.
3167 409 3347 465 PARS
3383 409 3514 468 εευ
3542 409 3838 465 TOIUSI.
3875 439 3897 451 -

2871 409 2952 464 iNI
2975 409 3138 467 'OPP.
3167 409 3347 465 PARS
3383 409 3514 468 εευ
3542 409 3838 465 TOIUSI.
3875 438 3942 451 -—
3983 408 4194 465 EPIST.
4238 407 4364 463 LIB.
4413 409 4538 464 VIII.
4909 407 5015 464 με

1835 525 2078 579 Domina:
2103 525 2445 596 suadeam
2476 524 2826 593 imperatrici,
2854 523 3068 578 Psraus
3091 533 3342 592 peccator
3371 531 3416 588 Α
3449 524 3640 577 tiosum
3672 523 3694 574 ἲ
3731 520 3823 577 Sic
3873 522 4104 591 denique
4155 537 4280 576 eum
4322 536 4448 576 vere
4478 521 4676 589 diligis,
4725 521 4768 574 si
4797 535 5022 575 servare

1762 614 2062 672 monachus
2089 615 2424 670 servitutem.

1779 778 1782 780 γ
1835 704 1938 763 Vis
1984 703 2189 762 referre
2238 706 2444 762 suﬁlcio
2485 718 2690 776 quanto
2733 723 2831 763 cor
2882 721 3057 762 meum
3109 720 3343 762 mmrore

1764 795 2128 863 contunditur,
2154 797 2279 852 dum
2307 795 2513 852 reditus
2546 797 2712 852 vestri
2761 797 3020 858 latitiam,
3067 797 3343 864 suspensis

1766 889 2001 959 quotidie
2022 885 2336 951 visceribus.
2363 891 2721 958 prastolatur.
2749 890 2860 944 Heu
2889 891 3003 943 me!
3035 903 3131 942 cur
3158 888 3341 942 itineri

1766 985 1948 1032 vestro
1979 990 2168 1033 vecors
2192 993 2257 1033 ac
2280 977 2510 1033 stolidus
2536 969 2813 1033 assensum
2841 978 3082 1048 prabui?
3113 978 3222 1032 imo
3247 993 3344 1032 cur

1763 1067 2059 1137 egredienti
2084 1083 2168 1124 me
2195 1070 2367 1138 ipsum
2393 1084 2497 1124 non
2522 1069 2786 1144 violenter
2806 1070 3029 1140 opposui
3047 1069 3074 1122 Y
3099 1071 3210 1124 Cur
3235 1085 3342 1125 non

1765 1169 2029 1225 equorum
2061 1157 2210 1212 frena
2236 1159 2493 1228 wrripui,
2527 1167 2582 1212 et
2612 1173 2834 1213 cursum
2861 1168 3096 1213 vestrum
3125 1159 3206 1212 vel
3250 1159 3344 1213 oh-

1765 1247 1868 1302 viis
1895 1248 2161 1313 manibus,
2204 1249 2257 1302 in
2299 1257 2557 1316 quantum
2591 1249 2832 1313 licuerat,
2863 1264 2969 1304 non
3001 1249 3244 1304 tardavi?
3287 1248 3342 1302 In

1767 1337 1934 1390 vestri
1963 1337 2120 1404 plane
2145 1351 2390 1410 recessus
2417 1337 2684 1402 absentia,
2715 1348 2907 1394 mmret
2937 1338 3125 1402 Roma,
3155 1338 3212 1391 Β.
3243 1338 3348 1393 I‘e-

1769 1423 1834 1478 tri
1864 1423 2011 1494 luget
2043 1425 2300 1488 Ecclesia,
2333 1435 2389 1479 et
2428 1435 2537 1480 tota
2569 1441 2665 1495 per
2695 1435 2913 1481 sanctos
2942 1427 3088 1480 viros
3132 1441 3194 1483 ac
3223 1441 3345 1480 mu-

1765 1512 1927 1568 lieres
1957 1514 2282 1568 lamentatur
2303 1514 2474 1569 Italia.
2509 1514 2587 1568 Tu
2631 1515 2920 1584 siquidem,
2951 1514 3098 1569 velut
3123 1530 3342 1569 aureum

1763 1604 1933 1672 sidus,
1968 1618 2180 1664 terrena
2211 1611 2565 1678 quareutium
2596 1610 2869 1666 videbaris
2912 1611 3182 1666 illustrare
3212 1611 3344 1665 cali-

1765 1700 1966 1780 ginem,
1995 1710 2157 1772 atque
2192 1702 2258 1756 ad
2291 1703 2457 1758 Deum
2486 1718 2805 1772 provocans,
2835 1706 3086 1760 micantis
3114 1703 3342 1772 exempli

1766 1789 2090 1848 refundebas
2118 1803 2170 1848 te
2199 1796 2546 1864 sequentibus
2583 1795 2905 1850 claritatem.
2954 1796 3044 1860 Et,
3077 1805 3135 1849 ut
3179 1799 3344 1850 multa

3441 628 3561 682 qua
3612 612 3704 667 Dei
3762 622 3887 666 sunt
3937 613 4041 682 piis
4070 613 4542 667 exhortationibus
4583 611 4734 668 facis.
4760 611 5039 683 Alioquin.

3442 717 3548 770 quo
3570 712 3729 771 pacto
3761 705 3906 757 vires
3931 716 4057 756 suos
4093 701 4195 755 illa
4222 701 4478 772 coniuges
4492 716 4677 756 amare
4702 701 5020 766 medentur.

3442 807 3562 860 qua
3593 793 3644 846 iu
3674 793 3755 847 eis
3779 806 3990 860 capsas,
4021 801 4081 845 ut
4111 792 4181 845 ita
4209 791 4418 862 loquar,
4440 806 4728 862 corporum
4757 790 5020 869 diligat;

3441 886 3535 942 sed
3578 887 3879 940 am'marum
3913 899 4126 948 aurum,
4152 884 4295 953 quod
4331 885 4385 937 lu
4429 884 4509 939 eis
4547 882 4882 947 reconditur,
4913 896 5022 938 non

3442 979 3722 1032 attendunt
3749 996 3762 1031 :
3796 977 4063 1032 Habemus
4081 977 4247 1041 enim,
4270 976 4420 1046 juxta
4446 977 4780 1046 Apostolum.
4804 977 5024 1032 thesau-

3444 1086 3562 1125 rum
3592 1071 3750 1125 Istum
3777 1067 3995 1125 in’vasis
4023 1067 4273 1123 llctilibus
4303 1050 4540 1139 (υτον.
4586 1069 4681 1137 ιν).
4708 1067 4841 1134 Quae
4861 1066 5024 1122 nimi-

3443 1176 3561 1215 rum
3593 1161 3692 1215 hoc
3717 1160 3980 1214 duntaxat
4004 1159 4424 1228 amplectuntur,
4449 1158 4593 1228 quod
4617 1171 4831 1213 vermes
4858 1156 5028 1212 devo-

3444 1258 3567 1303 rant
3603 1251 3655 1304 in
3688 1249 3988 1319 sepulcris;
4029 1248 4158 1302 illud
4201 1262 4399 1318 vesane
4447 1249 4772 1317 despiciunt.
4805 1247 4893 1302 cui
4931 1247 5024 1301 im-

3442 1340 3833 1393 marcescihilis
3883 1337 4051 1409 gloria
4108 1346 4355 1392 servatur
4402 1337 4456 1390 in
4518 1336 4690 1390 colis.
4747 1334 4806 1388 In
4855 1349 5024 1388 carne

3441 1431 3640 1497 quippe
3689 1442 3930 1482 amorem
3979 1441 4134 1480 suum
4183 1425 4270 1480 illa
4297 1426 4673 1488 constituerat.
4704 1437 4826 1492 qua
4851 1422 5024 1478 David

3443 1531 3502 1571 se
3523 1517 3863 1585 despicienti,
3891 1517 4094 1570 irouica
4120 1514 4467 1569 insultatione
4495 1513 4711 1568 dicebat
4739 1530 4752 1563 :
4791 1529 4810 1562 s
4847 1510 5024 1578 Quam

3442 1610 3709 1681 gloriosus
3740 1608 3838 1661 fuit
3862 1608 4018 1662 hodie
4048 1621 4136 1660 res
4171 1605 4354 1668 Israel,
4383 1593 4785 1672 discooperieus
4810 1616 4871 1658 se
4894 1610 5026 1657 ante

3442 1699 3627 1754 oculos
3649 1713 3927 1753 servorum
3965 1711 4204 1758 suorum.
4228 1704 4283 1749 et
4313 1695 4547 1749 undatim
4565 1702 4650 1747 est
4670 1692 4824 1761 quasi
4855 1689 5027 1746 nude-

3448 1797 3535 1842 tur
3577 1802 3716 1841 unus
3765 1802 3830 1840 es
3872 1785 4070 1839 scurris
4099 1784 4121 1836 τ
4153 1803 4170 1834 ι
4212 1781 4295 1852 (ll
4342 1780 4467 1851 Reg.
4500 1779 4747 1851 vt).Qua
4775 1778 5027 1849 profecto

1765 1891 2101 1950 praeteream,
2132 1898 2231 1955 ego
2259 1898 2475 1953 quoque
2499 1883 2671 1939 donec
2720 1894 2771 1939 te
2806 1885 2992 1954 procul
3021 1884 3210 1940 abesse
3251 1900 3338 1938 ιιι-
3371 1870 3416 1928 Β
3445 1885 3570 1952 quia
3598 1882 3923 1936 desiderium
3951 1894 4106 1933 suum
4132 1879 4185 1932 in
4209 1877 4322 1933 sola
4342 1892 4508 1933 carne
4533 1885 4809 1948 posuerat.
4833 1875 5025 1930 carnis

1765 1971 1938 2040 spiro,
1972 1970 2216 2026 Romana
2247 1974 2568 2042 conspicere
2603 1974 2802 2026 muenia
2833 1975 3208 2043 perhorresco.
3242 1975 3348 2028 Re-

1767 2065 1984 2114 vertere
2015 2074 2162 2131 ergo,
2194 2061 2422 2115 domina
2451 2061 2547 2126 i,
2579 2071 2873 2127 revertere,
2913 2072 3072 2134 teque
3113 2064 3343 2134 lugenti-

1766 2145 1868 2202 bus
1910 2145 2155 2202 Imtivam
2196 2148 2361 2205 redde
2408 2149 2688 2216 letitiam,
2734 2154 2826 2223 qui
2869 2153 3175 2209 rutilantem
3219 2155 3343 2208 call

1753 2244 2036 2306 gemmam
2064 2238 2132 2293 de
2157 2239 2331 2309 capite
2361 2240 2547 2294 mundi
2577 2239 2768 2304 Itoma,
2796 2243 3190 2310 quodammodo
3230 2244 3344 2313 plo-

1768 2337 1952 2379 ratnus
1995 2325 2253 2381 avulsam.
2299 2323 2515 2399 lugent
2557 2329 2652 2384 tibi
2702 2346 2957 2386 nauseam
2999 2332 3118 2386 aula
3154 2333 3348 2402 regalis

1769 2412 2004 2481 imperii,
2027 2413 2139 2471 sola
2168 2416 2275 2470 tuis
2299 2418 2521 2471 naribus
2555 2431 2750 2488 sagena
2778 2421 3013 2476 redoleat
3040 2423 3341 2491 piscatoris.

1765 2500 1881 2557 Illic
1901 2518 2023 2559 cum
2063 2493 2356 2560 Petrouilla
2387 2506 2548 2561 simul
2591 2507 2790 2562 habere
2831 2520 2882 2563 te
2913 2510 3077 2564 libeat
3103 2510 3343 2578 sepultu-

1766 2605 1908 2655 ram,
1935 2601 1998 2648 ut
2024 2594 2250 2664 insignis
2270 2595 2361 2650 ille
2385 2606 2539 2666 pater
2567 2598 2838 2667 geminam
2873 2599 3028 2668 juxta
3059 2614 3139 2661 se,
3168 2600 3347 2654 carnis

1763 2669 2020 2738 videlicet
2057 2699 2121 2739 ac
2149 2686 2374 2754 spiritus
2397 2688 2630 2756 gaudeat
2657 2689 2998 2758 requiescere
3028 2689 3214 2744 tiliam.
3246 2689 3346 2744 Do-

1768 2775 1972 2830 minum
2004 2791 2180 2832 meum
2214 2777 2505 2849 Lopertum
2528 2780 2842 2852 episcopum
2870 2794 3023 2852 mque
3047 2781 3244 2848 saluto,
3270 2790 3346 2846 et,

1765 2873 1827 2922 ut
1849 2866 1959 2924 cito
1985 2878 2310 2936 revertatur,
2340 2869 2586 2940 imploro.

2327 3002 2660 3060 EPISTOLA
2697 3003 2789 3060 IX.

1877 3105 2086 3148 rucout
2124 3107 2270 3148 raris
2310 3107 2349 3148 ιι
2387 3108 2548 3148 sum.
2587 3107 2821 3150 mutu
2858 3110 3063 3151 ωιιιι
3105 3095 3274 3168 (Iul).

1761 3195 2350 3282 Ascuueu'rUuL-XS.
2383 3201 2575 3282 doctor
2615 3199 2818 3282 Nicolal
2848 3201 2891 3282 l_I
2931 3216 3083 3282 papa
3128 3203 3346 3282 nomine
3372 3195 3417 3257 C

1835 3270 2029 3340 Scribit
2052 3271 2118 3325 ad
2141 3268 2434 3324 Galliarum
2464 3271 2719 3340 reginam,
2750 3268 3067 3339 laudat'q'us
3090 3275 3342 3340 pietatem

1834 3348 1890 3419 et
1922 3339 2283 3419 inp-superes
2327 3339 2780 3419 beneﬁcentiam;
2831 3339 3194 3419 b_orta_tur,_ut
3235 3352 3344 3395 tam

1825 3405 2104 3492 ‘Iaudabile
2130 3405 2256 3492 vita
2282 3409 2781 3492 Institutum,‘quod
2821 3410 2988 3492 segne!
3006 3412 3341 3492 arripuerat.

1838 3489 2011 3544 usque
2030 3477 2101 3530 ad
2123 3487 2428 3531 extremum
2455 3477 2767 3532 constanter
2791 3479 3052 3544 retineat;
3081 3477 3346 3548 simulque

1838 3547 2048 3630 suadet,
2067 3617 2080 3630 _
2098 3556 2157 3628 ut
2201 3546 2402 3630 ξίφιο-
2421 3554 2577 3601 suum
2624 3561 2803 3630 regem
2851 3549 2919 3630 ad
2960 3550 3345 3630 rempublicam

1833 3615 1978 3683 juste
2014 3615 2514 3680 administrandam,
2534 3615 2824 3672 ecclesiam
2870 3615 3123 3672 tuendam
3150 3629 3204 3672 et
3237 3621 3352 3688 pie-

1840 3685 1966 3768 9"!
1996 3683 2415 3768 (δρωμένων
2451 3683 2769 3768 intre-net.
2802 3686 2941 3768 ωερε
2974 3702 3349 3768 quosne-"9'

1836 3753 2064 3817 eisdem,
2083 3755 2280 3824 quibus
2307 3753 2422 3824 ipsa
2450 3756 2652 3809 imbuta
2678 3766 2760 3810 est
2784 3753 3047 3822 moribus,
3076 3753 3346 3812 instituat.

1838 3860 1999 3932 253
2036 3861 2306 3919 Nicouus
2352 3835 2659 3934 episcopus,
2699 3879 2891 3920 servus
2919 3881 3201 3921 servorum
3228 3868 3345 3932 Dei,

1769 3948 2017 4020 gloriosa:
2048 3951 2245 4020 regius
2291 3952 2518 4009 salutem
2546 3963 2603 4008 et
2628 3954 2980 4023 apostolicam
3015 3957 3348 4012 benedictio—

1771 4053 1915 4092 ηοω.

1847 4128 2006 4184 Dona:
2037 4130 2326 4187 voluntatis
2363 4135 2571 4188 auctori
2623 4135 2978 4206 omnipotenti
3015 4137 3124 4194 Deo
3159 4139 3349 4210 dignas

1773 4219 1978 4290 gratias
1999 4235 2242 4291 agamus,
2273 4223 2399 4292 quia
2423 4225 2475 4277 in
2499 4224 2735 4280 femineo
2762 4236 2984 4295 pectore
3015 4229 3169 4284 virile
3198 4232 3352 4284 vive—

1769 4329 1833 4371 re
1851 4315 2110 4391 virtutum
2131 4319 2299 4371 robur
2322 4318 2588 4386 audimus.
2616 4316 2872 4373 Pervenit
2893 4320 3089 4391 quippe
3110 4323 3178 4375 ad
3191 4309 3352 4377 aures

1771 4414 2005 4472 nostras,
2028 4406 2525 4478 praccllentisaima
2554 4411 2688 4476 lilia,
2710 4415 3059 4469 serenitatem
3091 4425 3239 4471 tuam
3266 4417 3348 4470 in-

3442 1972 3622 2025 t'ructu
3672 1969 3851 2023 debita
3903 1979 3984 2022 est
4041 1967 4511 2021 auimadversioe
4563 1966 4794 2036 privata.
4869 1962 5030 2019 Unde

3445 2063 3604 2130 paulo
3658 2069 3778 2129 post
3833 2059 4112 2126 Scriptura
4165 2056 4441 2126 subiungit
4493 2074 4504 2108 :
4562 2074 4582 2106 s
4629 2053 4799 2124 Igitur
4827 2051 5027 2107 licini

3449 2154 3568 2207 illim
3599 2152 3751 2214 Saul,
3785 2168 3889 2205 non
3916 2164 4000 2205 est
4040 2159 4198 2204 natus
4248 2149 4389 2203 Illius
4412 2163 4579 2217 usque
4605 2148 4672 2202 ad
4701 2147 4846 2202 diem
4875 2162 5026 2202 mor-

3450 2246 3518 2298 tis
3545 2259 3654 2298 sua:
3682 2242 3871 2312 (llid.)
3905 2261 3922 2291 ι
3950 2240 4028 2294 Tu
4053 2249 4254 2302 autem,
4280 2237 4516 2309 gloriosa
4537 2237 4664 2298 alia,
4688 2238 4820 2306 quia
4846 2235 5030 2290 fecun-

3447 2334 3629 2387 ditatis
3649 2334 3846 2387 donum
3877 2331 4132 2386 divinitus
4162 2329 4432 2391 meruisti,
4454 2330 4534 2383 sie
4557 2327 4918 2383 clarissima
4947 2329 5032 2381 ia-

3446 2433 3596 2480 strue
3641 2425 3900 2484 sobolem.
3931 2430 3988 2474 ut
4021 2421 4162 2474 inter
4190 2420 4299 2488 ipsa
4329 2418 4588 2473 lactantia
4609 2416 4850 2470 infantia
4875 2416 5028 2469 rudi-

3449 2525 3627 2569 menta
3677 2515 3744 2567 ad
3790 2513 4064 2566 Creatoris
4115 2511 4196 2564 sui
4241 2509 4514 2562 nutriatur
4547 2520 4809 2561 amorem.
4849 2502 5031 2558 Perte

3449 2607 3613 2675 igitur
3655 2605 3886 2665 discant,
3930 2602 4016 2654 cui
4066 2599 4402 2669 potissimum
4434 2598 4685 2658 debeant,
4716 2605 4774 2649 et
4800 2593 4950 2663 quod
4977 2593 5030 2646 la

3449 2698 3664 2767 regalis
3694 2696 3832 2751 aula
3891 2694 4028 2749 solio
4073 2703 4200 2746 sunt
4239 2690 4447 2746 nobiles
4474 2692 4660 2759 geniti,
4692 2699 4750 2743 et
4793 2686 4945 2757 quod
4975 2687 5031 2740 in

3449 2786 3703 2842 Ecclesiae
3749 2786 3954 2856 gremio
4006 2784 4159 2853 longe
4210 2782 4442 2836 nobilius
4469 2797 4566 2852 per
4590 2781 4767 2835 sancti
4789 2779 5036 2848 Spiritus

3443 2877 3676 2948 gratiam
3708 2885 3834 2929 sunt
3865 2874 4060 2928 renati.
4107 2871 4223 2926 Noli
4252 2870 4544 2942 aliquando
4572 2869 4860 2941 pecuniam
4885 2882 5030 2938 pra-

3449 2968 3590 3022 ferre
3607 2967 3852 3035 iustitiae,
3880 2966 3972 3020 sed
4001 2966 4314 3019 thesaurum
4343 2977 4484 3018 vera:
4506 2962 4786 3032 sapientiai
4813 2960 5036 3014 inhian-

3449 3067 3534 3112 ter
3581 3058 3824 3128 acquire.
3873 3057 4075 3126 Regina
4107 3055 4306 3124 quippe
4343 3053 4487 3108 Saba
4517 3054 4664 3108 venit
4697 3065 4808 3105 non
4847 3049 5056 3104 videre

3449 3150 3686 3212 divitias,
3703 3149 3796 3203 sed
3813 3147 3999 3201 audire
4012 3146 4331 3216 sapientiam
4347 3144 4653 3199 Salomonis
4665 3140 4785 3212 (111
4801 3138 4932 3210 Reg.
4952 3139 5034 3204 s).

3449 3243 3595 3304 Quas
3641 3251 3820 3294 tamen
3862 3240 3976 3308 ipsa
4027 3253 4132 3292 non
4179 3239 4353 3307 petiit.
4399 3233 4671 3305 copiosius
4705 3233 5038 3301 reportavit.

3449 3331 3528 3384 τα
3559 3333 3744 3392 etiam.
3777 3330 3903 3394 lilia,
3929 3330 4126 3384 divinis
4154 3327 4454 3383 obedieudo
4484 3325 4776 3387 mandatis,
4806 3320 5036 3392 sapien-

3450 3424 3578 3476 tiam
3613 3422 3850 3490 posside,
3893 3431 3951 3475 ut
3976 3421 4244 3476 merearis
4264 3419 4330 3473 ad
4369 3418 4598 3473 salutem
4621 3416 4820 3469 anime
4843 3423 4955 3467 tum
4982 3421 5046 3466 et

3450 3515 3679 3569 terrenis
3709 3523 4082 3582 competenter
4116 3511 4339 3567 aﬂuere
4367 3519 4426 3566 et
4457 3510 4524 3566 de
4555 3506 4859 3562 trausitoril
4881 3504 5035 3574 ι’ηυὶ

3448 3603 3682 3658 culmine
3710 3605 3773 3658 ad
3804 3605 4028 3659 cmieste
4055 3601 4307 3655 transire.

3909 3732 4071 3804 ια
4119 3730 4452 3786 ΕΡΙΒΤῡιΔ
4495 3727 4564 3782 x.

3519 3839 3585 3876 AD
3617 3837 3993 3878 ωτιιηευωι
4033 3837 4205 3876 υυειι
4246 3836 4314 3875 ιτ
4355 3831 4698 3874 IIICIlom
4733 3828 4967 3871 τυκιι.

3452 3913 3846 3972 Aacuunruu.
3889 3944 3956 3953 —
3999 3913 4110 3966 IIac
4154 3909 4381 3979 epistola
4429 3905 4922 3979 Gothil‘redotluci
4947 3913 5064 3979 ,εει

3524 3985 3821 4037 tuarchioni
3871 3983 4081 4042 scribit.
4121 3973 4458 4051 se'graviter
4490 3975 4792 4051 tulis_se__ab
4819 3974 4916 4051 illo

3519 4056 3735 4108 daloum
3763 4042 4301 4120 pseudopontillcein,
4331 4049 4423 4117 qui
4466 4064 4495 4101 a
4519 4042 5050 4120 mtholica_rdigio-

3522 4141 3588 4178 ne
3616 4110 3907 4183 deiecerat,
3967 4110 4200 4189 hospitio
4244 4110 4527 4189 acceptum
4561 4130 4719 4178 eme;
4759 4110 5052 4189 idque'fa—

3519 4196 3673 4247 cinus
3700 4181 3944 4260 pluribus
3970 4181 4250 4244 sacrarum
4299 4181 4603 4260 litterarum
4630 4181 4899 4251 exemplis
4925 4197 5048 4260 atu-

3520 4251 3745 4332 plilicat,
3774 4265 4130 4327 admonetque
4170 4267 4230 4311 ut
4267 4258 4487 4332 culpam
4545 4261 4823 4332 agnoscat:
4864 4261 4921 4332 et

3522 4320 3918 4402 'crymis'deleat
3943 4320 4244 4397 iterumque
4267 4327 4319 4380 iu
4347 4320 4658 4396 gnum‘s.
4683 4322 4750 4376 Β.
4779 4320 5052 4377 Eccl-ia

3519 4404 3726 4456 redeat.

1772 4494 2082 4594 digentibus
2147 4499 2516 4594 muuiiicentia
2572 4503 2674 4594 pic
2705 4502 3057 4594 liberalitatis
3103 4505 3350 4575 aﬂluerc,
3379 4535 3426 4594 ι)
3523 4515 3729 4569 υοωηο
3765 4513 4140 4573 Gannasco.
4179 4507 4638 4565 excellentissimo
4663 4507 4784 4561 duci
4810 4515 4872 4560 et
4895 4520 5068 4560 mah-

1773 4583 2137 4642 devotissima:
2177 4590 2442 4646 orationis
2471 4593 2672 4646 studiis
2703 4593 2980 4659 insudare,
3006 4611 3103 4666 pro
3140 4596 3346 4652 violen-

1753 4684 1859 4731 _ter
1877 4679 2151 4747 oppressis
2200 4681 2306 4735 vim
2333 4681 2687 4739 districtionis
2713 4700 2989 4751 exercere,
3032 4689 3352 4757 czeterisque

1775 4765 1930 4821 bonis
1965 4769 2237 4838 operibus,
2282 4772 2336 4826 in
2361 4784 2620 4843 quantum
2674 4775 2769 4830 tibi
2811 4779 3089 4846 competit,
3115 4777 3349 4834 omcium

1778 4857 1942 4926 regia:
1994 4860 2274 4928 dignitatis
2327 4863 2894 4941 implereJlortam'ur
2928 4868 3108 4939 igitur,
3137 4878 3195 4923 ut
3224 4886 3348 4925 eum

1773 4964 1956 5020 quem.
1986 4952 2094 5007 Deo
2137 4955 2452 5026 inspirante,
2483 4961 2650 5015 semel
2697 4962 2938 5032 ingressa
2962 4980 3041 5030 es,
3069 4968 3344 5024 traml1em

1776 5048 1998 5096 teneas:
2033 5043 2553 5118 iuvictissimumque
2600 5050 2774 5104 virum
2823 5063 2992 5120 tuum,
3035 5055 3201 5111 lilium
3248 5075 3346 5114 no-

1779 5136 1953 5183 strum
2001 5143 2194 5212 regem
2214 5135 2279 5189 ad
2311 5136 2948 5213 pietatis’atquitatisque
2986 5144 3349 5214 gubernacula

1781 5218 2130 5286 moderanda,
2157 5233 2465 5296 statumque
2504 5227 2759 5286 Ecclesiae
2790 5219 3131 5290 retinendum
3153 5252 3351 5305 provo-

1778 5325 1907 5365 care
1927 5316 2238 5368 contendas.
2266 5315 2326 5370 Si
2351 5318 2496 5371 enim
2558 5320 2860 5390 eloquentia
2885 5325 3098 5395 Abigail
3128 5330 3350 5385 stultum

1780 5396 1951 5455 Nabal
1995 5400 2063 5456 ah
2115 5403 2401 5469 irascentis
2456 5409 2625 5465 David
2651 5411 2826 5482 gladio
2855 5419 3091 5472 servavit
3124 5420 3351 5477 illzsum

1779 5485 1832 5580 (I
1862 5487 1990 5561 Reg.
2019 5492 2111 5565 It);
2146 5507 2348 5566 quanto
2368 5500 2539 5571 magis
2558 5511 2745 5556 sancta
2766 5503 2981 5561 (levatio
3008 5517 3095 5562 tua
3118 5513 3352 5580 pruden-

1781 5578 2069 5650 tissimum,
2102 5587 2276 5644 virum
2311 5599 2458 5645 tuum
2489 5592 2686 5649 divinis
2712 5593 2899 5652 reddet
2931 5578 3206 5654 obtutibus
3228 5619 3353 5675 gra—

3453 4608 3655 4668 cbioni.
3708 4607 3924 4661 l‘zrsus
3977 4613 4235 4675 peccator
4282 4604 4588 4658 monachus
4626 4600 4726 4654 seli
4773 4599 5051 4654 ferventia

3451 4698 3787 4766 obloquium.

3523 4788 3668 4843 Nova
3697 4802 3870 4857 nuper
3897 4797 3950 4840 et
3983 4785 4220 4838 inaudita
4272 4784 4340 4840 de
4370 4783 4524 4838 vobis
4553 4781 4695 4852 apud
4743 4794 4846 4835 nos
4896 4779 5052 4834 fama

3452 4877 3776 4949 percrebuit.
3802 4891 3921 4944 qua
3947 4874 4100 4927 nobis
4123 4887 4226 4927 non
4262 4874 4413 4942 parvi
4443 4872 4698 4927 mmroris
4719 4869 5052 4924 πιθα-ιω,-

3455 4966 3655 5028 intulit,
3686 4966 3896 5019 viscera
3930 4962 4243 5018 tremefacta
4275 4963 4574 5025 concussit,
4622 4976 4684 5016 os
4730 4968 4993 5013 nostrum
5019 4975 5056 5013 a

3455 5057 3614 5113 solita
3637 5056 3824 5126 gloria:
3851 5063 4040 5107 vestra:
4062 5053 4216 5107 laude
4241 5053 4597 5121 cornpexuit,
4619 5059 4675 5104 et
4701 5047 5050 5103 tabefactis-

3456 5165 3570 5212 cor,
3604 5148 3748 5201 velut
3777 5145 4091 5200 acutissimo
4129 5144 4331 5199 doloris
4379 5145 4553 5198 intimi
4578 5144 4814 5214 pugibne
4863 5151 5051 5195 trala-

3457 5239 3610 5295 l’odit.
3668 5237 3774 5292 Vos
3837 5237 4042 5290 scilicet
4089 5237 4526 5291 communicasse
4601 5247 4726 5289 cum
4773 5232 5050 5292 Cadaloo.

3460 5348 3640 5403 quem,
3669 5343 3726 5386 ut
3755 5332 3955 5402 liquido
3981 5331 4176 5395 nostis,
4198 5329 4310 5396 jam
4350 5331 4562 5384 dudum
4586 5329 4922 5384 universalis
4949 5327 5052 5383 εο-

3459 5422 3642 5486 clesia,
3676 5431 3930 5491 tanquam
3955 5423 4152 5477 Iethale
4179 5423 4328 5476 virus
4355 5422 4618 5486 evomuit,
4651 5429 4728 5482 et.
4759 5429 4820 5473 ut
4853 5435 5052 5474 revera

3459 5515 3731 5585 putridum
3781 5514 4103 5578 membrum,
4141 5515 4207 5568 de
4256 5514 4490 5583 propriis
4517 5511 4823 5567 visceribus
4861 5526 5054 5582 ampu-

3462 5607 3614 5672 tavit,
3647 5606 3699 5659 in
3747 5604 4064 5676 gehennth
4093 5603 4337 5659 barathri
4383 5600 4654 5674 profunda
4682 5599 4974 5666 demes-sit.
4993 5613 5052 5655 et

1853 5744 2005 5819 (ιοι)
2044 5747 2250 5809 Annam
2281 5750 2497 5812 Ileurici
2523 5757 2666 5827 regis
2681 5773 2923 5827 uxorem,
2960 5759 3187 5833 Philippi
3218 5763 3342 5820 item
3381 5764 3524 5836 regis
3553 5771 3783 5820 matrem
3815 5759 4154 5817 crediderim.
4234 5803 4245 5810 .
