5428 6580
190 391 316 449 “9

1379 385 1584 442 LIBER
1627 385 1994 456 SEPTIMUS,
2033 386 2252 446 EPIST.
2294 392 2430 448 XIII.

3414 406 3522 468 J50

191 504 370 576 quasi
394 511 606 561 stercus
631 500 907 558 hominum
937 500 1077 558 intra
1096 499 1310 556 latrina:
1334 501 1620 557 cuniculos
1639 500 1803 556 ohru-
1835 510 1879 566 Α
1912 514 2063 562 tuum
2094 515 2152 563 ut
2191 508 2503 578 requireres
2535 509 2824 566 Dominum
2859 512 3027 568 Deum
3057 523 3272 584 patrum
3301 522 3522 572 tuorum

193 605 350 660 tum,
392 610 463 650 ne
508 592 732 650 naribus
759 591 1038 646 hominum
1066 592 1134 646 de
1162 599 1366 647 exetero
1415 591 1605 657 feteat,
1636 594 1805 662 spira-

193 698 336 739 men
369 683 622 739 obstruit.
653 681 790 736 Huic
815 682 1000 752 itaque
1030 681 1121 735 tali
1153 681 1270 736 viro
1296 692 1533 754 vestram
1563 697 1814 736 comnm-

194 773 426 828 nicasse
473 769 839 843 prudentiam,
891 770 1131 825 fossores
1165 770 1219 825 in
1275 785 1431 842 agro,
1473 780 1808 825 mercatores

193 861 260 915 in
297 860 440 924 foro,
485 860 686 915 milites
735 858 1105 914 vociferantur
1138 859 1190 913 in
1227 859 1465 930 publico.
1499 859 1640 927 Heu,
1668 864 1808 931 proh

186 951 364 1006 dolor
393 951 406 1003 ε
442 950 525 1004 vir
557 948 1008 1012 eminentissime,
1038 948 1128 1004 ubi
1162 957 1290 1003 tunc
1318 958 1478 1003 erant
1507 950 1704 1005 uberes
1730 951 1804 1005 illi

195 1039 574 1109 Iacrymarum
610 1040 732 1105 rivi,
755 1053 893 1106 quos
934 1039 1077 1092 velut
1107 1049 1425 1103 torrentem,
1478 1039 1545 1094 de
1581 1035 1803 1096 ferven-

196 1131 420 1186 tissima
451 1132 524 1201 pii
552 1130 789 1200 pectoris
812 1144 1180 1184 consueveras
1209 1130 1483 1185 charitate
1511 1130 1808 1200 profunde-

193 1236 284 1288 re,
310 1231 390 1286 et,
415 1222 584 1277 sancti
610 1220 846 1291 Spiritus
869 1235 1056 1276 amore
1082 1235 1397 1286 succensus,
1423 1237 1529 1277 non
1549 1225 1806 1278 cessabas

192 1315 509 1371 madefacta
553 1313 768 1370 ﬂetibus
788 1329 884 1369 ora
919 1314 1142 1385 rigare?
1169 1314 1412 1371 Huccine
1441 1316 1644 1371 redacti
1676 1326 1806 1372 sunt

191 1405 670 1478 eleemosynarum
700 1405 726 1460 f
725 1414 930 1470 ructus,
949 1405 1149 1475 quibus
1164 1407 1354 1476 utique
1369 1421 1466 1477 per
1480 1408 1800 1463 continuum

189 1501 690 1572 quadragesimalis
731 1500 926 1571 jejunii
973 1515 1198 1556 cursum
1247 1501 1490 1556 liberalis
1542 1502 1803 1572 piissima:

186 1593 506 1647 clementia:
552 1602 657 1647 tute
682 1591 930 1662 largitas,
975 1606 1080 1646 non
1122 1591 1285 1646 modo
1324 1592 1687 1662 indigentium
1717 1608 1802 1647 re-

189 1686 410 1740 creavit
465 1684 720 1754 inopiam,
757 1685 850 1739 sed
891 1685 1056 1738 etiam
1094 1685 1162 1739 ad
1195 1685 1366 1739 nostri
1418 1684 1802 1754 Redemptoris

184 1777 505 1846 exemplum
529 1776 774 1846 et.pedes
806 1775 952 1837 lavit,
983 1783 1040 1830 et
1062 1775 1246 1830 οεουιι.
1273 1773 1512 1844 deﬁgere
1537 1790 1646 1830 non
1670 1790 1801 1830 eru-

1914 595 2002 668 (ll
2036 597 2226 652 Paral.
2254 599 2393 669 XIX).
2429 623 2448 653 ο
2491 600 2631 657 Hinc
2659 610 2741 658 est
2769 605 2916 673 quod
2948 604 3157 668 Achab,
3189 606 3315 676 quia
3351 606 3531 663 Bene-

1913 687 2020 743 dab
2069 702 2251 759 regem
2302 688 2494 762 Syriae,
2555 707 2719 762 quem
2763 693 2908 748 bello
2957 696 3318 760 contriverat,
3367 698 3525 754 aliire

1911 779 2437 849 permisit'illaesum,
2466 796 2534 837 ex
2560 797 2657 838 ore
2680 785 2960 853 prophetm
2986 786 3131 854 quod
3155 785 3376 856 dignum
3399 800 3521 844 erat

1911 871 2118 926 audivit
2162 889 2177 926 :
2225 891 2244 922 ι
2291 871 2430 939 Quia
2473 874 2751 940 dimisisti,
2811 877 3011 946 inquit,
3062 878 3239 931 virum
3295 879 3518 949 dignunt
3569 900 3585 920 ε

1911 970 2088 1016 morte
2114 961 2181 1017 de
2207 978 2371 1018 manu
2408 972 2522 1030 tua,
2549 966 2654 1020 erit
2683 967 2866 1020 anima
2911 976 2997 1020 tua
3035 983 3133 1036 pro
3169 969 3350 1022 anima
3375 970 3516 1040 ejus,

1909 1060 1966 1103 et
1996 1050 2232 1120 populus
2262 1059 2389 1106 tuus
2411 1067 2510 1122 pro
2537 1053 2738 1122 populo
2756 1054 3011 1124 ejusUll
3037 1055 3165 1125 Reg.
3189 1059 3306 1126 xx).
3331 1077 3350 1110 ι
3378 1057 3520 1116 Hinc

1908 1148 1992 1193 est
2019 1140 2163 1209 quod
2192 1139 2324 1194 Saul
2353 1155 2580 1211 regnum
2611 1142 2870 1212 perdidit,
2911 1146 3172 1214 quoniam
3199 1146 3366 1216 impie
3396 1148 3522 1217 pius

1909 1227 1963 1282 in
1994 1226 2148 1299 Agag
2191 1244 2376 1298 regem
2418 1230 2704 1296 Amalech,
2747 1233 2890 1289 sicut
2919 1235 3143 1306 dignum
3173 1235 3375 1302 fuerat,
3411 1255 3513 1294 nor

1907 1318 2207 1374 vindicavit
2235 1318 2288 1389 (1
2310 1317 2439 1390 Reg.
2467 1321 2584 1390 xv).
2611 1321 2766 1389 Quod
2793 1324 2836 1378 si
2860 1340 3015 1379 suam
3042 1341 3188 1382 nunc
3213 1327 3267 1382 in
3294 1337 3346 1382 te
3373 1329 3515 1386 Deus

1906 1407 2258 1479 omnipotens
2285 1410 2661 1479 expostularet
2686 1411 2965 1482 injuriam,
2998 1425 3054 1469 et
3079 1417 3224 1472 hanc
3256 1417 3350 1472 tibi
3386 1435 3512 1488 pro-

1906 1507 2135 1568 poneret
2178 1500 2398 1569 dignam
2449 1501 2811 1559 retributione
2837 1505 3122 1574 querelam
3170 1522 3272 1578 ego
3315 1519 3388 1574 te,
3429 1509 3507 1563 in-

1905 1590 2118 1659 quiens,
2148 1605 2262 1660 prze
2291 1590 2504 1646 cunctis
2535 1593 2688 1664 regni
2719 1594 2796 1648 tui
2825 1595 3164 1665 principibus
3195 1599 3388 1665 extuli,
3412 1615 3512 1672 ego

1906 1695 2006 1750 per
2052 1689 2284 1736 cunctos
2334 1682 2570 1738 Romani
2626 1684 2766 1741 ﬁnes
2808 1686 3020 1757 imperii
3054 1688 3320 1760 insignem
3353 1701 3518 1763 atque

1907 1773 2258 1843 conspicuum
2284 1775 2570 1841 constitui,
2631 1791 2732 1848 ego
2777 1779 2872 1834 tibi
2909 1780 2962 1835 in
3009 1784 3312 1853 peregrina:
3353 1796 3517 1842 terra:

189 1868 318 1922 buit
346 1869 370 1920 ?
404 1867 552 1922 Unde
608 1867 903 1922 timendum
939 1866 1094 1922 vobis
1129 1875 1214 1922 est
1238 1868 1384 1937 quod
1420 1881 1519 1937 per
1538 1865 1794 1937 Aggaeum
1825 1866 1874 1926 B
1903 1865 2152 1936 partibus
2187 1864 2358 1921 multo
2383 1865 2569 1936 plures
2598 1883 2762 1939 quam
2791 1872 2860 1927 de
2884 1881 3118 1943 paterno
3134 1874 3259 1943 jure
3289 1892 3516 1933 succes~

185 1959 264 2014 de
292 1958 384 2013 illo
405 1957 524 2013 viro
549 1958 788 2013 dicitur:
820 1977 840 2010 ι
872 1957 972 2027 Qui
1002 1959 1196 2014 habuit
1223 1958 1531 2029 pecuniam,
1571 1966 1627 2013 et
1649 1959 1800 2014 misit

188 2062 318 2102 eam
358 2048 412 2102 in
444 2048 722 2104 sacculum
748 2059 1031 2118 pertusum
1079 2049 1235 2121 (Agg.
1267 2049 1330 2120 ι).
1375 2069 1395 2101 ι
1425 2050 1482 2104 ln
1511 2059 1795 2120 pertusum

188 2136 398 2207 quippe
427 2138 702 2193 sacculum
728 2138 991 2208 quidquid
1014 2155 1114 2210 per
1141 2141 1255 2196 oris
1284 2142 1495 2196 aditum
1532 2141 1794 2210 mittitur,

190 2241 294 2296 per
321 2228 642 2297 irruptionis
673 2230 877 2284 exitum
901 2245 1128 2286 necesse
1152 2240 1236 2287 est
1265 2231 1536 2288 elabatur.
1567 2232 1635 2286 Et
1663 2232 1795 2303 quid

188 2319 443 2387 prodest,
485 2321 530 2373 si
569 2319 758 2388 primo
784 2333 882 2389 per
904 2321 1360 2391 constipationem
1393 2323 1639 2392 pecunia
1668 2338 1797 2377 cru-

192 2421 357 2460 mena
388 2417 682 2478 turgescat,
715 2417 771 2462 et
796 2424 894 2478 per
917 2410 1192 2480 jacturam
1223 2412 1448 2467 incuria:
1474 2412 1794 2468 vacuefacta

191 2513 323 2552 mox
349 2496 579 2554 folleat?
601 2498 668 2553 Et
700 2499 920 2570 quidem
943 2501 1206 2557 adversus
1227 2501 1624 2558 Antichristum
1646 2504 1794 2560 hunc

189 2589 428 2644 viriliter
453 2591 722 2646 dimicasti
746 2591 971 2663 ejusque
1008 2594 1296 2650 conatibus
1321 2595 1600 2665 sacrilegis
1629 2608 1794 2667 atque

189 2681 488 2750 perversis,
535 2696 659 2737 cum
711 2683 1064 2738 serenissima
1093 2695 1260 2755 atque
1285 2685 1591 2740 clarissima
1621 2702 1791 2742 uxore

191 2779 285 2826 tua
344 2771 683 2843 frequentius
744 2774 1028 2840 obstitisti,
1072 2791 1216 2831 nunc
1239 2787 1422 2832 autem
1455 2779 1643 2833 nescio
1668 2780 1792 2847 quis

191 2872 398 2917 sancta:
443 2863 720 2935 religionis
753 2873 948 2919 vestra:
995 2880 1025 2919 c
1065 2866 1360 2920 nstantiam
1393 2866 1462 2920 ab
1487 2868 1797 2922 hacinten-

192 2954 341 3010 tione
363 2955 740 3025 compescuit,
773 2962 1098 3026 tantumque
1125 2957 1346 3013 virtutis
1391 2973 1457 3014 ac
1480 2959 1791 3015 severitatis

191 3046 434 3101 honestae
486 3048 718 3117 rigorem
777 3047 1037 3117 pestifera
1081 3050 1421 3122 suggerendo
1473 3051 1706 3106 mollivit
1733 3061 1790 3107 et

190 3137 348 3204 quasi
373 3146 610 3208 emptum
635 3153 772 3210 opus
793 3141 1029 3196 obruere
1047 3141 1344 3211 persuasit.
1381 3142 1533 3198 Unde
1557 3152 1613 3199 et
1635 3143 1790 3199 Salo-

1901 1958 2049 2013 sivas
2091 1957 2314 2015 divitias
2361 1961 2592 2029 contuli,
2623 1963 2944 2036 nullumque
2977 1977 3052 2033 te,
3091 1979 3290 2038 prater
3315 1971 3516 2042 regalis

1898 2047 2116 2119 imperii
2166 2049 2557 2119 principatum,
2594 2068 2704 2108 non
2733 2056 2912 2110 dicam
2953 2061 3284 2126 pnecedere,
3316 2062 3412 2116 sed
3444 2077 3516 2119 ne

1899 2142 1984 2197 vel
2031 2144 2373 2214 aequiparare
2431 2147 2678 2215 permisi.
2723 2148 2877 2216 Quod
2929 2154 2976 2207 si
3005 2153 3122 2208 haec
3156 2170 3330 2224 pauca
3361 2167 3513 2222 sunt,

1900 2232 2039 2288 adde
2063 2235 2208 2304 quod
2234 2243 2292 2290 et
2314 2236 2459 2290 acuti
2490 2237 2674 2293 cordis
2722 2239 2999 2311 ingenium
3023 2252 3079 2298 et
3101 2243 3411 2302 facundiam
3440 2250 3512 2305 ad

1899 2324 2250 2392 loquendum.
2300 2333 2355 2380 et
2388 2328 2534 2380 vires
2557 2329 2626 2383 ad
2666 2328 2980 2387 bellandum
3007 2335 3205 2389 tradidi
3244 2351 3310 2393 ac
3340 2340 3515 2411 rigida

1898 2415 2194 2468 multorum
2216 2416 2458 2471 hostium
2491 2420 2723 2488 pedibus
2754 2424 2861 2478 tuis
2892 2425 3030 2480 colla
3065 2428 3361 2484 substravi.
3394 2431 3510 2502 Ego

1897 2501 1994 2556 tibi
2049 2503 2166 2558 haec
2210 2504 2394 2559 omnia
2422 2520 2548 2561 cum
2579 2509 2768 2567 inultis
2798 2513 3037 2570 aliarum
3073 2517 3337 2573 virtutum
3362 2501 3508 2576 doti-

1895 2590 1998 2646 bus
2043 2593 2272 2660 contuli,
2327 2604 2385 2650 et
2431 2605 2487 2650 tu
2518 2599 2899 2657 adversarium
2936 2620 3117 2660 meum
3149 2623 3179 2662 a
3225 2625 3312 2664 me
3333 2611 3517 2682 proje-

1895 2691 2070 2750 ctum,
2102 2698 2134 2738 a
2157 2687 2423 2742 membris
2448 2689 2589 2745 meis
2617 2707 2847 2761 prorsus
2874 2697 3206 2768 abscissum,
3230 2705 3515 2761 communi

1894 2777 2244 2833 sacerdotum
2271 2794 2518 2836 meorum
2545 2787 2816 2842 sententia
2842 2791 3266 2848 condemnatum
3293 2796 3344 2848 in
3365 2812 3513 2852 com.

1893 2871 2212 2924 munionem
2263 2873 2544 2943 suscipere
2591 2877 2880 2933 decrevisti
2910 2881 2933 2934 ?
2961 2880 3018 2936 Si
3063 2882 3201 2949 haec,
3252 2887 3507 2957 inquam,

1897 2959 1991 3014 tibi
2024 2961 2166 3017 Deus
2201 2977 2301 3032 per
2331 2966 2715 3037 semetipsum,
2775 2970 2861 3024 vir
2890 2971 3144 3043 insignis,
3181 2983 3505 3046 opponeret,

1893 3054 2022 3122 quid
2052 3059 2425 3114 excusationis
2448 3060 2816 3118 obtenderet?
2842 3067 2988 3134 quod
3023 3068 3508 3137 tergiversationis

1896 3144 2175 3216 aufugium
2203 3150 2506 3218 prudentia:
2550 3159 2656 3206 tua:
2673 3153 2959 3210 subtilitas
3003 3157 3324 3212 inveniret'?
3357 3158 3506 3228 Haec,

191 3241 317 3281 mon
342 3229 419 3283 ait
452 3247 464 3283 :
504 3247 523 3280 ς
553 3229 655 3298 Qui
683 3232 859 3287 mollis
882 3241 937 3288 et
962 3233 1258 3289 dissolutus
1277 3243 1361 3289 est
1385 3235 1440 3290 in
1466 3249 1633 3304 opere
1661 3251 1782 3300 suo,
1814 3228 1858 3294 C
1891 3243 1946 3290 et
1979 3236 2065 3291 bis
2097 3238 2320 3304 similia,
2349 3255 2472 3308 qua:
2505 3242 2600 3297 tibi
2627 3256 2881 3312 possent
2931 3247 3118 3318 ohjici,
3149 3249 3236 3304 vir
3267 3250 3505 3321 insignis

190 3318 364 3375 frater
383 3329 467 3377 est
492 3337 590 3378 sua
614 3338 777 3392 opera
801 3323 1116 3395 dissipantis
1142 3324 1328 3396 (Prov.
1357 3328 1538 3402 xvm).
1571 3349 1592 3382 ι
1623 3329 1786 3401 255

191 3408 327 3475 Quia
354 3413 602 3468 videlicet
629 3415 909 3486 quicmpta
937 3418 1082 3472 bona
1109 3419 1356 3476 districte
1388 3436 1496 3476 non
1527 3424 1786 3493 exsequi-

192 3508 300 3565 tur,
317 3502 665 3561 dissolutione
681 3507 1022 3578 negligentia:
1050 3527 1274 3568 manum
1303 3514 1640 3572 destruentis
1667 3517 1788 3572 imi-

193 3600 358 3648 tatur.

261 3704 356 3761 Dic
381 3708 535 3774 mihi,
560 3711 643 3764 vir
681 3713 990 3784 magnifice,
1027 3716 1072 3770 si
1104 3718 1227 3788 quis
1260 3720 1507 3776 honestis
1537 3738 1600 3777 ac
1628 3723 1788 3792 pudi-

193 3793 425 3849 cissimis
462 3797 715 3855 thalamis
765 3802 870 3855 tuis
926 3803 1132 3861 inferre
1173 3807 1455 3864 moliretur
1503 3811 1782 3881 injuriam,

193 3885 311 3952 quis
340 3891 680 3944 necessarius
716 3899 858 3955 tuus,
899 3895 1022 3963 quis
1071 3897 1406 3954 domesticus
1443 3904 1672 3957 auderet
1708 3905 1783 3957 illi

194 3975 553 4034 familiaritate
584 3980 837 4053 conjungi
872 3985 896 4037 ?
923 3986 1055 4053 Quis
1105 3988 1318 4045 illorum
1344 4004 1699 4062 prazsumeret
1727 3995 1780 4049 in

195 4067 443 4123 amicitize
492 4070 696 4127 findere
747 4076 1038 4144 copulari?
1069 4079 1124 4134 Si
1154 4097 1286 4152 ergo
1334 4084 1498 4139 homo
1531 4100 1656 4139 eum
1680 4086 1779 4140 ad-

191 4160 428 4215 versario
454 4161 653 4217 domini
679 4165 762 4218 sui
811 4170 1118 4224 concordia:
1158 4171 1336 4228 ftedus
1372 4175 1512 4229 inire
1541 4191 1648 4230 non
1681 4192 1779 4231 au-

194 4249 300 4311 det.
323 4266 430 4319 quo
463 4261 620 4321 pacto
642 4255 949 4313 sublimitas
977 4267 1066 4315 tua
1097 4261 1175 4316 illi
1230 4268 1644 4320 communicare
1669 4283 1776 4323 non

195 4340 387 4405 timuit,
413 4343 504 4410 qni
529 4359 782 4414 sponsam
810 4347 1038 4413 Christi,
1078 4363 1322 4409 sancmm
1352 4356 1560 4412 scilicet
1590 4357 1776 4412 Eccle-

196 4430 339 4492 siam,
395 4434 546 4501 quasi
593 4451 690 4505 per
732 4438 953 4494 obsceni
1000 4441 1253 4499 lenocinii
1289 4456 1540 4518 stuprum
1568 4451 1776 4508 violare

194 4524 528 4592 prmsumpsit
555 4525 580 4578 ἲ
605 4525 702 4581 Dei
728 4531 927 4598 quippe
950 4532 1124 4588 hostis
1153 4551 1275 4592 esse
1295 4539 1654 4604 convincitur,
1681 4543 1772 4612 qui

195 4610 302 4679 ejus
346 4612 565 4669 inimico
615 4615 669 4670 in
715 4620 955 4676 amicitia
1005 4625 1264 4681 sociatur.
1313 4628 1451 4684 Hinc
1494 4641 1598 4695 est,
1626 4610 1770 4703 quod

196 4714 306 4754 cum
359 4701 540 4757 Joram
587 4720 680 4761 rex
723 4709 908 4775 Israel,
952 4714 1038 4768 vir
1068 4716 1256 4786 utique
1296 4701 1774 4787 funestus,etrim-

195 4791 320 4861 pius,
361 4794 595 4852 Eliseum
627 4801 956 4871 consuleret,
1007 4808 1236 4865 dicens:
1273 4832 1292 4864 ι
1329 4813 1508 4880 Quare
1540 4833 1771 4890 congre-

195 4883 329 4950 gavit
379 4884 641 4944 Dominus
692 4901 801 4948 tres
847 4910 1003 4964 reges
1050 4900 1173 4965 hos,
1226 4912 1285 4957 ut
1332 4906 1571 4963 traderet
1597 4883 1692 4965 eos
1717 4912 1770 4965 in

195 4989 399 5028 manum
422 4977 620 5034 Moab?
650 5002 668 5035 ι
698 4982 1000 5055 Respondit
1023 4990 1228 5047 Eliseus
1257 5011 1270 5046 :
1301 5012 1320 5045 ε
1352 4996 1772 5056 VivitDominus

195 5067 537 5143 exercituum,
590 5071 643 5124 in
699 5074 854 5143 cujus
898 5091 1191 5148 conspectu
1242 5095 1350 5150 sto,
1408 5089 1553 5155 quod
1583 5089 1626 5142 si
1661 5105 1767 5144 non

195 5152 384 5210 vultum
425 5155 680 5229 Josaphat
728 5162 892 5237 Regis
920 5167 1070 5226 Juda:
1113 5152 1522 5244 erubescerem,
1557 5195 1658 5235 nec
1687 5191 1771 5236 at-

198 5249 468 5305 tendissem
498 5256 711 5323 quidem
742 5268 817 5324 te,
851 5275 950 5316 nec
980 5267 1338 5334 respexissem
1363 5267 1418 5339 (Ι
1436 5269 1609 5342 Vﬂeg.
1627 5273 1763 5344 111).»

197 5337 319 5396 llinc
361 5354 460 5407 est,
521 5351 665 5417 quod
711 5352 885 5406 eidem
917 5353 1180 5426 Josaphat
1232 5337 1771 5431 quia'auxiliahatur

195 5431 381 5528 Achab,
400 5437 535 5494 Jehu
567 5439 706 5498 filius
731 5443 986 5508 Humani.
1017 5453 1277 5521 propheta
1305 5455 1507 5510 dixisse
1533 5457 1763 5528 legitur:

204 5541 220 5572 r
250 5523 404 5595 Impio
447 5531 654 5597 prmbes
697 5537 960 5592 auxilium
1007 5549 1063 5594 et
1089 5543 1174 5597 his
1201 5545 1291 5613 qui
1325 5545 1555 5600 oderunt
1583 5523 1766 5602 Domi-

198 5629 308 5668 num
359 5619 598 5676 amicitia
629 5622 894 5695 jungeris,
929 5629 1135 5687 idcirco
1179 5634 1316 5689 iram
1346 5636 1560 5692 Domini
1592 5654 1764 5694 merc-

197 5701 349 5769 bcris;
391 5709 486 5763 sed
537 5711 672 5767 bona
720 5729 884 5785 opera
915 5718 1133 5775 inventa
1181 5734 1306 5778 sunt
1337 5725 1389 5780 in
1424 5735 1496 5792 te,
1525 5743 1592 5783 eo
1621 5731 1764 5799 quod

196 5796 460 5856 abstuleris
490 5801 641 5859 lucos
681 5807 745 5861 de
773 5816 916 5864 terra
950 5809 1108 5880 Juda,
1141 5825 1188 5870 et
1245 5822 1642 5888 praeparaveris
1667 5838 1762 5877 cor

1803 4583 1853 4642 D

1893 3335 2056 3400 atque
2097 3327 2373 3394 sublimis,
2418 3333 2686 3398 attende;
2747 3343 2931 3391 reatus
2970 3337 3196 3394 admissi
3228 3341 3502 3411 piaculum

1889 3416 2067 3487 digna:
2114 3420 2456 3487 ptenitcntia:
2497 3419 2714 3478 ﬂetibus
2755 3426 2916 3482 ablue
2951 3445 2964 3481 :
2996 3428 3216 3486 letbalis
3245 3434 3509 3490 amicitia:

1890 3507 2068 3566 fmdus
2121 3513 2406 3583 abrumpe,
2449 3524 2501 3570 te
2549 3516 2846 3587 deliquisse
2873 3520 3052 3592 palam
3084 3525 3341 3579 omnibus
3373 3542 3508 3582 con-

1889 3603 2066 3666 fitere,
2094 3613 2151 3658 et
2180 3606 2235 3659 in
2261 3607 2493 3677 gratiam
2538 3610 2685 3664 sedis
2733 3614 3069 3682 apostolicae,
3119 3615 3274 3686 cujus
3310 3619 3517 3677 nobilis

1887 3703 1944 3748 et
1963 3695 2260 3765 pmeclarus
2290 3713 2350 3752 es
2380 3698 2545 3765 filius,
2572 3701 2676 3757 sub
2699 3702 2987 3760 celeritate
3011 3717 3316 3775 revertere,
3339 3709 3510 3783 256

1887 3798 2160 3855 quatenus
2219 3789 2331 3858 qui,
2380 3791 2524 3860 quod
2558 3807 2587 3846 a
2616 3793 2882 3850 membris
2907 3795 3109 3852 diaboli
3151 3798 3506 3870 laudabatur,

1885 3876 2130 3946 explodis
2156 3895 2168 3932 :
2197 3879 2368 3951 (cum)
2389 3889 2446 3936 et
2472 3881 2584 3950 ipse
2606 3896 2705 3951 per
2730 3883 2966 3940 lamenta
2989 3889 3324 3956 pcenitentia:
3341 3906 3507 3961 spon-

1888 3973 1939 4020 te
1962 3970 2276 4040 corrigeris,
2310 3971 2472 4027 simul
2508 3987 2632 4027 cum
2666 3989 2794 4045 rege
2851 3968 3044 4041 David,
3077 3995 3184 4033 non
3219 3981 3380 4036 modo
3407 3998 3502 4038 ve-

1885 4058 2034 4113 niam
2061 4076 2090 4112 a
2124 4062 2253 4129 Deo,
2284 4065 2378 4118 sed
2402 4067 2710 4135 etgratiam
2731 4074 3093 4143 consequaris
3113 4073 3343 4145 (Illlcg.
3376 4077 3502 4147 xu).

1882 4150 2082 4207 Pareat
2108 4154 2190 4207 ori
2223 4169 2346 4211 meo
2363 4156 2679 4214 sublimitas
2703 4169 2820 4226 tua,
2851 4163 2938 4217 vir
2954 4166 3268 4236 magnifice,
3287 4183 3498 4222 necnon

1881 4241 2175 4297 adversum
2233 4254 2308 4310 te,
2353 4247 2451 4301 sed
2479 4263 2580 4317 pro
2625 4265 2686 4306 se
2714 4250 2956 4308 locutum
2984 4270 3107 4311 esse
3135 4256 3416 4325 conjiciat,
3447 4268 3504 4314 et

1880 4335 2106 4401 quod'a
2159 4351 2248 4391 me
2301 4338 2506 4393 dictum
2559 4351 2667 4408 est,
2723 4345 3086 4411 non‘livoris,
3135 4349 3218 4404 vel
3267 4350 3375 4404 odii
3414 4350 3501 4407 fo-

1881 4426 2066 4480 mitem
2093 4466 2108 4492 ,
2146 4429 2242 4483 sed
2278 4431 2625 4488 medicinalis
2675 4448 2824 4490 cura:
2856 4438 3038 4506 potius
3070 4441 3295 4508 deputet
3326 4441 3502 4496 ustio-

1880 4532 2024 4571 nem.

2451 4594 2794 4652 EPISTOLA
2841 4600 2930 4654 XI.

2507 4700 2576 4740 AD
2616 4704 2863 4745 EUIDEH.

2105 4764 2370 4837 (Habetin
2405 4785 2537 4831 tam.
2579 4778 2698 4843 Ill,
2742 4796 2924 4854 estque
2962 4804 3142 4858 opmc.
3185 4790 3301 4860 δῖ)

2434 4887 2774 4949 EPISTOLA
2820 4895 2934 4950 XII.

2504 4998 2573 5035 AD
2612 4999 2857 5039 EUIDEN.

2150 5065 2416 5137 (Habetur
2454 5080 2583 5123 (om.
2626 5071 2748 5138 Ill,
2791 5076 2846 5129 in
2887 5092 3072 5146 apusc.
3113 5080 3231 5152 57.)

2418 5161 2757 5220 EPISTOLA
2804 5167 2944 5223 XIII.

2077 5263 2145 5303 AD
2180 5265 2400 5306 ευκῐιει
2433 5269 2658 5318 ειυδρυε
2697 5273 2914 5313 υιοιιεκ
2957 5277 3288 5319 ΒΕΑΤΒΙΟΕΠ.

1877 5336 2300 5428 Ακαωιειῖῖυυ..
2323 5375 2395 5383 -
2412 5345 2574 5426 .Petit
2596 5357 2655 5418 ut
2681 5348 2871 5428 abbati
2893 5350 2951 5428 S.
2975 5351 3205 5411 Joannis
3233 5356 3387 5428 Bapti
3410 5343 3494 5414 {at

1950 5412 2235 5490 pecuniam
2282 5414 2550 5498 largiatur
2587 5415 2715 5498 qua.
2743 5421 3088 5498 bibliotbecm
3117 5412 3328 5495 empta;
3356 5412 3488 5498 pro;

1954 5480 2085 5560 tium
2116 5480 2426 5550 persolvere
2452 5480 2648 5568 possit,
2673 5489 2943 5569 simulque
2976 5480 3489 5569 hujusmddipi'c—ta-

1951 5550 2020 5604 tis
2045 5566 2270 5620 operum
2297 5550 2500 5624 quanta
2524 5560 2595 5612 sit
2625 5550 2831 5615 utilitas
2853 5550 3039 5617 docet.

1951 5641 2161 5699 Domno
2193 5645 2552 5704 Gormrazno
2570 5652 2873 5707 marchioni
2896 5663 2950 5708 et
2973 5655 3121 5720 duci,
3142 5667 3196 5711 ct
3215 5657 3475 5715 Benene:

1874 5735 2239 5793 serenissima:
2261 5740 2502 5813 conjugi,
2519 5740 2736 5799 Peritos
2754 5757 3012 5814 peccator
3030 5751 3328 5804 monachus
3348 5766 3473 5806 ora-

1873 5826 2095 5883 tionem.
