5428 6550
361 1095 368 1104 ι

341 1113 388 1146 ,ε’
399 1107 440 1156 ff”.
457 1113 464 1122 ‘

339 1157 366 1172 ..ξ
383 1157 410 1178 .;
469 1155 472 1158 '

352 1208 357 1209 ,
397 1199 436 1222 ﬂ“.

391 1225 407 1248 .’
451 1225 464 1246 δι’

385 1251 410 1282 ,ῖς
427 1253 436 1262 ⁹

364 1290 369 1301 l
389 1285 432 1302 ’⁸1⁸

403 1303 426 1322 ..ἱ

348 1377 472 1448 .

342 1458 343 1461 η

397 1493 436 1504 *1

383 1503 398 1546 ,ἶ
413 1507 444 1554 5;

362 1562 377 1597 .·
397 1561 474 1608 ag.»

427 1611 434 1618 .
451 1609 478 1618 -..

346 1607 460 1669 ρθξεξι

350 1705 438 1738 Ur:
463 1705 472 1714 ”

362 1746 375 1763 ’.
435 1741 454 1764 ιτ·
467 1761 472 1766 .

344 1761 474 1809 εικῆ-ΤΞ

342 1806 375 1833 ἑκ
405 1795 428 1820 "'
439 1803 462 1834 -ιῖ

367 1855 378 1868 ι.
401 1841 438 1870 -τῖ.

342 1872 351 1879 μ
399 1873 432 1890 μ

1798 402 1903 463 ὁδί

2344 398 2638 456 δρρετιιι
2681 395 2963 454 DAIIANI
3002 394 3155 452 OPP.
3195 394 3377 452 PARS
3412 394 3545 453 8Εο
3585 394 3819 453 τοιιυε»
3848 395 3886 450 Ι.
3928 426 3993 436 —-
4018 394 4230 452 EPIST.
4271 395 4399 452 LIB.
4446 397 4575 453 VIII.

1871 518 2044 574 Pilius
2095 517 2182 573 hic
2231 525 2431 576 noster.
2482 514 2651 569 abbas
2699 512 2945 567 videlicet
2980 513 3289 567 monasterii
3315 510 3373 566 S.
3407 523 3448 576 Α
3481 511 3744 581 siquidem
3795 526 3985 581 parva,
4035 514 4128 567 sed
4179 511 4490 575 lructil'ua;
4535 510 4685 566 abies
4736 521 4917 568 autem
4963 524 5045 569 est

1803 609 2029 665 Joannis
2081 606 2355 675 Baptista.
2407 605 2789 659 bibliothecam
2816 604 2967 667 emit,
2994 603 3085 656 sed
3106 603 3230 671 quia
3265 618 3370 657 non

1799 706 1979 769 potest
2022 695 2254 766 pretium
2295 692 2472 762 iunpia
2524 692 2891 759 constrigente
2923 691 3255 758 persolvere.
3280 704 3375 749 ne-

1801 786 2056 843 cessitate
2084 782 2421 851 compellitur
2446 797 2475 835 a
2508 795 2596 835 me
2620 781 2908 835 reddenda
2936 779 3255 849 quantitatis
3277 795 3371 833 au-

1692 886 1709 911 ο
1798 875 1987 931 xilium
2016 872 2280 943 ﬂagitare.
2311 870 2416 927 Sed
2444 871 2589 941 quod
2618 870 2683 924 ad
2709 882 2948 939 prcsens
2980 868 3109 922 mihi
3137 884 3242 922 non
3270 868 3367 922 ad-

1794 968 1959 1039 iacet,
1986 964 2055 1019 ab
2075 965 2196 1019 aliis
2221 964 2471 1031 exigendi
2497 961 2769 1015 licentiam
2796 959 3011 1024 tribuo;
3041 960 3185 1028 quod
3215 976 3244 1012 a
3274 977 3369 1015 nov

1799 1055 1905 1119 his,
1952 1052 2212 1107 divitibus
2255 1052 2462 1107 scilicet
2507 1050 2781 1119 episcopis
2840 1064 2953 1103 non
2978 1052 3307 1118 assequitur,
3340 1066 3372 1103 a

1797 1146 1952 1200 vobis
1980 1144 2172 1199 saltem
2193 1143 2401 1210 exiguis
2427 1156 2490 1195 ac
2514 1139 2858 1210 pauperculis
2890 1140 2944 1192 in
2970 1138 3150 1207 aliqua
3176 1156 3371 1194 conso-

1800 1233 1959 1289 letur.
1986 1235 2137 1301 Quod
2164 1235 2207 1289 si
2237 1233 2367 1287 dicit
2405 1232 2599 1302 aliquit
2630 1250 2644 1285 :
2674 1230 2901 1286 Mundus
2951 1232 3240 1285 adversum
3276 1248 3374 1285 nos

1800 1327 1953 1394 furit,
2005 1326 2201 1382 bellum
2246 1326 2468 1396 ingruit,
2518 1334 2573 1380 et
2624 1338 2819 1379 vacare
2868 1339 2966 1377 nos
3002 1324 3066 1375 ad
3101 1323 3372 1376 oﬂcrenda

1799 1417 1911 1473 Deo
1964 1431 2190 1472 munera
2245 1432 2351 1471 non
2387 1417 2674 1487 permittit,
2705 1416 2887 1470 audiat
2923 1416 3045 1483 quia
3080 1414 3240 1468 losue
3267 1414 3371 1468 dux

1796 1504 1962 1561 Israel
1990 1506 2045 1559 in
2058 1505 2277 1559 deserto
2300 1506 2594 1576 pugnabat,
2608 1517 2663 1559 et
2683 1503 2959 1575 onsesin
2978 1513 3180 1565 monte,
3204 1504 3373 1556 mani-

1797 1593 1899 1650 bus
1921 1595 1974 1649 in
1995 1594 2193 1650 celum
2214 1596 2453 1650 extensis
2478 1594 2665 1649 orabat
2688 1593 2882 1661 (Exod.
2906 1598 3071 1661 xvii);
3098 1592 3213 1655 sed,
3237 1594 3373 1647 sicut

1800 1684 2081 1755 Scriptura
2111 1686 2375 1753 perhibet,
2429 1699 2550 1739 cum
2583 1685 2883 1737 remitteret
2911 1699 3101 1737 manus
3144 1683 3372 1751 ηομερ.

1799 1776 2089 1843 superabat
2117 1772 2407 1838 Amalech;
2436 1789 2557 1828 cum
2593 1789 2721 1828 vero
2751 1788 2943 1827 manus
2969 1775 3220 1841 erigi-ret,
3256 1788 3375 1825 cor-

3475 618 3720 672 procera.
3779 604 3873 657 sed
3931 603 4232 658 infecunda.
4290 604 4397 658 Sed
4458 604 4546 658 illa
4604 604 4844 673 quidem.
4906 606 5045 674 quod

3474 694 3652 747 minus
3682 691 3843 747 habet
3874 692 3926 746 in
3961 694 4172 755 robore,
4199 703 4515 761 competh
4561 694 4613 746 in
4659 707 4886 745 uvarum
4926 706 5045 762 prn-

3476 781 3753 835 luentium
3781 782 4060 843 ubertate;
4101 785 4202 836 ista
4227 798 4352 837 vero
4380 783 4505 837 licet
4537 783 4612 837 nil
4639 781 4885 838 conferat
4908 797 5047 836 men-

3474 873 3551 926 sis
3576 874 3867 941 erigendis.
3901 881 4081 927 tamen
4112 883 4193 926 est
4219 883 4343 943 apta
4379 872 4658 934 tracturis.
4687 883 4743 928 et
4768 873 4915 943 quod
4944 888 5044 926 non

3474 958 3703 1021 deliciis.
3731 962 3948 1013 exhibet
3987 960 4243 1013 aediliciis.
4296 960 4395 1015 Ubi
4423 970 4605 1015 autem
4646 961 4753 1015 duo
4786 961 4892 1015 ista
4918 976 5045 1017 cono

3473 1059 3717 1110 currunt,
3748 1050 4000 1101 nimirum
4048 1060 4102 1103 ut
4137 1050 4295 1103 simul
4335 1059 4390 1105 et
4426 1052 4725 1119 procerius
4754 1050 4968 1108 arboris
4992 1062 5043 1104 et

3474 1150 3769 1207 proventus
3802 1140 3869 1191 sit
3900 1138 4188 1197 libertatis.
4219 1150 4424 1208 quanto
4457 1142 4649 1201 rarior,
4681 1150 4833 1193 tanto
4864 1142 5047 1210 majori

3475 1242 3564 1279 res
3599 1237 3681 1279 est
3712 1229 3867 1295 digna
3901 1228 4177 1281 miraculo.
4214 1228 4325 1283 Hoc
4369 1230 4528 1298 igitur
4560 1231 4612 1282 in
4646 1230 4797 1283 vobis
4824 1232 5047 1299 gemina:

3472 1320 3658 1389 gratia:
3683 1322 3945 1388 reperitur
3975 1320 4201 1387 insigne,
4226 1333 4280 1375 et
4308 1322 4360 1375 in
4386 1320 4549 1375 Deum
4580 1322 4791 1377 scilicet
4822 1324 5043 1376 humilis

3474 1422 3536 1459 ac
3564 1418 3749 1459 sancta
3779 1409 4013 1469 devotio,
4041 1421 4091 1461 et
4122 1426 4248 1478 erga
4289 1412 4541 1462 mundum
4580 1412 4827 1465 sublimis
4866 1422 5051 1481 poten-

3476 1502 3561 1552 tiae
3586 1502 3869 1562 celsitudo,
3908 1511 3965 1553 ut
3997 1504 4099 1553 dici
4129 1517 4232 1554 non
4268 1503 4539 1555 immerito
4577 1502 4800 1558 valeatis
4828 1514 4883 1557 et
4919 1506 5053 1557 vitis

3473 1592 3698 1643 excelsa:
3746 1600 3799 1643 et
3848 1592 4054 1643 abietcs
4102 1590 4404 1644 fructuosae.
4460 1593 4535 1645 De
4578 1594 4839 1661 mysterio
4869 1604 5049 1648 autem

3476 1692 3675 1732 mutua:
3697 1682 4057 1739 continentiae.
4102 1697 4263 1749 quam
4293 1683 4431 1736 inter
4470 1697 4584 1743 vos,
4616 1684 4724 1738 Deo
4754 1693 4915 1747 teste.
4939 1699 5052 1739 aer—

3478 1774 3635 1830 vatis.
3669 1772 3758 1823 diu
3792 1786 3896 1833 me,
3923 1772 4113 1829 fateor.
4148 1773 4340 1841 duplex
4364 1774 4547 1842 opinio
4570 1776 4765 1838 tenuit,
4788 1784 4848 1829 ut
4876 1777 5047 1830 virum

1799 1865 1992 1918 ruebat
2036 1863 2315 1928 Amalech,
2367 1874 2424 1918 et
2462 1865 2714 1919 vincebat
2742 1864 2926 1919 Israel.
2954 1863 3087 1919 Hinc
3112 1867 3373 1934 propheta
3406 1865 3449 1923 Β
3479 1862 3695 1928 quidem
3729 1869 3878 1911 tuum
3911 1862 4209 1915 arbitrarer
4234 1863 4478 1918 hilariter
4501 1864 4602 1918 hoc
4628 1865 4904 1934 pudicitia
4936 1881 5049 1919 mu-

1798 1952 1933 2008 tlicit
1957 1970 1972 2006 :
2004 1970 2023 2004 t
2058 1950 2261 2008 Levate
2281 1954 2443 2007 corda
2473 1962 2649 2007 vestra
2673 1968 2796 2007 cum
2820 1954 3066 2007 manibus
3095 1955 3160 2006 ad
3204 1953 3373 2017 Deum

1800 2038 2019 2111 (Tereu.
2067 2042 2172 2110 ιιι).
2230 2060 2250 2092 ι
2296 2040 2404 2096 Cor
2449 2043 2645 2111 quippe
2667 2056 2792 2096 cum
2844 2043 3092 2095 manibus
3119 2043 3185 2095 ad
3211 2043 3375 2096 Deum

1801 2132 1945 2187 levat
1995 2133 2117 2201 qui,
2165 2132 2292 2193 dum
2344 2134 2648 2188 orationum
2698 2134 2809 2187 Deo
2847 2142 2971 2186 vota
3021 2134 3375 2201 pcrsolvit,ci

1798 2234 2036 2291 Quoque,
2071 2221 2154 2276 vel
2198 2222 2267 2277 ad
2289 2231 2607 2276 ornamenta
2627 2222 3006 2281 ecclesiarum.
3039 2222 3118 2275 vel
3157 2222 3224 2274 ad
3252 2223 3376 2275 sub-

1799 2310 1936 2365 sidia
1953 2326 2265 2379 pauperum,
2283 2310 2442 2381 357
2472 2326 2651 2366 rerum
2681 2327 2901 2365 suarum
2928 2312 3065 2365 dona
3099 2313 3376 2366 transmit-

1800 2401 1886 2455 tit.
1920 2400 2210 2456 luduatnus
2234 2418 2367 2472 ergo
2395 2402 2551 2456 nobis
2577 2402 2798 2456 loricam
2840 2402 3102 2456 bonorum
3126 2417 3371 2471 operum,

1797 2491 2055 2561 etjacula
2103 2507 2207 2546 non
2237 2493 2548 2547 timebimus
2599 2492 2904 2562 impiorum.
2941 2492 3092 2548 Unde
3118 2491 3371 2546 Salomon

1802 2579 1859 2635 in
1893 2580 2201 2636 Proverbiis
2230 2598 2243 2635 :
2274 2599 2293 2632 ι
2327 2580 2402 2635 Ne
2431 2596 2649 2651 paveas.
2696 2582 2892 2649 inquit,
2937 2582 3218 2651 repentino
3267 2592 3376 2635 ter-

1802 2683 1928 2724 rore
1980 2670 2251 2724 irruentes
2291 2670 2385 2726 tibi
2422 2679 2719 2740 potestates
2774 2672 3087 2740 impiorum,
3118 2673 3375 2726 Dominus

1796 2760 1945 2816 enim
1991 2760 2100 2815 erit
2136 2761 2190 2814 in
2226 2760 2393 2816 latere
2429 2770 2520 2815 tuo
2548 2771 2602 2815 et
2653 2762 2922 2816 custodiet
2974 2762 3164 2827 pedem
3202 2770 3369 2821 tuum.

1800 2863 1870 2904 ne
1898 2850 2131 2918 capiaris
2153 2846 2334 2916 (Prov.
2361 2850 2461 2917 ιιι).
2501 2869 2519 2901 ι
2559 2849 2711 2904 Unde
2732 2857 2912 2905 autem
2930 2851 3373 2905 debeamusbanc

1799 2939 2083 2993 audaciam
2110 2947 2289 3007 mente
2314 2941 2599 3010 concipere
2619 2950 2815 3009 pmto
2843 2940 3121 3009 subjunin
3151 2957 3165 2990 :
3203 2957 3221 2989 ι
3258 2937 3372 2991 Noli

1795 3028 2090 3099 prohibere
2140 3028 2615 3093 bent-facereeum
2653 3032 2744 3098 qui
2786 3038 3002 3099 potest;
3052 3030 3094 3083 si
3120 3028 3286 3091 vales,
3319 3037 3375 3082 et

1799 3118 1918 3189 ipse
1946 3117 2175 3172 benefac
2204 3132 2219 3171 :
2262 3133 2329 3172 ne
2356 3118 2504 3172 dicas
2537 3119 2712 3172 amiw
2745 3128 2835 3172 tuo
2862 3136 2874 3171 :
2920 3117 3083 3179 Vade.
3107 3128 3161 3173 et
3192 3133 3371 3171 never-

3478 1966 3578 2003 nus
3606 1949 3825 2009 oderrej
3888 1960 3937 2003 te
3985 1966 4109 2005 vero
4144 1954 4411 2022 gignendo
4446 1954 4614 2023 prolis
4638 1956 4912 2009 desiderio
4942 1971 5047 2009 non

3476 2041 3575 2093 hoc
3630 2038 3857 2093 libenter
3908 2043 4211 2095 admittere.
4262 2040 4429 2112 ιω
4472 2042 4576 2096 Sed
4614 2058 4738 2097 cum
4780 2042 5049 2111 gloriosus

3476 2131 3615 2182 idem
3648 2130 3731 2181 vir
3761 2145 3929 2197 nuper
3953 2133 4082 2183 milii
4108 2142 4231 2184 ante
4254 2144 4658 2186 sacrosanctum
4680 2148 4879 2202 σοφαί
4906 2132 5047 2187 beati

3474 2221 3836 2288 apostolorum
3860 2222 4117 2289 principis
4139 2223 4439 2277 intimasset
4454 2234 4699 2277 sanctum
4722 2224 5045 2277 desiderium

3483 2322 3632 2364 tuum
3669 2323 3721 2363 et
3764 2314 4034 2379 pudicitia:
4080 2324 4339 2381 perpetuo
4386 2314 4769 2367 conservanda
4812 2314 5053 2383 proposi-

3475 2410 3610 2463 tum,
3661 2402 3856 2467 lateor,
3904 2424 3922 2453 I
3976 2404 4211 2457 La:tatus
4255 2420 4373 2458 sum
4410 2405 4461 2458 in
4494 2405 4580 2458 his
4604 2420 4727 2473 qua
4752 2405 4896 2460 dicta
4925 2418 5055 2461 auat

3475 2497 3603 2549 mihi
3636 2496 3807 2561 (Ptol.
3849 2500 4017 2561 cui).
4072 2517 4089 2548 ι
4138 2508 4192 2549 et
4229 2497 4489 2551 exsultavi
4530 2500 4893 2553 velamenta.
4933 2497 5050 2554 Jan

3476 2589 3740 2654 siquidem
3774 2590 4004 2641 solutum
4034 2599 4117 2641 est
4142 2592 4195 2641 in
4225 2600 4274 2643 te
4305 2589 4430 2643 illud
4459 2590 4696 2658 antiqua
4726 2591 5053 2645 maledictio-

3477 2680 3559 2732 uis
3586 2680 3842 2746 elogium.
3885 2694 3991 2747 quo
4020 2681 4205 2746 prima:
4236 2678 4445 2733 mulieri
4476 2680 4681 2733 dictum
4706 2690 4785 2734 est
4814 2698 4827 2733 :
4884 2700 4902 2731 ι
4938 2679 5053 2735 Sub

3476 2768 3573 2821 riri
3605 2778 3871 2836 potestate
3919 2770 4052 2829 eris,
4095 2780 4147 2820 et
4194 2769 4305 2836 ipse
4348 2768 4715 2823 dominabitur
4760 2770 4855 2823 tibi
4896 2768 5051 2837 (Cea.

3476 2860 3579 2921 ιιι).
3622 2873 3640 2904 ι
3684 2855 3907 2908 Constat
3948 2858 4105 2925 plane
4147 2856 4338 2909 Saratn
4371 2858 4639 2912 castitatis
4682 2874 4747 2913 ex
4788 2868 4919 2912 tunc
4938 2858 5054 2927 jam

3476 2946 3727 2999 habuisse
3766 2948 4122 3014 propositum,
4166 2962 4290 3001 cum
4340 2948 4391 3001 id
4424 2948 4597 3011 ﬂeret,
4626 2952 4770 3019 quod
4799 2965 4960 3005 sacra
4990 2952 5055 3004 de

3477 3037 3563 3090 illa
3597 3047 3783 3089 narrat
3810 3038 4051 3099 historia.
4080 3040 4204 3105 quia
4231 3037 4506 3091 desierant
4538 3038 4685 3093 Sara:
4715 3042 4835 3094 ﬁeri
4868 3042 5055 3093 mulse-

3476 3126 3610 3179 hria.
3644 3126 3707 3178 Et
3733 3128 3951 3194 insuper
3988 3126 4072 3179 illa
4112 3126 4241 3180 dicit
4272 3144 4283 3173 :
4318 3146 4335 3176 ι
4365 3125 4655 3195 Postquam
4685 3132 4972 3189 manuni,
5002 3138 5055 3180 et

1796 3215 1937 3271 tere,
1974 3222 2100 3262 cras
2130 3209 2268 3262 dabo
2293 3208 2409 3271 tibi,
2441 3224 2562 3262 cum
2587 3208 2769 3262 statim
2791 3206 3365 3276 possisdare(lbid.).t
3401 3201 3443 3259 C
3476 3220 3723 3271 dmum“,
3750 3234 3901 3273 ωευ.
3923 3220 4133 3273 mulo.
4163 3230 4268 3283 εει,
4301 3221 4557 3289 voluptati
4582 3235 4802 3290 opem-
4832 3221 4979 3275 dabo
5000 3223 5051 3271 ι.

1797 3296 2186 3354 Conﬂdendum
2225 3307 2307 3353 est
2327 3314 2474 3368 ergo.
2508 3312 2615 3351 non
2642 3299 2695 3350 in
2744 3298 2910 3361 ferro,
2940 3297 3025 3350 vel
3054 3298 3240 3359 armis,
3272 3298 3367 3350 sed

1799 3384 1859 3440 in
1888 3387 2142 3455 operibus
2189 3387 2427 3456 pietatis.
2468 3387 2581 3457 Ego
2606 3398 2787 3440 autem
2821 3388 3059 3442 venirem
3084 3391 3150 3441 ad
3180 3398 3373 3441 vestra:

1792 3471 2057 3543 jussionis
2094 3476 2406 3546 imperium,
2462 3480 2561 3532 nisi
2618 3488 2871 3533 senectus
2914 3478 3132 3532 incurva
3163 3488 3370 3533 tremu-

1797 3564 1911 3619 lum
1962 3567 2279 3635 reprimeret
2336 3582 2600 3638 gressum.
2670 3568 3051 3622 Verumtamen
3082 3572 3250 3621 lrater
3288 3571 3373 3622 hic

1794 3652 1978 3708 videat
2006 3662 2062 3709 et
2086 3657 2401 3724 perpendat,
2438 3657 2481 3710 si
2520 3670 2604 3709 me
2632 3671 2797 3710 causa
2851 3657 3129 3711 rationalis
3159 3658 3369 3711 invitat.

1795 3738 2184 3798 Excellentiam
2248 3745 2506 3814 pratérea
2551 3754 2784 3799 vestram
2816 3745 3094 3799 humiliter
3119 3748 3368 3809 obsecro,

1795 3832 1928 3885 utsi
1961 3847 2121 3902 quem
2152 3834 2217 3887 ad
2254 3832 2548 3888 Teutonica
2588 3834 2700 3888 loca
2738 3836 3083 3897 transmittis.
3118 3851 3215 3904 pro
3242 3837 3369 3889 clia-

1796 3920 1958 3977 ritate
2016 3932 2201 3977 nostra
2237 3924 2302 3978 ad
2341 3925 2612 3979 dominam
2653 3941 2825 3980 meam
2854 3928 3112 3997 Agnetem
3141 3929 3377 3998 impera-

1796 4009 1987 4065 tricem
2014 4010 2154 4068 hanc
2182 4013 2460 4082 epistolam
2485 4014 2686 4085 dirigas
2708 4016 2880 4085 (102).

2324 4123 2656 4179 EPISTOLA
2698 4124 2837 4179 XIV.

1794 4246 1866 4289 υ
1912 4246 2212 4289 ωτιιαιι
2261 4250 2539 4299 υοειεεη,
2595 4250 2917 4303 αοτιιιηιω
2969 4256 3119 4296 ουειι
3166 4257 3369 4297 τυκιι

2468 4321 2705 4360 ΙΙΧΟΙΕΙ.

1793 4391 2499 4449 Auunurel.—Beatrici
2523 4395 2824 4451 Gotliifretli
2839 4394 2991 4452 ducis
3012 4401 3165 4454 uxori
3185 4401 3373 4455 scribit

1864 4476 1926 4517 se
1949 4477 2269 4535 magnopere
2292 4464 2649 4519 exltilaratum
2670 4468 2815 4535 quod
2843 4472 3190 4535 comperisset
3215 4472 3359 4523 illam

1864 4532 2117 4585 concordi
2150 4532 2438 4605 voluntate
2482 4550 2604 4588 cum
2657 4532 2773 4588 viro
2821 4532 3361 4605 suo‘contineutiam
3397 4540 3441 4598 υ

3474 3310 3628 3375 (σα.
3658 3312 3836 3377 mu.)
3878 3310 4081 3373 Quibus
4134 3312 4319 3378 utique
4366 3312 4546 3365 verbis
4572 3310 4915 3380 perspicuum
4946 3320 5056 3371 est.

3473 3412 3593 3451 eam
3617 3400 3881 3452 castitatis
3899 3404 4009 3467 jam
4035 3408 4161 3452 tunc
4187 3402 4423 3454 tenuisse
4449 3400 4803 3467 pr0positutn.
4839 3398 4905 3453 Et
4929 3410 5055 3467 post

3474 3486 3585 3540 h:ec
3611 3487 3741 3541 dixit
3774 3488 3913 3542 Deus
3943 3490 4007 3541 ad
4040 3490 4308 3542 Abraham
4342 3506 4355 3540 :
4404 3508 4421 3539 ι
4469 3488 4663 3545 Omnia
4693 3504 4811 3557 qua
4854 3488 5061 3542 dixerit

3477 3580 3570 3633 tibi
3623 3578 3779 3641 Sara,
3824 3580 3944 3632 audi
3993 3596 4171 3632 vocem
4212 3581 4329 3648 ejus
4360 3578 4509 3647 (Crit.
4556 3580 4691 3647 xxi).
4726 3598 4745 3629 a
4775 3578 4939 3642 Ecce,
4971 3580 5059 3632 cui

3473 3670 3622 3738 prius
3654 3670 3927 3722 Abraham
3974 3670 4337 3737 imperaverat
4374 3678 4427 3722 ct
4469 3668 4719 3722 dominus
4748 3668 5059 3727 dicebatur,

3466 3758 3579 3827 jam
3608 3760 3679 3811 illi
3708 3775 3804 3827 per
3824 3760 4091 3812 castitatis
4115 3760 4365 3811 meritum
4388 3759 4604 3813 obedire
4630 3759 4971 3826 precipitur,
5002 3770 5061 3809 ut

3472 3849 3587 3917 eius
3614 3850 3919 3916 verbisjam
3944 3852 3995 3903 in
4026 3852 4236 3903 cunctis
4266 3848 4483 3903 obediat
4513 3849 4605 3917 qui
4626 3847 4727 3901 sibi
4753 3848 4909 3916 prius
4936 3857 5059 3900 tau-

3471 3954 3632 4008 quam
3667 3939 3925 3992 Dominus
3956 3938 4267 4007 imperarat.

3542 4046 3675 4102 Cum
3706 4062 3815 4116 quo
3852 4048 3975 4100 illud
4005 4048 4167 4101 etiam
4203 4045 4391 4101 salutis
4416 4045 4719 4117 exemplum
4752 4048 4819 4101 ab
4848 4048 5063 4104 eisde-

3469 4140 3795 4209 patriarcbis
3840 4140 4122 4201 addiscite,
4169 4148 4227 4192 ut
4271 4139 4622 4193 humanitatis
4659 4136 4899 4193 unciam
4942 4154 5057 4195 uua

3472 4230 3755 4300 negligatis
3785 4232 4084 4298 hospitibus
4110 4229 4388 4283 exhibere.
4426 4227 4500 4282 De
4522 4229 4607 4283 bis
4634 4230 4780 4283 enim
4810 4230 5053 4298 Apono.

3474 4319 3555 4372 lus
3583 4335 3704 4373 cum
3749 4320 4099 4388 pra-misisset
4136 4336 4148 4369 :
4191 4336 4209 4367 ι
4256 4316 4508 4371 Charitas
4537 4317 4899 4372 fraternitatis
4932 4335 5055 4372 ma-

3475 4419 3599 4461 neat
3644 4411 3695 4460 in
3747 4409 3917 4469 vobis.
3964 4419 4019 4461 et
4057 4406 4477 4477 bospitaiitatem
4515 4410 4679 4461 nolite
4718 4408 4997 4469 oblivisci,
5040 4428 5054 4457 ι

3473 4500 3780 4567 specialiter
3825 4500 4027 4552 addidit
4080 4518 4090 4549 :
4146 4518 4164 4549 t
4215 4496 4317 4551 Per
4369 4498 4507 4551 hanc
4551 4498 4695 4551 enim
4733 4498 5065 4566 placuerunt

1863 4615 2100 4656 servare.
2149 4600 2405 4671 Proponit
2447 4587 2503 4657 ei,
2537 4587 3366 4677 mmm,.;”;ge‘.;.;i;;;ggﬁg;
3397 4587 3434 4598 '
3469 4591 3689 4659 quidam
3708 4592 3915 4661 angelis
3938 4592 4170 4660 hospitio
4186 4590 4419 4660 receptis
4444 4587 4631 4657 (Henr.
4663 4592 4805 4655 χιιι).
4850 4610 4869 4640 a
4904 4588 5065 4644 Sicut

1861 4682 2002 4739 rum.
2057 4685 2230 4739 eaque
2277 4682 2333 4726 ut
2380 4681 2506 4727 ante
2560 4675 2745 4729 oculos
2799 4676 2993 4730 habeat
3043 4675 3097 4731 et
3160 4680 3362 4733 imitari

1860 4738 2073 4793 studeat
2098 4738 2364 4816 hortatur.
2399 4740 2832 4816 Hospitalitatem
2863 4748 3125 4814 praecipue
3156 4748 3207 4800 in
3235 4764 3364 4816 pau-

1860 4820 2021 4929 sat-es
2063 4819 2117 4863 et
2148 4812 2199 4863 in
2232 4810 2974 4869 Ecclesias'munilicent'iam
3005 4810 3053 4868 ei
3083 4810 3365 4873 commen-

1899 4891 1929 4929 a
1961 4915 1974 4928 .

1899 4891 1974 4929 al.

1862 4963 2125 5022 Burrum
2170 4969 2638 5026 excellentissima
2683 4974 2806 5029 duci
2856 4974 3069 5031 Perses
3114 4987 3368 5045 peccator

1790 5056 2089 5111 monachus
2114 5058 2443 5127 quotidianae
2468 5062 2727 5117 orationis
2753 5065 3082 5118 instantiam.

1861 5144 2083 5200 Gaudeo
2124 5146 2277 5218 plane
2310 5150 2363 5202 in
2406 5161 2456 5204 te
2491 5159 2654 5219 atque
2679 5151 3072 5222 gloriosissimo
3099 5158 3216 5210 viro
3253 5168 3365 5223 tuo,

1792 5235 2198 5309 dispositionem
2227 5240 2613 5309 omnipotentis
2654 5244 2747 5297 Dei
2801 5246 3149 5303 vehementer
3194 5250 3369 5303 admi-

1793 5307 1906 5379 θον.
1943 5323 2044 5393 Qui
2076 5327 2330 5384 nimirum
2354 5307 2482 5385 dum
2523 5348 2619 5387 vos
2645 5334 2696 5388 in
2730 5343 2841 5388 tam
2871 5336 3091 5392 sublimi
3135 5348 3371 5393 terrena:

1794 5413 2069 5485 dignitatis
2098 5431 2222 5472 arce
2246 5421 2544 5485 constituit,
2589 5432 2643 5477 et
2680 5423 2945 5479 bonorum
2988 5428 3209 5497 insuper
3235 5445 3366 5498 ope-

1794 5522 1915 5563 rum
1945 5508 2151 5565 fructus
2187 5511 2379 5568 all‘erre
2421 5515 2714 5584 concessit,
2752 5517 2881 5586 quid
2925 5514 3069 5574 aliud
3104 5536 3267 5591 quam
3302 5521 3368 5573 ad

1795 5599 1981 5655 mundi
2034 5600 2352 5657 miraculum
2399 5604 2602 5661 abietes
2646 5606 2856 5664 feraces
2903 5613 3179 5667 ostendit?
3233 5613 3370 5666 Vitis

1865 5725 2015 5801 (102)
2043 5729 2277 5795 Epistola
2303 5733 2419 5789 haec
2443 5744 2523 5791 est
2551 5748 2739 5792 octava
2766 5738 2923 5807 lmjus
2954 5740 3099 5795 libri.

3470 4680 3613 4735 enim
3653 4695 3805 4734 sacra
3856 4682 4019 4733 tradit
4064 4680 4289 4734 historia
4339 4697 4351 4731 :
4408 4696 4425 4729 t
4481 4677 4614 4732 Cum
4660 4678 4947 4733 venissent
4992 4682 5061 4733 ad

3472 4769 3744 4826 Abraham
3792 4778 3899 4820 tres
3955 4768 4076 4831 viri,
4128 4768 4399 4820 festinavit
4448 4768 4501 4820 in
4538 4766 4952 4819 tabernaculum
4998 4770 5065 4820 ad

3474 4858 3683 4920 Saram,
3718 4858 3961 4927 dixitque
3992 4860 4038 4911 ei
4069 4876 4080 4910 :
4115 4858 4392 4921 Accelera,
4418 4858 4519 4910 tria
4548 4867 4663 4911 sata
4690 4858 4885 4912 simil:
4915 4873 5065 4912 rem.

3476 4950 3665 5010 misce.
3689 4959 3743 5003 et
3766 4948 3845 5004 Iac
3876 4950 4264 5006 subcinericios
4287 4964 4472 5019 panes.
4504 4968 4523 5002 ι
4552 4949 4753 5005 Deinde
4777 4962 5063 5019 seqnttur:

3474 5057 3491 5087 ι
3530 5036 3644 5106 Ipse
3676 5054 3802 5091 vero
3838 5042 3903 5092 ad
3938 5050 4239 5092 armentum
4285 5040 4549 5099 cucurrit,
4580 5050 4633 5091 et
4673 5038 4793 5091 tulit
4824 5040 4955 5092 iu.ie
4994 5044 5067 5089 ti-

3470 5128 3637 5179 tulum
3686 5132 4034 5181 tcnerrimum
4069 5130 4353 5197 optimum,
4405 5140 4512 5181 etc.
4540 5124 4693 5193 (Cea.
4726 5142 4909 5189 xvuti.
4952 5146 4969 5177 ι
5010 5126 5067 5179 In

3469 5218 3661 5285 quibus
3680 5221 3859 5287 utique
3876 5222 4011 5271 Sacri
4027 5219 4417 5288 eloquiiyerbis
4440 5219 4539 5274 hoc
4559 5220 4831 5272 attentiea.
4858 5234 4953 5271 uta
4988 5228 5069 5270 tat

3470 5312 3724 5377 quoniam
3752 5313 4049 5373 Abraham,
4073 5322 4131 5363 ut
4159 5309 4545 5363 humanitatem
4568 5308 4857 5361 exhiberet
4886 5310 5067 5376 bapt-

3477 5400 3636 5463 tibus,
3688 5416 3792 5453 non
3832 5404 3933 5456 hoc
3982 5402 4124 5469 Agar
4172 5400 4381 5453 ancilla:
4420 5398 4695 5468 pracepit,
4728 5411 4839 5450 non
4890 5400 5065 5452 servis

3475 5488 3726 5557 injunxit,
3760 5508 3865 5545 non
3904 5494 3999 5545 hoc
4031 5489 4361 5561 quibuslibet
4389 5489 4582 5543 domus
4608 5501 4723 5542 sua:
4746 5488 5063 5543 vestae-lis

3476 5582 3780 5651 imperavit.
3832 5584 3923 5637 scil
3969 5584 4081 5651 ipa:
4121 5597 4217 5649 per
4260 5595 4318 5635 se
4354 5579 4694 5650 potissimum
4725 5586 4783 5632 et
4834 5592 5065 5635 uxorcu-
