5428 6586
1754 396 1864 452 655

2328 393 2386 449 S.
2426 391 2631 447 PETRI
2661 389 2947 448 ΒΔΙΙΔΝΙ
2983 389 3137 446 ορρ.
3166 389 3346 447 PARS
3374 389 3506 448 εει]
3547 390 3782 448 TOIUS
3812 392 3852 446 Ι.
3875 423 3944 434 -
3978 393 4194 450 εριδτ.
4235 393 4364 448 ιλιι
4410 394 4536 451 VIII.

4904 395 5009 450 ‘36

1757 502 2075 576 temporalia
2102 502 2170 557 ad
2209 511 2409 558 eterna
2442 499 2726 570 perducat.
2769 507 3132 571 Quapropter,
3159 501 3328 556 caris-
3361 511 3396 564 Α
3431 511 3638 557 certum
3688 504 3783 558 tibi
3833 505 4184 574 municipium
4231 521 4337 559 non
4384 508 4634 576 provides
4675 508 5008 565 mansionis:

1757 597 1913 659 sime,
1947 590 2240 648 secundum
2281 589 2574 643 acutissimi
2621 588 2819 658 ingenii
2850 589 2926 642 tui
2955 589 3321 658 prudentiam.

1756 687 1824 742 ad
1854 684 2045 740 celum
2079 681 2306 750 respice,
2336 679 2667 742 brevissim
2692 677 2850 744 huius
2873 680 2996 733 vite
3026 681 3316 734 terminum

1758 775 1851 831 tibi
1877 783 1999 828 ante
2023 772 2206 826 oculos
2238 785 2398 840 pone,
2440 779 2493 823 et
2527 784 2649 823 cum
2678 785 2792 839 quo
2812 770 2878 823 de
2912 779 3020 822 tam
3062 768 3238 838 ampla
3269 779 3324 822 et

1754 867 2010 920 diuturna
2051 871 2138 916 tua
2181 861 2511 915 villicatione
2554 861 2820 913 rationem
2857 873 3058 927 ponere
3095 857 3319 923 debeas,

1752 953 2015 1010 sollicitus
2057 952 2338 1007 meditare.
2384 949 2519 1016 Quid
2564 949 2708 1002 enim
2761 948 2981 1016 prodest
3026 950 3322 1016 quemlibet

1762 1045 1924 1102 hodie
1961 1059 2118 1108 auro,
2147 1043 2375 1114 gemmis
2397 1052 2451 1095 et
2479 1054 2712 1108 purpura
2742 1041 2974 1108 contegi,
3010 1039 3322 1109 frequenter

1755 1137 1985 1192 militum
2036 1136 2224 1189 cuucis
2273 1132 2590 1198 constipari,
2638 1130 2681 1184 si
2718 1146 2843 1185 cras
2883 1132 3146 1200 contingit
3195 1148 3320 1186 eum

1751 1228 1978 1291 nudum,
2028 1234 2083 1279 et
2131 1238 2278 1278 reum
2333 1222 2586 1290 omnique
2639 1219 2833 1274 solatio
2881 1221 3200 1275 destitutum
3254 1223 3319 1273 ad

1757 1315 1947 1370 inferni
1982 1312 2234 1382 supplicia
2267 1311 2547 1380 pertrahi?
2575 1310 2712 1375 Quid
2737 1310 2913 1378 juvat,
2942 1311 2985 1362 si
3011 1311 3170 1364 hodie
3201 1312 3322 1378 quis

1754 1405 2032 1474 temporali
2061 1404 2316 1473 prmditus
2344 1410 2627 1470 potestate,
2657 1410 2858 1454 terram
2890 1401 3056 1455 faciat
3080 1402 3180 1455 sub
3209 1404 3320 1455 suis

1750 1494 1975 1564 pedibus
2003 1501 2250 1555 tremere,
2279 1500 2334 1545 et
2359 1505 2480 1545 cras
2505 1491 2782 1543 mendicus
2798 1500 2852 1544 et
2882 1505 3087 1559 pauper
3116 1492 3179 1545 de
3216 1492 3318 1545 hoc

1749 1584 1948 1637 tnundo
1974 1582 2326 1652 compellatur
2353 1581 2548 1635 exire?
2591 1582 2728 1635 Audi
2778 1583 2906 1650 quid
2940 1581 3194 1636 Salomon
3235 1583 3314 1634 di-

1747 1684 1836 1730 cat
1864 1690 1878 1727 :
1911 1693 1928 1724 i
1963 1676 2020 1728 Si
2049 1683 2259 1728 centum
2283 1674 2438 1726 annis
2461 1673 2654 1726 vixerit
2679 1673 2857 1733 homo.
2888 1683 2941 1726 et
2967 1675 3018 1725 in
3040 1675 3121 1727 his
3145 1676 3320 1727 omni-

1747 1765 1850 1820 bus
1877 1765 2029 1819 ltelus
2060 1765 2256 1829 factus,
2288 1766 2636 1819 reminiscere
2667 1765 2825 1819 debet
2871 1767 3126 1833 temporis
3165 1774 3315 1819 tcne-

1747 1855 1894 1910 brosi
1911 1867 1965 1910 ct
1987 1858 2193 1910 dierum
2216 1856 2498 1917 malorum,
2520 1872 2636 1924 quae
2659 1871 2779 1909 cum
2798 1857 3060 1918 venerint,
3087 1864 3320 1925 arguunt
3354 1843 3394 1900 Β

1748 1947 2020 2014 praeterita
2049 1944 2246 2016 (Ecclc.
2272 1947 2368 2012 xi).
2421 1965 2440 1995 ι
2466 1943 2566 1999 Ubi
2592 1945 2735 1998 enim
2760 1952 2884 1996 sunt
2924 1943 3086 1996 modo
3118 1953 3196 1997 tot
3227 1960 3320 2012 po-

1750 2048 1924 2093 tentes
1961 2039 2160 2102 surculi,
2196 2047 2270 2092 tot
2301 2037 2636 2092 invictissimi
2671 2051 2841 2103 reges,
2869 2036 2960 2104 qui
2990 2035 3134 2088 caelo
3168 2036 3318 2087 vide-

1747 2129 1945 2182 bantur
1985 2128 2248 2183 excellere
2275 2139 2328 2183 et
2363 2139 2526 2184 totam
2574 2143 2710 2197 pcne
2753 2127 2933 2179 mundi
2970 2126 3315 2180 latitudinem

1745 2217 1850 2272 sub
1878 2233 1987 2272 sua
2030 2217 2311 2288 potestatis
2354 2217 2580 2286 imperio
2617 2217 2933 2286 possidere?
2962 2216 3148 2271 Nonne
3178 2219 3222 2271 si
3256 2219 3322 2270 ad

1749 2321 1937 2364 eorum
1979 2308 2224 2378 sepulcra
2257 2308 2531 2375 respicias,
2581 2315 2750 2360 totum
2795 2313 2991 2376 corpus
3024 2307 3170 2366 illud,
3220 2309 3322 2359 sub

1747 2413 1858 2470 quo
1906 2399 2135 2452 mundus
2183 2406 2414 2452 tremere
2461 2397 2775 2466 cogebatur,
2828 2398 2913 2451 vix
2966 2399 3124 2450 unius
3175 2398 3321 2449 libra:

1747 2489 1956 2558 pondus
1984 2487 2294 2542 invenitur?
2323 2485 2445 2541 Haec
2476 2487 2658 2556 igitur,
2681 2487 3050 2547 dilectissime,
3075 2487 3315 2539 studiose

1747 2578 2049 2642 considera,
2083 2577 2197 2630 hac
2237 2571 2420 2632 scdula
2467 2576 2664 2629 mentis
2711 2575 3006 2630 intentione
3047 2584 3315 2634 retracta;

1745 2676 1803 2722 et
1833 2682 1938 2720 non
1968 2667 2097 2736 quid
2121 2679 2202 2731 es,
2230 2666 2322 2720 sed
2347 2664 2505 2736 ,οι
2533 2664 2659 2734 quid
2681 2663 2733 2715 in
2756 2673 3077 2733 perpetuum
3103 2664 3318 2718 futurus

1747 2770 1830 2820 es,
1859 2755 2139 2824 diligenter
2165 2756 2435 2809 examina.

1818 2845 1895 2901 De
1926 2847 2266 2901 monasteriis
2292 2855 2496 2911 autem,
2521 2858 2643 2916 qua
2671 2860 2812 2899 nunc
2843 2844 2937 2898 tibi
2973 2846 3144 2899 vicina
3175 2857 3319 2908 sunt,

1746 2951 1816 2992 ex
1847 2936 1942 2990 Dei
1972 2946 2124 3005 parte
2154 2935 2414 3006 deprecor
2457 2945 2512 2989 et
2541 2935 2818 2990 humiliter
2854 2945 2977 3003 peto
3013 2945 3071 2989 ut
3104 2951 3321 2990 manum

1743 3025 1852 3084 illis
1880 3034 1984 3082 tum
2011 3026 2342 3081 defensionis
2370 3027 2630 3080 adhibeas
2657 3035 2712 3081 et
2747 3027 2815 3080 ab
2845 3028 3116 3080 exercitus
3145 3028 3324 3083 multi-

1740 3119 1946 3181 tudine,
1986 3118 2075 3188 qui
2115 3127 2292 3173 tecum
2343 3126 2468 3172 sunt
2513 3131 2618 3171 non
2668 3117 2983 3185 deprmdari,
3031 3117 3112 3173 vei
3159 3119 3324 3171 mole-

3428 603 3480 646 et
3519 593 3596 644 sic
3636 592 3768 644 inte
3794 595 4097 662 completur
4142 597 4407 648 sententia
4458 597 4569 660 illa,
4621 613 4726 666 qua
4771 599 5006 655 dicitur:

3433 698 3451 727 ι
3486 678 3586 745 Qui
3621 681 3874 734 observat
3923 691 4141 736 ventum
4189 697 4466 754 nunquam
4515 686 4778 750 seminat;
4828 697 4884 741 et
4917 690 5008 757 qui

3427 771 3734 824 cs-nsiilerat
3793 773 3966 826 nubes
4019 788 4296 842 nunquam
4353 777 4508 829 metit
4562 775 4778 845 (Ea-ie.
4834 781 4943 847 xt).
4987 799 5005 830 ι

3427 857 3532 912 Nos
3573 861 3729 927 plane
3762 864 4052 928 quamdam
4105 871 4350 918 tenemus
4399 867 4451 919 in
4485 867 4643 934 hujus
4682 869 5012 937 pauitantia

3426 953 3793 1006 moderatione
3825 955 4169 1015 distantiam.
4206 964 4264 1009 ut
4306 972 4404 1011 nec
4439 973 4629 1012 omnes
4660 961 4886 1030 passim,
4917 963 5009 1028 qui

3426 1041 3581 1094 nobis
3606 1041 3889 1104 consilium
3935 1053 4213 1110 expetunt,
4247 1045 4314 1099 ab
4343 1047 4443 1100 hoc
4473 1049 4665 1102 itinere
4701 1064 5013 1120 compesca-

3427 1145 3575 1192 tnus,
3633 1146 3731 1190 nec
3779 1133 4032 1186 omnibus
4080 1134 4158 1187 ire
4207 1134 4509 1191 volentibus
4558 1137 4726 1192 libera
4780 1140 5012 1194 licentia

3427 1222 3574 1274 frena
3613 1224 3879 1276 laxemus.
3931 1225 4022 1279 His
4051 1228 4336 1296 euim,qui
4370 1229 4690 1298 regulariter
4718 1232 4925 1292 vivunt,
4955 1241 5010 1284 et

3426 1312 3503 1364 vel
3536 1316 3832 1374 canonicm.
3867 1317 3945 1368 vel
3979 1319 4287 1371 monastica:
4319 1318 4594 1389 religionis
4626 1320 4866 1389 legitime
4889 1322 5008 1388 jura

3422 1406 3751 1464 custodiunt,
3785 1409 4094 1467 suademus.
4127 1419 4182 1458 ut
4211 1409 4263 1460 iu
4293 1425 4376 1466 ea.
4424 1426 4527 1477 qua
4555 1414 4835 1465 constttuti
4863 1419 5008 1468 sunt.

3423 1504 3703 1547 vocatione
3736 1510 4118 1565 permaneant;
4158 1515 4256 1552 nec
4282 1516 4378 1562 pro
4406 1502 4489 1555 his
4525 1502 4575 1555 in
4611 1503 4852 1556 humano
4881 1518 5012 1557 eon-

3423 1587 3721 1639 stituuutur
3773 1589 4027 1650 arbitrio,
4069 1605 4153 1650 ea,
4190 1605 4308 1659 qua
4344 1593 4647 1645 necessaria
4694 1608 5008 1662 propono.

3425 1687 3540 1736 tur,
3599 1681 3874 1730 omittunt.
3935 1681 4085 1731 Sicut
4131 1696 4261 1749 ergo
4305 1697 4400 1750 per
4446 1681 4706 1736 Joannem
4773 1683 5009 1738 dicitur:

3429 1783 3446 1814 t
3485 1765 3756 1830 Teneant,
3802 1770 3890 1835 qui
3938 1770 4160 1828 habent.
4191 1779 4246 1822 et
4275 1786 4434 1824 nemo
4472 1771 4699 1840 accipiat
4747 1788 5010 1828 corona-

3424 1870 3608 1908 corum
3655 1859 3838 1922 (Apoc.
3871 1859 3972 1918 ut).
4015 1878 4030 1908 ι
4093 1858 4198 1912 llos
4253 1870 4458 1922 autem,
4507 1863 4595 1930 qui
4647 1862 4727 1915 vel
4769 1863 5010 1933 paludati

3423 1947 3622 1998 mundo
3678 1949 4036 2002 deserviunt.
4090 1948 4169 2000 vel
4225 1949 4386 2020 ,θ’
4440 1952 4736 2018 spiritualis
4786 1955 5011 2023 quidem

3422 2032 3715 2101 prrferunt
3745 2035 3947 2086 militia:
3986 2036 4216 2097 titulum,
4251 2040 4342 2090 sed
4376 2039 4726 2106 professionis
4766 2055 4880 2096 sua:
4905 2058 5011 2094 non

3422 2127 3729 2177 custodiunt
3763 2128 4087 2190 institutum,
4121 2128 4402 2182 hortamur
4430 2139 4484 2182 ut
4509 2130 4805 2201 spiritualis
4829 2133 5009 2185 exsilii

3424 2215 3525 2268 iter
3557 2217 3840 2281 arripiant,
3872 2219 4257 2285 tremendoque
4298 2217 4463 2284 judici
4514 2233 4738 2290 peregre
4784 2221 5008 2277 satisfa-

3423 2305 3587 2364 eiant,
3627 2305 3777 2371 cujus
3811 2307 3948 2356 intra
3983 2306 4272 2359 Dominica:
4301 2323 4446 2362 cura
4477 2311 4894 2374 sollicitudines,
4926 2312 5009 2368 le-

3420 2408 3513 2459 ges
3549 2407 3609 2445 ac
3639 2395 3891 2445 mandata
3931 2410 4036 2446 non
4070 2406 4310 2448 servant.
4346 2396 4412 2450 Et
4448 2397 4548 2452 ltoc
4576 2400 4735 2453 modo
4762 2401 5012 2469 vagando

3420 2483 3680 2548 quietem,
3716 2486 4113 2551 peregrinando
4144 2488 4333 2553 patria
4371 2488 4474 2540 sibi
4505 2489 4822 2556 provideant
4853 2505 5009 2544 mau-

3423 2572 3647 2624 sionem.
3699 2572 3901 2640 Itaque,
3954 2576 4326 2640 dilectissime,
4381 2579 4489 2631 noli
4540 2579 4634 2631 tibi
4701 2594 4822 2647 qua
4881 2581 5010 2650 ﬁngi

3424 2661 3505 2713 vel
3540 2665 3834 2730 echgiIari
3897 2666 4103 2730 possint
4153 2666 4377 2718 adversa
4422 2682 4744 2736 proponere,
4785 2670 4896 2723 noli
4929 2672 5012 2723 di-

3423 2765 3698 2804 versorum
3729 2770 3949 2805 casuum
3980 2757 4313 2808 muliebriter
4363 2755 4658 2812 infortunia
4688 2758 5009 2820 Iomidare.

3423 2843 3514 2894 sed
3567 2859 3584 2891 ο
3618 2858 3772 2909 spcra
3829 2845 3878 2894 in
3931 2843 4181 2909 Omnino,
4234 2854 4287 2897 et
4338 2845 4422 2900 fac
4475 2847 4773 2902 bonitatem
4829 2845 5009 2916 (Paci.

3425 2935 3631 2998 xxx").
3672 2953 3687 2981 ι
3748 2935 3898 3001 Smpe
3931 2935 4208 2999 nimirum,
4244 2937 4332 2990 ubi
4363 2938 4532 3007 magis
4558 2953 4621 2992 ex
4657 2938 4893 2993 humana
4926 2956 5014 2993 ra.

3426 3027 3568 3078 tione
3614 3024 3888 3086 dilftditur,
3939 3027 4047 3080 illic
4101 3043 4401 3095 propensus
4445 3042 4676 3097 superna
4721 3031 5012 3085 clementia

3424 3114 3770 3176 subvenitur;
3806 3125 3859 3167 et
3890 3119 3976 3168 ubi
4007 3119 4258 3170 solatium
4291 3119 4642 3174 desoeramus
4689 3120 5010 3183 humanum,

1742 3213 1879 3268 stari
1927 3213 2228 3283 permittas.
2261 3213 2337 3265 De
2368 3209 2696 3264 monasterio
2731 3217 2912 3262 autem
2952 3208 3008 3262 S.
3055 3207 3319 3264 Vincentii
3353 3190 3391 3245 (ἶ
3426 3203 3664 3256 di‘inum
3719 3205 4034 3274 plerumque
4076 3209 4347 3261 cemimus
4415 3210 4605 3263 adesse
4673 3212 5012 3278 praesidium.

1743 3305 2116 3361 excellentiam
2163 3312 2392 3357 vestram
2422 3317 2538 3370 prae
2562 3302 2811 3355 omnibus
2843 3310 2899 3354 et
2933 3316 3096 3369 super
3139 3317 3321 3355 omnia

1743 3409 1877 3463 rogo
1905 3403 1964 3447 ut
1992 3393 2120 3450 illud
2150 3391 2454 3462 Specialiter
2479 3391 2689 3461 diligas.
2716 3389 2921 3444 Pradia
2943 3430 2958 3453 ,
2989 3407 3109 3459 qua
3139 3392 3206 3445 ab
3238 3393 3322 3445 in-

1743 3483 2029 3538 vasoribus
2075 3482 2404 3546 detinentur,
2453 3480 2609 3550 legali
2642 3478 2740 3532 sibi
2769 3479 2889 3546 jure
2919 3481 3177 3533 restituas
3203 3520 3218 3542 ,
3268 3490 3324 3533 et

1744 3589 1774 3629 a
1803 3574 2010 3628 cunctis
2048 3572 2367 3630 mortalibus
2416 3572 2767 3641 protectionis
2821 3583 2924 3626 tua:
2954 3583 3108 3626 scuto
3136 3573 3325 3627 defen-

1747 3663 1864 3719 das.
1896 3663 1952 3718 In
1982 3663 2084 3718 hoc
2113 3663 2276 3733 igitur
2310 3654 2643 3716 monasterio
2669 3661 2947 3715 evidenter
2972 3671 3251 3729 appareat,
3280 3663 3324 3714 si

1746 3753 1888 3824 apud
1918 3761 2110 3807 vestra:
2159 3751 2494 3807 celsitudinis
2537 3766 2699 3805 aures
2726 3751 2898 3820 majus
2924 3750 3125 3819 aliquid
3159 3752 3328 3821 impe-

1747 3850 1898 3900 trare
1927 3858 2042 3898 mea
2082 3843 2362 3898 humilitas
2385 3843 2578 3897 valeat.

2275 3965 2606 4028 EPISTOLA
2651 3971 2790 4026 XVI.

2234 4080 2485 4120 DUCISSAI
2525 4081 2613 4118 ετ-
2644 4079 3064 4118 IAICIIIOI‘ISSAI
3105 4080 3300 4120 ιιι-ιω

2365 4149 2696 4189 οοττιλιιυι.

2044 4220 2308 4292 (Habetur
2343 4231 2468 4274 tant.
2495 4220 2618 4284 ΙΙΙ,
2638 4223 2694 4273 in
2717 4237 2893 4288 opust.
2918 4221 3030 4289 18.)

2269 4349 2599 4405 EPISTULA
2640 4349 2800 4403 XVII.

2139 4458 2204 4496 AD
2243 4457 2533 4497 BAINEIIUI
2569 4455 2934 4495 IAICIIONEI.

1747 4532 2140 4589 Δισωηιιτιτιί.
2179 4561 2250 4572 -
2292 4532 2604 4585 Rainerium
2638 4531 3046 4595 'marcliionem,
3096 4530 3181 4582 cui
3227 4545 3323 4596 pro

1816 4605 2056 4673 peccatis
2079 4603 2196 4668 ejus
2219 4600 2499 4672 expiandis
2529 4610 2584 4652 ut
2607 4598 3033 4673 Hierosolymam
3063 4599 3168 4673 iret
3193 4615 3322 4673 pra;-

1815 4668 2053 4738 ceperat,
2095 4668 2439 4725 cunctantem
2482 4678 2536 4722 et
2571 4684 2668 4738 pro
2714 4668 3062 4738 excusatione
3113 4669 3322 4723 itineris

1818 4687 1880 4728 ce
1951 4687 2053 4734 rat,
2095 4687 2439 4725 cunetautem
2482 4687 2536 4722 et
2571 4687 2668 4738 pro
2714 4687 3062 4722 excusatione
3113 4687 3322 4723 tuneris

1818 4687 2156 4795 dimultates
2181 4749 2238 4795 et
2259 4739 2493 4810 pericula
2534 4739 2586 4792 in
2615 4739 2848 4793 medium
2891 4737 3225 4810 afferentem.
3258 4741 3322 4790 ad

1818 4811 2185 4880 penitentiam
2229 4808 2331 4880 sibi
2373 4808 3058 4880 iujunctamgperagcndam
3096 4808 3324 4860 int-itare

1824 4878 2061 4942 sonatur,
2086 4889 2236 4947 ac_ut
2264 4879 2517 4933 alacriter
2547 4890 2654 4931 tam
2682 4878 2895 4947 longum
2925 4878 3030 4947 iter
3057 4887 3319 4945 capessat,

1821 4948 1964 5002 nulla
1993 4941 2112 5002 esse
2135 4941 2372 5016 pericula
2400 4947 2750 5005 formidanda.
2776 4941 2908 5015 quia
2941 4946 3081 4999 Deus
3110 4941 3318 5014 piorzun

1820 5018 2096 5072 hominum
2126 5031 2308 5071 curam
2340 5017 2498 5085 gerit,
2529 5017 2789 5084 exemplis
2823 5017 3074 5069 ostendit.

1825 5109 2034 5163 Domno
2100 5105 2364 5160 Ruseato
2416 5105 2720 5160 clarissimo
2769 5108 3066 5159 marcltioni
3123 5104 3333 5159 γετί-,ιδ

1754 5207 2002 5268 peccator
2031 5197 2323 5252 monachus
2350 5196 2573 5251 salutem

1822 5285 2033 5354 lnjunxi
2069 5287 2188 5351 tibi,
2247 5287 2328 5339 vir
2374 5285 2637 5357 magilice,
2682 5298 2741 5340 ut
2786 5301 2886 5356 pro
2931 5287 3168 5355 peccatis
3211 5303 3329 5356 qua:

1753 5377 1885 5431 mihi
1910 5378 2269 5443 conlessuses,
2289 5377 2712 5450 Hierosolymam
2737 5381 3332 5450 peteres,diviuamque

1747 5467 2016 5537 justitiam
2081 5463 2382 5539 longinqua:
2451 5470 2902 5540 peregrinationis
2965 5469 3332 5524 satisfactione

1754 5557 2038 5626 placares;
2069 5559 2161 5612 sed
2216 5568 2270 5612 tu
2318 5560 2466 5624 dum,
2515 5559 2667 5628 juxta
2719 5562 3072 5630 Scnpturam,
3123 5563 3333 5616 nescias

1755 5652 1882 5719 quid
1932 5653 2172 5707 crastina
2221 5655 2398 5722 pariat
2448 5655 2565 5708 dics
2597 5654 2737 5725 (lac.
2769 5657 2864 5726 tv),
2921 5669 3034 5707 rem
3065 5653 3246 5708 differs
3280 5655 3331 5706 in

1755 5749 2062 5809 posterum;
2105 5751 2158 5798 et
2193 5745 2319 5798 dum
2351 5743 2608 5798 fmmiiias
2637 5745 2873 5798 incertos
2898 5759 3055 5798 casus
3103 5743 3331 5807 itineris,

1784 4079 1851 4119 Δῢ
1880 4079 2182 4119 Δυειιιιιειι

3429 3293 3512 3355 Ει.
3539 3304 3596 3346 ιιι
3627 3310 3687 3346 ex
3719 3311 3783 3348 eo
3813 3312 3973 3364 super
4004 3314 4112 3364 quo
4143 3314 4284 3352 nunc
4333 3300 4538 3369 agimus
4585 3299 4874 3368 loquamur
4927 3304 5018 3354 iti-

3427 3399 3594 3445 nere,
3650 3386 3912 3455 religiosa:
3959 3391 4079 3441 vita:
4131 3397 4184 3440 ct
4233 3389 4472 3442 honeste
4520 3389 4804 3457 gravitatis
4845 3389 5018 3443 fratre

3427 3486 3615 3530 nostro
3657 3490 3816 3545 atque
3868 3480 4258 3532 comtnonaclio
4289 3477 4562 3533 Richardo
4609 3479 4900 3536 referente.
4935 3481 5020 3533 di-

3427 3566 3656 3619 dicimus
3686 3568 3828 3634 qood
3859 3569 4030 3619 horno
4061 3581 4182 3621 octo
4216 3573 4338 3629 uri,
4368 3570 4581 3638 expleto
4633 3571 4703 3638 pii
4754 3571 5017 3623 desiderii

3427 3667 3570 3712 voto.
3615 3659 3738 3709 dum
3773 3658 3838 3708 ab
3866 3656 4252 3727 Hierosolymis
4287 3659 4630 3727 repedarent,
4664 3659 4755 3712 sed
4791 3673 4889 3712 eus
4917 3674 5020 3728 per

3429 3747 3745 3800 inltabitalia
3773 3750 4081 3817 gradientes
4130 3749 4242 3800 loca
4275 3749 4638 3818 quatriduana
4679 3749 4791 3816 jam
4845 3749 5020 3804 fames

3425 3836 3774 3888 vehementer
3802 3837 4087 3904 afﬂigeret,
4112 3837 4349 3889 divinam
4383 3849 4666 3905 carperunt
4689 3841 5018 3894 unanimiter

3426 3925 3717 3993 implorare
3748 3927 4114 3988 clementiam,
4155 3939 4209 3979 ut
4251 3927 4625 3983 laborantibus
4674 3930 4724 3981 in
4764 3941 5016 3983 extrema

3427 4016 3735 4068 calamitate
3781 4028 4159 4080 succurreret;
4222 4028 4304 4074 et.
4359 4018 4450 4084 qui
4497 4018 4586 4071 dat
4633 4033 4814 4071 escam
4867 4035 5020 4073 oa-n.

3427 4108 3578 4160 επιιί
3623 4106 4039 4174 (Psal.cnxv),
4093 4109 4192 4160 sibi
4253 4123 4468 4176 quoque
4521 4108 4710 4162 saltem
4767 4111 5023 4178 qua-libet

3427 4198 3682 4252 alimenta
3714 4199 3765 4250 in
3804 4207 3966 4250 tantm.
4001 4198 4347 4251 necessitatis
4370 4197 4602 4252 articulo
4629 4213 4735 4252 non
4769 4214 5018 4268 negaret.

3426 4285 3526 4351 Qui
3573 4302 3718 4347 mox,
3751 4289 4000 4340 oratione
4047 4286 4334 4354 completa,
4371 4302 4562 4354 panem
4615 4288 4667 4338 in
4703 4288 4787 4339 tia
4834 4291 5022 4356 jacere

3429 4376 3790 4442 conspiciunt,
3823 4387 3876 4428 ct
3906 4379 4144 4429 enormis
4176 4376 4360 4444 utique
4392 4378 4780 4446 magnitudinis
4807 4389 4865 4430 et
4894 4381 5022 4432 miri

3430 4468 3703 4523 candoris.
3758 4466 4022 4518 Mirantur
4053 4467 4117 4519 ad
4148 4483 4439 4521 commune
4486 4470 4878 4536 spectatulmn,
4913 4488 5022 4525 non

3431 4557 3617 4624 utique
3665 4559 3829 4610 nescii
3859 4559 3983 4625 quia
4031 4559 4163 4610 tanti
4198 4558 4451 4626 ponderis
4491 4561 4658 4612 moles
4684 4561 4751 4611 de
4797 4564 5020 4616 sarcina

3431 4649 3722 4701 nescientis
3750 4649 3917 4716 geruli
3968 4663 4312 4715 nequaquam
4344 4650 4606 4714 potuisset
4649 4650 4810 4702 elabi.
4859 4651 5013 4708 Tunc

3428 4753 3676 4805 supera:
3723 4739 4111 4790 misericordia!
4144 4737 4466 4791 beneficium
4505 4750 4923 4808 recognoscant,
4969 4753 5024 4796 es

3429 4844 3622 4896 panem
3671 4829 3837 4880 divini
3893 4830 4161 4890 muneris,
4214 4839 4271 4881 ut
4309 4839 4466 4881 crant
4508 4840 4652 4890 octo,
4685 4831 4738 4882 in
4791 4834 5022 4886 totidem

3427 4931 3610 4991 partes
3644 4922 3908 4974 dividunt.
3951 4920 4025 4972 Ex
4060 4933 4166 4989 quo
4203 4922 4456 4974 nimirum
4501 4923 4573 4973 ita
4603 4932 4728 4974 sunt
4779 4927 5024 4978 suaviter

3431 5027 3494 5064 ac
3526 5010 3850 5063 sufﬁcienter
3893 5011 4125 5076 exylcti,
4178 5020 4235 5062 ut
4282 5011 4335 5061 in
4372 5011 4517 5064 omni
4559 5011 4667 5063 vita
4715 5027 4812 5064 sua
4858 5016 5021 5066 nullis

3433 5101 3633 5154 fuerint
3658 5087 3883 5166 dapibus
3916 5101 4134 5151 ulterius
4173 5103 4422 5153 recreati.

3505 5191 3646 5244 Idem
3679 5190 3848 5243 frater
3875 5199 4060 5242 noster
4085 5190 4386 5244 llic-bardus
4427 5191 4569 5244 aliud
4595 5208 4814 5260 quoque
4841 5195 4982 5246 retul
5011 5207 5026 5244 t

3433 5285 3574 5354 quod
3618 5285 3832 5338 silentio
3869 5284 4299 5352 pmtereundum
4342 5298 4461 5336 esse
4491 5300 4595 5336 non
4628 5285 4892 5338 arbitror-
4937 5287 4980 5336 Δ
5011 5294 5026 5332 t

3435 5377 3577 5430 enim
3610 5377 3751 5444 quod
3785 5377 3951 5444 Agius
4003 5374 4171 5427 frater
4215 5385 4422 5436 noster,
4456 5375 4539 5427 vir
4571 5375 4824 5428 videlicet
4867 5387 5024 5429 etate

3434 5467 3750 5534 grandzvus
3781 5477 3834 5518 et
3865 5468 4119 5532 religione
4149 5467 4492 5531 conspicuus,
4520 5465 4647 5517 dum
4673 5467 4852 5519 adhuc
4881 5475 5022 5519 esset

3435 5560 3485 5611 in
3518 5558 3714 5611 seculo
3753 5558 4098 5616 constitutus,
4141 5557 4404 5608 orationis
4453 5555 4632 5606 studio
4663 5559 4928 5623 perge-hat
4957 5556 5020 5608 ad

3435 5652 3494 5705 Β.
3529 5647 3834 5716 archangeli
3885 5645 4161 5698 Michaelis
4207 5645 4525 5700 ecclesiam.
4574 5659 4690 5709 qum
4737 5657 4824 5695 est
4869 5644 5018 5711 juxta

3437 5742 3720 5811 Sipontum
3769 5740 3820 5792 in
3845 5737 4099 5806 Gargano
4133 5745 4313 5788 monte
4359 5743 4691 5788 constructa.
4753 5732 4850 5788 Hic
4905 5750 5006 5786 cur:
