5428 6582
192 400 296 455 437

1303 387 1508 446 LIBER
1557 385 1924 450 SEPTIMUS,
1972 383 2192 440 EPIST.
2236 380 2424 438 XVI“.

3403 376 3510 434 £58

195 527 451 594 germano
476 533 596 584 suo,
624 513 868 573 saeculari
900 512 1152 569 videlicet
1173 511 1309 575 viro,
1336 525 1502 565 unum
1529 510 1796 562 duntaxat
1827 513 1868 571 Α
1901 503 2214 560 voluntatis.
2246 501 2422 556 Tuum
2450 511 2535 556 cst
2559 501 2660 554 iter
2682 497 2951 568 arripere,
2984 495 3076 594 De-i
3107 502 3190 548 est
3216 498 3512 594 quaerentis

196 630 393 685 equum
427 611 693 673 habebat,
726 607 817 664 cui
854 621 955 677 per
989 604 1231 660 alternas
1259 613 1488 672 uterque
1519 600 1792 654 vicissitu-

196 706 348 759 dines
374 703 639 766 insidens,
673 707 951 767 utcunque
989 695 1231 750 laborem
1270 693 1482 748 itineris
1524 701 1811 761 tempera-.

198 797 311 850 bat.
345 794 454 850 Sed
482 785 605 847 cum
646 791 993 846 conviatores
1031 789 1163 844 sues
1201 788 1268 842 ad
1301 785 1596 855 portandas
1621 784 1794 839 sarci-

197 885 352 940 nulas
393 881 596 937 auxilio
643 881 891 952 indigere
935 878 1313 948 conspiceret,
1360 876 1640 929 admonuit
1680 873 1794 928 fra-

197 987 357 1039 trem,
383 982 445 1027 ut
490 989 519 1026 a
555 971 786 1040 jumenti
837 977 1145 1024 vectattone
1195 977 1425 1036 uterque
1458 967 1790 1036 quiesceret,

198 1066 435 1134 illudque
486 1080 584 1135 pro
633 1065 902 1118 cbaritate
948 1061 1224 1116 sociorum
1276 1059 1559 1130 portandis
1599 1074 1791 1114 eorum

195 1159 453 1213 oneribus
497 1157 824 1228 publicaret.
887 1155 1060 1210 Porro
1110 1155 1239 1210 dum
1286 1155 1472 1210 lassati
1531 1153 1795 1224 longioris

196 1250 298 1306 via:
327 1250 515 1305 labore
539 1249 907 1318 quiescerent,
936 1246 1171 1316 ciboque
1212 1246 1556 1301 deficientem
1590 1254 1798 1304 stoma-

194 1340 359 1394 chum
391 1346 719 1405 recrearent,
753 1337 1012 1408 praefatus
1041 1337 1215 1392 frater
1241 1337 1409 1408 Agius
1455 1352 1647 1406 panem
1677 1336 1796 1406 qui-

198 1434 318 1487 dem
349 1433 400 1485 in
428 1431 622 1501 poculo
644 1432 770 1486 vino
795 1430 1158 1495 commiscuit,
1182 1411 1274 1485 sed
1291 1431 1447 1500 juxta
1477 1445 1536 1485 se
1561 1444 1794 1500 ponens,

200 1522 552 1578 refectionem
603 1523 822 1578 interim
875 1519 1156 1586 diﬂ‘ercns,
1206 1523 1539 1594 conquievit.
1592 1522 1798 1590 Quibus

199 1613 275 1667 ita
305 1615 733 1683 quiescentibus,
767 1629 894 1670 ecce
922 1614 1215 1670 latrunculi
1264 1616 1549 1686 repentino
1594 1616 1797 1684 impetu

197 1713 607 1781 superveniunt,
640 1721 695 1766 et
719 1726 912 1766 eorum
944 1712 1129 1767 omnia
1154 1728 1276 1767 cum
1307 1727 1448 1781 equo
1474 1709 1636 1765 simul
1666 1711 1798 1765 diri-

199 1802 432 1872 pientes,
477 1803 794 1858 ab5cedunt.
832 1801 982 1859 Unus
1019 1813 1204 1859 autem
1231 1819 1419 1860 eorum
1451 1804 1717 1867 substitit,
1744 1814 1800 1858 et

200 1893 386 1950 fratris
437 1894 558 1966 Agii
621 1896 800 1950 cibum
873 1908 1172 1966 petumque
1226 1901 1598 1968 consumpsit;
1636 1912 1797 1966 quem
1834 1875 1874 1932 Β

199 1987 443 2053 protinus
470 1987 832 2044 intolerabilis
862 1989 1018 2045 dolor
1051 1989 1272 2055 invasit,
1307 2001 1361 2045 et
1391 1991 1567 2045 donec
1613 1990 1799 2046 omnia

197 2078 509 2147 compulsus
543 2089 844 2142 evomeret,
876 2082 944 2135 ab
988 2081 1106 2150 ejus
1143 2083 1447 2137 visceribus
1476 2081 1660 2137 feralis
1705 2098 1801 2137 an-

197 2172 375 2240 gustia
402 2188 506 2228 non
531 2173 777 2227 recessit.
801 2172 954 2228 Tunc
977 2175 1101 2245 agili
1129 2175 1458 2244 pernicitate
1484 2176 1798 2234 subsiliens.

193 2263 558 2334 celeriterque
589 2265 752 2336 263
802 2281 1148 2335 percurrens,
1181 2268 1346 2323 sociis
1373 2269 1647 2340 persuasit
1673 2269 1800 2339 quia

199 2352 301 2408 nisi
327 2352 634 2422 iumentum
691 2356 783 2409 Dei
836 2355 1039 2411 famulo
1088 2357 1416 2426 quantocius
1472 2357 1800 2422 redderent,

200 2445 488 2499 imminens
517 2443 737 2500 ultiOnis
781 2446 978 2501 divinae
1028 2447 1330 2516 perieulum
1382 2463 1490 2502 non
1537 2448 1801 2503 vitarent.

195 2533 298 2606 Qui
329 2536 587 2592 divinitus
617 2537 943 2603 tremefacti,
974 2533 1260 2594 confestim
1294 2540 1362 2594 ad
1396 2540 1491 2596 Dei
1525 2542 1802 2598 hominem

195 2627 449 2691 redeunt,
479 2628 916 2698 praesumptionis
950 2646 1061 2684 sua:
1091 2640 1372 2702 gementes
1408 2630 1802 2703 indulgentiam

193 2727 446 2789 quierunt
487 2719 756 2790 simulque
783 2717 1089 2788 iumentum
1119 2736 1244 2775 cum
1295 2722 1402 2786 his,
1433 2738 1554 2792 quae
1601 2724 1801 2779 nihilo-

201 2810 380 2866 minus
414 2811 626 2866 fuerant
663 2812 843 2867 ablata
873 2853 887 2876 ,
921 2813 1239 2868 restituunt.
1277 2813 1369 2869 Sic
1404 2815 1588 2885 itaque
1619 2817 1804 2872 divina

200 2899 373 2970 pietas
449 2902 516 2954 ab
574 2917 764 2956 eorum
834 2903 1078 2958 tuitiouis
1133 2903 1334 2960 auxilio
1383 2922 1489 2960 non
1541 2906 1802 2977 elongat,

197 3006 337 3060 quos
389 2991 442 3047 iu
501 3007 612 3048 suae
659 2993 962 3049 devotionis
1015 2994 1279 3064 obsequio
1330 2995 1581 3052 laborare
1626 3001 1805 3054 consi-

193 3085 353 3138 derat
369 3126 371 3129 .

271 3172 462 3228 Frater
493 3173 658 3229 etiam
693 3185 880 3231 noster
907 3177 1113 3233 Bonizo
1136 3219 1150 3243 ,
1198 3180 1283 3234 vir
1309 3179 1564 3237 videlicet
1589 3191 1804 3236 vetera-

196 3277 302 3320 nus
331 3275 384 3321 et
414 3276 657 3331 sanctus,
684 3267 775 3337 qui
793 3268 906 3339 jam
934 3285 1030 3339 per
1052 3271 1315 3338 plurimos
1337 3289 1511 3329 annos
1533 3275 1586 3327 in
1618 3289 1804 3329 eremo

199 3367 516 3425 perseverat
565 3367 620 3412 et
644 3359 1071 3414 continentioi-is
1101 3363 1224 3416 vita:
1252 3364 1486 3431 rigorem
1530 3364 1716 3419 senilis
1751 3365 1801 3418 in

197 3464 268 3506 eo
311 3451 564 3505 debilitas
591 3467 697 3506 non
727 3452 957 3517 relaxat,
1008 3455 1153 3510 sicut
1201 3458 1359 3512 nobis
1410 3457 1524 3527 ipse
1575 3458 1802 3520 retulit,

201 3539 328 3593 dum
358 3540 426 3593 ab
461 3539 852 3610 Hierosolymis
885 3545 1102 3613 navigio
1132 3556 1424 3612 remearet,
1459 3547 1802 3616 naufragium

199 3645 390 3698 passus
421 3640 524 3686 est.
571 3632 1063 3690 lntumesceutibus
1115 3652 1311 3707 nempe
1359 3639 1632 3708 procellis,
1667 3653 1804 3693 nave

198 3720 478 3776 submersa
537 3724 898 3794 omnibusque
961 3727 1126 3782 sociis
1197 3731 1394 3784 marini
1473 3731 1804 3786 discriminis

206 3819 528 3881 tempestate
577 3814 894 3883 peremptis,
952 3816 1056 3871 iste
1105 3832 1325 3872 saccum
1377 3821 1468 3890 qui
1525 3820 1804 3876 bombacis

205 3901 486 3956 involucro
514 3903 706 3972 plenus
736 3913 855 3958 erat
884 3907 1136 3975 arripuit,
1173 3910 1332 3976 eique
1379 3909 1521 3963 inter
1558 3908 1806 3963 fluctiva-

203 4011 303 4064 gos
335 3997 601 4051 undarum
631 3999 877 4052 cumulos
909 3999 1231 4069 prmsidens,
1277 4016 1374 4071 per
1406 4010 1517 4056 tres
1548 4002 1659 4057 fere
1688 4003 1805 4058 dies

201 4092 421 4148 et'duas
448 4103 635 4148 noctes
664 4104 922 4164 tanquam
957 4095 1042 4150 vir
1075 4105 1344 4167 pugnator
1364 4140 1378 4160 ,
1431 4099 1638 4152 marina
1669 4114 1801 4154 con-

203 4181 476 4250 grediens.
525 4199 646 4237 cum
696 4189 872 4238 morte
905 4186 1164 4240 conﬂixit.
1215 4185 1457 4256 Contigit
1510 4198 1693 4243 autem
1748 4197 1806 4245 ut

205 4274 440 4342 remiges
492 4274 713 4342 quidam
788 4290 1007 4344 aequora
1065 4278 1276 4330 marina
1337 4278 1614 4333 sulcantes
1679 4294 1802 4333 eum

204 4363 398 4432 procul
431 4362 761 4432 aspicerent,
789 4381 950 4434 quem
991 4368 1058 4421 ad
1086 4382 1146 4421 se
1173 4369 1259 4437 pie
1288 4368 1563 4422 sublatum
1599 4378 1654 4422 et
1683 4370 1804 4425 cibo

214 4452 467 4508 reficiunt
496 4465 547 4508 et
581 4456 938 4511 humanitatis
986 4474 1147 4512 curas
1180 4462 1516 4528 impendunt.
1555 4460 1644 4516 Sic
1673 4476 1803 4534 e:go

207 4541 300 4610 qui
353 4541 576 4597 Paulum
625 4543 717 4598 die
763 4561 828 4600 ac
859 4555 1021 4602 nocte
1051 4549 1150 4602 sub
1204 4549 1378 4621 pelagi
1433 4550 1803 4619 profunditate

198 4635 438 4689 servavit
491 4635 715 4690 illaesum
767 4638 905 4709 (Act.
959 4640 1236 4705 xxvn;‘Il
1266 4642 1387 4696 Cor.
1423 4643 1527 4714 xu),
1574 4643 1798 4700 fratrem

197 4722 365 4780 etiam
399 4725 506 4790 hic,
553 4741 638 4781 ne-
660 4729 868 4782 marina
906 4731 1163 4801 voragine
1201 4733 1518 4788 sorberetur
1545 4776 1558 4799 ,
1592 4736 1646 4790 in
1688 4737 1802 4808 ipsa

199 4817 680 4886 compugnandum
717 4821 1078 4890 procellarum
1110 4825 1376 4878 continuit
1407 4825 1674 4882 alluvione
1706 4842 1801 4882 su-

200 4918 498 4976 spensum;
551 4919 606 4963 et
662 4911 816 4978 cujus
865 4913 1068 4969 virtute
1118 4912 1311 4969 Jonam
1352 4918 1566 4972 voracis
1615 4917 1804 4974 bestia:

198 5007 388 5068 guttur
414 4999 652 5055 evomuit
683 5000 834 5072 (Jan.
863 5005 1008 5075 vttt),
1039 5005 1158 5075 ejus
1189 5007 1438 5076 imperio,
1472 5009 1600 5063 huic
1633 5012 1801 5065 etiam

201 5089 344 5152 viro,
375 5105 482 5147 non
510 5094 577 5148 ad
605 5095 960 5161 sorbendum,
1007 5099 1100 5155 sed
1130 5101 1194 5154 ad
1237 5102 1652 5158 custodiendum
1682 5121 1803 5160 sese

200 5183 379 5250 mollis
408 5186 549 5242 unda
577 5188 890 5244 substravit.
936 5189 1048 5247 llos
1078 5192 1243 5264 igitur
1273 5204 1328 5248 et
1370 5196 1675 5265 hujusmodi
1714 5214 1806 5252 su-

199 5289 389 5344 perna:
435 5277 830 5336 misericordia:
858 5280 1136 5347 flosculos,
1167 5285 1249 5338 vir
1275 5273 1530 5356 insignis,
1579 5287 1808 5343 internis

197 5365 478 5421 obtutibus
515 5367 730 5433 adhibe,
763 5370 830 5425 de
875 5373 1110 5442 propriis
1161 5378 1426 5445 quidem,
1477 5387 1536 5432 ut
1580 5378 1804 5451 dignum

197 5465 304 5517 est,
339 5457 544 5514 virilms
569 5460 814 5533 ambige;
841 5463 907 5517 de
934 5463 1077 5518 illius
1103 5475 1305 5532 autem,
1339 5471 1428 5538 qui
1464 5469 1664 5540 ubique
1688 5487 1807 5526 om-

201 5546 453 5618 nipotens
480 5557 582 5610 est.
614 5548 886 5606 indeﬁcua
923 5554 1152 5610 tuitione
1201 5573 1488 5624 przesume.
1516 5561 1656 5615 Caro
1679 5563 1805 5631 qui-

199 5638 324 5695 dem
357 5640 591 5712 degener
628 5644 898 5713 trepidat,
926 5646 1022 5700 sed
1051 5647 1322 5718 ingenuus
1355 5650 1538 5708 fervor
1567 5657 1802 5726 prompti

200 5731 429 5802 spiritus
481 5733 810 5790 iuardescat.
882 5737 1177 5808 Egredere.
1231 5745 1460 5814 satage,
1509 5749 1796 5803 contende.

195 5821 294 5879 llic
327 5825 436 5880 dux
487 5827 590 5882 erit
625 5827 863 5894 itineris,
898 5831 987 5900 qui
1041 5838 1455 5892 remunerandzn
1494 5849 1687 5896 auctor
1717 5854 1801 5898 est

655 5921 912 5984 Parnm.
965 5918 1238 5985 CXLIV.

1895 614 1974 663 se,
2009 596 2230 667 vestigia
2261 595 2590 666 gubernare.
2625 591 2891 647 Effectum
2938 587 3098 644 bonis
3127 587 3384 656 operibus
3411 589 3526 641 ad-

1900 690 2074 752 hibet,
2105 689 2195 757 qui
2225 687 2297 758 pii
2328 685 2512 740 cordis
2543 692 2729 739 movet
2756 681 3033 735 affectum.
3064 679 3128 732 Et
3153 679 3244 748 qui
3276 678 3514 732 hominis

1897 783 1966 837 ad
2023 782 2161 836 bene
2207 778 2475 848 agendum
2529 775 2779 846 spiritum
2814 783 3097 842 provocat,
3159 770 3272 838 ipse
3324 771 3516 842 procul

1899 873 2065 927 dubio
2101 873 2204 943 pice
2237 869 2560 924 intentionis
2595 877 2718 924 vota
2751 871 3115 921 consummat.

2423 981 2763 1038 EPISTOLA
2803 977 2987 1034 XVII].

2025 1091 2094 1131 AD
2133 1090 2370 1131 Clin.th
2405 1087 2728 1130 οοιιτιδεμί
2771 1082 3011 1124 ΒΑΙΝΕΙΗΙ
3055 1081 3384 1123 ﬂLRCHIOﬂIS

2585 1158 2824 1197 UXOREM.

1901 1241 2302 1295 Aacueesrnn.
2363 1268 2434 1278 ——
2469 1236 2707 1292 Guillam
2765 1233 3027 1288 Rainerio
3078 1229 3381 1286 marchioni
3437 1241 3518 1285 re-

1973 1322 2163 1364 centi-r
2212 1319 2454 1377 nuptam.
2498 1317 2758 1376 tanquam
2807 1305 3090 1366 novitiam,
3147 1303 3278 1372 quid
3329 1300 3515 1377 facere

1974 1383 2189 1442 debeat,
2224 1371 2464 1442 instruit,
2495 1371 2713 1447 nempe,
2769 1386 2828 1430 ut
2865 1371 3179 1447 viduarum,
3201 1382 3256 1426 et
3286 1371 3521 1444 pupillo-

1978 1468 2096 1505 t’tlltt
2131 1452 2338 1519 spolia,
2368 1451 2510 1504 sicut
2537 1449 2592 1503 in
2625 1444 2787 1502 domo
2820 1447 2918 1500 viri
2951 1446 3035 1500 sui
3066 1444 3474 1519 so_lenme_e_rat
3497 1482 3516 1506 .

1976 1538 2082 1576 non
2115 1510 2498 1591 concupiscat;
2525 1521 2619 1574 sed
2648 1519 3006 1591 potiuscuret
3039 1517 3297 1591 universa
3327 1510 3517 1591 inique

1975 1593 2153 1657 ablata
2189 1584 2425 1658 restitui,
2457 1584 2523 1646 ad
2553 1584 2690 1660 quas
2738 1589 2972 1660 rapinas
2991 1586 3278 1642 evitandas
3315 1584 3383 1660 _i_n_
3412 1598 3515 1660 po:

1973 1655 2206 1726 elerum,
2239 1654 2497 1732 "mgnum
2544 1654 2918 1730 adjumenium
2950 1659 3192 1732 futurum
3221 1655 3432 1732 scribit,
3467 1654 3518 1710 si

1976 1725 2369 1803 agriculturam
2399 1725 2716 1803 diligentius
2744 1730 2990 1803 exerceri
3027 1729 3249 1796 jubeat;
3274 1725 3519 1781 eleemo-

1976 1801 2141 1877 synas
2166 1819 2383 1873 quoque
2417 1816 2475 1856 ιιι
2503 1801 2765 1873 largiatur
2806 1801 3078 1855 hortator.

1973 1894 2140 1968 264
2173 1893 2398 1954 ϐυιι.ι,.ε
2439 1891 2759 1946 clarissima!
2792 1889 3091 1946 comitissa‘.
3135 1881 3358 1945 Psrnus
3390 1903 3519 1959 pec-

1905 1996 2061 2040 cator
2086 1984 2389 2040 monachos
2419 1981 2690 2037 orationis
2719 1980 3055 2035 instantiam.
3295 1987 3307 1993 “

1975 2075 2245 2142 Quoniam
2279 2075 2394 2138 rei,
2445 2089 2512 2128 ex
2541 2084 2648 2142 qua
2690 2071 2976 2128 conflictus
3001 2071 3254 2127 oborimr
3277 2112 3290 2135 ,
3325 2070 3521 2126 melius

1901 2178 1988 2238 est
2017 2166 2310 2238 gratuitam
2339 2165 2708 2237 ignorantiam
2752 2164 3037 2235 possidere
3069 2175 3232 2234 Quam
3271 2165 3338 2219 de
3367 2179 3522 2220 eam-

1906 2249 2150 2332 paranda
2199 2272 2418 2327 semper
2485 2255 2764 2311 oblivione
2819 2253 3112 2325 confligere
3144 2295 3158 2316 .
3204 2251 3518 2323 juvenculis

1905 2354 2265 2414 mulieribus.
2320 2366 2554 2422 quarum
2624 2348 2984 2405 formidamus
3046 2357 3342 2418 aspectus,
3400 2356 3520 2403 tuto

1905 2445 2212 2502 litterarum
2249 2445 2558 2516 prmbcmus
2585 2443 2819 2512 alloquio
2849 2459 2903 2496 n.
2950 2442 3061 2513 Ego
3087 2453 3242 2497 certe
3281 2442 3372 2511 qui
3400 2441 3517 2512 jam

1907 2552 2070 2592 senex
2103 2551 2242 2600 sum,
2289 2548 2428 2588 anus
2454 2533 2676 2603 quidem
2722 2531 2918 2587 faciem
2965 2532 3114 2602 rugis
3144 2539 3427 2587 exaratam
3450 2545 3519 2586 ac

1908 2628 2248 2698 lippientium
2300 2624 2582 2681 oculorum
2649 2624 2909 2680 lluoribus
2964 2623 3237 2678 madidam
3289 2637 3521 2679 securus

1909 2723 2146 2785 intueor,
2201 2721 2430 2776 licenter
2479 2718 2731 2783 attendo;
2801 2734 2831 2771 a
2869 2717 3278 2773 venustioribus
3334 2724 3518 2771 autem

1909 2821 2072 2884 atque
2107 2811 2302 2867 fucatis
2348 2811 2429 2866 sic
2478 2811 2669 2866 oculos
2719 2819 2979 2880 tanquam
3032 2824 3232 2880 pueros
3278 2810 3346 2863 ab
3395 2809 3522 2880 igne

1909 2903 2178 2959 custodio.
2209 2900 2400 2956 infelix
2433 2901 2634 2970 quippe
2664 2913 2763 2954 cor
2788 2910 2967 2954 meum
2989 2940 3003 2965 ,
3031 2900 3174 2970 quod
3207 2899 3519 2968 evangelica

1911 3006 2096 3051 tenere
2128 2993 2388 3066 mysteria
2433 2993 2646 3049 centies
2691 2992 2931 3064 perlecta
2961 3009 3067 3048 non
3104 2990 3322 3056 suﬂicit,
3353 2991 3524 3047 semel

1910 3096 2144 3155 aspecta:
2185 3085 2374 3140 forma:
2408 3085 2730 3139 memoriam
2762 3099 2868 3138 non
2901 3083 3136 3148 amittit;
3169 3091 3226 3138 et
3252 3083 3322 3137 ibi
3361 3082 3522 3136 vani-

1912 3178 2037 3232 tatis
2071 3175 2362 3246 imagincm
2398 3174 2602 3230 oblivio
2635 3189 2744 3230 non
2777 3173 3075 3242 intercipit,
3103 3173 3196 3228 ubi
3227 3172 3312 3226 lex
3341 3173 3527 3227 divino

1911 3267 2186 3335 descripta
2221 3266 2389 3336 digito
2415 3281 2521 3320 non
2557 3264 2881 3334 permansit.
2919 3263 3027 3318 Sed
3073 3265 3189 3320 hare
3221 3263 3374 3318 alias.
3409 3261 3526 3318 Nec

1907 3360 2049 3414 cuitu
2086 3359 2174 3411 hic
2220 3357 2534 3412 describere
2578 3371 2702 3427 qua
2748 3355 2886 3410 mihi
2919 3365 3046 3411 sunt
3083 3356 3269 3420 noxia,
3301 3354 3396 3410 sed
3427 3369 3527 3426 po-

1910 3453 2015 3504 tius
2050 3464 2170 3520 qua:
2199 3449 2295 3504 tibi
2326 3448 2539 3519 possint
2562 3463 2684 3504 esse
2706 3447 2973 3508 salubria.
3013 3447 3277 3519 judicavi.
3317 3446 3527 3505 Trans-

1910 3548 1997 3600 isti
2026 3561 2176 3610 sane,
2213 3544 2342 3609 tilia,
2388 3557 2485 3613 per
2532 3541 2790 3612 nuptialis
2832 3539 2956 3610 jura
3008 3540 3268 3596 connubii
3319 3540 3376 3596 in
3424 3541 3528 3596 do-

1908 3656 2057 3695 mum
2123 3639 2257 3693 satis
2312 3638 2531 3708 quidem
2593 3635 2866 3706 amplam,
2934 3635 3053 3700 sed,
3112 3635 3324 3702 fateor,
3384 3634 3530 3692 male

1909 3739 2211 3792 moratam;
2240 3728 2435 3798 opibus
2483 3736 2540 3781 et
2569 3727 2834 3797 dignitate
2864 3726 3244 3796 conspicuam,
3296 3728 3392 3780 sed
3423 3723 3523 3782 de-

1907 3831 2132 3892 pravata
2165 3819 2377 3874 vivendi
2431 3818 2548 3890 lege
2581 3817 2888 3873 contusam.
2942 3816 3158 3889 Frange
3203 3817 3370 3888 igitur
3404 3834 3525 3889 per-

1911 3913 2051 3968 versi
2104 3913 2243 3967 ritus
2274 3909 2518 3981 regulam
2565 3926 2730 3981 quam
2767 3911 3048 3976 invenisti,
3103 3911 3233 3966 tolle
3261 3913 3527 3967 confiscao

1911 4007 2086 4060 tiones
2144 4019 2443 4076 pauperum
2479 4045 2494 4070 ,
2556 4003 2787 4073 injustos
2845 4019 3090 4059 canones
3136 4012 3191 4058 et
3251 4002 3532 4062 illationel

1909 4096 2096 4152 inhibe
2128 4097 2499 4161 rusticorum;
2556 4106 2612 4149 et
2648 4097 2715 4150 ad
2766 4094 2928 4150 .losiae
2982 4095 3124 4166 regis
3171 4097 3483 4167 exemplum
3512 4139 3529 4161 .

1909 4191 2084 4246 conde
2133 4191 2258 4245 novi
2303 4189 2514 4244 ordinis
2544 4190 2875 4244 institutum.
2927 4189 3018 4243 llle
3068 4190 3269 4259 quippe
3325 4191 3531 4260 reperit

1912 4297 2142 4353 regnum
2202 4280 2342 4336 Juda
2399 4280 2667 4336 idolorum
2723 4279 2960 4335 cultibus
3003 4282 3268 4346 deditum,
3315 4291 3371 4336 et
3419 4298 3531 4337 non

1910 4377 2070 4430 modo
2101 4373 2337 4446 paterni,
2370 4374 2464 4428 sed
2496 4374 2627 4428 aviti
2679 4372 2956 4444 sacrilegii
2997 4381 3214 4428 vetusta
3258 4375 3530 4428 contami—-

1911 4467 2131 4523 natione
2163 4467 2466 4537 pollutum;
2503 4467 2596 4521 sed
2627 4482 2777 4531 mox,
2824 4477 2882 4521 ut
2927 4466 3210 4538 Scriptura
3265 4478 3522 4532 testatur,

1907 4557 2092 4616 omnia
2145 4576 2273 4616 vasa
2300 4601 2316 4627 ,
2356 4577 2480 4630 quae
2527 4561 2672 4615 facta
2705 4561 2924 4615 fuerant
2967 4559 3116 4624 Baal,
3172 4560 3226 4615 in
3278 4561 3533 4616 convalle

1911 4651 2124 4708 Cedron
2154 4652 2279 4723 igne
2306 4653 2639 4718 combussit;
2686 4653 2967 4722 aruspices
3007 4654 3098 4721 qui
3138 4655 3530 4710 sacriﬁcabant

1912 4745 1964 4798 in
1995 4743 2230 4800 excelsis
2266 4758 2500 4816 arasque
2535 4744 2774 4808 delevit;
2813 4745 3073 4799 contrivit
3119 4755 3328 4802 statuas
3356 4787 3369 4805 .
3403 4762 3528 4802 suco

1909 4836 2040 4891 cidit
2065 4835 2238 4902 lucos,
2271 4837 2464 4892 altaria
2495 4837 2723 4907 polluit,
2774 4835 3214 4894 effeminatorum
3267 4839 3527 4894 :rdiculas

1911 4927 2241 4998 profanavit.
2274 4928 2342 4983 Et
2369 4930 2498 4998 quia
2548 4929 2770 5000 longum
2819 4938 2902 4984 est
2933 4931 3118 4983 omnia
3170 4930 3525 4985 dinumerare

1911 5036 2034 5089 qua:
2070 5019 2244 5085 fecit,
2305 5021 2409 5077 hoc
2462 5021 2531 5075 ad
2579 5021 2960 5096 compendium
3011 5022 3216 5078 referre
3251 5023 3526 5090 sufficiat,

1910 5113 2168 5183 quoniam
2198 5124 2258 5168 et
2297 5114 2682 5183 abominabllia
2719 5123 2913 5168 cuncta
2948 5116 3238 5177 subvertit,
3283 5127 3338 5169 et
3385 5128 3523 5170 tem-

1911 5205 2059 5275 plum
2091 5205 2303 5260 Domini
2337 5221 2460 5260 cum
2492 5206 2754 5276 legalibus
2780 5192 3109 5261 ceremoniis
3140 5206 3528 5276 pollucibiliter

1913 5297 2242 5352 instauravit
2270 5297 2322 5367 (1
2341 5294 2380 5347 ν
2412 5295 2544 5367 Reg.
2588 5297 2772 5368 mn).
2807 5293 2885 5351 Tu
2917 5311 3138 5367 quoque
3167 5301 3342 5353 sancti
3382 5302 3528 5369 regis

1911 5384 2128 5453 amula,
2163 5400 2439 5458 reperLum
2472 5389 2696 5444 destrue
2746 5398 2972 5444 vetusta:
3001 5388 3338 5446 confusionis
3377 5394 3528 5446 ordi-

1915 5494 2061 5542 nem.
2086 5488 2141 5536 et
2170 5481 2427 5535 salutaris
2455 5479 2620 5535 induc
2651 5481 2978 5535 innocentia:
3003 5481 3330 5536 novitatem.
3363 5482 3524 5543 Nam,

1910 5571 2012 5626 etsi
2061 5587 2168 5626 non
2201 5571 2476 5630 inveneris
2515 5571 2627 5628 illic
2671 5574 2816 5642 quod
2849 5574 3100 5628 destruas
3151 5573 3395 5637 idolum;
3430 5577 3527 5628 sed

1913 5663 2186 5726 invenisti,
2240 5665 2384 5732 quod
2428 5679 2584 5732 aeque
2635 5663 2981 5735 plectendum
3035 5676 3158 5728 est,
3213 5667 3521 5730 avaritiam,

1908 5768 2028 5822 qua:
2052 5763 2291 5809 testante
2315 5756 2597 5824 Apostolo.
2623 5757 2865 5815 servitus
2891 5758 3272 5818 est.idolorum
3300 5756 3524 5828 (Ep/us.

1911 5849 1981 5913 v).
2018 5843 2134 5900 Non
2165 5844 2323 5901 dulce
2368 5847 2589 5917 sapiant
2617 5849 2670 5903 in
2703 5849 2954 5904 faucibus
2984 5849 3092 5904 tuis
3121 5848 3317 5904 recula:
3350 5849 3526 5920 pupil-

2890 5942 2964 6002 15
