5428 6542
365 1231 422 1294 ,ᾖ

345 1511 450 1576 ᾖξ’-ι

319 1683 326 1690 ρ

357 1747 422 1810 .25"

1712 394 1817 453 ‘59

2247 390 2303 443 S.
2342 387 2546 444 PETRI
2575 383 2855 440 DAIIANI
2894 382 3042 437 OPP.
3085 378 3262 435 PARS
3298 375 3425 433 SEU
3455 373 3685 434 TOIIJS
3723 377 3763 434 Ι.
3789 409 3854 420 -
3895 377 4107 434 ειηετ.
4152 377 4274 432 LIB.
4319 374 4453 432 τηι.

4848 371 4960 429 ιω

1719 511 1912 571 lorum,
1944 503 2112 560 altilia
2147 503 2445 563 viduarum,
2481 498 2705 554 Domino
2735 512 2828 567 per
2861 494 3073 564 Moysen
3121 495 3280 548 terri-
3313 499 3355 556 Α
3387 507 3504 562 pus.
3529 500 3585 546 ut
3619 492 3980 563 indigentibus
4009 492 4058 543 in
4091 488 4417 544 necessitate
4453 495 4817 546 succurreret.
4834 493 4966 538 tau-

1722 599 1900 654 biliter
1929 596 2252 649 intonan'c:
2301 608 2318 640 ι
2358 589 2579 650 Vidua,
2621 587 2819 655 inquit,
2862 599 2914 639 et
2955 585 3154 655 pupillo
3182 599 3287 638 non

1727 686 2003 744 nocebitis.
2049 684 2108 736 Si
2161 681 2405 736 [meritis
2432 692 2526 734 eos
2550 719 2565 741 ,
2595 675 3034 730 vociferabantur
3080 673 3148 726 ad
3181 687 3285 736 me,

1719 786 1774 830 et
1799 790 1897 844 ego
1926 772 2141 827 audiam
2180 771 2468 825 clamorem
2498 782 2705 830 eorum,
2735 775 2790 820 et
2818 765 3175 834 indignabitur
3206 762 3288 816 fu-

1726 883 1819 923 ror
1847 880 2015 929 meus,
2045 863 2447 934 percutiamque
2491 874 2588 913 vos
2614 859 2806 928 gladio.
2833 866 2886 910 et
2913 864 3070 909 erunt
3098 869 3293 908 uxores

1723 965 1917 1011 vestra
1942 955 2134 1013 vidnte,
2181 959 2232 1003 et
2281 948 2374 1002 ﬁlii
2403 948 2567 1001 vestri
2611 945 2789 1015 pupilli
2829 943 3021 1011 (Exod.
3058 943 3218 1010 χιιι).
3268 960 3287 992 ι

1729 1045 1807 1100 Ac
1839 1044 1883 1098 si
1911 1042 2124 1095 dicatur
2157 1057 2170 1091 :
2205 1038 2261 1092 Si
2295 1053 2389 1091 vos
2415 1037 2552 1091 virili
2586 1035 2778 1089 solatio
2805 1036 3086 1088 destitutos
3115 1042 3168 1086 et
3205 1048 3292 1087 or-

1729 1135 1882 1190 batos
1909 1130 2225 1201 parentibus
2259 1128 2448 1182 lacditis
2470 1168 2485 1189 ,
2517 1135 2572 1180 et
2619 1141 2815 1180 uxores
2846 1139 3057 1194 quoque
3086 1135 3294 1177 vestras

1727 1238 1794 1280 ac
1847 1223 2047 1277 liberos
2098 1221 2250 1290 digna
2305 1219 2404 1272 mei
2462 1217 2656 1270 furoris
2702 1218 2904 1270 ultione
2961 1217 3290 1284 percutiam;

1731 1317 1921 1372 viduas
1949 1313 2196 1369 similiter
2241 1322 2294 1366 et
2336 1309 2563 1380 pupillos
2597 1310 2648 1362 in
2681 1310 2924 1378 proximo
2975 1307 3292 1374 relinquitis,

1725 1415 1787 1462 ut
1833 1420 1927 1461 eos
1973 1403 2237 1474 quispiam
2295 1402 2508 1470 impune
2553 1400 2728 1453 valeat
2784 1399 2996 1456 ιωςιρτρ.
3053 1400 3188 1450 sicut
3241 1406 3296 1449 et

1722 1516 1822 1556 vos
1855 1514 2046 1555 secure
2095 1496 2363 1553 conﬁditis
2401 1496 2498 1560 hos
2545 1494 2697 1562 quasi
2747 1493 2860 1546 sine
2897 1491 3094 1544 talione
3143 1503 3296 1560 posse

1720 1604 1945 1648 vexare.

1787 1679 1860 1735 Ut
1897 1687 2075 1732 autem
2119 1676 2258 1730 hanc
2303 1673 2510 1729 Domini
2561 1672 2877 1727 sententiam
2925 1687 3028 1724 non
3091 1669 3297 1738 longin-

1717 1783 1848 1842 quo,
1894 1768 1986 1822 sed
2015 1781 2082 1821 ex
2130 1765 2426 1819 domestico
2467 1763 2643 1833 potius
2673 1772 2976 1815 astrttamtts
3003 1762 3249 1827 exemplo
3281 1777 3292 1811 :

3389 593 3438 638 ta
3470 584 3570 638 fuit
3596 599 3701 638 non
3733 583 3891 637 modo
3913 583 4108 635 mentis
4133 583 4355 651 pietate,
4385 579 4482 633 aed
4511 583 4566 632 et
4609 575 4815 646 proprii
4835 589 4968 630 enr-

3387 672 3534 742 poris
3565 673 3837 726 anxietate
3860 672 4143 736 sollicitus,
4170 679 4226 723 ut
4256 681 4417 740 agros
4460 666 4576 737 ipse
4621 680 4786 735 supra
4820 663 4972 720 vim

3388 777 3513 816 suas
3537 761 3830 824 excoleret.
3860 771 3913 814 et
3945 762 4105 814 homo
4126 773 4325 829 genere
4352 757 4536 812 clarus
4564 754 4837 825 longeque
4866 753 4970 808 all-

3391 861 3472 905 ter
3490 851 3768 914 educatus,
3793 851 4060 904 ruralibus
4089 863 4147 904 se
4177 847 4456 904 laboribus
4510 848 4802 902 cruciaret.
4859 841 4974 898 Sed

3391 957 3561 1011 neque
3586 941 3686 1000 hoc
3713 941 3886 995 solum
3920 951 3970 995 te
3999 940 4226 1002 solliciat
4255 938 4634 1000 admoueri,ut
4650 935 4828 991 aliena
4855 945 4972 987 non

3393 1036 3593 1105 rapias,
3623 1036 3713 1087 sed
3741 1034 4044 1087 addendum
4076 1041 4160 1087 est
4188 1033 4429 1102 insuper,
4456 1038 4514 1084 ut
4555 1043 4788 1100 quoque
4815 1039 4976 1082 coll-

3393 1126 3596 1193 pereris
3630 1135 3753 1177 ante
3782 1134 3832 1176 te
3863 1131 4128 1192 praerepta
4179 1122 4453 1176 restituas.
4519 1118 4654 1175 Nam
4699 1129 4757 1176 et
4823 1119 4976 1174 anti-

3393 1230 3531 1284 quus
3556 1215 3640 1267 ille
3668 1213 4027 1266 Romanorum
4057 1213 4184 1277 dux,
4211 1209 4417 1280 Scipio,
4440 1224 4562 1265 cum
4584 1209 4975 1279 Carthagini

3393 1306 3565 1356 victor
3586 1305 3928 1364 obtinuisset,
3952 1303 4116 1374 ’σε
4143 1310 4334 1356 cuncta
4367 1301 4594 1356 urbibus
4620 1300 4812 1363 Italic,
4836 1299 4978 1357 Afri-

3395 1407 3472 1446 cae
3508 1402 3667 1460 atque
3698 1393 3894 1444 διώ-,υ
3924 1393 4091 1458 spolia
4125 1389 4375 1453 reddidit,
4403 1404 4522 1458 qua
4547 1389 4759 1444 scilicet
4787 1387 4896 1442 iliis
4942 1403 4978 1443 ι

3396 1482 3914 1551 Carthaginiensibus
3940 1483 4066 1535 olim
4118 1480 4326 1534 sublata
4377 1481 4627 1550 cognovit
4653 1479 4802 1548 (τιτ.
4827 1477 4979 1542 υτ..

3399 1573 3526 1626 Dec.
3551 1573 3602 1634 3,
3637 1575 3727 1625 lib.
3761 1575 3836 1628 xl.
3864 1573 3926 1625 Et
3947 1572 4088 1640 quod
4112 1586 4140 1624 a
4164 1571 4277 1625 suis
4301 1569 4975 1641 cultoribusEvaugel'.

3401 1679 3542 1717 nunc
3573 1674 3897 1731 extorquere
3925 1664 4010 1715 vix
4036 1659 4248 1721 suﬁiclt.
4275 1658 4572 1726 Evangelia
4619 1659 4855 1714 necdum
4887 1672 4985 1714 ω

3402 1765 3674 1814 ruscautc.
3709 1757 3788 1806 vir
3816 1753 4027 1820 gentilis
4059 1749 4316 1820 implevit.
4343 1748 4451 1804 Sed
4486 1749 4557 1804 ad
4580 1749 4692 1806 hac
4723 1748 4866 1804 forte
4896 1762 4987 1806 re-

1722 1830 1895 1916 s-oeeri
1952 1857 2049 1921 tui,
2101 1853 2373 1926 Ugnzouis
2421 1830 2628 1908 scilicet
2679 1851 3004 1905 marchionis
3053 1853 3294 1903 utcrinns
3330 1830 3371 1888 Β
3402 1842 3667 1910 spondeas
3690 1847 3811 1910 quia
3840 1845 3936 1894 uisi
3966 1845 4044 1894 vir
4065 1843 4117 1895 in
4147 1842 4229 1894 his
4260 1841 4512 1897 omnibus
4533 1849 4726 1896 auctor
4752 1841 4984 1904 existat.

1719 1948 1892 2004 frater
1949 1946 2078 2000 olim
2154 1945 2255 1998 fuit
2329 1958 2512 1997 comes
2571 1926 2842 2004 Uberius,
2910 1939 3060 2005 cujus
3111 1955 3293 2002 uxor,

1718 2039 1880 2112 ,σε
1914 2039 2039 2092 dum
2070 2037 2122 2092 in
2145 2046 2325 2091 castro
2345 2036 2489 2105 quod
2517 2033 2983 2092 Scill‘enadii-itnr,
3003 2032 3292 2094 habitaret,

1720 2129 1940 2184 euidanr
1961 2127 2133 2180 viduae
2180 2140 2400 2196 porcum
2430 2123 2570 2187 tulit,
2637 2137 2807 2191 eoque
2854 2137 2947 2189 per
3001 2137 3294 2189 coquomm

1716 2217 2014 2273 inzlustrias
2035 2215 2102 2269 ad
2124 2214 2357 2270 edulium
2373 2222 2698 2284 prmparato,
2724 2228 2984 2282 pransum
3006 2213 3294 2265 discubuit.

1725 2289 1899 2362 Vidua
1924 2320 2054 2359 vero
2075 2304 2200 2374 quia
2232 2304 2504 2358 victimam
2531 2303 2631 2357 sibi
2656 2302 2803 2357 reddi
2845 2301 2955 2371 jam
2980 2318 3118 2370 saepe
3151 2318 3300 2371 roga-

1727 2409 1906 2465 verat,
1949 2399 2044 2455 sed
2091 2413 2159 2453 ne
2196 2398 2297 2453 hoc
2338 2397 2575 2466 quidem,
2632 2404 2690 2448 ut
2714 2396 2977 2465 patienter
3002 2396 3298 2458 audiretur,

1726 2491 1974 2548 obtinere
2013 2497 2263 2560 potuerat
2298 2529 2313 2552 ,
2372 2487 2584 2541 mulieri
2643 2485 2953 2540 solemniter
2996 2487 3299 2540 c0uvivauti

1724 2579 1908 2636 dolore
1930 2577 2186 2633 transfixa
2209 2591 2267 2633 se
2293 2577 2485 2630 mulier
2505 2574 2718 2636 obtulit,
2759 2583 2814 2629 et
2841 2585 2898 2628 ut
2931 2586 3088 2630 tenue
3113 2576 3299 2627 saltem

1724 2667 2014 2724 frustulum
2039 2667 2108 2721 de
2129 2681 2227 2721 suo
2265 2665 2366 2720 sibi
2397 2666 2727 2720 nutrimento
2773 2664 3073 2734 porrigeret
3123 2676 3302 2733 postu-

1727 2760 1875 2821 lavit,
1905 2758 2041 2826 Quia
2068 2771 2173 2812 non
2197 2771 2519 2817 merueram,
2565 2756 2759 2824 inquit,
2814 2756 2881 2807 tle
2920 2757 3142 2808 nutritio
3191 2757 3300 2823 spei

1726 2863 1865 2904 mea
1894 2857 2155 2904 consueto
2186 2861 2334 2902 more
2361 2845 2615 2917 gaudere,
2649 2844 2809 2897 liceat
2858 2843 3048 2897 saltem
3072 2844 3300 2895 extremi

1730 2948 1945 3010 gustum
1967 2939 2177 3010 saporis
2211 2939 2496 3006 attingere.
2542 2936 2712 3003 Quam
2767 2935 3077 3006 petitionem
3135 2935 3304 2987 "ttt‘tts

1727 3039 1891 3100 atque
1911 3030 2238 3100 superhiens
2269 3038 2515 3083 matrona
2545 3028 2813 3096 despexit,
2841 3027 3000 3095 eique
3027 3028 3147 3095 quia
3177 3045 3306 3080 nun-

1727 3136 1890 3193 quam
1917 3135 1982 3175 ex
2020 3120 2112 3175 illo
2146 3122 2497 3174 manducaret
2545 3133 2650 3173 non
2678 3120 2794 3173 sine
2819 3117 3157 3186 contumelias
3190 3120 3306 3185 jur-

1728 3184 1820 3282 gio
1845 3210 2201 3267 denuntiavit.
2230 3208 2361 3273 Sed,
2391 3223 2425 3261 ο
2473 3210 2654 3264 divina
2693 3208 2901 3276 jttstitia
2934 3209 3000 3261 ad
3063 3184 3302 3278 picae..-
3334 3184 3376 3241 (ἶ

1729 3303 1854 3358 dam
1917 3300 2246 3371 impietatem
2301 3308 2465 3369 atque
2521 3299 2827 3369 superbiam
2876 3297 3053 3366 gladio
3095 3312 3307 3364 semper

1728 3388 1952 3444 ultionis
1981 3388 2254 3444 accincta!
2288 3388 2478 3441 eodem
2501 3387 2656 3456 plane
2681 3386 2784 3447 die,
2822 3396 2945 3455 post
2997 3387 3302 3455 prandium,

1728 3483 1856 3538 dum
1889 3479 2109 3551 prtfata
2142 3494 2327 3534 comes
2355 3479 2405 3532 in
2434 3479 2730 3534 castrensis
2760 3478 2884 3532 valli
2936 3478 3168 3539 sederet,
3222 3496 3307 3531 se—

1729 3584 1857 3624 cura
1883 3569 2159 3639 crepidine
2183 3579 2235 3624 et
2262 3568 2525 3638 sagittatis
2551 3582 2617 3621 cx
2641 3567 2816 3622 aliena
2865 3567 3178 3622 calamitate
3205 3571 3308 3622 vis-

1731 3659 1968 3725 ceribus,
1999 3657 2194 3712 nullius
2228 3658 2397 3712 ruinae
2414 3657 2711 3727 periculum
2741 3657 3083 3722 formidaret,
3119 3675 3309 3725 repen-

1734 3746 1851 3802 tino
1897 3761 2019 3800 mox
2057 3747 2366 3817 subsicivio.
2391 3746 2707 3801 munitionis
2765 3762 2893 3817 ager
2920 3747 3167 3801 obruitur
3192 3788 3208 3812 ,
3255 3757 3311 3801 et

1735 3850 1900 3905 super
1923 3833 2189 3890 infelicem
2221 3835 2500 3903 mulierem
2533 3835 2796 3889 immensa
2825 3838 3028 3890 ruentis
3057 3852 3308 3905 promon-

1731 3926 1856 3982 torii
1889 3927 2169 3997 congeries
2226 3908 2573 3988 cumulatur,
2630 3934 3032 3995 perstrepentes
3075 3929 3310 3995 undique

1730 4015 2027 4089 phalanges
2059 4016 2334 4071 hominum
2370 4014 2676 4079 conﬂuunt,
2734 4016 2969 4071 fossores
3024 4020 3307 4083 accedunt,

1730 4117 1891 4166 terrm
1921 4108 2126 4164 viscera
2165 4117 2598 4177 perscrutantur,
2629 4115 2685 4162 et
2711 4107 2833 4162 dum
2871 4108 3101 4163 diversis
3134 4110 3308 4163 ferra-

1731 4206 2039 4254 meritorum
2055 4197 2347 4277 generibus
2378 4197 2612 4266 collapsa
2640 4205 2801 4252 teme
2832 4198 3002 4252 moles
3029 4201 3156 4253 hinc
3189 4200 3310 4254 inde

1735 4293 2062 4364 perfoditur,
2094 4293 2181 4346 vix
2215 4300 2374 4348 tenue
2433 4293 2652 4346 contriti
2705 4293 2985 4347 cadaveris
3023 4296 3310 4361 vestigium

1733 4386 2022 4456 reperitur.
2052 4383 2265 4450 Ossium
2297 4399 2428 4454 ergo
2460 4393 2784 4454 artuumque
2829 4386 3144 4455 particulas,
3176 4403 3314 4456 quas

1735 4492 1840 4532 non
1867 4478 1985 4533 sine
2011 4478 2192 4548 magni
2219 4477 2418 4532 laboris
2460 4478 2744 4543 instantia,
2785 4488 2845 4532 ut
2874 4480 2944 4532 ita
2987 4481 3194 4548 loquar,
3219 4497 3312 4535 ex-

3396 1937 3459 1989 ad
3486 1937 3598 1990 hrc
3645 1938 3908 2004 implentia
3939 1935 4211 1986 vasculum
4255 1932 4527 1988 inﬁrmum
4587 1949 4694 1989 non
4751 1933 4984 2002 ιφὶηι.

3401 2030 3595 2080 Verum
3621 2029 3775 2090 plane
3808 2045 3902 2080 nec
3942 2027 4229 2080 diﬂitcmur
4279 2026 4406 2095 quia
4435 2065 4450 2088 ,
4505 2041 4629 2080 cum
4679 2025 4748 2078 ad
4805 2026 4986 2079 vim

3401 2120 3638 2171 mulieris
3689 2122 3754 2170 sit
3801 2119 4060 2170 ιιιιιιιίιιις
4117 2121 4334 2170 decreta
4389 2117 4675 2170 conversio
4707 2157 4723 2179 .
4772 2116 4986 2185 indiget

3399 2211 3709 2279 plerumque
3745 2227 3902 2263 sexus
3952 2211 4214 2260 inliruiior
4275 2209 4602 2262 auctoritate
4655 2207 4824 2260 virili.
4871 2207 4987 2260 Sed

3401 2301 3487 2352 ubi
3525 2303 3716 2353 mulier
3747 2303 3944 2352 rettius
3968 2299 4196 2366 judnut,
4224 2299 4444 2367 dignum
4468 2308 4554 2351 est
4581 2305 4640 2351 ut
4684 2297 4734 2351 ei
4768 2295 4854 2350 vir
4881 2312 4988 2351 auo

3401 2396 3665 2446 ctoritatis
3691 2409 3800 2446 sua:
3831 2394 4032 2461 itfsiilus
4061 2408 4163 2443 non
4190 2390 4418 2443 obsistat
4451 2406 4466 2450 ;
4503 2403 4600 2458 pro
4627 2389 4745 2442 viro
4775 2387 4989 2442 sciliou

3400 2493 3482 2535 est
3525 2483 3921 2548 itM‘jlllilt'llllll,
3955 2497 4057 2532 non
4108 2491 4298 2532 contra
4349 2479 4546 2531 virum.
4607 2475 4772 2532 Ozias
4823 2477 4991 2547 plano

3411 2576 3746 2627 sacerdosin
3802 2575 4024 2624 aﬁutttra
4083 2572 4290 2626 Domini
4350 2572 4697 2626 miseratione
4744 2573 4994 2642 qttinqm

3405 2667 3614 2717 dierum
3641 2666 3928 2716 terminum
3969 2665 4175 2724 statuit,
4211 2664 4302 2715 sed
4333 2662 4433 2715 hoc
4462 2661 4727 2728 judicium
4761 2677 4992 2732 Inagita-

3406 2755 3565 2806 nitnis
3603 2755 3687 2806 illa
3720 2753 3900 2807 Jutlitlt
3931 2754 4248 2819 corripiens,
4281 2752 4604 2819 improbavit
4633 2771 4644 2804 :
4684 2769 4702 2801 ι
4734 2749 4853 2806 Non
4882 2762 4990 2816 est,

3408 2845 3597 2911 inquit,
3633 2845 3731 2896 iste.
3763 2859 3939 2895 sermo
3970 2845 4059 2912 qui
4093 2842 4519 2895 misericordiam
4575 2853 4858 2912 provocet,
4893 2843 4995 2898 aed

3408 2937 3583 3002 potius
3608 2938 3695 3002 qui
3728 2936 3860 2986 iram
3887 2937 4085 2987 excitet
4109 2945 4161 2986 ct
4186 2935 4422 2986 furorem
4469 2933 4735 2988 accendat
4766 2932 4994 3002 (Iudith

3410 3029 3548 3088 \ttt).
3575 3043 3592 3072 ι
3622 3025 3828 3090 ΑιιιςτιίΙ
3860 3040 4070 3091 quoque
4093 3022 4218 3075 dum
4256 3024 4405 3076 stulti
4433 3021 4600 3077 Nabal
4655 3025 4996 3080 secundum

3412 3124 3602 3174 mutat,
3629 3129 3655 3163 a
3692 3128 3800 3162 stur:
3824 3113 4012 3164 domus
4041 3113 4252 3164 excidio
4282 3112 4524 3166 vibratos
4585 3111 4753 3166 David
4782 3112 4999 3182 gladia

3412 3212 3622 3255 revocat
3652 3221 3661 3254 :
3689 3219 3808 3271 qua:
3842 3203 4092 3253 nimirum
4116 3217 4212 3270 pro
4240 3201 4408 3254 Nabal
4438 3200 4586 3262 fecit.
4609 3203 4738 3257 «ιω
4762 3218 4998 3273 pervero

3411 3311 3527 3346 sum
3557 3292 3669 3358 ejus
3694 3292 3957 3358 judicium
3985 3307 4206 3346 scrvare
4242 3293 4569 3362 contempsit
4594 3291 4644 3363 (1
4807 3295 4994 3368 nm).

3412 3383 3600 3437 Marine
3632 3399 3753 3437 cum
3787 3386 4008 3437 vidisset
4033 3384 4279 3450 angelum
4303 3424 4317 3446 ,
4340 3384 4630 3452 desperare
4655 3387 4825 3456 cepit
4853 3427 4870 3450 .
4897 3387 5002 3444 αὐ

3411 3476 3900 3542 pusill:itiiiui:ate.n
3931 3475 4045 3540 ejus
4088 3475 4360 3529 encrviter
4416 3474 4791 3542 ﬂuctuantem,
4852 3493 5002 3536 uxor

3412 3568 3625 3618 erexit:
3664 3585 3679 3613 ι
3721 3565 3906 3624 Morte.
3974 3567 4171 3632 inquit,
4221 3567 4541 3630 moriemur,
4585 3569 4712 3638 quia
4755 3568 5006 3626 vidi-ﬁ

3415 3658 3599 3709 Deum.
3643 3656 3740 3707 Cui
3774 3657 3997 3709 mulier:
4027 3656 4082 3709 Si
4111 3655 4387 3718 Dominus,
4419 3659 4527 3721 ait,
4560 3673 4659 3711 nos
4683 3658 4844 3713 velles
4893 3673 5001 3717 ae-

3412 3749 3610 3808 eidere,
3646 3748 3710 3799 tle
3742 3749 3989 3800 manibus
4018 3749 4218 3800 nostris
4256 3748 4564 3804 holocausta
4591 3757 4648 3803 ct
4697 3749 5003 3808 libam

3414 3852 3517 3887 non
3550 3838 3847 3903 susciperet
3880 3835 4082 3902 (ludit.
4138 3837 4280 3904 ιιιι).
4317 3855 4334 3887 ι
4401 3834 4573 3892 Porro
4621 3839 4667 3892 si
4715 3854 5002 3909 ιιιιυιιυι-

3416 3928 3624 3979 mulicri
3679 3929 3758 3980 vir
3820 3925 4230 3993 obtemperasse
4273 3927 4591 3992 debuisset,
4647 3943 5002 4001 nequaqua-

3415 4019 3642 4069 Abralia:
3673 4017 3928 4068 Dominus
3956 4019 4158 4072 diceret
4190 4037 4201 4069 :
4241 4035 4258 4066 t
4293 4016 4484 4072 Omnia
4511 4034 4632 4088 qua
4671 4021 4869 4075 dixerit
4899 4023 5006 4081 tibi

3418 4106 3570 4168 Sara,
3598 4108 3721 4158 audi
3758 4123 3938 4159 vocem
3969 4108 4084 4174 ejzts
4117 4107 4269 4176 (Gen.
4304 4107 4440 4176 xxi).
4483 4129 4502 4162 ι
4535 4109 4769 4180 Dignum
4798 4125 5002 4170 ester-

3415 4215 3481 4268 go
3509 4209 3564 4252 ut
3599 4201 3858 4268 quidquid
3919 4215 4014 4266 per
4066 4199 4381 4268 injustitiam
4441 4211 4681 4270 partum.
4732 4205 5005 4277 quidq-H

3416 4293 3536 4345 aliis
3561 4294 3821 4345 violenter
3846 4292 4107 4354 ablatum,
4131 4291 4334 4354 domui,
4369 4293 4456 4346 cui
4505 4309 4649 4347 nunc
4674 4309 4874 4364 praes.
4903 4297 5006 4353 atl-

3411 4367 3955 4454 jacerc'engnoveris.
3989 4386 4039 4435 in
4067 4396 4326 4452 quantum
4356 4385 4450 4438 tibi
4476 4387 4732 4453 possibile
4760 4397 4839 4442 est
4873 4391 5008 4444 red-

3418 4478 3546 4530 de:e
3573 4493 3676 4529 nou
3706 4475 3936 4528 moreris
3968 4489 4033 4526 ne
4066 4475 4157 4525 tibi
4185 4474 4432 4527 videatur
4482 4473 4610 4526 illud
4674 4481 5006 4542 convenire.

1735 4567 1982 4636 scalpere
2046 4543 2378 4636 potuerunt,
2435 4567 2724 4636 sepultum
2797 4543 3151 4625 tradiderunt.
3184 4543 3187 4544 ν
3219 4571 3308 4628 sic
3341 4543 3390 4602 Ῑ)
3416 4569 3558 4636 quod
3589 4568 3849 4635 scriptum
3875 4574 3992 4617 est:
4029 4582 4046 4614 t
4077 4564 4175 4629 Qui
4207 4565 4257 4617 ιιι
4287 4564 4466 4618 alieno
4491 4565 4676 4619 ﬁdeles
4702 4582 4810 4619 non
4863 4567 5010 4622 fuis-

1736 4657 1902 4714 dividi
1925 4673 2022 4728 per
2058 4655 2227 4712 frusta
2252 4658 2335 4712 sui
2363 4661 2605 4728 corporis
2659 4660 2878 4723 meruit,
2908 4675 3024 4729 qua
3074 4661 3307 4719 fructum

1739 4748 1909 4804 suinte
1936 4747 2118 4802 carnis
2143 4747 2349 4816 petenti
2381 4747 2555 4802 viduae
2587 4747 2890 4817 denegavit.

1811 4835 1929 4891 Noli
1949 4851 2103 4907 ergo,
2124 4836 2318 4891 nobilis
2332 4836 2460 4902 tilia,
2478 4837 2544 4892 de
2560 4836 2764 4907 rapinis
2787 4853 3084 4908 pauperum
3111 4841 3311 4904 vivere,

1741 4925 1838 4982 sed
1866 4924 2121 4980 alimenta
2146 4941 2243 4997 per
2257 4926 2539 4983 violentias
2565 4928 2848 4996 acquisita,
2873 4939 3127 4999 tanquam
3156 4945 3316 4986 vene-

1742 5032 1813 5072 na
1841 5017 2173 5089 serpentium
2193 5018 2564 5087 perhorresce.
2590 5020 2799 5075 Etcum
2823 5023 3112 5090 Apostolus
3126 5039 3289 5078 unum
3303 5054 3324 5068 -

1737 5122 2004 5179 quemque
2035 5108 2286 5164 manibus
2311 5109 2421 5164 suis
2450 5109 2696 5164 laborare
2721 5111 3017 5180 prmcipiat,
3042 5123 3098 5167 ut
3126 5113 3320 5170 habeat

1739 5195 1881 5254 unde
1909 5197 2111 5250 tribuat
2149 5197 2530 5252 necessitatem
2551 5197 2780 5269 patienti
2843 5198 3059 5270 (Ephes.
3109 5204 3206 5268 tv),
3260 5213 3316 5257 tu

1743 5285 1831 5341 fac
1857 5277 2204 5356 agriculfuris
2230 5289 2578 5345 vehementer
2597 5289 2801 5354 insisti,
2835 5301 2895 5344 ut
2923 5291 2989 5344 ad
3033 5291 3316 5364 indigenti-

1742 5375 1843 5430 bus
1859 5375 2148 5445 praebenda
2176 5376 2363 5432 solatia
2385 5378 2575 5434 horrea
2611 5388 2701 5433 tua
2723 5379 2936 5433 valeant
2963 5393 3312 5450 proventuum

1746 5465 2133 5544 benediaione'
2146 5467 2363 5537 repleri.
2386 5468 2700 5534 Enimvero,
2723 5473 2864 5527 sicut
2903 5473 2956 5526 iit
3004 5473 3142 5527 libro
3171 5475 3314 5531 viro-

1749 5569 1871 5615 rum
1896 5555 2184 5616 illustrium
2207 5557 2420 5632 legitur,
2465 5559 2722 5627 Hilarius,
2748 5560 3086 5617 Arelatensis
3111 5562 3319 5634 episco-

3419 4667 3506 4722 trs,
3536 4660 3675 4727 quod
3709 4669 3952 4710 vestrum
3982 4667 4062 4708 est
4086 4657 4205 4724 quis
4227 4657 4376 4710 dabit
4405 4659 4602 4713 vobis?
4635 4677 4654 4710 ο
4688 4658 4839 4728 (Luc.
4861 4663 5007 4732 xvi.)

3420 4750 3510 4804 Sic
3536 4764 3687 4818 ergo.
3714 4749 4038 4803 venerabilis
4067 4749 4194 4808 tilia,
4219 4748 4411 4801 domus
4435 4757 4542 4803 tua:
4599 4764 4779 4804 mores
4843 4751 5012 4806 insti-

3424 4851 3511 4895 tue
3540 4858 3554 4906 ;
3585 4845 3797 4909 rapinas
3822 4843 3970 4910 pacis
3999 4851 4050 4894 et
4079 4840 4345 4894 violentia!
4373 4841 4608 4909 reprime
4637 4857 4653 4905 ;
4696 4842 5010 4899 ministeria

3424 4930 3698 4985 defreuata
3719 4933 3816 4984 sub
3840 4931 4121 5000 di.-cipliua
4146 4945 4446 4999 compesce.
4473 4931 4585 4994 Sic.
4620 4931 4862 5002 inquam,
4885 4949 5012 5003 qua

3422 5025 3518 5079 tibi
3550 5026 3832 5077 commissa
3865 5033 4010 5085 sunt,
4037 5025 4088 5078 in
4106 5024 4380 5078 voluntate
4411 5024 4504 5082 Dii
4525 5033 4721 5078 cuncta
4751 5025 5010 5095 dispone.

3422 5123 3480 5167 ιιι
3508 5124 3728 5182 peracto
3757 5114 4058 5167 brevissimi
4081 5114 4337 5182 temporis
4365 5113 4604 5169 villicaLn
4627 5153 4642 5176 .
4676 5113 4746 5170 ad
4773 5116 5012 5172 litt-edi-

3421 5206 3546 5258 latis
3574 5215 3791 5256 :eterna:
3831 5205 4088 5258 merearis
4115 5204 4333 5258 evolare
4355 5203 4651 5275 fastigium.

4001 5336 4328 5414 ειξιετοιλ
4355 5337 4497 5393 ιιι.

3565 5470 3630 5506 A-D
3663 5469 3900 5507 IlA‘CAI
3930 5468 3994 5507 ιι
4018 5469 4296 5508 εοιιτιδςλ
4323 5468 4798 5526 εικετιιοδιειιι

3630 5562 3892 5632 (Habetur
3921 5575 4046 5618 tom.
4081 5564 4168 5626 ιιι.
4205 5577 4380 5635 estque
4402 5567 4644 5636 opuscal.
4667 5565 4792 5634 50.)
