5428 6616
151 524 239 581 Mil

163 658 420 676 ..ι-,-

1271 521 1477 579 LlBER
1502 519 1857 589 OCTAVUS;
1884 518 2110 580 EPIST.
2132 519 2171 577 ι.

1635 654 3308 682 W

1291 816 1652 921 LIBER
1720 812 2309 961 OCTAVUS.

790 1030 882 1084 an
918 1028 1127 1086 vinos
1158 1023 1552 1084 lLLUSTRES
1591 1023 1685 1078 ET
1718 1022 1926 1081 ALIAS
1961 996 2310 1083 raturas
2334 1027 2728 1088 esasosas.

437 1380 803 1457 267-268
838 1375 1175 1434 EPISTOLA
1204 1371 1422 1429 PRIMA

467 1515 533 1553 AD
559 1509 818 1553 CINTHIUI
852 1506 1006 1547 URBIS
1028 1502 1386 1545 PREFECTUI.

144 1638 535 1693 ARGUIENTUI.
564 1626 924 1682 -—Cinthium
965 1621 1280 1693 praefectum
1310 1618 1473 1676 Urbis
1498 1617 1732 1693 extollit,

212 1688 431 1774 iustitiae
486 1697 872 1774 atquitatisque
910 1688 1255 1774 defensorem
1288 1730 1303 1753 ,
1350 1701 1407 1745 et
1472 1688 1733 1774 populum

210 1757 686 1840 sibiieommis'sum
728 1757 836 1821 non
879 1764 1060 1818 minus
1105 1757 1734 1840 verbisqnainexeinplo

212 1828 585 1901 instruentem.
615 1838 753 1893 Hinc
811 1844 1028 1905 sumpta
1082 1828 1375 1887 occasione
1431 1830 1499 1885 de
1542 1828 1731 1883 ofﬁcio

206 1911 610 1973 concionatoris
646 1907 891 1964 disserit.
950 1905 1214 1959 llortatur
1263 1910 1541 1971 postremo
1587 1913 1737 1953 eum-

211 1988 349 2042 dem.
383 1992 442 2036 ut
472 1974 523 2036 in
550 1981 663 2042 via,
688 1993 852 2048 quam
884 1973 1053 2029 semel
1085 1975 1386 2048 inceperat,
1414 1977 1736 2048 constanter

207 2037 480 2128 persistat,
510 2037 889 2128 patiper'esque
906 2055 962 2099 et
982 2060 1129 2128 eu_m,
1158 2037 1255 2128 cui
1278 2056 1393 2128 rno‘n
1424 2037 1737 2128 Aestjadju-

209 2113 310 2190 tor,
345 2113 706 2190 Ecclesizeque
728 2113 1000 2189 priecipue
1034 2113 1323 2169 facultates
1351 2119 1590 2166 tueatur.

207 2259 412 2315 Domno
436 2256 686 2317 Cmrnto,
739 2251 902 2309 Urbis
926 2247 1203 2315 nrtefccto,
1238 2246 1458 2303 Pnrnus
1479 2253 1736 2318 peccator

137 2348 436 2404 monachus
460 2344 715 2400 salutem.

202 2438 443 2508 Propriae
474 2435 692 2491 virtutis
719 2432 909 2488 audire
954 2429 1310 2501 praeconium.
1368 2427 1512 2483 sicut
1562 2441 1733 2482 vanos

137 2532 188 2587 in
210 2529 527 2600 jactantiam
553 2525 736 2597 erigit,
762 2525 833 2578 ita
859 2524 1032 2579 bonos
1058 2536 1124 2576 ac
1145 2521 1361 2577 sobrios
1388 2519 1456 2575 ad
1495 2520 1731 2591 gratiam

136 2620 457 2676 numilitatis
482 2616 756 2680 accendit,
794 2616 904 2670 imo
926 2614 1099 2684 magis
1129 2613 1196 2667 ad
1228 2611 1364 2667 recti
1394 2612 1576 2683 operis
1608 2627 1733 2681 pro—

132 2718 394 2767 vocantur
409 2716 787 2780 augmentum,
825 2707 953 2760 dum
984 2704 1157 2759 attolli
1190 2704 1470 2759 favoribus
1499 2704 1730 2759 audiunt

135 2802 327 2856 collata
356 2800 456 2855 sibi
482 2800 624 2855 dona
655 2798 943 2852 virtutum.
970 2796 1097 2850 Heri
1128 2795 1308 2866 plane,
1334 2796 1461 2850 dum
1490 2795 1543 2851 in
1558 2795 1732 2857 eccle-

132 2889 209 2945 sia
238 2889 300 2943 Β.
329 2888 476 2944 Petri
505 2885 877 2956 apostolorum
906 2884 1173 2955 principis
1199 2884 1266 2940 de
1287 2883 1580 2955 praesentis
1603 2892 1735 2939 tunc

130 2977 442 3048 Epiphania:
471 2974 833 3038 solemnitate,
859 2980 1021 3043 prout
1068 2962 1250 3029 divina
1280 2972 1572 3029 clementia
1606 2990 1733 3047 sug-

130 3068 374 3140 gerebat,
407 3068 859 3123 concionaremur
882 3065 949 3120 ad
974 3064 1257 3136 populum,
1287 3065 1363 3119 ita
1390 3064 1609 3120 locutus
1644 3081 1729 3132 es,

130 3179 237 3218 non
264 3173 322 3216 ut
348 3160 662 3231 praefectum
692 3159 1031 3230 reipublicae,
1071 3160 1166 3214 sed
1220 3160 1403 3229 potius
1453 3168 1512 3213 ut
1547 3174 1735 3214 sacer-

128 3253 306 3307 dotem
340 3251 564 3306 decebat
591 3249 849 3305 Ecclesiae
878 3263 979 3305 nec
1004 3249 1283 3305 szecularis
1315 3250 1557 3304 hominis
1610 3262 1732 3303 ver-

129 3342 275 3405 bum,
312 3342 404 3395 sed
434 3341 743 3412 apostolica:
784 3340 1186 3410 praedicationis
1228 3340 1559 3397 audiebatur
1614 3340 1732 3398 elo-
1772 3330 1777 3335 ’

128 3435 337 3504 quium.
373 3433 429 3488 ln
457 3448 564 3503 quo
617 3434 899 3499 nimirum,
948 3448 1111 3504 quem
1158 3432 1363 3488 imitari
1417 3434 1729 3491 censendus

127 3540 210 3586 es,
246 3524 348 3579 nisi
383 3524 556 3588 illum,
597 3522 690 3593 qui
721 3538 815 3576 rex
847 3532 903 3578 et
932 3523 1209 3589 sacerdos,
1236 3532 1293 3578 et
1332 3524 1594 3579 mundum
1637 3540 1727 3580 re—

128 3618 207 3687 git
258 3631 355 3688 per
402 3616 599 3672 divinae
640 3617 858 3673 virtutis
914 3616 1227 3688 imperium,
1278 3625 1333 3672 et
1373 3618 1729 3689 semetipsum

124 3706 275 3763 Patri
305 3722 403 3777 pro
442 3707 603 3763 nobis
628 3707 828 3763 obtulit
877 3707 1135 3762 salutaris
1165 3708 1360 3762 hostire
1411 3723 1731 3763 sacramen-

126 3801 280 3855 tum?
310 3800 418 3855 Nos
445 3801 611 3855 etiam
640 3816 737 3870 per
765 3798 1011 3868 ejusdem
1053 3799 1438 3871 Redemptoris
1468 3801 1727 3872 gratiam,

122 3892 285 3961 cujus
316 3890 560 3949 membra
602 3907 811 3955 sumus,
843 3892 1078 3961 idipsum
1102 3932 1118 3956 ,
1143 3892 1287 3963 quod
1333 3892 1450 3960 ipse
1499 3900 1607 3956 est,
1668 3900 1730 3946 ut

1766 1374 1811 1434 Α
1844 1376 1956 1423 ῑιιηι
1982 1369 2175 1424 vivida:
2194 1370 2583 1429 consolationis
2609 1374 2835 1444 attollo;
2861 1393 2962 1435 nec
2980 1394 3111 1450 erga
3140 1396 3228 1438 me
3249 1385 3449 1458 deputo

1841 1461 2105 1535 tremendi
2133 1460 2335 1529 judicis
2356 1465 2514 1531 iram,
2546 1468 2692 1537 quod
2729 1477 2839 1525 tam
2865 1471 3190 1531 sublimibus
3217 1478 3348 1535 viris
3381 1481 3448 1536 ad

1842 1547 2163 1608 humilitatis
2202 1553 2442 1610 arbitror
2483 1558 2799 1627 pervenisse
2828 1563 3153 1618 custodiam.
3194 1565 3327 1622 Illud
3357 1584 3449 1627 me

1839 1642 2019 1711 potius
2056 1646 2228 1714 angit,
2260 1646 2393 1702 illud
2420 1652 2663 1706 atrocius
2692 1652 2799 1709 mei
2816 1654 3001 1711 cordis
3033 1671 3238 1714 arcana
3268 1669 3448 1719 trans-

1838 1729 1979 1803 tlgit,
2008 1736 2137 1804 quia
2166 1736 2295 1791 dum
2324 1755 2459 1796 voce
2498 1745 2688 1799 raucio
2711 1785 2728 1811 ,
2753 1745 2897 1802 sicut
2924 1747 3153 1805 docendi
3187 1751 3451 1812 facultate

1838 1842 1947 1881 non
1975 1826 2154 1891 atlluo,
2182 1830 2263 1886 sic
2286 1833 2451 1889 etiam
2484 1836 2569 1891 vel
2600 1838 2863 1910 exiguum
2917 1840 3112 1898 lucidae
3154 1860 3452 1903 conversa-

1838 1919 2005 1975 tionis
2032 1920 2335 1991 igniculum
2384 1941 2492 1983 non
2543 1931 2759 1986 emitto.
2808 1930 3059 1989 Perfecto
3100 1938 3452 2005 praedicatori

1839 2011 1947 2065 duo
1967 2019 2097 2067 sunt
2117 2017 2456 2083 permaxime
2486 2024 2825 2089 necessaria,
2856 2024 3111 2082 videlicet
3138 2036 3197 2082 ut
3228 2038 3453 2086 senten-

1841 2103 1933 2193 tiis
1970 2106 2232 2163 doctrinae
2257 2111 2561 2182 Spiritualis
2587 2118 2854 2174 exuberet
2905 2126 2961 2175 et
3012 2122 3283 2193 religiosa
3320 2127 3447 2183 vita

1826 2192 2130 2264 splendore
2153 2212 2424 2258 coruscet.
2459 2204 2614 2273 Quod
2657 2209 2702 2263 si
2734 2212 2992 2267 sacerdos
3046 2214 3324 2285 quispiam
3380 2219 3450 2275 ad

1840 2293 2137 2359 utrumque
2163 2306 2271 2347 non
2329 2292 2557 2363 sufﬁcit,
2590 2298 2844 2356 videlicet
2887 2310 2945 2356 ut
2987 2312 3042 2360 et
3072 2305 3184 2363 vita
3246 2308 3452 2376 clarus,

1836 2386 1895 2434 et
1914 2380 2180 2454 doctrina:
2206 2384 2467 2444 facultate
2508 2390 2580 2446 sit
2624 2394 2890 2462 protluns,
2933 2396 3128 2453 melior
3187 2410 3280 2455 est
3330 2401 3447 2459 vita

1838 2475 2029 2542 procul
2074 2477 2238 2534 dubio
2296 2494 2461 2552 quam
2513 2484 2786 2543 doctrina.
2835 2487 3060 2546 Dulcior
3113 2494 3317 2564 quippe
3366 2503 3455 2553 est

1838 2567 2049 2664 fructus
2075 2586 2303 2641 operum
2335 2592 2499 2646 quam
2528 2578 2656 2636 folia
2688 2584 2832 2640 nuda
2863 2586 3178 2644 verborum.
3234 2590 3304 2644 Et
3328 2591 3454 2664 plus

1843 2662 1985 2718 valet
2023 2666 2150 2722 vitae
2180 2669 2407 2726 claritas
2430 2672 2497 2726 ad
2526 2671 2837 2746 exempltim
2890 2694 3058 2749 quam
3109 2662 3448 2755 eloquentia.

1766 2738 1812 2798 Β
1842 2754 1921 2809 vel
1940 2757 2222 2815 urbanitas
2239 2771 2495 2818 accurata
2511 2779 2849 2824 sermonum.
2868 2738 3240 2835 Quamobrem
3259 2779 3313 2833 in
3332 2738 3453 2851 ipso

1839 2847 2145 2908 Dominicae
2166 2855 2475 2913 nativitatis
2490 2859 2754 2928 articulo,
2772 2862 2915 2920 sicut
2934 2868 3256 2939 evangelica
3274 2847 3444 2929 testa-

1839 2948 1927 2993 tur
1942 2940 2169 2996 historia
2191 2960 2204 2993 :
2234 2942 2590 3003 «Pastoribus
2605 2951 2852 3021 angelica
2872 2954 3448 3027 virtusapparuiteos-

1834 3046 1939 3101 que
1968 3032 2136 3105 269
2157 3034 2251 3091 Dei
2285 3035 2514 3095 claritas
2539 3041 2902 3099 circumfulsit
2946 3044 3105 3118 (Luc.
3142 3051 3229 3123 ιι).
3268 3072 3288 3106 ι
3350 3052 3452 3111 Ubi

1836 3134 2042 3194 praesto
2082 3126 2431 3203 subjungitur
2462 3148 2476 3186 :
2507 3131 2648 3201 Quia
2680 3136 2814 3191 dixit
2846 3137 2954 3194 illis
3009 3142 3231 3214 angelus
3271 3162 3291 3200 :
3323 3145 3446 3203 No-

1834 3214 1925 3268 lite
1953 3217 2156 3281 timere,
2191 3235 2307 3273 ecce
2328 3222 2465 3274 enim
2493 3225 2794 3295 evangelise
2826 3229 2969 3283 vobis
3015 3234 3272 3304 gaudium
3329 3244 3450 3294 nta-

1835 3326 2024 3380 gnum,
2056 3313 2202 3383 quod
2234 3314 2332 3367 erit
2365 3320 2508 3371 omni
2535 3320 2753 3389 populo,
2806 3323 2935 3391 quia
2981 3335 3140 3382 natus
3196 3339 3270 3383 est
3302 3331 3447 3388 vobis

1833 3406 1991 3481 hodie
2022 3404 2297 3473 Salvator,
2328 3410 2418 3480 qui
2447 3420 2522 3464 est
2549 3410 2793 3467 Christus
2820 3415 3101 3484 Dominus,
3131 3420 3189 3474 in
3235 3424 3449 3480 civitate

1835 3493 2010 3550 David
2035 3494 2253 3567 (lbid.).

1904 3604 1961 3658 In
2001 3604 2445 3665 manifestatione
2488 3624 2650 3675 vero,
2694 3627 2802 3683 qua
2852 3618 3029 3687 magis
3073 3625 3452 3690 quaerentibus

1831 3704 2086 3751 ostensus
2145 3705 2266 3763 est,
2326 3698 2488 3756 index
2547 3700 2791 3771 ejusdem
2839 3706 3227 3781 Redemptoris
3274 3718 3455 3788 nostri

1832 3787 1985 3841 stella
2014 3787 2133 3845 luce
2154 3791 2374 3859 quidem
2396 3794 2643 3877 _radiavit
2661 3837 2675 3862 ,
2715 3799 2811 3853 sed
2839 3799 3003 3855 verba
3044 3818 3150 3859 non
3197 3810 3449 3877 protulit.

1832 3878 1974 3971 Quid
2002 3895 2136 3952 ergo
2160 3865 2481 3956 designaiur
2510 3902 2610 3958 per
2639 3892 2917 3961 angelum,
2942 3896 3035 3966 qui
3072 3908 3128 3957 et
3158 3865 3456 3971 splendore

124 3996 371 4037 essemus
388 3981 695 4051 accepimus
718 3980 769 4050 (I
794 3981 917 4035 Cor.
944 3980 1041 4051 vi).
1068 3980 1221 4036 Unde
1242 3980 1485 4038 Joannes
1506 3982 1561 4037 in
1581 3982 1727 4053 Apo—
1820 3970 2031 4028 (ὶιθΐυὶι
2076 3970 2133 4028 εί
2180 3974 2268 4031 Do:

1314 3982 1561 4037 οηηεείη
1581 3982 1727 4053 APO.
1820 3970 2031 4028 claruit
2076 3970 2133 4028 et
2180 3974 2470 4032 Dominum
2510 3982 2818 4050 nuntiavit,
2856 3986 2962 4041 nisi
2994 3990 3228 4060 geminze
3260 3996 3453 4064 gratia

124 4070 333 4142 calypsi
365 4072 536 4126 dicit:
569 4090 587 4123 ι
626 4071 728 4138 Qui
748 4071 941 4126 dilexit
965 4086 1084 4137 nos,
1112 4081 1168 4127 et
1187 4071 1320 4128 lavit
1351 4089 1450 4128 nos
1475 4089 1503 4127 a
1532 4090 1727 4143 pecca~
1754 4091 1799 4154 (ς
1832 4064 2179 4132 praedicator.
2209 4068 2300 4136 qui
2338 4069 2547 4125 scilicet
2585 4081 2640 4128 ει
2668 4074 2938 4132 doctrinae
2968 4080 3132 4137 verba
3157 4085 3450 4155 exuberat.

125 4165 200 4219 tis
236 4163 440 4219 nostris
475 4163 528 4217 in
562 4163 826 4234 sanguine
864 4178 1003 4219 suo:
1032 4174 1087 4219 et
1110 4163 1238 4219 fecit
1261 4179 1363 4220 nos
1396 4180 1623 4235 regnum
1673 4175 1728 4221 et

122 4252 443 4307 sacerdotes
467 4252 697 4307 Domino
719 4262 775 4307 et
799 4252 945 4308 Patri
978 4269 1078 4308 suo
1112 4253 1299 4324 (Apoc.
1332 4252 1396 4326 ι).
1440 4272 1459 4305 ι
1519 4255 1585 4309 Et
1630 4254 1730 4310 Pe-

125 4353 249 4399 trus
282 4361 295 4397 ;
329 4362 347 4394 ι
384 4344 512 4408 Vos,
540 4343 739 4414 inquit,
764 4358 937 4415 genus
963 4344 1222 4411 electum,
1257 4345 1441 4417 regale
1470 4348 1729 4402 sacerdo-

124 4439 291 4501 tium,
323 4451 455 4506 gens
479 4445 689 4502 sancta,
720 4436 950 4507 populus
978 4438 1383 4508 acquisitionis,
1414 4448 1473 4494 ut
1495 4440 1730 4495 virtutes

122 4528 468 4583 aununtietis
489 4527 607 4598 ejus
656 4527 750 4595 qui
778 4527 845 4581 de
875 4528 1118 4583 tenebris
1144 4543 1239 4584 vos
1252 4530 1466 4584 vocavit
1482 4530 1534 4584 in
1560 4530 1732 4586 admi-

121 4620 308 4676 rabile
349 4620 529 4676 lumen
594 4637 752 4677 suum
811 4619 862 4694 (1
900 4620 1049 4675 Petr.
1109 4622 1195 4694 ιι).
1237 4642 1255 4675 ι
1324 4620 1554 4678 Constat
1600 4638 1733 4697 ergo

120 4715 430 4787 quemlibet
493 4717 863 4772 Christianum
915 4732 1037 4773 esse
1083 4733 1183 4788 per
1247 4718 1481 4789 gratiam
1527 4718 1733 4775 Christi

120 4812 496 4875 sacerdotem,
515 4810 659 4865 unde
674 4824 779 4864 non
801 4809 1075 4865 immerito
1090 4809 1251 4865 debet
1266 4809 1387 4878 ejus
1408 4812 1734 4867 annuntiarc

119 4900 396 4954 virtutem
425 4899 562 4967 (vide
587 4898 787 4953 scholia
823 4900 892 4953 ad
919 4898 1117 4955 calcem
1150 4900 1439 4970 Opttsculi).
1487 4900 1566 4955 Tu
1597 4915 1734 4971 prce-

118 4989 321 5045 sertim
353 4987 510 5057 hujus
550 4988 843 5043 sacerdotii
884 4998 937 5043 et
978 4990 1128 5058 regni
1179 4990 1463 5045 evidenter
1496 4990 1735 5046 imitaris

118 5080 464 5151 exemplum,
492 5082 617 5134 dum
638 5089 695 5136 et
724 5081 778 5135 in
824 5081 1470 5150 tribunalibus'legitimm
1494 5085 1736 5139 sanctio-

121 5175 219 5231 nis
238 5175 365 5245 jura
396 5176 728 5247 pronmlgas,
752 5186 807 5231 et
837 5176 888 5230 in
913 5177 1143 5233 ecclesia
1178 5192 1512 5248 persequens
1538 5183 1736 5236 exhor-

119 5268 360 5323 tationis
399 5268 736 5333 instantiam,
779 5271 1014 5323 astantis
1035 5270 1216 5340 populi
1241 5263 1453 5327 mentes
1471 5274 1732 5329 aedificas.

120 5363 247 5435 Ego
268 5372 471 5428 autem,
503 5366 588 5417 cui
623 5378 719 5432 per
742 5362 1097 5418 sacerdotalis
1145 5362 1355 5419 ordinis
1380 5365 1610 5434 gradum
1654 5366 1735 5422 in-

1834 4159 1890 4204 ct
1920 4164 2127 4225 sancta}
2164 4156 2446 4228 religionis
2485 4162 2775 4231 splendore
2816 4172 3108 4225 coruscat?
3147 4172 3287 4241 Quid
3320 4192 3451 4235 vero

1832 4257 1933 4312 per
1954 4244 2187 4309 stellam,
2215 4250 2318 4303 nisi
2344 4250 2571 4321 simplex
2600 4255 2829 4323 quilibet
2857 4257 3103 4317 honestae
3124 4263 3251 4320 vitae
3267 4281 3457 4322 sacer-

1834 4333 1933 4390 dos
1983 4334 2249 4403 innuitur,
2292 4341 2385 4409 qui
2429 4340 2558 4398 licet
2602 4344 2880 4405 allluentis
2930 4350 3135 4424 eloquii
3190 4354 3456 4414 facultate

1834 4443 1943 4482 non
1971 4430 2195 4499 polleat,
2225 4434 2393 4491 claris
2418 4445 2602 4493 tamen
2628 4440 2911 4511 operibus,
2944 4445 3093 4501 velut
3121 4448 3455 4517 quibusdam

1837 4519 2123 4578 laudabilis
2144 4524 2270 4578 vita:
2301 4527 2469 4583 radiis
2503 4530 2695 4590 micat.
2736 4541 2791 4587 et
2816 4548 2953 4604 quos
2983 4552 3089 4592 non
3112 4541 3291 4595 erudit
3320 4557 3451 4599 ver-

1836 4612 1940 4680 bo,
1983 4615 2122 4671 viva:
2158 4621 2594 4677 conversationis
2639 4624 2933 4681 conﬁrmat
2974 4630 3265 4702 exemplo?
3312 4633 3453 4701 Quia

1836 4720 1969 4771 ergo
2007 4709 2324 4764 sacerdotes
2374 4711 2633 4769 Ecclesia:
2674 4727 2803 4771 sunt
2846 4718 2998 4783 cteli,
3047 4723 3141 4791 qui
3191 4734 3460 4781 enarrant

1837 4795 2065 4867 gloriam
2097 4797 2191 4853 Dei
2230 4799 2406 4871 (I’sal.
2443 4804 2622 4876 xviii);
2668 4822 2895 4863 necesse
2936 4820 3017 4865 est
3055 4822 3115 4866 ut
3157 4814 3454 4884 sacerdos,

1836 4888 1929 4958 qui
1967 4891 2344 4961 prmdicatoris
2384 4892 2563 4951 ofﬁcio
2601 4897 2866 4968 fungitur,
2888 4908 2945 4956 et
2979 4901 3243 4959 doctrina:
3282 4907 3450 4977 spiri-

1840 4982 2001 5038 tualis
2029 4984 2298 5042 imbribus
2327 4988 2501 5058 pluat,
2532 5000 2586 5045 et
2624 4992 2895 5064 religiosae
2926 4996 3051 5051 vita:
3074 4998 3243 5055 radiis
3272 5002 3455 5072 splen-

1838 5074 1986 5140 deat,
2022 5075 2198 5130 inslar
2231 5077 2376 5134 illius
2411 5078 2622 5151 angeli,
2659 5085 2752 5152 qui
2797 5092 2986 5139 natum
3023 5084 3315 5144 Dominum
3354 5107 3454 5162 pa-

1838 5168 2077 5223 storibus
2122 5170 2404 5237 nuntians,
2434 5180 2489 5227 et
2536 5174 2829 5244 splendore
2873 5177 3141 5234 claritatis
3193 5183 3451 5244 emicuit.

1836 5262 2052 5331 etquod
2078 5264 2460 5335 cvangelizare
2487 5277 2736 5333 venerat,
2760 5269 2941 5325 verbis
2972 5275 3267 5343 expressit.
3308 5275 3449 5332 Hine

1837 5353 2090 5421 estquod
2126 5369 2223 5424 per
2262 5353 2585 5411 Malachiam
2622 5358 2861 5414 dicitur:
2892 5382 2910 5412 ι
2940 5359 3107 5418 Labia
3142 5367 3448 5423 sacerdotis

111 5456 373 5526 junctum
403 5466 481 5512 est
518 5454 918 5525 prmdicationis
940 5453 1182 5510 ofﬁcium
1204 5497 1219 5519 ,
1252 5456 1401 5511 vocis
1432 5456 1729 5512 iucommo-
1762 5450 1811 5510 Β
1838 5444 2153 5498 ευείοάίυηῑ
2182 5444 2255 5500 δεῖ

1301 5456 1401 5511 mis
1432 5456 1729 5512 ίιιροιηιηο,
1762 5450 1811 5510 D
1838 5444 2153 5498 custodiunt
2182 5444 2567 5513 scientiam,et
2588 5446 2760 5518 legem
2793 5454 3165 5523 requiruntex
3180 5471 3277 5513 ore
3304 5458 3445 5529 ejus,

118 5553 258 5607 dum
278 5552 477 5621 patior,
504 5560 666 5621 atque
701 5551 822 5606 ideo
849 5552 916 5606 ad
975 5550 1425 5609 satisfaciendum
1482 5550 1731 5623 plurima;

116 5644 302 5715 plebis
331 5642 553 5698 auribus
577 5658 683 5697 non
708 5656 955 5712 assurgo,
980 5644 1072 5698 sed
1105 5646 1230 5699 dum
1271 5644 1581 5716 apostolica!
1605 5659 1731 5714 gra-

118 5739 219 5793 tia:
242 5737 575 5799 sacerdotes,
604 5734 923 5804 Gregorium
960 5736 1205 5791 videlicet
1250 5745 1304 5790 et
1342 5736 1689 5792 Ambrosium
1713 5776 1729 5801 ,

112 5829 366 5889 fractum
392 5827 731 5886 stomachum
770 5828 1029 5898 vocisque
1076 5826 1348 5883 defectum
1392 5841 1734 5897 conqueren-

113 5936 206 5985 tes
234 5922 491 5991 attendo,
520 5920 897 5993 desperatione
922 5921 1249 5993 postposita,
1277 5928 1517 5979 mentem
1542 5922 1595 5977 in
1618 5928 1731 5977 sta~

1838 5536 1964 5607 quia
1995 5536 2221 5608 angelus
2257 5537 2475 5594 Domini
2514 5540 2858 5597 exercituum
2903 5552 2987 5599 est
3015 5545 3279 5618 (Malach.
3310 5550 3395 5622 ιι).
3424 5568 3443 5602 ι

1838 5628 1993 5697 Quod
2032 5630 2080 5683 si
2121 5644 2227 5684 non
2265 5638 2446 5699 potest
2494 5645 2617 5687 esse
2645 5633 2894 5705 angelus,
2938 5637 3030 5705 qui
3075 5653 3177 5708 per
3203 5640 3447 5711 linguam

1836 5725 2209 5795 pricdicatoris
2269 5722 2503 5779 ofﬁcium
2568 5727 2781 5781 naviter
2835 5728 3087 5797 impleat,
3131 5733 3205 5787 sit
3246 5732 3445 5788 saltem

1839 5817 2019 5881 stella,
2066 5832 2190 5887 qua:
2235 5817 2419 5877 radios
2466 5830 2673 5875 sancti:
2718 5824 3157 5881 conversationis
3197 5828 3440 5885 emittat.

1842 5910 1955 5968 lloc
1983 5911 2161 5983 lpSUm
2192 5912 2464 5986 siquidem
2484 5912 2640 5971 stella
2662 5914 2952 5987 splendore
2974 5932 3075 5974 suo
3092 5920 3268 5994 magis
3290 5920 3445 5978 inno-

4446 50 4799 73 4,_____——-—-—'_'__rri'7
4898 70 4901 75 Γ
4928 66 4939 71 -ι

4284 166 4317 171 μ-
4332 142 4677 181 ετῇ*
4692 162 4719 165 κὴ
4774 166 4799 173 -
