  <div class='ocr_page' id='page_1' title='image "/cluster/home/n/w/nwhite01/storage/ocr_20150623/144-145/uc1.31175001639262/240.png"; bbox 0 0 5428 6624; ppageno 0'>
   <div class='ocr_carea' id='block_1_1' title="bbox 193 479 2337 576">
    <p class='ocr_par' dir='ltr' id='par_1_1' title="bbox 193 490 2304 576">
     <span class='ocr_line' id='line_1_1' title="bbox 193 490 2304 576; baseline -0.009 -9"><span class='ocrx_word' id='word_1_1' title='bbox 193 567 195 572; x_wconf 77' lang='grc'>,</span> <span class='ocrx_word' id='word_1_2' title='bbox 231 516 336 576; x_wconf 71' lang='grc' dir='ltr'><strong>ωδ</strong></span> <span class='ocrx_word' id='word_1_3' title='bbox 1365 499 1567 557; x_wconf 78' lang='lat' dir='ltr'><strong>LIBER</strong></span> <span class='ocrx_word' id='word_1_4' title='bbox 1597 490 1948 556; x_wconf 70' lang='lat' dir='ltr'><strong>OCTAVUS.</strong></span> <span class='ocrx_word' id='word_1_5' title='bbox 1975 490 2195 551; x_wconf 80' lang='lat' dir='ltr'><strong>EPlST.</strong></span> <span class='ocrx_word' id='word_1_6' title='bbox 2218 491 2304 550; x_wconf 88' lang='lat' dir='ltr'><strong>lll.</strong></span> 
     </span>
    </p>
   </div>
   <div class='ocr_carea' id='block_1_2' title="bbox 1412 479 3556 576">
    <p class='ocr_par' dir='ltr' id='par_1_2' title="bbox 1412 479 3556 557">
     <span class='ocr_line' id='line_1_2' title="bbox 1412 479 3556 557; baseline -0.01 0"><span class='ocrx_word' id='word_1_7' title='bbox 1412 499 1567 557; x_wconf 79' lang='lat' dir='ltr'><strong>IBER</strong></span> <span class='ocrx_word' id='word_1_8' title='bbox 1597 490 1948 556; x_wconf 71' lang='lat' dir='ltr'><strong>OCTAVUS.</strong></span> <span class='ocrx_word' id='word_1_9' title='bbox 1975 490 2195 551; x_wconf 80' lang='lat' dir='ltr'><strong>EPlST.</strong></span> <span class='ocrx_word' id='word_1_10' title='bbox 2218 491 2304 550; x_wconf 88' lang='lat' dir='ltr'><strong>lll.</strong></span> <span class='ocrx_word' id='word_1_11' title='bbox 3449 479 3556 536; x_wconf 65' lang='grc'><strong>468</strong></span> 
     </span>
    </p>
   </div>
   <div class='ocr_carea' id='block_1_3' title="bbox 231 595 3556 699">
    <p class='ocr_par' dir='ltr' id='par_1_3' title="bbox 231 595 3556 699">
     <span class='ocr_line' id='line_1_3' title="bbox 231 595 3556 699; baseline -0.013 -6"><span class='ocrx_word' id='word_1_12' title='bbox 231 635 548 694; x_wconf 74' lang='lat' dir='ltr'><strong>Secundum</strong></span> <span class='ocrx_word' id='word_1_13' title='bbox 581 629 822 699; x_wconf 84' lang='lat' dir='ltr'><strong>jndieem</strong></span> <span class='ocrx_word' id='word_1_14' title='bbox 866 622 1075 696; x_wconf 83' lang='lat' dir='ltr'><strong>pepuli,</strong></span> <span class='ocrx_word' id='word_1_15' title='bbox 1117 622 1197 677; x_wconf 88' lang='lat' dir='ltr'><strong>sic</strong></span> <span class='ocrx_word' id='word_1_16' title='bbox 1223 629 1295 676; x_wconf 11' lang='lat' dir='ltr'><strong>vel</strong></span> <span class='ocrx_word' id='word_1_17' title='bbox 1326 619 1561 674; x_wconf 81' lang='lat' dir='ltr'><strong>ministri</strong></span> <span class='ocrx_word' id='word_1_18' title='bbox 1587 618 1726 688; x_wconf 83' lang='lat' dir='ltr'><strong>ejus,</strong></span> <span class='ocrx_word' id='word_1_19' title='bbox 1777 624 1831 667; x_wconf 89' lang='lat' dir='ltr'><strong>et</strong></span> <span class='ocrx_word' id='word_1_20' title='bbox 1860 613 1913 672; x_wconf 84' lang='grc' dir='ltr'><strong>Α</strong></span> <span class='ocrx_word' id='word_1_21' title='bbox 1940 609 2222 680; x_wconf 68' lang='lat' dir='ltr'><strong>injustitia!</strong></span> <span class='ocrx_word' id='word_1_22' title='bbox 2262 623 2370 663; x_wconf 90' lang='lat' dir='ltr'><strong>non</strong></span> <span class='ocrx_word' id='word_1_23' title='bbox 2420 612 2665 699; x_wconf 84' lang='lat' dir='ltr'><strong>coarctat</strong></span> <span class='ocrx_word' id='word_1_24' title='bbox 2705 602 3060 699; x_wconf 85' lang='lat' dir='ltr'><strong>vigoremque</strong></span> <span class='ocrx_word' id='word_1_25' title='bbox 3104 598 3349 699; x_wconf 74' lang='lat' dir='ltr'><strong>sentiant</strong></span> <span class='ocrx_word' id='word_1_26' title='bbox 3373 595 3556 699; x_wconf 76' lang='lat' dir='ltr'><strong>legis,</strong></span> 
     </span>
    </p>
   </div>
   <div class='ocr_carea' id='block_1_4' title="bbox 231 707 1829 800">
    <p class='ocr_par' dir='ltr' id='par_1_4' title="bbox 231 707 1829 800">
     <span class='ocr_line' id='line_1_4' title="bbox 231 707 1829 800; baseline -0.016 -15"><span class='ocrx_word' id='word_1_27' title='bbox 231 728 410 800; x_wconf 78' lang='lat' dir='ltr'><strong>qualis</strong></span> <span class='ocrx_word' id='word_1_28' title='bbox 454 734 637 781; x_wconf 85' lang='lat' dir='ltr'><strong>rector</strong></span> <span class='ocrx_word' id='word_1_29' title='bbox 664 729 750 777; x_wconf 86' lang='lat' dir='ltr'><strong>est</strong></span> <span class='ocrx_word' id='word_1_30' title='bbox 774 714 1014 774; x_wconf 90' lang='lat' dir='ltr'><strong>civitatis</strong></span> <span class='ocrx_word' id='word_1_31' title='bbox 1037 753 1055 780; x_wconf 86' lang='lat'><strong>,</strong></span> <span class='ocrx_word' id='word_1_32' title='bbox 1088 712 1224 768; x_wconf 84' lang='lat' dir='ltr'><strong>tales</strong></span> <span class='ocrx_word' id='word_1_33' title='bbox 1269 719 1325 766; x_wconf 88' lang='lat' dir='ltr'><strong>et</strong></span> <span class='ocrx_word' id='word_1_34' title='bbox 1374 708 1746 765; x_wconf 90' lang='lat' dir='ltr'><strong>inhabitantes</strong></span> <span class='ocrx_word' id='word_1_35' title='bbox 1777 707 1829 761; x_wconf 91' lang='lat' dir='ltr'><strong>in</strong></span> 
     </span>
    </p>
   </div>
   <div class='ocr_carea' id='block_1_5' title="bbox 229 802 1834 890">
    <p class='ocr_par' dir='ltr' id='par_1_5' title="bbox 229 802 1834 890">
     <span class='ocr_line' id='line_1_5' title="bbox 229 802 1834 890; baseline -0.014 -12"><span class='ocrx_word' id='word_1_36' title='bbox 229 837 299 878; x_wconf 68' lang='lat' dir='ltr'><strong>ea</strong></span> <span class='ocrx_word' id='word_1_37' title='bbox 331 818 519 890; x_wconf 74' lang='lat' dir='ltr'><strong>(Ecela.</strong></span> <span class='ocrx_word' id='word_1_38' title='bbox 549 815 629 885; x_wconf 64' lang='grc' dir='ltr'><strong>χ).</strong></span> <span class='ocrx_word' id='word_1_39' title='bbox 662 834 682 868; x_wconf 70' lang='grc' dir='ltr'><strong><em>ο</em></strong></span> <span class='ocrx_word' id='word_1_40' title='bbox 711 812 919 881; x_wconf 85' lang='lat' dir='ltr'><strong>Quibus</strong></span> <span class='ocrx_word' id='word_1_41' title='bbox 955 809 1142 878; x_wconf 80' lang='lat' dir='ltr'><strong>itaque</strong></span> <span class='ocrx_word' id='word_1_42' title='bbox 1169 805 1412 880; x_wconf 84' lang='lat' dir='ltr'><strong>[utique]</strong></span> <span class='ocrx_word' id='word_1_43' title='bbox 1441 802 1626 860; x_wconf 83' lang='lat' dir='ltr'><strong>verbis</strong></span> <span class='ocrx_word' id='word_1_44' title='bbox 1646 809 1834 874; x_wconf 89' lang='lat' dir='ltr'><strong>aperte</strong></span> 
     </span>
    </p>
   </div>
   <div class='ocr_carea' id='block_1_6' title="bbox 232 893 1837 982">
    <p class='ocr_par' dir='ltr' id='par_1_6' title="bbox 232 893 1837 982">
     <span class='ocr_line' id='line_1_6' title="bbox 232 893 1837 982; baseline -0.012 -15"><span class='ocrx_word' id='word_1_45' title='bbox 232 908 509 982; x_wconf 72' lang='lat' dir='ltr'><strong>mlligitnr</strong></span> <span class='ocrx_word' id='word_1_46' title='bbox 545 904 670 977; x_wconf 91' lang='lat' dir='ltr'><strong>quia</strong></span> <span class='ocrx_word' id='word_1_47' title='bbox 700 904 745 960; x_wconf 89' lang='lat' dir='ltr'><strong>si</strong></span> <span class='ocrx_word' id='word_1_48' title='bbox 781 913 834 958; x_wconf 91' lang='lat' dir='ltr'><strong>tu</strong></span> <span class='ocrx_word' id='word_1_49' title='bbox 868 899 1180 957; x_wconf 82' lang='lat' dir='ltr'><strong>servaveris</strong></span> <span class='ocrx_word' id='word_1_50' title='bbox 1203 897 1500 966; x_wconf 85' lang='lat' dir='ltr'><strong>justitiam,</strong></span> <span class='ocrx_word' id='word_1_51' title='bbox 1557 911 1621 950; x_wconf 88' lang='lat' dir='ltr'><strong>ac</strong></span> <span class='ocrx_word' id='word_1_52' title='bbox 1666 893 1837 963; x_wconf 88' lang='lat' dir='ltr'><strong>probe</strong></span> 
     </span>
    </p>
   </div>
   <div class='ocr_carea' id='block_1_7' title="bbox 239 985 1838 1066">
    <p class='ocr_par' dir='ltr' id='par_1_7' title="bbox 239 985 1838 1066">
     <span class='ocr_line' id='line_1_7' title="bbox 239 985 1838 1066; baseline -0.012 -9"><span class='ocrx_word' id='word_1_53' title='bbox 239 996 627 1066; x_wconf 72' lang='lat' dir='ltr'><strong>fuerisjustus,</strong></span> <span class='ocrx_word' id='word_1_54' title='bbox 653 994 785 1065; x_wconf 85' lang='lat' dir='ltr'><strong>justi</strong></span> <span class='ocrx_word' id='word_1_55' title='bbox 817 992 949 1047; x_wconf 84' lang='lat' dir='ltr'><strong>ﬁent</strong></span> <span class='ocrx_word' id='word_1_56' title='bbox 974 1005 1081 1045; x_wconf 90' lang='lat' dir='ltr'><strong>non</strong></span> <span class='ocrx_word' id='word_1_57' title='bbox 1125 990 1287 1044; x_wconf 92' lang='lat' dir='ltr'><strong>modo</strong></span> <span class='ocrx_word' id='word_1_58' title='bbox 1329 987 1591 1050; x_wconf 82' lang='lat' dir='ltr'><strong>ministri,</strong></span> <span class='ocrx_word' id='word_1_59' title='bbox 1642 985 1738 1040; x_wconf 88' lang='lat' dir='ltr'><strong>sed</strong></span> <span class='ocrx_word' id='word_1_60' title='bbox 1783 991 1838 1039; x_wconf 91' lang='lat' dir='ltr'><strong>et</strong></span> 
     </span>
    </p>
   </div>
   <div class='ocr_carea' id='block_1_8' title="bbox 239 1078 1840 1162">
    <p class='ocr_par' dir='ltr' id='par_1_8' title="bbox 239 1078 1840 1162">
     <span class='ocr_line' id='line_1_8' title="bbox 239 1078 1840 1162; baseline -0.011 -15"><span class='ocrx_word' id='word_1_61' title='bbox 239 1093 442 1162; x_wconf 83' lang='lat' dir='ltr'><strong>quique</strong></span> <span class='ocrx_word' id='word_1_62' title='bbox 472 1089 568 1144; x_wconf 88' lang='lat' dir='ltr'><strong>tibi</strong></span> <span class='ocrx_word' id='word_1_63' title='bbox 598 1095 724 1143; x_wconf 89' lang='lat' dir='ltr'><strong>sunt</strong></span> <span class='ocrx_word' id='word_1_64' title='bbox 747 1085 800 1140; x_wconf 92' lang='lat' dir='ltr'><strong>in</strong></span> <span class='ocrx_word' id='word_1_65' title='bbox 831 1083 1040 1139; x_wconf 91' lang='lat' dir='ltr'><strong>urbana</strong></span> <span class='ocrx_word' id='word_1_66' title='bbox 1072 1080 1229 1152; x_wconf 88' lang='lat' dir='ltr'><strong>plebe</strong></span> <span class='ocrx_word' id='word_1_67' title='bbox 1259 1078 1512 1148; x_wconf 84' lang='lat' dir='ltr'><strong>subjecti.</strong></span> <span class='ocrx_word' id='word_1_68' title='bbox 1538 1078 1682 1141; x_wconf 83' lang='lat' dir='ltr'><strong>Cave</strong></span> <span class='ocrx_word' id='word_1_69' title='bbox 1707 1091 1840 1143; x_wconf 84' lang='lat' dir='ltr'><strong>ergo</strong></span> 
     </span>
    </p>
   </div>
   <div class='ocr_carea' id='block_1_9' title="bbox 239 1167 1844 1253">
    <p class='ocr_par' dir='ltr' id='par_1_9' title="bbox 239 1167 1844 1253">
     <span class='ocr_line' id='line_1_9' title="bbox 239 1167 1844 1253; baseline -0.012 -14"><span class='ocrx_word' id='word_1_70' title='bbox 239 1197 310 1239; x_wconf 85' lang='lat' dir='ltr'><strong>ne</strong></span> <span class='ocrx_word' id='word_1_71' title='bbox 341 1189 565 1253; x_wconf 88' lang='lat' dir='ltr'><strong>propter</strong></span> <span class='ocrx_word' id='word_1_72' title='bbox 584 1175 878 1250; x_wconf 85' lang='lat' dir='ltr'><strong>peculiaris</strong></span> <span class='ocrx_word' id='word_1_73' title='bbox 914 1172 1186 1230; x_wconf 91' lang='lat' dir='ltr'><strong>orationis</strong></span> <span class='ocrx_word' id='word_1_74' title='bbox 1221 1171 1436 1236; x_wconf 86' lang='lat' dir='ltr'><strong>studia,</strong></span> <span class='ocrx_word' id='word_1_75' title='bbox 1479 1169 1676 1240; x_wconf 82' lang='lat' dir='ltr'><strong>quibus</strong></span> <span class='ocrx_word' id='word_1_76' title='bbox 1707 1167 1844 1222; x_wconf 87' lang='lat' dir='ltr'><strong>insi-</strong></span> 
     </span>
    </p>
   </div>
   <div class='ocr_carea' id='block_1_10' title="bbox 240 1259 1843 1340">
    <p class='ocr_par' dir='ltr' id='par_1_10' title="bbox 240 1259 1843 1340">
     <span class='ocr_line' id='line_1_10' title="bbox 240 1259 1843 1340; baseline -0.009 -11"><span class='ocrx_word' id='word_1_77' title='bbox 240 1285 387 1330; x_wconf 85' lang='lat' dir='ltr'><strong>stere</strong></span> <span class='ocrx_word' id='word_1_78' title='bbox 408 1273 548 1327; x_wconf 82' lang='lat' dir='ltr'><strong>forte</strong></span> <span class='ocrx_word' id='word_1_79' title='bbox 571 1267 880 1332; x_wconf 85' lang='lat' dir='ltr'><strong>contendis,</strong></span> <span class='ocrx_word' id='word_1_80' title='bbox 903 1264 1247 1340; x_wconf 85' lang='lat' dir='ltr'><strong>disciplinam</strong></span> <span class='ocrx_word' id='word_1_81' title='bbox 1280 1271 1390 1317; x_wconf 88' lang='lat' dir='ltr'><strong>tam</strong></span> <span class='ocrx_word' id='word_1_82' title='bbox 1425 1259 1843 1316; x_wconf 83' lang='lat' dir='ltr'><strong>innumerabilis</strong></span> 
     </span>
    </p>
   </div>
   <div class='ocr_carea' id='block_1_11' title="bbox 240 1358 1845 1440">
    <p class='ocr_par' dir='ltr' id='par_1_11' title="bbox 240 1358 1845 1440">
     <span class='ocr_line' id='line_1_11' title="bbox 240 1358 1845 1440; baseline -0.009 -17"><span class='ocrx_word' id='word_1_83' title='bbox 240 1367 443 1440; x_wconf 87' lang='lat' dir='ltr'><strong>pepuli,</strong></span> <span class='ocrx_word' id='word_1_84' title='bbox 471 1365 564 1438; x_wconf 87' lang='lat' dir='ltr'><strong>qui</strong></span> <span class='ocrx_word' id='word_1_85' title='bbox 598 1364 693 1419; x_wconf 88' lang='lat' dir='ltr'><strong>tibi</strong></span> <span class='ocrx_word' id='word_1_86' title='bbox 718 1362 1050 1419; x_wconf 74' lang='lat' dir='ltr'><strong>mmmissus</strong></span> <span class='ocrx_word' id='word_1_87' title='bbox 1078 1367 1196 1425; x_wconf 72' lang='lat' dir='ltr'><strong>est,‘</strong></span> <span class='ocrx_word' id='word_1_88' title='bbox 1231 1358 1493 1428; x_wconf 80' lang='lat' dir='ltr'><strong>negliges,</strong></span> <span class='ocrx_word' id='word_1_89' title='bbox 1537 1364 1592 1412; x_wconf 90' lang='lat' dir='ltr'><strong>et</strong></span> <span class='ocrx_word' id='word_1_90' title='bbox 1620 1363 1845 1427; x_wconf 89' lang='lat' dir='ltr'><strong>propter</strong></span> 
     </span>
    </p>
   </div>
   <div class='ocr_carea' id='block_1_12' title="bbox 243 1444 1818 1530">
    <p class='ocr_par' dir='ltr' id='par_1_12' title="bbox 243 1444 1818 1530">
     <span class='ocr_line' id='line_1_12' title="bbox 243 1444 1818 1530; baseline -0.008 -17"><span class='ocrx_word' id='word_1_91' title='bbox 243 1459 520 1530; x_wconf 88' lang='lat' dir='ltr'><strong>proprium</strong></span> <span class='ocrx_word' id='word_1_92' title='bbox 570 1453 943 1518; x_wconf 86' lang='lat' dir='ltr'><strong>commodum,</strong></span> <span class='ocrx_word' id='word_1_93' title='bbox 1001 1465 1350 1506; x_wconf 87' lang='lat' dir='ltr'><strong>communem</strong></span> <span class='ocrx_word' id='word_1_94' title='bbox 1383 1448 1614 1504; x_wconf 85' lang='lat' dir='ltr'><strong>salutem</strong></span> <span class='ocrx_word' id='word_1_95' title='bbox 1646 1444 1818 1516; x_wconf 91' lang='lat' dir='ltr'><strong>plebis</strong></span> 
     </span>
    </p>
   </div>
   <div class='ocr_carea' id='block_1_13' title="bbox 240 1535 1820 1621">
    <p class='ocr_par' dir='ltr' id='par_1_13' title="bbox 240 1535 1820 1621">
     <span class='ocr_line' id='line_1_13' title="bbox 240 1535 1820 1621; baseline -0.008 -19"><span class='ocrx_word' id='word_1_96' title='bbox 240 1564 362 1621; x_wconf 74' lang='lat' dir='ltr'><strong>qzne</strong></span> <span class='ocrx_word' id='word_1_97' title='bbox 401 1545 670 1616; x_wconf 83' lang='lat' dir='ltr'><strong>justitiam</strong></span> <span class='ocrx_word' id='word_1_98' title='bbox 715 1563 742 1599; x_wconf 90' lang='lat' dir='ltr'><strong>a</strong></span> <span class='ocrx_word' id='word_1_99' title='bbox 808 1554 859 1599; x_wconf 90' lang='lat' dir='ltr'><strong>te</strong></span> <span class='ocrx_word' id='word_1_100' title='bbox 904 1541 1287 1613; x_wconf 68' lang='lat' dir='ltr'><strong>prasstolatur,</strong></span> <span class='ocrx_word' id='word_1_101' title='bbox 1354 1539 1595 1594; x_wconf 89' lang='lat' dir='ltr'><strong>omittas.</strong></span> <span class='ocrx_word' id='word_1_102' title='bbox 1663 1535 1820 1606; x_wconf 84' lang='lat' dir='ltr'><strong>Scrip</strong></span> 
     </span>
    </p>
   </div>
   <div class='ocr_carea' id='block_1_14' title="bbox 245 1627 1818 1708">
    <p class='ocr_par' dir='ltr' id='par_1_14' title="bbox 245 1627 1818 1708">
     <span class='ocr_line' id='line_1_14' title="bbox 245 1627 1818 1708; baseline -0.009 -15"><span class='ocrx_word' id='word_1_103' title='bbox 245 1627 358 1693; x_wconf 83' lang='lat' dir='ltr'><strong>tum</strong></span> <span class='ocrx_word' id='word_1_104' title='bbox 411 1638 609 1708; x_wconf 86' lang='lat' dir='ltr'><strong>quippe</strong></span> <span class='ocrx_word' id='word_1_105' title='bbox 659 1643 782 1689; x_wconf 85' lang='lat' dir='ltr'><strong>est:</strong></span> <span class='ocrx_word' id='word_1_106' title='bbox 817 1653 835 1685; x_wconf 73' lang='grc' dir='ltr'><strong>ι</strong></span> <span class='ocrx_word' id='word_1_107' title='bbox 865 1633 966 1701; x_wconf 87' lang='lat' dir='ltr'><strong>Qui</strong></span> <span class='ocrx_word' id='word_1_108' title='bbox 1022 1640 1312 1688; x_wconf 87' lang='lat' dir='ltr'><strong>conservat</strong></span> <span class='ocrx_word' id='word_1_109' title='bbox 1364 1630 1541 1702; x_wconf 85' lang='lat' dir='ltr'><strong>legem</strong></span> <span class='ocrx_word' id='word_1_110' title='bbox 1587 1627 1818 1696; x_wconf 87' lang='lat' dir='ltr'><strong>multipli</strong></span> 
     </span>
    </p>
   </div>
   <div class='ocr_carea' id='block_1_15' title="bbox 239 1720 1823 1796">
    <p class='ocr_par' dir='ltr' id='par_1_15' title="bbox 239 1720 1823 1796">
     <span class='ocr_line' id='line_1_15' title="bbox 239 1720 1823 1796; baseline -0.006 -12"><span class='ocrx_word' id='word_1_111' title='bbox 239 1739 333 1786; x_wconf 81' lang='lat' dir='ltr'><strong>cat</strong></span> <span class='ocrx_word' id='word_1_112' title='bbox 351 1730 682 1792; x_wconf 84' lang='lat' dir='ltr'><strong>orationem;</strong></span> <span class='ocrx_word' id='word_1_113' title='bbox 707 1723 1110 1796; x_wconf 81' lang='lat' dir='ltr'><strong>etsacriticium</strong></span> <span class='ocrx_word' id='word_1_114' title='bbox 1125 1722 1364 1778; x_wconf 89' lang='lat' dir='ltr'><strong>salutare</strong></span> <span class='ocrx_word' id='word_1_115' title='bbox 1387 1720 1673 1776; x_wconf 90' lang='lat' dir='ltr'><strong>attendere</strong></span> <span class='ocrx_word' id='word_1_116' title='bbox 1697 1734 1823 1774; x_wconf 91' lang='lat' dir='ltr'><strong>man</strong></span> 
     </span>
    </p>
   </div>
   <div class='ocr_carea' id='block_1_16' title="bbox 239 1811 1850 1887">
    <p class='ocr_par' dir='ltr' id='par_1_16' title="bbox 239 1811 1850 1887">
     <span class='ocr_line' id='line_1_16' title="bbox 239 1811 1850 1887; baseline -0.008 -11"><span class='ocrx_word' id='word_1_117' title='bbox 239 1819 408 1876; x_wconf 73' lang='lat' dir='ltr'><strong>datis.</strong></span> <span class='ocrx_word' id='word_1_118' title='bbox 444 1838 463 1872; x_wconf 72' lang='grc' dir='ltr'><strong>ι</strong></span> <span class='ocrx_word' id='word_1_119' title='bbox 503 1816 782 1873; x_wconf 76' lang='lat' dir='ltr'><strong>Justitiam</strong></span> <span class='ocrx_word' id='word_1_120' title='bbox 823 1831 957 1887; x_wconf 87' lang='lat' dir='ltr'><strong>ergo</strong></span> <span class='ocrx_word' id='word_1_121' title='bbox 1006 1814 1188 1872; x_wconf 79' lang='lat' dir='ltr'><strong>facere</strong></span> <span class='ocrx_word' id='word_1_122' title='bbox 1235 1813 1366 1884; x_wconf 89' lang='lat' dir='ltr'><strong>quid</strong></span> <span class='ocrx_word' id='word_1_123' title='bbox 1396 1821 1483 1867; x_wconf 91' lang='lat' dir='ltr'><strong>est</strong></span> <span class='ocrx_word' id='word_1_124' title='bbox 1510 1811 1655 1867; x_wconf 90' lang='lat' dir='ltr'><strong>aliud</strong></span> <span class='ocrx_word' id='word_1_125' title='bbox 1687 1825 1850 1881; x_wconf 88' lang='lat' dir='ltr'><strong>quam</strong></span> 
     </span>
    </p>
   </div>
   <div class='ocr_carea' id='block_1_17' title="bbox 243 1890 1854 1978">
    <p class='ocr_par' dir='ltr' id='par_1_17' title="bbox 243 1890 1854 1978">
     <span class='ocr_line' id='line_1_17' title="bbox 243 1890 1854 1978; baseline -0.007 -12"><span class='ocrx_word' id='word_1_126' title='bbox 243 1908 441 1966; x_wconf 81' lang='lat' dir='ltr'><strong>orare?</strong></span> <span class='ocrx_word' id='word_1_127' title='bbox 489 1907 626 1962; x_wconf 82' lang='lat' dir='ltr'><strong>Alibi</strong></span> <span class='ocrx_word' id='word_1_128' title='bbox 671 1923 888 1978; x_wconf 87' lang='lat' dir='ltr'><strong>quoque</strong></span> <span class='ocrx_word' id='word_1_129' title='bbox 925 1890 1188 1976; x_wconf 77' lang='lat' dir='ltr'><strong>scriptum</strong></span> <span class='ocrx_word' id='word_1_130' title='bbox 1220 1914 1344 1961; x_wconf 89' lang='lat' dir='ltr'><strong>est:</strong></span> <span class='ocrx_word' id='word_1_131' title='bbox 1385 1925 1402 1957; x_wconf 76' lang='grc' dir='ltr'><strong>ι</strong></span> <span class='ocrx_word' id='word_1_132' title='bbox 1428 1903 1646 1960; x_wconf 70' lang='lat' dir='ltr'><strong>Iustitia</strong></span> <span class='ocrx_word' id='word_1_133' title='bbox 1676 1903 1854 1958; x_wconf 81' lang='lat' dir='ltr'><strong>elevat</strong></span> 
     </span>
    </p>
   </div>
   <div class='ocr_carea' id='block_1_18' title="bbox 1935 689 3562 775">
    <p class='ocr_par' dir='ltr' id='par_1_18' title="bbox 1935 689 3562 775">
     <span class='ocr_line' id='line_1_18' title="bbox 1935 689 3562 775; baseline -0.009 -17"><span class='ocrx_word' id='word_1_134' title='bbox 1935 719 2074 775; x_wconf 89' lang='lat' dir='ltr'><strong>quos</strong></span> <span class='ocrx_word' id='word_1_135' title='bbox 2107 701 2450 758; x_wconf 81' lang='lat' dir='ltr'><strong>rectitudinis</strong></span> <span class='ocrx_word' id='word_1_136' title='bbox 2492 698 2720 752; x_wconf 88' lang='lat' dir='ltr'><strong>limitem</strong></span> <span class='ocrx_word' id='word_1_137' title='bbox 2747 694 3112 765; x_wconf 61' lang='lat' dir='ltr'><strong>praevaricari:</strong></span> <span class='ocrx_word' id='word_1_138' title='bbox 3133 692 3414 748; x_wconf 86' lang='lat' dir='ltr'><strong>convincit</strong></span> <span class='ocrx_word' id='word_1_139' title='bbox 3443 689 3562 744; x_wconf 85' lang='lat' dir='ltr'><strong>vio-</strong></span> 
     </span>
    </p>
   </div>
   <div class='ocr_carea' id='block_1_19' title="bbox 1938 783 3561 865">
    <p class='ocr_par' dir='ltr' id='par_1_19' title="bbox 1938 783 3561 865">
     <span class='ocr_line' id='line_1_19' title="bbox 1938 783 3561 865; baseline -0.009 -15"><span class='ocrx_word' id='word_1_140' title='bbox 1938 795 2106 852; x_wconf 89' lang='lat' dir='ltr'><strong>lentia</strong></span> <span class='ocrx_word' id='word_1_141' title='bbox 2134 794 2441 865; x_wconf 87' lang='lat' dir='ltr'><strong>pravitatis,</strong></span> <span class='ocrx_word' id='word_1_142' title='bbox 2472 801 2530 846; x_wconf 92' lang='lat' dir='ltr'><strong>ut</strong></span> <span class='ocrx_word' id='word_1_143' title='bbox 2560 790 2687 845; x_wconf 91' lang='lat' dir='ltr'><strong>dum</strong></span> <span class='ocrx_word' id='word_1_144' title='bbox 2718 789 2826 856; x_wconf 92' lang='lat' dir='ltr'><strong>his,</strong></span> <span class='ocrx_word' id='word_1_145' title='bbox 2857 789 2952 860; x_wconf 90' lang='lat' dir='ltr'><strong>qui</strong></span> <span class='ocrx_word' id='word_1_146' title='bbox 2981 786 3083 842; x_wconf 85' lang='lat' dir='ltr'><strong>tibi</strong></span> <span class='ocrx_word' id='word_1_147' title='bbox 3113 785 3350 856; x_wconf 77' lang='lat' dir='ltr'><strong>subjecti</strong></span> <span class='ocrx_word' id='word_1_148' title='bbox 3397 783 3561 848; x_wconf 72' lang='lat' dir='ltr'><strong>Sunt,</strong></span> 
     </span>
    </p>
   </div>
   <div class='ocr_carea' id='block_1_20' title="bbox 1941 871 3563 955">
    <p class='ocr_par' dir='ltr' id='par_1_20' title="bbox 1941 871 3563 955">
     <span class='ocr_line' id='line_1_20' title="bbox 1941 871 3563 955; baseline -0.007 -14"><span class='ocrx_word' id='word_1_149' title='bbox 1941 902 2037 942; x_wconf 90' lang='lat' dir='ltr'><strong>sua</strong></span> <span class='ocrx_word' id='word_1_150' title='bbox 2084 887 2282 955; x_wconf 87' lang='lat' dir='ltr'><strong>cuique</strong></span> <span class='ocrx_word' id='word_1_151' title='bbox 2319 883 2444 953; x_wconf 89' lang='lat' dir='ltr'><strong>jura</strong></span> <span class='ocrx_word' id='word_1_152' title='bbox 2489 891 2805 947; x_wconf 85' lang='lat' dir='ltr'><strong>servantur,</strong></span> <span class='ocrx_word' id='word_1_153' title='bbox 2853 879 2952 934; x_wconf 83' lang='lat' dir='ltr'><strong>tibi</strong></span> <span class='ocrx_word' id='word_1_154' title='bbox 3003 893 3223 949; x_wconf 87' lang='lat' dir='ltr'><strong>quoque</strong></span> <span class='ocrx_word' id='word_1_155' title='bbox 3261 871 3563 933; x_wconf 69' lang='lat' dir='ltr'><strong>ministerii</strong></span> 
     </span>
    </p>
   </div>
   <div class='ocr_carea' id='block_1_21' title="bbox 1943 973 3134 1046">
    <p class='ocr_par' dir='ltr' id='par_1_21' title="bbox 1943 973 3134 1046">
     <span class='ocr_line' id='line_1_21' title="bbox 1943 973 3134 1046; baseline -0.008 -13"><span class='ocrx_word' id='word_1_156' title='bbox 1943 979 2018 1033; x_wconf 92' lang='lat' dir='ltr'><strong>tui</strong></span> <span class='ocrx_word' id='word_1_157' title='bbox 2059 991 2269 1033; x_wconf 86' lang='lat' dir='ltr'><strong>merces</strong></span> <span class='ocrx_word' id='word_1_158' title='bbox 2297 976 2440 1046; x_wconf 87' lang='lat' dir='ltr'><strong>apud</strong></span> <span class='ocrx_word' id='word_1_159' title='bbox 2471 976 2641 1031; x_wconf 86' lang='lat' dir='ltr'><strong>Deum</strong></span> <span class='ocrx_word' id='word_1_160' title='bbox 2667 973 2830 1044; x_wconf 88' lang='lat' dir='ltr'><strong>digna</strong></span> <span class='ocrx_word' id='word_1_161' title='bbox 2861 979 3134 1026; x_wconf 86' lang='lat' dir='ltr'><strong>servetur.</strong></span> 
     </span>
    </p>
   </div>
   <div class='ocr_carea' id='block_1_22' title="bbox 2508 1086 2984 1145">
    <p class='ocr_par' dir='ltr' id='par_1_22' title="bbox 2508 1086 2984 1145">
     <span class='ocr_line' id='line_1_22' title="bbox 2508 1086 2984 1145; baseline -0.004 0"><span class='ocrx_word' id='word_1_162' title='bbox 2508 1086 2854 1145; x_wconf 79' lang='lat' dir='ltr'><strong>EPISTOLA</strong></span> <span class='ocrx_word' id='word_1_163' title='bbox 2896 1086 2984 1143; x_wconf 88' lang='lat' dir='ltr'><strong>Ill.</strong></span> 
     </span>
    </p>
   </div>
   <div class='ocr_carea' id='block_1_23' title="bbox 2243 1217 3272 1264">
    <p class='ocr_par' dir='ltr' id='par_1_23' title="bbox 2243 1217 3272 1264">
     <span class='ocr_line' id='line_1_23' title="bbox 2243 1217 3272 1264; baseline -0.009 0"><span class='ocrx_word' id='word_1_164' title='bbox 2243 1224 2312 1264; x_wconf 71' lang='lat' dir='ltr'><strong>AD</strong></span> <span class='ocrx_word' id='word_1_165' title='bbox 2351 1221 2639 1263; x_wconf 73' lang='grc' dir='ltr'><strong>Αωειιτωι</strong></span> <span class='ocrx_word' id='word_1_166' title='bbox 2677 1219 2846 1260; x_wconf 77' lang='grc' dir='ltr'><strong>νιιωιι</strong></span> <span class='ocrx_word' id='word_1_167' title='bbox 2882 1217 3272 1260; x_wconf 59' lang='grc' dir='ltr'><strong>οιδιιεειιωι.</strong></span> 
     </span>
    </p>
   </div>
   <div class='ocr_carea' id='block_1_24' title="bbox 1947 1316 3570 1387">
    <p class='ocr_par' dir='ltr' id='par_1_24' title="bbox 1947 1316 3570 1387">
     <span class='ocr_line' id='line_1_24' title="bbox 1947 1316 3570 1387; baseline -0.004 -12"><span class='ocrx_word' id='word_1_168' title='bbox 1947 1321 2355 1378; x_wconf 66' lang='lat' dir='ltr'><strong>Anon-suros.</strong></span> <span class='ocrx_word' id='word_1_169' title='bbox 2382 1350 2453 1360; x_wconf 98' lang='lat'>—</span> <span class='ocrx_word' id='word_1_170' title='bbox 2483 1318 2766 1373; x_wconf 82' lang='lat' dir='ltr'><strong>Albertum</strong></span> <span class='ocrx_word' id='word_1_171' title='bbox 2794 1316 3087 1386; x_wconf 80' lang='lat' dir='ltr'><strong>quemdam</strong></span> <span class='ocrx_word' id='word_1_172' title='bbox 3111 1331 3141 1381; x_wconf 66' lang='lat'><strong>,‘</strong></span> <span class='ocrx_word' id='word_1_173' title='bbox 3160 1316 3343 1370; x_wconf 84' lang='lat' dir='ltr'><strong>virum</strong></span> <span class='ocrx_word' id='word_1_174' title='bbox 3368 1322 3570 1387; x_wconf 38' lang='lat' dir='ltr'><strong>poten:</strong></span> 
     </span>
    </p>
   </div>
   <div class='ocr_carea' id='block_1_25' title="bbox 2023 1386 3572 1458">
    <p class='ocr_par' dir='ltr' id='par_1_25' title="bbox 2023 1386 3572 1458">
     <span class='ocr_line' id='line_1_25' title="bbox 2023 1386 3572 1458; baseline -0.004 -12"><span class='ocrx_word' id='word_1_175' title='bbox 2023 1395 2098 1446; x_wconf 88' lang='lat' dir='ltr'><strong>tia</strong></span> <span class='ocrx_word' id='word_1_176' title='bbox 2138 1401 2194 1446; x_wconf 89' lang='lat' dir='ltr'><strong>et</strong></span> <span class='ocrx_word' id='word_1_177' title='bbox 2243 1391 2533 1446; x_wconf 84' lang='lat' dir='ltr'><strong>nobilitate</strong></span> <span class='ocrx_word' id='word_1_178' title='bbox 2594 1389 2723 1458; x_wconf 84' lang='lat' dir='ltr'><strong>illis</strong></span> <span class='ocrx_word' id='word_1_179' title='bbox 2756 1387 3098 1458; x_wconf 81' lang='lat' dir='ltr'><strong>temporibus</strong></span> <span class='ocrx_word' id='word_1_180' title='bbox 3146 1386 3451 1455; x_wconf 83' lang='lat' dir='ltr'><strong>insignem,</strong></span> <span class='ocrx_word' id='word_1_181' title='bbox 3501 1386 3572 1440; x_wconf 82' lang='lat' dir='ltr'><strong>ad</strong></span> 
     </span>
    </p>
   </div>
   <div class='ocr_carea' id='block_1_26' title="bbox 2025 1457 3573 1532">
    <p class='ocr_par' dir='ltr' id='par_1_26' title="bbox 2025 1457 3573 1532">
     <span class='ocr_line' id='line_1_26' title="bbox 2025 1457 3573 1532; baseline -0.003 -15"><span class='ocrx_word' id='word_1_182' title='bbox 2025 1462 2264 1518; x_wconf 88' lang='lat' dir='ltr'><strong>debitam</strong></span> <span class='ocrx_word' id='word_1_183' title='bbox 2289 1461 2614 1532; x_wconf 87' lang='lat' dir='ltr'><strong>parentibus</strong></span> <span class='ocrx_word' id='word_1_184' title='bbox 2644 1457 3014 1514; x_wconf 80' lang='lat' dir='ltr'><strong>exhibendam</strong></span> <span class='ocrx_word' id='word_1_185' title='bbox 3049 1458 3440 1532; x_wconf 71' lang='lat' dir='ltr'><strong>reverentiam,</strong></span> <span class='ocrx_word' id='word_1_186' title='bbox 3463 1458 3573 1532; x_wconf 69' lang='lat' dir='ltr'><strong>hac</strong></span> 
     </span>
    </p>
   </div>
   <div class='ocr_carea' id='block_1_27' title="bbox 2025 1527 3574 1603">
    <p class='ocr_par' dir='ltr' id='par_1_27' title="bbox 2025 1527 3574 1603">
     <span class='ocr_line' id='line_1_27' title="bbox 2025 1527 3574 1603; baseline -0.009 -13"><span class='ocrx_word' id='word_1_187' title='bbox 2025 1534 2257 1603; x_wconf 84' lang='lat' dir='ltr'><strong>epistola</strong></span> <span class='ocrx_word' id='word_1_188' title='bbox 2289 1527 2628 1591; x_wconf 75' lang='lat' dir='ltr'><strong>cohortatur,</strong></span> <span class='ocrx_word' id='word_1_189' title='bbox 2647 1539 2936 1603; x_wconf 82' lang='lat' dir='ltr'><strong>propterea</strong></span> <span class='ocrx_word' id='word_1_190' title='bbox 2957 1529 3100 1603; x_wconf 80' lang='lat' dir='ltr'><strong>quod</strong></span> <span class='ocrx_word' id='word_1_191' title='bbox 3119 1529 3371 1583; x_wconf 82' lang='lat' dir='ltr'><strong>audierat</strong></span> <span class='ocrx_word' id='word_1_192' title='bbox 3391 1529 3459 1582; x_wconf 87' lang='lat' dir='ltr'><strong>ab</strong></span> <span class='ocrx_word' id='word_1_193' title='bbox 3478 1527 3574 1603; x_wconf 77' lang='lat' dir='ltr'><strong>illo</strong></span> 
     </span>
    </p>
   </div>
   <div class='ocr_carea' id='block_1_28' title="bbox 2029 1598 3576 1669">
    <p class='ocr_par' dir='ltr' id='par_1_28' title="bbox 2029 1598 3576 1669">
     <span class='ocr_line' id='line_1_28' title="bbox 2029 1598 3576 1669; baseline -0.003 -10"><span class='ocrx_word' id='word_1_194' title='bbox 2029 1598 2261 1658; x_wconf 84' lang='lat' dir='ltr'><strong>matrem</strong></span> <span class='ocrx_word' id='word_1_195' title='bbox 2293 1619 2402 1658; x_wconf 89' lang='lat' dir='ltr'><strong>non</strong></span> <span class='ocrx_word' id='word_1_196' title='bbox 2442 1603 2494 1657; x_wconf 91' lang='lat' dir='ltr'><strong>in</strong></span> <span class='ocrx_word' id='word_1_197' title='bbox 2525 1617 2590 1655; x_wconf 88' lang='lat' dir='ltr'><strong>eo</strong></span> <span class='ocrx_word' id='word_1_198' title='bbox 2618 1598 2727 1669; x_wconf 77' lang='lat' dir='ltr'><strong>quo</strong></span> <span class='ocrx_word' id='word_1_199' title='bbox 2750 1598 3210 1655; x_wconf 78' lang='lat' dir='ltr'><strong>deeebatlionore</strong></span> <span class='ocrx_word' id='word_1_200' title='bbox 3232 1615 3343 1667; x_wconf 71' lang='lat' dir='ltr'><strong>prae</strong></span> <span class='ocrx_word' id='word_1_201' title='bbox 3378 1598 3576 1654; x_wconf 76' lang='lat' dir='ltr'><strong>uxoris</strong></span> 
     </span>
    </p>
   </div>
   <div class='ocr_carea' id='block_1_29' title="bbox 2025 1672 3494 1742">
    <p class='ocr_par' dir='ltr' id='par_1_29' title="bbox 2025 1672 3494 1742">
     <span class='ocr_line' id='line_1_29' title="bbox 2025 1672 3494 1742; baseline -0.005 -12"><span class='ocrx_word' id='word_1_202' title='bbox 2025 1689 2217 1730; x_wconf 85' lang='lat' dir='ltr'><strong>amore</strong></span> <span class='ocrx_word' id='word_1_203' title='bbox 2245 1674 2457 1730; x_wconf 89' lang='lat' dir='ltr'><strong>haberi.</strong></span> <span class='ocrx_word' id='word_1_204' title='bbox 2484 1672 2639 1740; x_wconf 84' lang='lat' dir='ltr'><strong>Quod</strong></span> <span class='ocrx_word' id='word_1_205' title='bbox 2669 1680 2727 1727; x_wconf 91' lang='lat' dir='ltr'><strong>ut</strong></span> <span class='ocrx_word' id='word_1_206' title='bbox 2748 1685 2920 1742; x_wconf 89' lang='lat' dir='ltr'><strong>grave</strong></span> <span class='ocrx_word' id='word_1_207' title='bbox 2939 1673 3151 1726; x_wconf 86' lang='lat' dir='ltr'><strong>crimen</strong></span> <span class='ocrx_word' id='word_1_208' title='bbox 3168 1677 3494 1742; x_wconf 72' lang='lat' dir='ltr'><strong>exaggerat.</strong></span> 
     </span>
    </p>
   </div>
   <div class='ocr_carea' id='block_1_30' title="bbox 2031 1802 3576 1875">
    <p class='ocr_par' dir='ltr' id='par_1_30' title="bbox 2031 1802 3576 1875">
     <span class='ocr_line' id='line_1_30' title="bbox 2031 1802 3576 1875; baseline -0.005 -13"><span class='ocrx_word' id='word_1_209' title='bbox 2031 1807 2291 1862; x_wconf 71' lang='lat' dir='ltr'><strong>ALBBRTO</strong></span> <span class='ocrx_word' id='word_1_210' title='bbox 2327 1807 2640 1863; x_wconf 89' lang='lat' dir='ltr'><strong>clarissimo</strong></span> <span class='ocrx_word' id='word_1_211' title='bbox 2676 1805 2796 1860; x_wconf 90' lang='lat' dir='ltr'><strong>viro</strong></span> <span class='ocrx_word' id='word_1_212' title='bbox 2834 1802 3059 1860; x_wconf 74' lang='lat' dir='ltr'><strong>Penus</strong></span> <span class='ocrx_word' id='word_1_213' title='bbox 3092 1811 3349 1875; x_wconf 78' lang='lat' dir='ltr'><strong>peccator</strong></span> <span class='ocrx_word' id='word_1_214' title='bbox 3381 1816 3576 1857; x_wconf 79' lang='lat' dir='ltr'><strong>mona-</strong></span> 
     </span>
    </p>
   </div>
   <div class='ocr_carea' id='block_1_31' title="bbox 1960 1897 2722 1955">
    <p class='ocr_par' dir='ltr' id='par_1_31' title="bbox 1960 1897 2722 1955">
     <span class='ocr_line' id='line_1_31' title="bbox 1960 1897 2722 1955; baseline -0.004 0"><span class='ocrx_word' id='word_1_215' title='bbox 1960 1897 2099 1955; x_wconf 84' lang='lat' dir='ltr'><strong>chus</strong></span> <span class='ocrx_word' id='word_1_216' title='bbox 2124 1899 2356 1954; x_wconf 86' lang='lat' dir='ltr'><strong>salutem</strong></span> <span class='ocrx_word' id='word_1_217' title='bbox 2386 1899 2440 1952; x_wconf 90' lang='lat' dir='ltr'><strong>in</strong></span> <span class='ocrx_word' id='word_1_218' title='bbox 2468 1897 2722 1953; x_wconf 88' lang='lat' dir='ltr'><strong>Domino.</strong></span> 
     </span>
    </p>
   </div>
   <div class='ocr_carea' id='block_1_32' title="bbox 241 1984 3574 2072">
    <p class='ocr_par' dir='ltr' id='par_1_32' title="bbox 241 1984 3574 2072">
     <span class='ocr_line' id='line_1_32' title="bbox 241 1984 3574 2072; baseline -0.003 -19"><span class='ocrx_word' id='word_1_219' title='bbox 241 1996 442 2072; x_wconf 82' lang='lat' dir='ltr'><strong>(Eccli.</strong></span> <span class='ocrx_word' id='word_1_220' title='bbox 472 1997 640 2069; x_wconf 76' lang='lat' dir='ltr'><strong>xxxv)</strong></span> <span class='ocrx_word' id='word_1_221' title='bbox 670 1998 876 2069; x_wconf 80' lang='lat' dir='ltr'><strong>gratias</strong></span> <span class='ocrx_word' id='word_1_222' title='bbox 906 1994 1145 2069; x_wconf 82' lang='lat' dir='ltr'><strong>[gentes]</strong></span> <span class='ocrx_word' id='word_1_223' title='bbox 1171 1995 1357 2066; x_wconf 82' lang='lat' dir='ltr'><strong>(Prov.</strong></span> <span class='ocrx_word' id='word_1_224' title='bbox 1383 1995 1521 2068; x_wconf 69' lang='lat' dir='ltr'><strong>xxv).</strong></span> <span class='ocrx_word' id='word_1_225' title='bbox 1555 2015 1574 2048; x_wconf 72' lang='grc' dir='ltr'><strong>ι</strong></span> <span class='ocrx_word' id='word_1_226' title='bbox 1599 1994 1668 2049; x_wconf 87' lang='lat' dir='ltr'><strong>Et</strong></span> <span class='ocrx_word' id='word_1_227' title='bbox 1694 1992 1849 2048; x_wconf 70' lang='lat' dir='ltr'><strong>Psal—</strong></span> <span class='ocrx_word' id='word_1_228' title='bbox 1881 1984 1929 2045; x_wconf 74' lang='grc' dir='ltr'><strong>Β</strong></span> <span class='ocrx_word' id='word_1_229' title='bbox 2030 1992 2239 2046; x_wconf 68' lang='grc' dir='ltr'><strong>Βίνὶηω</strong></span> <span class='ocrx_word' id='word_1_230' title='bbox 2289 1991 2425 2063; x_wconf 84' lang='lat' dir='ltr'><strong>legis</strong></span> <span class='ocrx_word' id='word_1_231' title='bbox 2479 1991 2739 2046; x_wconf 78' lang='lat' dir='ltr'><strong>mandata</strong></span> <span class='ocrx_word' id='word_1_232' title='bbox 2785 1988 2978 2060; x_wconf 84' lang='lat' dir='ltr'><strong>procul</strong></span> <span class='ocrx_word' id='word_1_233' title='bbox 3004 1987 3168 2045; x_wconf 88' lang='lat' dir='ltr'><strong>dubio</strong></span> <span class='ocrx_word' id='word_1_234' title='bbox 3196 1987 3430 2060; x_wconf 86' lang='lat' dir='ltr'><strong>despicit</strong></span> <span class='ocrx_word' id='word_1_235' title='bbox 3477 1986 3574 2058; x_wconf 89' lang='lat' dir='ltr'><strong>qui</strong></span> 
     </span>
    </p>
   </div>
   <div class='ocr_carea' id='block_1_33' title="bbox 245 2087 1849 2161">
    <p class='ocr_par' dir='ltr' id='par_1_33' title="bbox 245 2087 1849 2161">
     <span class='ocr_line' id='line_1_33' title="bbox 245 2087 1849 2161; baseline -0.004 -15"><span class='ocrx_word' id='word_1_236' title='bbox 245 2092 445 2147; x_wconf 86' lang='lat' dir='ltr'><strong>mista:</strong></span> <span class='ocrx_word' id='word_1_237' title='bbox 483 2111 500 2142; x_wconf 79' lang='grc' dir='ltr'><strong>ι</strong></span> <span class='ocrx_word' id='word_1_238' title='bbox 534 2090 709 2158; x_wconf 76' lang='lat' dir='ltr'><strong>Beati,</strong></span> <span class='ocrx_word' id='word_1_239' title='bbox 741 2090 951 2161; x_wconf 82' lang='lat' dir='ltr'><strong>inquit,</strong></span> <span class='ocrx_word' id='word_1_240' title='bbox 999 2090 1092 2159; x_wconf 89' lang='lat' dir='ltr'><strong>qui</strong></span> <span class='ocrx_word' id='word_1_241' title='bbox 1139 2089 1459 2144; x_wconf 89' lang='lat' dir='ltr'><strong>custodiunt</strong></span> <span class='ocrx_word' id='word_1_242' title='bbox 1488 2087 1757 2157; x_wconf 80' lang='lat' dir='ltr'><strong>judicium</strong></span> <span class='ocrx_word' id='word_1_243' title='bbox 1791 2093 1849 2140; x_wconf 91' lang='lat' dir='ltr'><strong>et</strong></span> 
     </span>
    </p>
   </div>
   <div class='ocr_carea' id='block_1_34' title="bbox 247 2177 1753 2252">
    <p class='ocr_par' dir='ltr' id='par_1_34' title="bbox 247 2177 1753 2252">
     <span class='ocr_line' id='line_1_34' title="bbox 247 2177 1753 2252; baseline -0.005 -15"><span class='ocrx_word' id='word_1_244' title='bbox 247 2182 458 2238; x_wconf 71' lang='lat' dir='ltr'><strong>faciunt</strong></span> <span class='ocrx_word' id='word_1_245' title='bbox 481 2181 751 2252; x_wconf 84' lang='lat' dir='ltr'><strong>justitiam</strong></span> <span class='ocrx_word' id='word_1_246' title='bbox 784 2182 840 2236; x_wconf 89' lang='lat' dir='ltr'><strong>in</strong></span> <span class='ocrx_word' id='word_1_247' title='bbox 871 2181 1020 2236; x_wconf 92' lang='lat' dir='ltr'><strong>omni</strong></span> <span class='ocrx_word' id='word_1_248' title='bbox 1052 2189 1298 2249; x_wconf 91' lang='lat' dir='ltr'><strong>tempore</strong></span> <span class='ocrx_word' id='word_1_249' title='bbox 1333 2179 1564 2250; x_wconf 78' lang='lat' dir='ltr'><strong>(Psalm.</strong></span> <span class='ocrx_word' id='word_1_250' title='bbox 1590 2177 1699 2248; x_wconf 91' lang='lat' dir='ltr'><strong>cv).</strong></span> <span class='ocrx_word' id='word_1_251' title='bbox 1735 2197 1753 2229; x_wconf 74' lang='grc' dir='ltr'><strong>ι</strong></span> 
     </span>
    </p>
   </div>
   <div class='ocr_carea' id='block_1_35' title="bbox 321 2265 1847 2342">
    <p class='ocr_par' dir='ltr' id='par_1_35' title="bbox 321 2265 1847 2342">
     <span class='ocr_line' id='line_1_35' title="bbox 321 2265 1847 2342; baseline -0.003 -15"><span class='ocrx_word' id='word_1_252' title='bbox 321 2272 540 2328; x_wconf 77' lang='lat' dir='ltr'><strong>Memini</strong></span> <span class='ocrx_word' id='word_1_253' title='bbox 580 2272 737 2342; x_wconf 83' lang='lat' dir='ltr'><strong>plane</strong></span> <span class='ocrx_word' id='word_1_254' title='bbox 781 2270 1302 2327; x_wconf 79' lang='lat' dir='ltr'><strong>excellentissimum</strong></span> <span class='ocrx_word' id='word_1_255' title='bbox 1337 2271 1534 2325; x_wconf 89' lang='lat' dir='ltr'><strong>ducem</strong></span> <span class='ocrx_word' id='word_1_256' title='bbox 1563 2265 1847 2324; x_wconf 86' lang='lat' dir='ltr'><strong>Gothil&#39;re-</strong></span> 
     </span>
    </p>
   </div>
   <div class='ocr_carea' id='block_1_36' title="bbox 242 2358 1848 2433">
    <p class='ocr_par' dir='ltr' id='par_1_36' title="bbox 242 2358 1848 2433">
     <span class='ocr_line' id='line_1_36' title="bbox 242 2358 1848 2433; baseline -0.006 -11"><span class='ocrx_word' id='word_1_257' title='bbox 242 2365 376 2422; x_wconf 77' lang='lat' dir='ltr'><strong>dum</strong></span> <span class='ocrx_word' id='word_1_258' title='bbox 402 2364 531 2419; x_wconf 89' lang='lat' dir='ltr'><strong>mibi</strong></span> <span class='ocrx_word' id='word_1_259' title='bbox 568 2363 821 2419; x_wconf 88' lang='lat' dir='ltr'><strong>retulisse</strong></span> <span class='ocrx_word' id='word_1_260' title='bbox 843 2378 964 2433; x_wconf 76' lang='lat' dir='ltr'><strong>qua:</strong></span> <span class='ocrx_word' id='word_1_261' title='bbox 990 2362 1214 2417; x_wconf 87' lang='lat' dir='ltr'><strong>scribo:</strong></span> <span class='ocrx_word' id='word_1_262' title='bbox 1249 2360 1588 2426; x_wconf 85' lang='lat' dir='ltr'><strong>Avunculus,</strong></span> <span class='ocrx_word' id='word_1_263' title='bbox 1632 2358 1808 2427; x_wconf 85' lang='lat' dir='ltr'><strong>inquit</strong></span> <span class='ocrx_word' id='word_1_264' title='bbox 1833 2397 1848 2419; x_wconf 82' lang='lat'><strong>.</strong></span> 
     </span>
    </p>
   </div>
   <div class='ocr_carea' id='block_1_37' title="bbox 248 2453 1853 2528">
    <p class='ocr_par' dir='ltr' id='par_1_37' title="bbox 248 2453 1853 2528">
     <span class='ocr_line' id='line_1_37' title="bbox 248 2453 1853 2528; baseline -0.006 -14"><span class='ocrx_word' id='word_1_265' title='bbox 248 2472 425 2524; x_wconf 72' lang='lat' dir='ltr'><strong>utens,</strong></span> <span class='ocrx_word' id='word_1_266' title='bbox 443 2473 594 2528; x_wconf 78' lang='lat' dir='ltr'><strong>:eque</strong></span> <span class='ocrx_word' id='word_1_267' title='bbox 614 2457 836 2512; x_wconf 84' lang='lat' dir='ltr'><strong>nomine</strong></span> <span class='ocrx_word' id='word_1_268' title='bbox 865 2455 1240 2522; x_wconf 79' lang='lat' dir='ltr'><strong>Gothifredus,</strong></span> <span class='ocrx_word' id='word_1_269' title='bbox 1262 2465 1574 2526; x_wconf 55' lang='lat' dir='ltr'><strong>prapotens</strong></span> <span class='ocrx_word' id='word_1_270' title='bbox 1597 2453 1853 2508; x_wconf 89' lang='lat' dir='ltr'><strong>videlicet</strong></span> 
     </span>
    </p>
   </div>
   <div class='ocr_carea' id='block_1_38' title="bbox 249 2547 1852 2618">
    <p class='ocr_par' dir='ltr' id='par_1_38' title="bbox 249 2547 1852 2618">
     <span class='ocr_line' id='line_1_38' title="bbox 249 2547 1852 2618; baseline -0.002 -16"><span class='ocrx_word' id='word_1_271' title='bbox 249 2550 354 2615; x_wconf 78' lang='lat' dir='ltr'><strong>vir,</strong></span> <span class='ocrx_word' id='word_1_272' title='bbox 382 2551 448 2605; x_wconf 83' lang='lat' dir='ltr'><strong>ad</strong></span> <span class='ocrx_word' id='word_1_273' title='bbox 482 2549 784 2610; x_wconf 80' lang='lat' dir='ltr'><strong>faciendam</strong></span> <span class='ocrx_word' id='word_1_274' title='bbox 808 2548 1082 2618; x_wconf 83' lang='lat' dir='ltr'><strong>justitiam</strong></span> <span class='ocrx_word' id='word_1_275' title='bbox 1107 2547 1272 2603; x_wconf 89' lang='lat' dir='ltr'><strong>nimis</strong></span> <span class='ocrx_word' id='word_1_276' title='bbox 1309 2559 1433 2602; x_wconf 89' lang='lat' dir='ltr'><strong>erat</strong></span> <span class='ocrx_word' id='word_1_277' title='bbox 1473 2547 1743 2610; x_wconf 88' lang='lat' dir='ltr'><strong>intentus,</strong></span> <span class='ocrx_word' id='word_1_278' title='bbox 1797 2554 1852 2600; x_wconf 90' lang='lat' dir='ltr'><strong>et</strong></span> 
     </span>
    </p>
   </div>
   <div class='ocr_carea' id='block_1_39' title="bbox 242 2628 1850 2720">
    <p class='ocr_par' dir='ltr' id='par_1_39' title="bbox 242 2628 1850 2720">
     <span class='ocr_line' id='line_1_39' title="bbox 242 2628 1850 2720; baseline -0.004 -24"><span class='ocrx_word' id='word_1_279' title='bbox 242 2628 416 2710; x_wconf 65' lang='lat' dir='ltr'><strong>super</strong></span> <span class='ocrx_word' id='word_1_280' title='bbox 440 2639 688 2720; x_wconf 58' lang='lat' dir='ltr'><strong>qubditos</strong></span> <span class='ocrx_word' id='word_1_281' title='bbox 747 2639 850 2694; x_wconf 86' lang='lat' dir='ltr'><strong>sibi</strong></span> <span class='ocrx_word' id='word_1_282' title='bbox 905 2637 1132 2709; x_wconf 86' lang='lat' dir='ltr'><strong>populos</strong></span> <span class='ocrx_word' id='word_1_283' title='bbox 1187 2637 1442 2710; x_wconf 74' lang='lat' dir='ltr'><strong>legalium</strong></span> <span class='ocrx_word' id='word_1_284' title='bbox 1502 2640 1850 2692; x_wconf 90' lang='lat' dir='ltr'><strong>sanctionum</strong></span> 
     </span>
    </p>
   </div>
   <div class='ocr_carea' id='block_1_40' title="bbox 250 2730 1850 2803">
    <p class='ocr_par' dir='ltr' id='par_1_40' title="bbox 250 2730 1850 2803">
     <span class='ocr_line' id='line_1_40' title="bbox 250 2730 1850 2803; baseline -0.001 -16"><span class='ocrx_word' id='word_1_285' title='bbox 250 2731 597 2802; x_wconf 81' lang='lat' dir='ltr'><strong>disciplinam</strong></span> <span class='ocrx_word' id='word_1_286' title='bbox 628 2732 982 2803; x_wconf 75' lang='lat' dir='ltr'><strong>vigoremque</strong></span> <span class='ocrx_word' id='word_1_287' title='bbox 1011 2731 1254 2796; x_wconf 84' lang='lat' dir='ltr'><strong>tenebat,</strong></span> <span class='ocrx_word' id='word_1_288' title='bbox 1286 2732 1424 2788; x_wconf 71' lang='lat' dir='ltr'><strong>adeo</strong></span> <span class='ocrx_word' id='word_1_289' title='bbox 1453 2743 1510 2787; x_wconf 92' lang='lat' dir='ltr'><strong>ut</strong></span> <span class='ocrx_word' id='word_1_290' title='bbox 1533 2730 1850 2802; x_wconf 81' lang='lat' dir='ltr'><strong>aliquando,</strong></span> 
     </span>
    </p>
   </div>
   <div class='ocr_carea' id='block_1_41' title="bbox 249 2822 1852 2894">
    <p class='ocr_par' dir='ltr' id='par_1_41' title="bbox 249 2822 1852 2894">
     <span class='ocr_line' id='line_1_41' title="bbox 249 2822 1852 2894; baseline -0.002 -15"><span class='ocrx_word' id='word_1_291' title='bbox 249 2835 581 2894; x_wconf 78' lang='lat' dir='ltr'><strong>congregata</strong></span> <span class='ocrx_word' id='word_1_292' title='bbox 599 2839 790 2878; x_wconf 82' lang='lat' dir='ltr'><strong>coram</strong></span> <span class='ocrx_word' id='word_1_293' title='bbox 827 2839 884 2879; x_wconf 87' lang='lat' dir='ltr'><strong>se</strong></span> <span class='ocrx_word' id='word_1_294' title='bbox 913 2822 1088 2893; x_wconf 85' lang='lat' dir='ltr'><strong>plebis</strong></span> <span class='ocrx_word' id='word_1_295' title='bbox 1122 2823 1426 2878; x_wconf 70' lang='lat' dir='ltr'><strong>innumera:</strong></span> <span class='ocrx_word' id='word_1_296' title='bbox 1463 2823 1810 2878; x_wconf 85' lang='lat' dir='ltr'><strong>multitudine</strong></span> <span class='ocrx_word' id='word_1_297' title='bbox 1837 2863 1852 2888; x_wconf 92' lang='lat'><strong>,</strong></span> 
     </span>
    </p>
   </div>
   <div class='ocr_carea' id='block_1_42' title="bbox 250 2914 1854 2986">
    <p class='ocr_par' dir='ltr' id='par_1_42' title="bbox 250 2914 1854 2986">
     <span class='ocr_line' id='line_1_42' title="bbox 250 2914 1854 2986; baseline 0 -16"><span class='ocrx_word' id='word_1_298' title='bbox 250 2915 372 2985; x_wconf 77' lang='lat' dir='ltr'><strong>ipse</strong></span> <span class='ocrx_word' id='word_1_299' title='bbox 414 2914 575 2986; x_wconf 83' lang='lat'><strong>272</strong></span> <span class='ocrx_word' id='word_1_300' title='bbox 621 2916 729 2970; x_wconf 76' lang='lat' dir='ltr'><strong>dux</strong></span> <span class='ocrx_word' id='word_1_301' title='bbox 780 2915 998 2971; x_wconf 79' lang='lat' dir='ltr'><strong>excelsa</strong></span> <span class='ocrx_word' id='word_1_302' title='bbox 1036 2930 1170 2971; x_wconf 90' lang='lat' dir='ltr'><strong>voce</strong></span> <span class='ocrx_word' id='word_1_303' title='bbox 1223 2914 1490 2971; x_wconf 80' lang='lat' dir='ltr'><strong>clamaret</strong></span> <span class='ocrx_word' id='word_1_304' title='bbox 1535 2933 1547 2970; x_wconf 91' lang='lat'>:</span> <span class='ocrx_word' id='word_1_305' title='bbox 1603 2914 1854 2970; x_wconf 80' lang='lat' dir='ltr'><strong>Proferat</strong></span> 
     </span>
    </p>
   </div>
   <div class='ocr_carea' id='block_1_43' title="bbox 251 3005 1848 3075">
    <p class='ocr_par' dir='ltr' id='par_1_43' title="bbox 251 3005 1848 3075">
     <span class='ocr_line' id='line_1_43' title="bbox 251 3005 1848 3075; baseline -0.001 -14"><span class='ocrx_word' id='word_1_306' title='bbox 251 3021 478 3061; x_wconf 79' lang='lat' dir='ltr'><strong>causam</strong></span> <span class='ocrx_word' id='word_1_307' title='bbox 508 3010 662 3060; x_wconf 84' lang='lat' dir='ltr'><strong>suam</strong></span> <span class='ocrx_word' id='word_1_308' title='bbox 692 3006 744 3060; x_wconf 90' lang='lat' dir='ltr'><strong>in</strong></span> <span class='ocrx_word' id='word_1_309' title='bbox 782 3006 1020 3060; x_wconf 90' lang='lat' dir='ltr'><strong>medium</strong></span> <span class='ocrx_word' id='word_1_310' title='bbox 1053 3007 1143 3075; x_wconf 90' lang='lat' dir='ltr'><strong>qui</strong></span> <span class='ocrx_word' id='word_1_311' title='bbox 1180 3005 1292 3061; x_wconf 86' lang='lat' dir='ltr'><strong>vult</strong></span> <span class='ocrx_word' id='word_1_312' title='bbox 1332 3005 1848 3074; x_wconf 89' lang='lat' dir='ltr'><strong>baberejudicium.</strong></span> 
     </span>
    </p>
   </div>
   <div class='ocr_carea' id='block_1_44' title="bbox 253 3094 1856 3166">
    <p class='ocr_par' dir='ltr' id='par_1_44' title="bbox 253 3094 1856 3166">
     <span class='ocr_line' id='line_1_44' title="bbox 253 3094 1856 3166; baseline -0.001 -14"><span class='ocrx_word' id='word_1_313' title='bbox 253 3094 500 3166; x_wconf 85' lang='lat' dir='ltr'><strong>Cumque</strong></span> <span class='ocrx_word' id='word_1_314' title='bbox 533 3097 637 3151; x_wconf 90' lang='lat' dir='ltr'><strong>hoc</strong></span> <span class='ocrx_word' id='word_1_315' title='bbox 674 3098 938 3164; x_wconf 67' lang='lat' dir='ltr'><strong>praeconis</strong></span> <span class='ocrx_word' id='word_1_316' title='bbox 979 3097 1158 3153; x_wconf 88' lang='lat' dir='ltr'><strong>ollicio</strong></span> <span class='ocrx_word' id='word_1_317' title='bbox 1193 3097 1413 3152; x_wconf 78' lang='lat' dir='ltr'><strong>functus</strong></span> <span class='ocrx_word' id='word_1_318' title='bbox 1452 3098 1613 3152; x_wconf 88' lang='lat' dir='ltr'><strong>tertio</strong></span> <span class='ocrx_word' id='word_1_319' title='bbox 1644 3097 1856 3152; x_wconf 86' lang='lat' dir='ltr'><strong>diceret</strong></span> 
     </span>
    </p>
   </div>
   <div class='ocr_carea' id='block_1_45' title="bbox 254 3182 1857 3258">
    <p class='ocr_par' dir='ltr' id='par_1_45' title="bbox 254 3182 1857 3258">
     <span class='ocr_line' id='line_1_45' title="bbox 254 3182 1857 3258; baseline -0.001 -15"><span class='ocrx_word' id='word_1_320' title='bbox 254 3195 315 3243; x_wconf 85' lang='lat' dir='ltr'><strong>et</strong></span> <span class='ocrx_word' id='word_1_321' title='bbox 363 3187 537 3242; x_wconf 90' lang='lat' dir='ltr'><strong>nullus</strong></span> <span class='ocrx_word' id='word_1_322' title='bbox 586 3202 617 3241; x_wconf 91' lang='lat' dir='ltr'><strong>e</strong></span> <span class='ocrx_word' id='word_1_323' title='bbox 672 3196 824 3242; x_wconf 89' lang='lat' dir='ltr'><strong>tanto</strong></span> <span class='ocrx_word' id='word_1_324' title='bbox 879 3184 1078 3258; x_wconf 87' lang='lat' dir='ltr'><strong>populo</strong></span> <span class='ocrx_word' id='word_1_325' title='bbox 1143 3182 1532 3257; x_wconf 80' lang='lat' dir='ltr'><strong>responderet,</strong></span> <span class='ocrx_word' id='word_1_326' title='bbox 1591 3187 1857 3242; x_wconf 76' lang='lat' dir='ltr'><strong>intellexit</strong></span> 
     </span>
    </p>
   </div>
   <div class='ocr_carea' id='block_1_46' title="bbox 255 3277 1852 3349">
    <p class='ocr_par' dir='ltr' id='par_1_46' title="bbox 255 3277 1852 3349">
     <span class='ocr_line' id='line_1_46' title="bbox 255 3277 1852 3349; baseline -0.003 -15"><span class='ocrx_word' id='word_1_327' title='bbox 255 3279 510 3334; x_wconf 85' lang='lat' dir='ltr'><strong>omnibus</strong></span> <span class='ocrx_word' id='word_1_328' title='bbox 525 3278 864 3334; x_wconf 81' lang='lat' dir='ltr'><strong>satisfactum</strong></span> <span class='ocrx_word' id='word_1_329' title='bbox 889 3279 1213 3349; x_wconf 89' lang='lat' dir='ltr'><strong>indircmpta</strong></span> <span class='ocrx_word' id='word_1_330' title='bbox 1238 3293 1462 3349; x_wconf 87' lang='lat' dir='ltr'><strong>prorsus</strong></span> <span class='ocrx_word' id='word_1_331' title='bbox 1485 3287 1651 3349; x_wconf 88' lang='lat' dir='ltr'><strong>atque</strong></span> <span class='ocrx_word' id='word_1_332' title='bbox 1675 3277 1852 3346; x_wconf 85' lang='lat' dir='ltr'><strong>sopita</strong></span> 
     </span>
    </p>
   </div>
   <div class='ocr_carea' id='block_1_47' title="bbox 1959 2080 3578 2153">
    <p class='ocr_par' dir='ltr' id='par_1_47' title="bbox 1959 2080 3578 2153">
     <span class='ocr_line' id='line_1_47' title="bbox 1959 2080 3578 2153; baseline -0.002 -14"><span class='ocrx_word' id='word_1_333' title='bbox 1959 2081 2175 2139; x_wconf 74' lang='lat' dir='ltr'><strong>deferre</strong></span> <span class='ocrx_word' id='word_1_334' title='bbox 2213 2082 2536 2153; x_wconf 83' lang='lat' dir='ltr'><strong>parentibus</strong></span> <span class='ocrx_word' id='word_1_335' title='bbox 2581 2080 2968 2152; x_wconf 77' lang='lat' dir='ltr'><strong>parvipendit;’</strong></span> <span class='ocrx_word' id='word_1_336' title='bbox 3021 2081 3115 2151; x_wconf 91' lang='lat' dir='ltr'><strong>qui</strong></span> <span class='ocrx_word' id='word_1_337' title='bbox 3185 2080 3302 2136; x_wconf 88' lang='lat' dir='ltr'><strong>suis</strong></span> <span class='ocrx_word' id='word_1_338' title='bbox 3357 2080 3578 2152; x_wconf 77' lang='lat' dir='ltr'><strong>genito-</strong></span> 
     </span>
    </p>
   </div>
   <div class='ocr_carea' id='block_1_48' title="bbox 1958 2171 3579 2252">
    <p class='ocr_par' dir='ltr' id='par_1_48' title="bbox 1958 2171 3579 2252">
     <span class='ocr_line' id='line_1_48' title="bbox 1958 2171 3579 2252; baseline -0.003 -21"><span class='ocrx_word' id='word_1_339' title='bbox 1958 2177 2112 2233; x_wconf 87' lang='lat' dir='ltr'><strong>ribus</strong></span> <span class='ocrx_word' id='word_1_340' title='bbox 2156 2176 2504 2252; x_wconf 84' lang='lat' dir='ltr'><strong>non&#39;ohedit,</strong></span> <span class='ocrx_word' id='word_1_341' title='bbox 2547 2176 2715 2232; x_wconf 89' lang='lat' dir='ltr'><strong>sortis</strong></span> <span class='ocrx_word' id='word_1_342' title='bbox 2755 2172 3058 2229; x_wconf 81' lang='lat' dir='ltr'><strong>funiculum</strong></span> <span class='ocrx_word' id='word_1_343' title='bbox 3094 2173 3147 2227; x_wconf 91' lang='lat' dir='ltr'><strong>in</strong></span> <span class='ocrx_word' id='word_1_344' title='bbox 3189 2181 3333 2228; x_wconf 84' lang='lat' dir='ltr'><strong>terra</strong></span> <span class='ocrx_word' id='word_1_345' title='bbox 3386 2171 3579 2227; x_wconf 85' lang='lat' dir='ltr'><strong>viven-</strong></span> 
     </span>
    </p>
   </div>
   <div class='ocr_carea' id='block_1_49' title="bbox 1961 2262 3578 2336">
    <p class='ocr_par' dir='ltr' id='par_1_49' title="bbox 1961 2262 3578 2336">
     <span class='ocr_line' id='line_1_49' title="bbox 1961 2262 3578 2336; baseline -0.001 -17"><span class='ocrx_word' id='word_1_346' title='bbox 1961 2267 2096 2322; x_wconf 87' lang='lat' dir='ltr'><strong>tium</strong></span> <span class='ocrx_word' id='word_1_347' title='bbox 2149 2282 2258 2322; x_wconf 90' lang='lat' dir='ltr'><strong>non</strong></span> <span class='ocrx_word' id='word_1_348' title='bbox 2293 2266 2562 2321; x_wconf 87' lang='lat' dir='ltr'><strong>admittit.</strong></span> <span class='ocrx_word' id='word_1_349' title='bbox 2604 2264 2727 2332; x_wconf 90' lang='lat' dir='ltr'><strong>Quo</strong></span> <span class='ocrx_word' id='word_1_350' title='bbox 2778 2277 2972 2320; x_wconf 90' lang='lat' dir='ltr'><strong>contra</strong></span> <span class='ocrx_word' id='word_1_351' title='bbox 3004 2263 3169 2335; x_wconf 78' lang='lat'><strong>273</strong></span> <span class='ocrx_word' id='word_1_352' title='bbox 3213 2278 3310 2333; x_wconf 89' lang='lat' dir='ltr'><strong>per</strong></span> <span class='ocrx_word' id='word_1_353' title='bbox 3352 2262 3578 2336; x_wconf 80' lang='lat' dir='ltr'><strong>Moysen</strong></span> 
     </span>
    </p>
   </div>
   <div class='ocr_carea' id='block_1_50' title="bbox 1959 2354 3583 2428">
    <p class='ocr_par' dir='ltr' id='par_1_50' title="bbox 1959 2354 3583 2428">
     <span class='ocr_line' id='line_1_50' title="bbox 1959 2354 3583 2428; baseline -0.002 -16"><span class='ocrx_word' id='word_1_354' title='bbox 1959 2356 2142 2412; x_wconf 87' lang='lat' dir='ltr'><strong>divina</strong></span> <span class='ocrx_word' id='word_1_355' title='bbox 2205 2371 2342 2412; x_wconf 87' lang='lat' dir='ltr'><strong>voce</strong></span> <span class='ocrx_word' id='word_1_356' title='bbox 2407 2355 2771 2428; x_wconf 67' lang='lat' dir='ltr'><strong>prmeipitur:</strong></span> <span class='ocrx_word' id='word_1_357' title='bbox 2817 2373 2838 2408; x_wconf 73' lang='grc' dir='ltr'><strong>ι</strong></span> <span class='ocrx_word' id='word_1_358' title='bbox 2878 2354 3100 2410; x_wconf 82' lang='lat' dir='ltr'><strong>Honora</strong></span> <span class='ocrx_word' id='word_1_359' title='bbox 3158 2364 3371 2425; x_wconf 87' lang='lat' dir='ltr'><strong>patrem</strong></span> <span class='ocrx_word' id='word_1_360' title='bbox 3426 2363 3583 2409; x_wconf 88' lang='lat' dir='ltr'><strong>tuum</strong></span> 
     </span>
    </p>
   </div>
   <div class='ocr_carea' id='block_1_51' title="bbox 1958 2444 3579 2522">
    <p class='ocr_par' dir='ltr' id='par_1_51' title="bbox 1958 2444 3579 2522">
     <span class='ocr_line' id='line_1_51' title="bbox 1958 2444 3579 2522; baseline -0.002 -17"><span class='ocrx_word' id='word_1_361' title='bbox 1958 2459 2013 2505; x_wconf 89' lang='lat' dir='ltr'><strong>et</strong></span> <span class='ocrx_word' id='word_1_362' title='bbox 2061 2459 2294 2504; x_wconf 91' lang='lat' dir='ltr'><strong>matrem</strong></span> <span class='ocrx_word' id='word_1_363' title='bbox 2327 2490 2343 2515; x_wconf 94' lang='lat'><strong>,</strong></span> <span class='ocrx_word' id='word_1_364' title='bbox 2393 2459 2454 2504; x_wconf 90' lang='lat' dir='ltr'><strong>ut</strong></span> <span class='ocrx_word' id='word_1_365' title='bbox 2509 2450 2585 2505; x_wconf 88' lang='lat' dir='ltr'><strong>sis</strong></span> <span class='ocrx_word' id='word_1_366' title='bbox 2616 2450 2893 2522; x_wconf 63' lang='lat' dir='ltr'><strong>longaevus</strong></span> <span class='ocrx_word' id='word_1_367' title='bbox 2947 2444 3114 2520; x_wconf 67' lang='lat' dir='ltr'><strong>super</strong></span> <span class='ocrx_word' id='word_1_368' title='bbox 3143 2457 3346 2503; x_wconf 88' lang='lat' dir='ltr'><strong>terram</strong></span> <span class='ocrx_word' id='word_1_369' title='bbox 3374 2446 3579 2519; x_wconf 71' lang='lat' dir='ltr'><strong>(Exod.</strong></span> 
     </span>
    </p>
   </div>
   <div class='ocr_carea' id='block_1_52' title="bbox 1958 2537 3579 2613">
    <p class='ocr_par' dir='ltr' id='par_1_52' title="bbox 1958 2537 3579 2613">
     <span class='ocr_line' id='line_1_52' title="bbox 1958 2537 3579 2613; baseline -0.003 -17"><span class='ocrx_word' id='word_1_370' title='bbox 1958 2542 2133 2611; x_wconf 76' lang='lat' dir='ltr'><strong>xxvi).</strong></span> <span class='ocrx_word' id='word_1_371' title='bbox 2171 2561 2188 2593; x_wconf 79' lang='grc' dir='ltr'><strong>ι</strong></span> <span class='ocrx_word' id='word_1_372' title='bbox 2233 2541 2328 2595; x_wconf 86' lang='lat' dir='ltr'><strong>Vir</strong></span> <span class='ocrx_word' id='word_1_373' title='bbox 2372 2541 2538 2597; x_wconf 90' lang='lat' dir='ltr'><strong>etiam</strong></span> <span class='ocrx_word' id='word_1_374' title='bbox 2576 2541 2810 2610; x_wconf 88' lang='lat' dir='ltr'><strong>Sapiens</strong></span> <span class='ocrx_word' id='word_1_375' title='bbox 2840 2540 2919 2595; x_wconf 92' lang='lat' dir='ltr'><strong>ait</strong></span> <span class='ocrx_word' id='word_1_376' title='bbox 2951 2558 2980 2613; x_wconf 0' lang='lat'><strong>:2</strong></span> <span class='ocrx_word' id='word_1_377' title='bbox 3009 2558 3028 2592; x_wconf 85' lang='grc'><strong>‹</strong></span> <span class='ocrx_word' id='word_1_378' title='bbox 3065 2537 3166 2607; x_wconf 86' lang='lat' dir='ltr'><strong>Qui</strong></span> <span class='ocrx_word' id='word_1_379' title='bbox 3202 2539 3441 2594; x_wconf 89' lang='lat' dir='ltr'><strong>honorat</strong></span> <span class='ocrx_word' id='word_1_380' title='bbox 3474 2553 3579 2608; x_wconf 77' lang='lat' dir='ltr'><strong>pa-</strong></span> 
     </span>
    </p>
   </div>
   <div class='ocr_carea' id='block_1_53' title="bbox 1960 2626 3587 2700">
    <p class='ocr_par' dir='ltr' id='par_1_53' title="bbox 1960 2626 3587 2700">
     <span class='ocr_line' id='line_1_53' title="bbox 1960 2626 3587 2700; baseline -0.001 -14"><span class='ocrx_word' id='word_1_381' title='bbox 1960 2640 2099 2686; x_wconf 86' lang='lat' dir='ltr'><strong>trem</strong></span> <span class='ocrx_word' id='word_1_382' title='bbox 2137 2647 2330 2697; x_wconf 90' lang='lat' dir='ltr'><strong>suum,</strong></span> <span class='ocrx_word' id='word_1_383' title='bbox 2360 2633 2528 2686; x_wconf 91' lang='lat' dir='ltr'><strong>vitam</strong></span> <span class='ocrx_word' id='word_1_384' title='bbox 2571 2630 2714 2686; x_wconf 84' lang='lat' dir='ltr'><strong>vivet</strong></span> <span class='ocrx_word' id='word_1_385' title='bbox 2764 2630 3097 2700; x_wconf 81' lang='lat' dir='ltr'><strong>longiorem,</strong></span> <span class='ocrx_word' id='word_1_386' title='bbox 3138 2639 3195 2686; x_wconf 89' lang='lat' dir='ltr'><strong>et</strong></span> <span class='ocrx_word' id='word_1_387' title='bbox 3244 2629 3338 2698; x_wconf 91' lang='lat' dir='ltr'><strong>qui</strong></span> <span class='ocrx_word' id='word_1_388' title='bbox 3397 2626 3587 2684; x_wconf 84' lang='lat' dir='ltr'><strong>obedlt</strong></span> 
     </span>
    </p>
   </div>
   <div class='ocr_carea' id='block_1_54' title="bbox 1961 2719 3579 2796">
    <p class='ocr_par' dir='ltr' id='par_1_54' title="bbox 1961 2719 3579 2796">
     <span class='ocr_line' id='line_1_54' title="bbox 1961 2719 3579 2796; baseline -0.002 -18"><span class='ocrx_word' id='word_1_389' title='bbox 1961 2723 2140 2793; x_wconf 76' lang='lat' dir='ltr'><strong>patri,</strong></span> <span class='ocrx_word' id='word_1_390' title='bbox 2204 2723 2555 2796; x_wconf 75' lang='lat' dir='ltr'><strong>refrigerabit</strong></span> <span class='ocrx_word' id='word_1_391' title='bbox 2611 2732 2841 2778; x_wconf 86' lang='lat' dir='ltr'><strong>matrem</strong></span> <span class='ocrx_word' id='word_1_392' title='bbox 2894 2721 3090 2794; x_wconf 83' lang='lat' dir='ltr'><strong>(Eccli.</strong></span> <span class='ocrx_word' id='word_1_393' title='bbox 3137 2719 3242 2795; x_wconf 88' lang='grc' dir='ltr'><strong>ιιι).</strong></span> <span class='ocrx_word' id='word_1_394' title='bbox 3276 2740 3296 2772; x_wconf 71' lang='grc' dir='ltr'><strong>ι</strong></span> <span class='ocrx_word' id='word_1_395' title='bbox 3341 2719 3579 2791; x_wconf 75' lang='lat' dir='ltr'><strong>Moxque</strong></span> 
     </span>
    </p>
   </div>
   <div class='ocr_carea' id='block_1_55' title="bbox 1959 2804 3594 2886">
    <p class='ocr_par' dir='ltr' id='par_1_55' title="bbox 1959 2804 3594 2886">
     <span class='ocr_line' id='line_1_55' title="bbox 1959 2804 3594 2886; baseline -0.001 -16"><span class='ocrx_word' id='word_1_396' title='bbox 1959 2815 2301 2886; x_wconf 80' lang='lat' dir='ltr'><strong>subjunxit:</strong></span> <span class='ocrx_word' id='word_1_397' title='bbox 2367 2835 2384 2866; x_wconf 79' lang='grc' dir='ltr'><strong>ι</strong></span> <span class='ocrx_word' id='word_1_398' title='bbox 2441 2816 2544 2884; x_wconf 87' lang='lat' dir='ltr'><strong>Qui</strong></span> <span class='ocrx_word' id='word_1_399' title='bbox 2598 2816 2758 2870; x_wconf 86' lang='lat' dir='ltr'><strong>timet</strong></span> <span class='ocrx_word' id='word_1_400' title='bbox 2821 2815 3114 2870; x_wconf 89' lang='lat' dir='ltr'><strong>Dominum</strong></span> <span class='ocrx_word' id='word_1_401' title='bbox 3180 2815 3418 2869; x_wconf 86' lang='lat' dir='ltr'><strong>honorat</strong></span> <span class='ocrx_word' id='word_1_402' title='bbox 3481 2804 3594 2884; x_wconf 36' lang='grc' dir='ltr'><strong>ρει-⁷</strong></span> 
     </span>
    </p>
   </div>
   <div class='ocr_carea' id='block_1_56' title="bbox 1961 2893 3587 2983">
    <p class='ocr_par' dir='ltr' id='par_1_56' title="bbox 1961 2893 3587 2983">
     <span class='ocr_line' id='line_1_56' title="bbox 1961 2893 3587 2983; baseline -0.001 -16"><span class='ocrx_word' id='word_1_403' title='bbox 1961 2922 2147 2968; x_wconf 86' lang='lat' dir='ltr'><strong>rentes</strong></span> <span class='ocrx_word' id='word_1_404' title='bbox 2172 2955 2187 2979; x_wconf 98' lang='lat'><strong>,</strong></span> <span class='ocrx_word' id='word_1_405' title='bbox 2223 2923 2279 2968; x_wconf 93' lang='lat' dir='ltr'><strong>et</strong></span> <span class='ocrx_word' id='word_1_406' title='bbox 2308 2913 2461 2983; x_wconf 89' lang='lat' dir='ltr'><strong>quasi</strong></span> <span class='ocrx_word' id='word_1_407' title='bbox 2493 2893 2733 2968; x_wconf 83' lang='lat' dir='ltr'><strong>dominis</strong></span> <span class='ocrx_word' id='word_1_408' title='bbox 2763 2911 2966 2967; x_wconf 81' lang='lat' dir='ltr'><strong>serviet</strong></span> <span class='ocrx_word' id='word_1_409' title='bbox 2994 2912 3090 2967; x_wconf 83' lang='lat' dir='ltr'><strong>his</strong></span> <span class='ocrx_word' id='word_1_410' title='bbox 3123 2912 3216 2982; x_wconf 90' lang='lat' dir='ltr'><strong>qui</strong></span> <span class='ocrx_word' id='word_1_411' title='bbox 3267 2925 3326 2966; x_wconf 89' lang='lat' dir='ltr'><strong>se</strong></span> <span class='ocrx_word' id='word_1_412' title='bbox 3376 2925 3587 2982; x_wconf 85' lang='lat' dir='ltr'><strong>genue-</strong></span> 
     </span>
    </p>
   </div>
   <div class='ocr_carea' id='block_1_57' title="bbox 1960 3003 3588 3075">
    <p class='ocr_par' dir='ltr' id='par_1_57' title="bbox 1960 3003 3588 3075">
     <span class='ocr_line' id='line_1_57' title="bbox 1960 3003 3588 3075; baseline -0.001 -16"><span class='ocrx_word' id='word_1_413' title='bbox 1960 3013 2124 3069; x_wconf 88' lang='lat' dir='ltr'><strong>runt,</strong></span> <span class='ocrx_word' id='word_1_414' title='bbox 2159 3015 2212 3060; x_wconf 91' lang='lat' dir='ltr'><strong>et</strong></span> <span class='ocrx_word' id='word_1_415' title='bbox 2259 3005 2310 3059; x_wconf 93' lang='lat' dir='ltr'><strong>in</strong></span> <span class='ocrx_word' id='word_1_416' title='bbox 2342 3019 2543 3075; x_wconf 83' lang='lat' dir='ltr'><strong>opere,</strong></span> <span class='ocrx_word' id='word_1_417' title='bbox 2589 3013 2642 3058; x_wconf 93' lang='lat' dir='ltr'><strong>et</strong></span> <span class='ocrx_word' id='word_1_418' title='bbox 2685 3005 2736 3060; x_wconf 90' lang='lat' dir='ltr'><strong>in</strong></span> <span class='ocrx_word' id='word_1_419' title='bbox 2786 3019 3078 3071; x_wconf 84' lang='lat' dir='ltr'><strong>sermone,</strong></span> <span class='ocrx_word' id='word_1_420' title='bbox 3107 3013 3163 3060; x_wconf 91' lang='lat' dir='ltr'><strong>et</strong></span> <span class='ocrx_word' id='word_1_421' title='bbox 3207 3005 3261 3059; x_wconf 91' lang='lat' dir='ltr'><strong>in</strong></span> <span class='ocrx_word' id='word_1_422' title='bbox 3293 3003 3445 3058; x_wconf 89' lang='lat' dir='ltr'><strong>omni</strong></span> <span class='ocrx_word' id='word_1_423' title='bbox 3488 3019 3588 3075; x_wconf 77' lang='lat' dir='ltr'><strong>pa-</strong></span> 
     </span>
    </p>
   </div>
   <div class='ocr_carea' id='block_1_58' title="bbox 1962 3095 3585 3171">
    <p class='ocr_par' dir='ltr' id='par_1_58' title="bbox 1962 3095 3585 3171">
     <span class='ocr_line' id='line_1_58' title="bbox 1962 3095 3585 3171; baseline -0.001 -17"><span class='ocrx_word' id='word_1_424' title='bbox 1962 3100 2148 3156; x_wconf 88' lang='lat' dir='ltr'><strong>tientia</strong></span> <span class='ocrx_word' id='word_1_425' title='bbox 2172 3099 2384 3171; x_wconf 82' lang='lat' dir='ltr'><strong>(Ibid.).</strong></span> <span class='ocrx_word' id='word_1_426' title='bbox 2420 3120 2438 3152; x_wconf 74' lang='grc' dir='ltr'><strong>ι</strong></span> <span class='ocrx_word' id='word_1_427' title='bbox 2472 3097 2629 3154; x_wconf 83' lang='lat' dir='ltr'><strong>Justo</strong></span> <span class='ocrx_word' id='word_1_428' title='bbox 2650 3098 2808 3169; x_wconf 89' lang='lat' dir='ltr'><strong>plane</strong></span> <span class='ocrx_word' id='word_1_429' title='bbox 2834 3098 2925 3153; x_wconf 90' lang='lat' dir='ltr'><strong>Dei</strong></span> <span class='ocrx_word' id='word_1_430' title='bbox 2954 3098 3096 3154; x_wconf 88' lang='lat' dir='ltr'><strong>solet</strong></span> <span class='ocrx_word' id='word_1_431' title='bbox 3115 3097 3338 3154; x_wconf 85' lang='lat' dir='ltr'><strong>evenire</strong></span> <span class='ocrx_word' id='word_1_432' title='bbox 3352 3095 3585 3168; x_wconf 87' lang='lat' dir='ltr'><strong>judicio.</strong></span> 
     </span>
    </p>
   </div>
   <div class='ocr_carea' id='block_1_59' title="bbox 1960 3179 3587 3262">
    <p class='ocr_par' dir='ltr' id='par_1_59' title="bbox 1960 3179 3587 3262">
     <span class='ocr_line' id='line_1_59' title="bbox 1960 3179 3587 3262; baseline -0.003 -16"><span class='ocrx_word' id='word_1_433' title='bbox 1960 3191 2136 3261; x_wconf 89' lang='lat' dir='ltr'><strong>utqui</strong></span> <span class='ocrx_word' id='word_1_434' title='bbox 2180 3191 2501 3262; x_wconf 90' lang='lat' dir='ltr'><strong>parentibus</strong></span> <span class='ocrx_word' id='word_1_435' title='bbox 2546 3189 2826 3258; x_wconf 87' lang='lat' dir='ltr'><strong>Immiliter</strong></span> <span class='ocrx_word' id='word_1_436' title='bbox 2856 3188 3144 3255; x_wconf 88' lang='lat' dir='ltr'><strong>subditur,</strong></span> <span class='ocrx_word' id='word_1_437' title='bbox 3194 3188 3314 3258; x_wconf 89' lang='lat' dir='ltr'><strong>ipse</strong></span> <span class='ocrx_word' id='word_1_438' title='bbox 3367 3179 3587 3259; x_wconf 84' lang='lat' dir='ltr'><strong>quoque</strong></span> 
     </span>
    </p>
   </div>
   <div class='ocr_carea' id='block_1_60' title="bbox 1962 3277 3592 3350">
    <p class='ocr_par' dir='ltr' id='par_1_60' title="bbox 1962 3277 3592 3350">
     <span class='ocr_line' id='line_1_60' title="bbox 1962 3277 3592 3350; baseline -0.001 -16"><span class='ocrx_word' id='word_1_439' title='bbox 1962 3297 2161 3350; x_wconf 87' lang='lat' dir='ltr'><strong>parens</strong></span> <span class='ocrx_word' id='word_1_440' title='bbox 2183 3277 2432 3340; x_wconf 73' lang='lat' dir='ltr'><strong>effectus,</strong></span> <span class='ocrx_word' id='word_1_441' title='bbox 2467 3280 2518 3332; x_wconf 93' lang='lat' dir='ltr'><strong>in</strong></span> <span class='ocrx_word' id='word_1_442' title='bbox 2555 3280 2788 3350; x_wconf 65' lang='lat' dir='ltr'><strong>propriae</strong></span> <span class='ocrx_word' id='word_1_443' title='bbox 2817 3279 3024 3334; x_wconf 84' lang='lat' dir='ltr'><strong>sobolis</strong></span> <span class='ocrx_word' id='word_1_444' title='bbox 3069 3278 3389 3333; x_wconf 87' lang='lat' dir='ltr'><strong>obedientia</strong></span> <span class='ocrx_word' id='word_1_445' title='bbox 3439 3277 3592 3333; x_wconf 81' lang='lat' dir='ltr'><strong>dele-</strong></span> 
     </span>
    </p>
   </div>
   <div class='ocr_carea' id='block_1_61' title="bbox 254 3357 3598 3441">
    <p class='ocr_par' dir='ltr' id='par_1_61' title="bbox 254 3357 3598 3441">
     <span class='ocr_line' id='line_1_61' title="bbox 254 3357 3598 3441; baseline -0.001 -16"><span class='ocrx_word' id='word_1_446' title='bbox 254 3369 405 3425; x_wconf 89' lang='lat' dir='ltr'><strong>omni</strong></span> <span class='ocrx_word' id='word_1_447' title='bbox 438 3369 533 3424; x_wconf 89' lang='lat' dir='ltr'><strong>lite</strong></span> <span class='ocrx_word' id='word_1_448' title='bbox 561 3385 873 3425; x_wconf 84' lang='lat' dir='ltr'><strong>causarum.</strong></span> <span class='ocrx_word' id='word_1_449' title='bbox 901 3369 1054 3424; x_wconf 91' lang='lat' dir='ltr'><strong>Tunc</strong></span> <span class='ocrx_word' id='word_1_450' title='bbox 1082 3385 1282 3441; x_wconf 89' lang='lat' dir='ltr'><strong>equum</strong></span> <span class='ocrx_word' id='word_1_451' title='bbox 1316 3369 1473 3425; x_wconf 65' lang='lat' dir='ltr'><strong>lentus</strong></span> <span class='ocrx_word' id='word_1_452' title='bbox 1500 3370 1771 3436; x_wconf 88' lang='lat' dir='ltr'><strong>ascendit,</strong></span> <span class='ocrx_word' id='word_1_453' title='bbox 1803 3379 1857 3425; x_wconf 89' lang='lat' dir='ltr'><strong>et</strong></span> <span class='ocrx_word' id='word_1_454' title='bbox 1885 3357 1931 3419; x_wconf 87' lang='lat' dir='ltr'><strong>C</strong></span> <span class='ocrx_word' id='word_1_455' title='bbox 1963 3379 2158 3425; x_wconf 92' lang='lat' dir='ltr'><strong>ctetur.</strong></span> <span class='ocrx_word' id='word_1_456' title='bbox 2201 3369 2354 3425; x_wconf 88' lang='lat' dir='ltr'><strong>Unde</strong></span> <span class='ocrx_word' id='word_1_457' title='bbox 2385 3370 2648 3438; x_wconf 89' lang='lat' dir='ltr'><strong>scriptum</strong></span> <span class='ocrx_word' id='word_1_458' title='bbox 2691 3376 2774 3423; x_wconf 89' lang='lat' dir='ltr'><strong>est</strong></span> <span class='ocrx_word' id='word_1_459' title='bbox 2805 3385 2816 3421; x_wconf 94' lang='lat'>:</span> <span class='ocrx_word' id='word_1_460' title='bbox 2855 3386 2873 3419; x_wconf 72' lang='grc' dir='ltr'><strong>ι</strong></span> <span class='ocrx_word' id='word_1_461' title='bbox 2905 3366 3009 3436; x_wconf 87' lang='lat' dir='ltr'><strong>Qui</strong></span> <span class='ocrx_word' id='word_1_462' title='bbox 3068 3368 3300 3424; x_wconf 85' lang='lat' dir='ltr'><strong>honorat</strong></span> <span class='ocrx_word' id='word_1_463' title='bbox 3345 3377 3598 3437; x_wconf 61' lang='lat' dir='ltr'><strong>patremr</strong></span> 
     </span>
    </p>
   </div>
   <div class='ocr_carea' id='block_1_62' title="bbox 257 3460 1856 3533">
    <p class='ocr_par' dir='ltr' id='par_1_62' title="bbox 257 3460 1856 3533">
     <span class='ocr_line' id='line_1_62' title="bbox 257 3460 1856 3533; baseline 0.001 -20"><span class='ocrx_word' id='word_1_464' title='bbox 257 3460 514 3533; x_wconf 83' lang='lat' dir='ltr'><strong>populum</strong></span> <span class='ocrx_word' id='word_1_465' title='bbox 552 3478 655 3514; x_wconf 88' lang='lat' dir='ltr'><strong>non</strong></span> <span class='ocrx_word' id='word_1_466' title='bbox 693 3462 1005 3533; x_wconf 85' lang='lat' dir='ltr'><strong>jurgantem</strong></span> <span class='ocrx_word' id='word_1_467' title='bbox 1025 3503 1038 3526; x_wconf 96' lang='lat'><strong>,</strong></span> <span class='ocrx_word' id='word_1_468' title='bbox 1070 3462 1165 3516; x_wconf 89' lang='lat' dir='ltr'><strong>sed</strong></span> <span class='ocrx_word' id='word_1_469' title='bbox 1194 3475 1328 3533; x_wconf 89' lang='lat' dir='ltr'><strong>pace</strong></span> <span class='ocrx_word' id='word_1_470' title='bbox 1355 3471 1540 3515; x_wconf 89' lang='lat' dir='ltr'><strong>mutua</strong></span> <span class='ocrx_word' id='word_1_471' title='bbox 1570 3462 1856 3530; x_wconf 78' lang='lat' dir='ltr'><strong>perfruen-</strong></span> 
     </span>
    </p>
   </div>
   <div class='ocr_carea' id='block_1_63' title="bbox 261 3550 1859 3623">
    <p class='ocr_par' dir='ltr' id='par_1_63' title="bbox 261 3550 1859 3623">
     <span class='ocr_line' id='line_1_63' title="bbox 261 3550 1859 3623; baseline -0.001 -16"><span class='ocrx_word' id='word_1_472' title='bbox 261 3560 398 3615; x_wconf 83' lang='lat' dir='ltr'><strong>tem,</strong></span> <span class='ocrx_word' id='word_1_473' title='bbox 421 3553 773 3623; x_wconf 72' lang='lat' dir='ltr'><strong>cumgaudio</strong></span> <span class='ocrx_word' id='word_1_474' title='bbox 801 3553 1110 3623; x_wconf 85' lang='lat' dir='ltr'><strong>dereliquit.</strong></span> <span class='ocrx_word' id='word_1_475' title='bbox 1153 3552 1282 3607; x_wconf 84' lang='lat' dir='ltr'><strong>Post</strong></span> <span class='ocrx_word' id='word_1_476' title='bbox 1306 3550 1463 3619; x_wconf 85' lang='lat' dir='ltr'><strong>enjus</strong></span> <span class='ocrx_word' id='word_1_477' title='bbox 1497 3551 1732 3616; x_wconf 87' lang='lat' dir='ltr'><strong>obitum,</strong></span> <span class='ocrx_word' id='word_1_478' title='bbox 1776 3551 1859 3605; x_wconf 90' lang='lat' dir='ltr'><strong>vir</strong></span> 
     </span>
    </p>
   </div>
   <div class='ocr_carea' id='block_1_64' title="bbox 260 3643 1858 3718">
    <p class='ocr_par' dir='ltr' id='par_1_64' title="bbox 260 3643 1858 3718">
     <span class='ocr_line' id='line_1_64' title="bbox 260 3643 1858 3718; baseline 0.001 -19"><span class='ocrx_word' id='word_1_479' title='bbox 260 3646 482 3716; x_wconf 83' lang='lat' dir='ltr'><strong>quidam</strong></span> <span class='ocrx_word' id='word_1_480' title='bbox 511 3659 696 3718; x_wconf 89' lang='lat' dir='ltr'><strong>raptus</strong></span> <span class='ocrx_word' id='word_1_481' title='bbox 727 3649 778 3701; x_wconf 90' lang='lat' dir='ltr'><strong>in</strong></span> <span class='ocrx_word' id='word_1_482' title='bbox 804 3646 995 3716; x_wconf 89' lang='lat' dir='ltr'><strong>spiritu</strong></span> <span class='ocrx_word' id='word_1_483' title='bbox 1026 3661 1121 3716; x_wconf 88' lang='lat' dir='ltr'><strong>per</strong></span> <span class='ocrx_word' id='word_1_484' title='bbox 1157 3660 1410 3715; x_wconf 88' lang='lat' dir='ltr'><strong>soporem</strong></span> <span class='ocrx_word' id='word_1_485' title='bbox 1441 3645 1640 3700; x_wconf 86' lang='lat' dir='ltr'><strong>ductus</strong></span> <span class='ocrx_word' id='word_1_486' title='bbox 1679 3653 1763 3699; x_wconf 90' lang='lat' dir='ltr'><strong>est</strong></span> <span class='ocrx_word' id='word_1_487' title='bbox 1791 3643 1858 3700; x_wconf 90' lang='lat' dir='ltr'><strong>ad</strong></span> 
     </span>
    </p>
   </div>
   <div class='ocr_carea' id='block_1_65' title="bbox 262 3720 1858 3813">
    <p class='ocr_par' dir='ltr' id='par_1_65' title="bbox 262 3720 1858 3813">
     <span class='ocr_line' id='line_1_65' title="bbox 262 3720 1858 3813; baseline -0.003 -19"><span class='ocrx_word' id='word_1_488' title='bbox 262 3720 556 3802; x_wconf 64' lang='lat' dir='ltr'><strong>infernum,</strong></span> <span class='ocrx_word' id='word_1_489' title='bbox 587 3748 642 3792; x_wconf 91' lang='lat' dir='ltr'><strong>et</strong></span> <span class='ocrx_word' id='word_1_490' title='bbox 671 3738 885 3813; x_wconf 85' lang='lat' dir='ltr'><strong>diversa</strong></span> <span class='ocrx_word' id='word_1_491' title='bbox 917 3751 1201 3807; x_wconf 65' lang='lat' dir='ltr'><strong>poenarum</strong></span> <span class='ocrx_word' id='word_1_492' title='bbox 1241 3744 1516 3791; x_wconf 90' lang='lat' dir='ltr'><strong>tormenta</strong></span> <span class='ocrx_word' id='word_1_493' title='bbox 1542 3736 1858 3805; x_wconf 76' lang='lat' dir='ltr'><strong>conspexit;</strong></span> 
     </span>
    </p>
   </div>
   <div class='ocr_carea' id='block_1_66' title="bbox 263 3827 1856 3900">
    <p class='ocr_par' dir='ltr' id='par_1_66' title="bbox 263 3827 1856 3900">
     <span class='ocr_line' id='line_1_66' title="bbox 263 3827 1856 3900; baseline -0.003 -15"><span class='ocrx_word' id='word_1_494' title='bbox 263 3829 406 3885; x_wconf 81' lang='lat' dir='ltr'><strong>inter</strong></span> <span class='ocrx_word' id='word_1_495' title='bbox 428 3845 546 3900; x_wconf 80' lang='lat' dir='ltr'><strong>qme</strong></span> <span class='ocrx_word' id='word_1_496' title='bbox 583 3830 718 3884; x_wconf 89' lang='lat' dir='ltr'><strong>vidit</strong></span> <span class='ocrx_word' id='word_1_497' title='bbox 749 3829 1085 3885; x_wconf 79' lang='lat' dir='ltr'><strong>Richardum</strong></span> <span class='ocrx_word' id='word_1_498' title='bbox 1119 3827 1530 3883; x_wconf 81' lang='lat' dir='ltr'><strong>Verdunensem</strong></span> <span class='ocrx_word' id='word_1_499' title='bbox 1567 3828 1856 3892; x_wconf 86' lang='lat' dir='ltr'><strong>abbatem,</strong></span> 
     </span>
    </p>
   </div>
   <div class='ocr_carea' id='block_1_67' title="bbox 263 3919 1861 3990">
    <p class='ocr_par' dir='ltr' id='par_1_67' title="bbox 263 3919 1861 3990">
     <span class='ocr_line' id='line_1_67' title="bbox 263 3919 1861 3990; baseline 0.001 -18"><span class='ocrx_word' id='word_1_500' title='bbox 263 3919 414 3975; x_wconf 81' lang='lat' dir='ltr'><strong>velut</strong></span> <span class='ocrx_word' id='word_1_501' title='bbox 442 3921 687 3975; x_wconf 73' lang='lat' dir='ltr'><strong>excelsas</strong></span> <span class='ocrx_word' id='word_1_502' title='bbox 711 3920 992 3974; x_wconf 88' lang='lat' dir='ltr'><strong>machinas</strong></span> <span class='ocrx_word' id='word_1_503' title='bbox 1017 3920 1342 3988; x_wconf 80' lang='lat' dir='ltr'><strong>erigentem,</strong></span> <span class='ocrx_word' id='word_1_504' title='bbox 1366 3931 1420 3974; x_wconf 90' lang='lat' dir='ltr'><strong>et</strong></span> <span class='ocrx_word' id='word_1_505' title='bbox 1442 3921 1664 3974; x_wconf 80' lang='lat' dir='ltr'><strong>anxium</strong></span> <span class='ocrx_word' id='word_1_506' title='bbox 1696 3931 1861 3990; x_wconf 88' lang='lat' dir='ltr'><strong>atque</strong></span> 
     </span>
    </p>
   </div>
   <div class='ocr_carea' id='block_1_68' title="bbox 263 4009 1860 4080">
    <p class='ocr_par' dir='ltr' id='par_1_68' title="bbox 263 4009 1860 4080">
     <span class='ocr_line' id='line_1_68' title="bbox 263 4009 1860 4080; baseline -0.001 -14"><span class='ocrx_word' id='word_1_507' title='bbox 263 4009 848 4080; x_wconf 80' lang='lat' dir='ltr'><strong>sollicitutn,tanquam</strong></span> <span class='ocrx_word' id='word_1_508' title='bbox 875 4010 1083 4063; x_wconf 84' lang='lat' dir='ltr'><strong>nutnita</strong></span> <span class='ocrx_word' id='word_1_509' title='bbox 1110 4019 1421 4075; x_wconf 73' lang='lat' dir='ltr'><strong>castrorum</strong></span> <span class='ocrx_word' id='word_1_510' title='bbox 1450 4011 1860 4080; x_wconf 80' lang='lat' dir='ltr'><strong>prepuguacula</strong></span> 
     </span>
    </p>
   </div>
   <div class='ocr_carea' id='block_1_69' title="bbox 263 4101 1863 4167">
    <p class='ocr_par' dir='ltr' id='par_1_69' title="bbox 263 4101 1863 4167">
     <span class='ocr_line' id='line_1_69' title="bbox 263 4101 1863 4167; baseline -0.001 -8"><span class='ocrx_word' id='word_1_511' title='bbox 263 4112 691 4159; x_wconf 84' lang='lat' dir='ltr'><strong>construentem.</strong></span> <span class='ocrx_word' id='word_1_512' title='bbox 731 4101 846 4167; x_wconf 84' lang='lat' dir='ltr'><strong>lloc</strong></span> <span class='ocrx_word' id='word_1_513' title='bbox 890 4101 1038 4156; x_wconf 89' lang='lat' dir='ltr'><strong>enim</strong></span> <span class='ocrx_word' id='word_1_514' title='bbox 1079 4102 1273 4157; x_wconf 88' lang='lat' dir='ltr'><strong>morbo</strong></span> <span class='ocrx_word' id='word_1_515' title='bbox 1307 4102 1660 4157; x_wconf 84' lang='lat' dir='ltr'><strong>laboraverat</strong></span> <span class='ocrx_word' id='word_1_516' title='bbox 1694 4104 1863 4158; x_wconf 88' lang='lat' dir='ltr'><strong>abbas</strong></span> 
     </span>
    </p>
   </div>
   <div class='ocr_carea' id='block_1_70' title="bbox 265 4193 1863 4267">
    <p class='ocr_par' dir='ltr' id='par_1_70' title="bbox 265 4193 1863 4267">
     <span class='ocr_line' id='line_1_70' title="bbox 265 4193 1863 4267; baseline -0.001 -18"><span class='ocrx_word' id='word_1_517' title='bbox 265 4195 378 4260; x_wconf 79' lang='lat' dir='ltr'><strong>ille,</strong></span> <span class='ocrx_word' id='word_1_518' title='bbox 408 4195 534 4249; x_wconf 89' lang='lat' dir='ltr'><strong>dum</strong></span> <span class='ocrx_word' id='word_1_519' title='bbox 560 4195 789 4258; x_wconf 84' lang='lat' dir='ltr'><strong>vireret,</strong></span> <span class='ocrx_word' id='word_1_520' title='bbox 813 4203 878 4267; x_wconf 86' lang='lat' dir='ltr'><strong>ut</strong></span> <span class='ocrx_word' id='word_1_521' title='bbox 904 4194 955 4247; x_wconf 90' lang='lat' dir='ltr'><strong>in</strong></span> <span class='ocrx_word' id='word_1_522' title='bbox 986 4193 1302 4248; x_wconf 81' lang='lat' dir='ltr'><strong>extruendis</strong></span> <span class='ocrx_word' id='word_1_523' title='bbox 1329 4193 1565 4248; x_wconf 89' lang='lat' dir='ltr'><strong>inaniter</strong></span> <span class='ocrx_word' id='word_1_524' title='bbox 1591 4195 1863 4258; x_wconf 70' lang='lat' dir='ltr'><strong>mdiliciis,</strong></span> 
     </span>
    </p>
   </div>
   <div class='ocr_carea' id='block_1_71' title="bbox 264 4286 1864 4359">
    <p class='ocr_par' dir='ltr' id='par_1_71' title="bbox 264 4286 1864 4359">
     <span class='ocr_line' id='line_1_71' title="bbox 264 4286 1864 4359; baseline 0 -17"><span class='ocrx_word' id='word_1_525' title='bbox 264 4302 456 4342; x_wconf 87' lang='lat' dir='ltr'><strong>omnes</strong></span> <span class='ocrx_word' id='word_1_526' title='bbox 484 4286 600 4341; x_wconf 81' lang='lat' dir='ltr'><strong>fere</strong></span> <span class='ocrx_word' id='word_1_527' title='bbox 624 4287 914 4359; x_wconf 69' lang='lat' dir='ltr'><strong>diligentiae</strong></span> <span class='ocrx_word' id='word_1_528' title='bbox 949 4302 1060 4341; x_wconf 73' lang='lat' dir='ltr'><strong>sua:</strong></span> <span class='ocrx_word' id='word_1_529' title='bbox 1089 4301 1251 4342; x_wconf 88' lang='lat' dir='ltr'><strong>curas</strong></span> <span class='ocrx_word' id='word_1_530' title='bbox 1282 4289 1639 4357; x_wconf 79' lang='lat' dir='ltr'><strong>expenderet,</strong></span> <span class='ocrx_word' id='word_1_531' title='bbox 1667 4299 1720 4343; x_wconf 89' lang='lat' dir='ltr'><strong>et</strong></span> <span class='ocrx_word' id='word_1_532' title='bbox 1746 4290 1864 4359; x_wconf 85' lang='lat' dir='ltr'><strong>plu-</strong></span> 
     </span>
    </p>
   </div>
   <div class='ocr_carea' id='block_1_72' title="bbox 269 4379 1862 4452">
    <p class='ocr_par' dir='ltr' id='par_1_72' title="bbox 269 4379 1862 4452">
     <span class='ocr_line' id='line_1_72' title="bbox 269 4379 1862 4452; baseline 0 -14"><span class='ocrx_word' id='word_1_533' title='bbox 269 4383 436 4438; x_wconf 87' lang='lat' dir='ltr'><strong>rimas</strong></span> <span class='ocrx_word' id='word_1_534' title='bbox 499 4382 783 4436; x_wconf 77' lang='lat' dir='ltr'><strong>facultates</strong></span> <span class='ocrx_word' id='word_1_535' title='bbox 851 4381 1108 4436; x_wconf 76' lang='lat' dir='ltr'><strong>Ecclesia:</strong></span> <span class='ocrx_word' id='word_1_536' title='bbox 1161 4380 1213 4434; x_wconf 91' lang='lat' dir='ltr'><strong>in</strong></span> <span class='ocrx_word' id='word_1_537' title='bbox 1277 4379 1487 4436; x_wconf 85' lang='lat' dir='ltr'><strong>frivolis</strong></span> <span class='ocrx_word' id='word_1_538' title='bbox 1550 4382 1862 4452; x_wconf 86' lang='lat' dir='ltr'><strong>hujusmodi</strong></span> 
     </span>
    </p>
   </div>
   <div class='ocr_carea' id='block_1_73' title="bbox 267 4468 1866 4542">
    <p class='ocr_par' dir='ltr' id='par_1_73' title="bbox 267 4468 1866 4542">
     <span class='ocr_line' id='line_1_73' title="bbox 267 4468 1866 4542; baseline -0.001 -14"><span class='ocrx_word' id='word_1_539' title='bbox 267 4473 461 4528; x_wconf 62' lang='lat' dir='ltr'><strong>neniis</strong></span> <span class='ocrx_word' id='word_1_540' title='bbox 483 4470 810 4542; x_wconf 80' lang='lat' dir='ltr'><strong>proﬂigaret.</strong></span> <span class='ocrx_word' id='word_1_541' title='bbox 851 4470 1004 4538; x_wconf 90' lang='lat' dir='ltr'><strong>Quod</strong></span> <span class='ocrx_word' id='word_1_542' title='bbox 1042 4485 1173 4541; x_wconf 88' lang='lat' dir='ltr'><strong>ergo</strong></span> <span class='ocrx_word' id='word_1_543' title='bbox 1203 4468 1333 4525; x_wconf 81' lang='lat' dir='ltr'><strong>fecit</strong></span> <span class='ocrx_word' id='word_1_544' title='bbox 1364 4472 1414 4524; x_wconf 93' lang='lat' dir='ltr'><strong>in</strong></span> <span class='ocrx_word' id='word_1_545' title='bbox 1447 4471 1579 4534; x_wconf 89' lang='lat' dir='ltr'><strong>vita,</strong></span> <span class='ocrx_word' id='word_1_546' title='bbox 1614 4472 1718 4526; x_wconf 90' lang='lat' dir='ltr'><strong>hoc</strong></span> <span class='ocrx_word' id='word_1_547' title='bbox 1744 4487 1866 4540; x_wconf 85' lang='lat' dir='ltr'><strong>per-</strong></span> 
     </span>
    </p>
   </div>
   <div class='ocr_carea' id='block_1_74' title="bbox 265 4564 1864 4634">
    <p class='ocr_par' dir='ltr' id='par_1_74' title="bbox 265 4564 1864 4634">
     <span class='ocr_line' id='line_1_74' title="bbox 265 4564 1864 4634; baseline -0.001 -13"><span class='ocrx_word' id='word_1_548' title='bbox 265 4565 479 4621; x_wconf 72' lang='lat' dir='ltr'><strong>ferebat</strong></span> <span class='ocrx_word' id='word_1_549' title='bbox 503 4565 554 4618; x_wconf 92' lang='lat' dir='ltr'><strong>in</strong></span> <span class='ocrx_word' id='word_1_550' title='bbox 582 4577 764 4633; x_wconf 62' lang='lat' dir='ltr'><strong>poena.</strong></span> <span class='ocrx_word' id='word_1_551' title='bbox 798 4565 846 4618; x_wconf 91' lang='lat' dir='ltr'><strong>Is</strong></span> <span class='ocrx_word' id='word_1_552' title='bbox 875 4564 1078 4633; x_wconf 83' lang='lat' dir='ltr'><strong>itaque,</strong></span> <span class='ocrx_word' id='word_1_553' title='bbox 1105 4564 1195 4632; x_wconf 91' lang='lat' dir='ltr'><strong>qui</strong></span> <span class='ocrx_word' id='word_1_554' title='bbox 1230 4565 1345 4617; x_wconf 64' lang='lat' dir='ltr'><strong>hate</strong></span> <span class='ocrx_word' id='word_1_555' title='bbox 1378 4565 1428 4617; x_wconf 91' lang='lat' dir='ltr'><strong>in</strong></span> <span class='ocrx_word' id='word_1_556' title='bbox 1458 4580 1653 4634; x_wconf 88' lang='lat' dir='ltr'><strong>sopore</strong></span> <span class='ocrx_word' id='word_1_557' title='bbox 1674 4581 1864 4620; x_wconf 87' lang='lat' dir='ltr'><strong>cerne-</strong></span> 
     </span>
    </p>
   </div>
   <div class='ocr_carea' id='block_1_75' title="bbox 267 4655 1865 4725">
    <p class='ocr_par' dir='ltr' id='par_1_75' title="bbox 267 4655 1865 4725">
     <span class='ocr_line' id='line_1_75' title="bbox 267 4655 1865 4725; baseline -0.001 -11"><span class='ocrx_word' id='word_1_558' title='bbox 267 4657 386 4721; x_wconf 81' lang='lat' dir='ltr'><strong>bat,</strong></span> <span class='ocrx_word' id='word_1_559' title='bbox 417 4657 543 4712; x_wconf 91' lang='lat' dir='ltr'><strong>dum</strong></span> <span class='ocrx_word' id='word_1_560' title='bbox 573 4657 701 4712; x_wconf 89' lang='lat' dir='ltr'><strong>hinc</strong></span> <span class='ocrx_word' id='word_1_561' title='bbox 729 4657 854 4710; x_wconf 91' lang='lat' dir='ltr'><strong>inde</strong></span> <span class='ocrx_word' id='word_1_562' title='bbox 881 4655 1114 4725; x_wconf 86' lang='lat' dir='ltr'><strong>plurima</strong></span> <span class='ocrx_word' id='word_1_563' title='bbox 1144 4657 1395 4710; x_wconf 87' lang='lat' dir='ltr'><strong>curiosus</strong></span> <span class='ocrx_word' id='word_1_564' title='bbox 1426 4657 1683 4722; x_wconf 87' lang='lat' dir='ltr'><strong>attendit,</strong></span> <span class='ocrx_word' id='word_1_565' title='bbox 1716 4658 1865 4712; x_wconf 86' lang='lat' dir='ltr'><strong>visus</strong></span> 
     </span>
    </p>
   </div>
   <div class='ocr_carea' id='block_1_76' title="bbox 269 4747 1862 4819">
    <p class='ocr_par' dir='ltr' id='par_1_76' title="bbox 269 4747 1862 4819">
     <span class='ocr_line' id='line_1_76' title="bbox 269 4747 1862 4819; baseline 0.001 -15"><span class='ocrx_word' id='word_1_566' title='bbox 269 4759 356 4804; x_wconf 76' lang='lat' dir='ltr'><strong>est</strong></span> <span class='ocrx_word' id='word_1_567' title='bbox 381 4749 480 4804; x_wconf 88' lang='lat' dir='ltr'><strong>sibi</strong></span> <span class='ocrx_word' id='word_1_568' title='bbox 506 4749 690 4803; x_wconf 89' lang='lat' dir='ltr'><strong>videre</strong></span> <span class='ocrx_word' id='word_1_569' title='bbox 711 4747 1035 4802; x_wconf 84' lang='lat' dir='ltr'><strong>avunculum</strong></span> <span class='ocrx_word' id='word_1_570' title='bbox 1067 4763 1268 4810; x_wconf 88' lang='lat' dir='ltr'><strong>meum,</strong></span> <span class='ocrx_word' id='word_1_571' title='bbox 1289 4749 1379 4819; x_wconf 91' lang='lat' dir='ltr'><strong>qui</strong></span> <span class='ocrx_word' id='word_1_572' title='bbox 1405 4751 1657 4819; x_wconf 87' lang='lat' dir='ltr'><strong>superius</strong></span> <span class='ocrx_word' id='word_1_573' title='bbox 1683 4750 1862 4806; x_wconf 87' lang='lat' dir='ltr'><strong>dictus</strong></span> 
     </span>
    </p>
   </div>
   <div class='ocr_carea' id='block_1_77' title="bbox 267 4837 1862 4906">
    <p class='ocr_par' dir='ltr' id='par_1_77' title="bbox 267 4837 1862 4906">
     <span class='ocr_line' id='line_1_77' title="bbox 267 4837 1862 4906; baseline -0.001 -10"><span class='ocrx_word' id='word_1_574' title='bbox 267 4847 386 4902; x_wconf 81' lang='lat' dir='ltr'><strong>est,</strong></span> <span class='ocrx_word' id='word_1_575' title='bbox 434 4839 487 4892; x_wconf 90' lang='lat' dir='ltr'><strong>in</strong></span> <span class='ocrx_word' id='word_1_576' title='bbox 515 4852 684 4892; x_wconf 90' lang='lat' dir='ltr'><strong>aureo</strong></span> <span class='ocrx_word' id='word_1_577' title='bbox 728 4837 987 4892; x_wconf 85' lang='lat' dir='ltr'><strong>subsellio</strong></span> <span class='ocrx_word' id='word_1_578' title='bbox 1013 4837 1417 4906; x_wconf 69' lang='lat' dir='ltr'><strong>praesidentem.</strong></span> <span class='ocrx_word' id='word_1_579' title='bbox 1469 4839 1567 4893; x_wconf 86' lang='lat' dir='ltr'><strong>Cui</strong></span> <span class='ocrx_word' id='word_1_580' title='bbox 1603 4840 1862 4895; x_wconf 87' lang='lat' dir='ltr'><strong>nimirum</strong></span> 
     </span>
    </p>
   </div>
   <div class='ocr_carea' id='block_1_78' title="bbox 267 4929 1863 5002">
    <p class='ocr_par' dir='ltr' id='par_1_78' title="bbox 267 4929 1863 5002">
     <span class='ocr_line' id='line_1_78' title="bbox 267 4929 1863 5002; baseline 0.003 -17"><span class='ocrx_word' id='word_1_581' title='bbox 267 4930 376 4985; x_wconf 88' lang='lat' dir='ltr'><strong>duo</strong></span> <span class='ocrx_word' id='word_1_582' title='bbox 403 4930 578 5002; x_wconf 88' lang='lat' dir='ltr'><strong>angeli</strong></span> <span class='ocrx_word' id='word_1_583' title='bbox 618 4931 937 4986; x_wconf 86' lang='lat' dir='ltr'><strong>videbantur</strong></span> <span class='ocrx_word' id='word_1_584' title='bbox 967 4929 1248 4992; x_wconf 86' lang='lat' dir='ltr'><strong>assistere.</strong></span> <span class='ocrx_word' id='word_1_585' title='bbox 1286 4941 1342 4985; x_wconf 89' lang='lat' dir='ltr'><strong>et</strong></span> <span class='ocrx_word' id='word_1_586' title='bbox 1371 4929 1582 5002; x_wconf 82' lang='lat' dir='ltr'><strong>ﬂagella</strong></span> <span class='ocrx_word' id='word_1_587' title='bbox 1612 4933 1863 4989; x_wconf 88' lang='lat' dir='ltr'><strong>manibus</strong></span> 
     </span>
    </p>
   </div>
   <div class='ocr_carea' id='block_1_79' title="bbox 268 5022 1864 5093">
    <p class='ocr_par' dir='ltr' id='par_1_79' title="bbox 268 5022 1864 5093">
     <span class='ocr_line' id='line_1_79' title="bbox 268 5022 1864 5093; baseline 0.003 -17"><span class='ocrx_word' id='word_1_588' title='bbox 268 5022 614 5086; x_wconf 87' lang='lat' dir='ltr'><strong>ventilantes,</strong></span> <span class='ocrx_word' id='word_1_589' title='bbox 643 5023 989 5078; x_wconf 88' lang='lat' dir='ltr'><strong>conabantur</strong></span> <span class='ocrx_word' id='word_1_590' title='bbox 1013 5032 1180 5078; x_wconf 66' lang='lat' dir='ltr'><strong>aestus</strong></span> <span class='ocrx_word' id='word_1_591' title='bbox 1235 5023 1288 5077; x_wconf 89' lang='lat' dir='ltr'><strong>in</strong></span> <span class='ocrx_word' id='word_1_592' title='bbox 1336 5023 1454 5093; x_wconf 88' lang='lat' dir='ltr'><strong>ejus</strong></span> <span class='ocrx_word' id='word_1_593' title='bbox 1503 5023 1663 5090; x_wconf 83' lang='lat' dir='ltr'><strong>facie,</strong></span> <span class='ocrx_word' id='word_1_594' title='bbox 1712 5041 1864 5082; x_wconf 88' lang='lat' dir='ltr'><strong>more</strong></span> 
     </span>
    </p>
   </div>
   <div class='ocr_carea' id='block_1_80' title="bbox 271 5112 1864 5186">
    <p class='ocr_par' dir='ltr' id='par_1_80' title="bbox 271 5112 1864 5186">
     <span class='ocr_line' id='line_1_80' title="bbox 271 5112 1864 5186; baseline 0.005 -20"><span class='ocrx_word' id='word_1_595' title='bbox 271 5112 695 5167; x_wconf 88' lang='lat' dir='ltr'><strong>ministrantium</strong></span> <span class='ocrx_word' id='word_1_596' title='bbox 719 5155 733 5174; x_wconf 88' lang='lat'><strong>,</strong></span> <span class='ocrx_word' id='word_1_597' title='bbox 789 5122 1118 5184; x_wconf 84' lang='lat' dir='ltr'><strong>temperare.</strong></span> <span class='ocrx_word' id='word_1_598' title='bbox 1163 5113 1411 5184; x_wconf 87' lang='lat' dir='ltr'><strong>Cumque</strong></span> <span class='ocrx_word' id='word_1_599' title='bbox 1443 5116 1567 5186; x_wconf 92' lang='lat' dir='ltr'><strong>quis</strong></span> <span class='ocrx_word' id='word_1_600' title='bbox 1593 5128 1739 5173; x_wconf 87' lang='lat' dir='ltr'><strong>esset</strong></span> <span class='ocrx_word' id='word_1_601' title='bbox 1774 5119 1864 5174; x_wconf 90' lang='lat' dir='ltr'><strong>ille</strong></span> 
     </span>
    </p>
   </div>
   <div class='ocr_carea' id='block_1_81' title="bbox 270 5205 1862 5277">
    <p class='ocr_par' dir='ltr' id='par_1_81' title="bbox 270 5205 1862 5277">
     <span class='ocr_line' id='line_1_81' title="bbox 270 5205 1862 5277; baseline 0.004 -17"><span class='ocrx_word' id='word_1_602' title='bbox 270 5205 318 5260; x_wconf 80' lang='lat' dir='ltr'><strong>is</strong></span> <span class='ocrx_word' id='word_1_603' title='bbox 343 5206 433 5275; x_wconf 90' lang='lat' dir='ltr'><strong>qui</strong></span> <span class='ocrx_word' id='word_1_604' title='bbox 481 5209 595 5260; x_wconf 71' lang='lat' dir='ltr'><strong>lucc</strong></span> <span class='ocrx_word' id='word_1_605' title='bbox 625 5205 848 5261; x_wconf 88' lang='lat' dir='ltr'><strong>videbat</strong></span> <span class='ocrx_word' id='word_1_606' title='bbox 876 5206 1198 5275; x_wconf 87' lang='lat' dir='ltr'><strong>inquireret,</strong></span> <span class='ocrx_word' id='word_1_607' title='bbox 1257 5221 1582 5277; x_wconf 89' lang='lat' dir='ltr'><strong>responsum</strong></span> <span class='ocrx_word' id='word_1_608' title='bbox 1635 5219 1721 5266; x_wconf 87' lang='lat' dir='ltr'><strong>est</strong></span> <span class='ocrx_word' id='word_1_609' title='bbox 1765 5213 1814 5267; x_wconf 90' lang='lat' dir='ltr'><strong>ei</strong></span> <span class='ocrx_word' id='word_1_610' title='bbox 1851 5254 1862 5266; x_wconf 94' lang='lat'><strong>.</strong></span> 
     </span>
    </p>
   </div>
   <div class='ocr_carea' id='block_1_82' title="bbox 265 5295 1865 5372">
    <p class='ocr_par' dir='ltr' id='par_1_82' title="bbox 265 5295 1865 5372">
     <span class='ocr_line' id='line_1_82' title="bbox 265 5295 1865 5372; baseline 0.006 -21"><span class='ocrx_word' id='word_1_611' title='bbox 265 5295 508 5352; x_wconf 68' lang='lat' dir='ltr'><strong>Iustitia.</strong></span> <span class='ocrx_word' id='word_1_612' title='bbox 539 5295 807 5352; x_wconf 83' lang='lat' dir='ltr'><strong>Nimirum</strong></span> <span class='ocrx_word' id='word_1_613' title='bbox 838 5299 928 5367; x_wconf 91' lang='lat' dir='ltr'><strong>qui</strong></span> <span class='ocrx_word' id='word_1_614' title='bbox 953 5296 1249 5366; x_wconf 81' lang='lat' dir='ltr'><strong>justitiam,</strong></span> <span class='ocrx_word' id='word_1_615' title='bbox 1280 5300 1408 5355; x_wconf 93' lang='lat' dir='ltr'><strong>dum</strong></span> <span class='ocrx_word' id='word_1_616' title='bbox 1441 5302 1672 5368; x_wconf 90' lang='lat' dir='ltr'><strong>viveret,</strong></span> <span class='ocrx_word' id='word_1_617' title='bbox 1701 5304 1827 5360; x_wconf 83' lang='lat' dir='ltr'><strong>fecit</strong></span> <span class='ocrx_word' id='word_1_618' title='bbox 1849 5346 1865 5372; x_wconf 91' lang='lat'><strong>,</strong></span> 
     </span>
    </p>
   </div>
   <div class='ocr_carea' id='block_1_83' title="bbox 270 5386 1864 5462">
    <p class='ocr_par' dir='ltr' id='par_1_83' title="bbox 270 5386 1864 5462">
     <span class='ocr_line' id='line_1_83' title="bbox 270 5386 1864 5462; baseline 0.005 -20"><span class='ocrx_word' id='word_1_619' title='bbox 270 5386 446 5462; x_wconf 71' lang='lat' dir='ltr'><strong>ipsum</strong></span> <span class='ocrx_word' id='word_1_620' title='bbox 474 5404 691 5458; x_wconf 87' lang='lat' dir='ltr'><strong>quoque</strong></span> <span class='ocrx_word' id='word_1_621' title='bbox 715 5398 840 5459; x_wconf 91' lang='lat' dir='ltr'><strong>post</strong></span> <span class='ocrx_word' id='word_1_622' title='bbox 862 5399 1092 5444; x_wconf 89' lang='lat' dir='ltr'><strong>mortem</strong></span> <span class='ocrx_word' id='word_1_623' title='bbox 1113 5389 1343 5460; x_wconf 72' lang='lat' dir='ltr'><strong>iustitia:</strong></span> <span class='ocrx_word' id='word_1_624' title='bbox 1363 5393 1702 5450; x_wconf 75' lang='lat' dir='ltr'><strong>Vocabulum</strong></span> <span class='ocrx_word' id='word_1_625' title='bbox 1747 5411 1864 5450; x_wconf 86' lang='lat' dir='ltr'><strong>me-</strong></span> 
     </span>
    </p>
   </div>
   <div class='ocr_carea' id='block_1_84' title="bbox 269 5477 1866 5548">
    <p class='ocr_par' dir='ltr' id='par_1_84' title="bbox 269 5477 1866 5548">
     <span class='ocr_line' id='line_1_84' title="bbox 269 5477 1866 5548; baseline 0.005 -14"><span class='ocrx_word' id='word_1_626' title='bbox 269 5478 397 5534; x_wconf 87' lang='lat' dir='ltr'><strong>ruit.</strong></span> <span class='ocrx_word' id='word_1_627' title='bbox 430 5477 510 5534; x_wconf 87' lang='lat' dir='ltr'><strong>Tu</strong></span> <span class='ocrx_word' id='word_1_628' title='bbox 534 5481 740 5544; x_wconf 87' lang='lat' dir='ltr'><strong>etiam,</strong></span> <span class='ocrx_word' id='word_1_629' title='bbox 790 5479 1175 5548; x_wconf 85' lang='lat' dir='ltr'><strong>dilectissime,</strong></span> <span class='ocrx_word' id='word_1_630' title='bbox 1225 5483 1439 5539; x_wconf 82' lang='lat' dir='ltr'><strong>naviter</strong></span> <span class='ocrx_word' id='word_1_631' title='bbox 1484 5483 1721 5541; x_wconf 80' lang='lat' dir='ltr'><strong>olIicium</strong></span> <span class='ocrx_word' id='word_1_632' title='bbox 1771 5487 1866 5542; x_wconf 91' lang='lat' dir='ltr'><strong>tibi</strong></span> 
     </span>
    </p>
   </div>
   <div class='ocr_carea' id='block_1_85' title="bbox 268 5568 1865 5647">
    <p class='ocr_par' dir='ltr' id='par_1_85' title="bbox 268 5568 1865 5647">
     <span class='ocr_line' id='line_1_85' title="bbox 268 5568 1865 5647; baseline 0.007 -25"><span class='ocrx_word' id='word_1_633' title='bbox 268 5568 490 5625; x_wconf 71' lang='lat' dir='ltr'><strong>creditae</strong></span> <span class='ocrx_word' id='word_1_634' title='bbox 518 5571 1011 5628; x_wconf 84' lang='lat' dir='ltr'><strong>administrationis</strong></span> <span class='ocrx_word' id='word_1_635' title='bbox 1039 5587 1271 5638; x_wconf 78' lang='lat' dir='ltr'><strong>exerce,</strong></span> <span class='ocrx_word' id='word_1_636' title='bbox 1321 5583 1380 5630; x_wconf 90' lang='lat' dir='ltr'><strong>ut</strong></span> <span class='ocrx_word' id='word_1_637' title='bbox 1407 5584 1670 5647; x_wconf 86' lang='lat' dir='ltr'><strong>tanquam</strong></span> <span class='ocrx_word' id='word_1_638' title='bbox 1712 5593 1865 5633; x_wconf 86' lang='lat' dir='ltr'><strong>com-</strong></span> 
     </span>
    </p>
   </div>
   <div class='ocr_carea' id='block_1_86' title="bbox 270 5661 1870 5736">
    <p class='ocr_par' dir='ltr' id='par_1_86' title="bbox 270 5661 1870 5736">
     <span class='ocr_line' id='line_1_86' title="bbox 270 5661 1870 5736; baseline 0.009 -23"><span class='ocrx_word' id='word_1_639' title='bbox 270 5661 450 5718; x_wconf 59' lang='lat' dir='ltr'><strong>missae</strong></span> <span class='ocrx_word' id='word_1_640' title='bbox 488 5664 660 5720; x_wconf 70' lang='lat' dir='ltr'><strong>vinea:</strong></span> <span class='ocrx_word' id='word_1_641' title='bbox 707 5672 759 5720; x_wconf 88' lang='lat' dir='ltr'><strong>te</strong></span> <span class='ocrx_word' id='word_1_642' title='bbox 809 5665 1120 5736; x_wconf 87' lang='lat' dir='ltr'><strong>operarium</strong></span> <span class='ocrx_word' id='word_1_643' title='bbox 1170 5668 1395 5734; x_wconf 87' lang='lat' dir='ltr'><strong>credas,</strong></span> <span class='ocrx_word' id='word_1_644' title='bbox 1430 5684 1532 5725; x_wconf 92' lang='lat' dir='ltr'><strong>nec</strong></span> <span class='ocrx_word' id='word_1_645' title='bbox 1582 5686 1613 5725; x_wconf 90' lang='lat' dir='ltr'><strong>a</strong></span> <span class='ocrx_word' id='word_1_646' title='bbox 1667 5671 1870 5728; x_wconf 85' lang='lat' dir='ltr'><strong>laboris</strong></span> 
     </span>
    </p>
   </div>
   <div class='ocr_carea' id='block_1_87' title="bbox 269 5752 1869 5831">
    <p class='ocr_par' dir='ltr' id='par_1_87' title="bbox 269 5752 1869 5831">
     <span class='ocr_line' id='line_1_87' title="bbox 269 5752 1869 5831; baseline 0.008 -24"><span class='ocrx_word' id='word_1_647' title='bbox 269 5752 538 5810; x_wconf 78' lang='lat' dir='ltr'><strong>exercitio</strong></span> <span class='ocrx_word' id='word_1_648' title='bbox 563 5763 802 5828; x_wconf 88' lang='lat' dir='ltr'><strong>torpeas,</strong></span> <span class='ocrx_word' id='word_1_649' title='bbox 830 5757 874 5812; x_wconf 88' lang='lat' dir='ltr'><strong>si</strong></span> <span class='ocrx_word' id='word_1_650' title='bbox 903 5772 1184 5822; x_wconf 85' lang='lat' dir='ltr'><strong>nummum</strong></span> <span class='ocrx_word' id='word_1_651' title='bbox 1207 5758 1383 5831; x_wconf 66' lang='lat' dir='ltr'><strong>dignae</strong></span> <span class='ocrx_word' id='word_1_652' title='bbox 1405 5764 1869 5819; x_wconf 88' lang='lat' dir='ltr'><strong>remunerationis</strong></span> 
     </span>
    </p>
   </div>
   <div class='ocr_carea' id='block_1_88' title="bbox 268 5848 1868 5922">
    <p class='ocr_par' dir='ltr' id='par_1_88' title="bbox 268 5848 1868 5922">
     <span class='ocr_line' id='line_1_88' title="bbox 268 5848 1868 5922; baseline 0.008 -21"><span class='ocrx_word' id='word_1_653' title='bbox 268 5858 574 5918; x_wconf 76' lang='lat' dir='ltr'><strong>exspectas.</strong></span> <span class='ocrx_word' id='word_1_654' title='bbox 629 5848 905 5921; x_wconf 85' lang='lat' dir='ltr'><strong>Legalium</strong></span> <span class='ocrx_word' id='word_1_655' title='bbox 959 5851 1142 5922; x_wconf 88' lang='lat' dir='ltr'><strong>itaque</strong></span> <span class='ocrx_word' id='word_1_656' title='bbox 1197 5855 1542 5911; x_wconf 87' lang='lat' dir='ltr'><strong>sanctionum</strong></span> <span class='ocrx_word' id='word_1_657' title='bbox 1601 5859 1868 5914; x_wconf 83' lang='lat' dir='ltr'><strong>severitas</strong></span> 
     </span>
    </p>
   </div>
   <div class='ocr_carea' id='block_1_89' title="bbox 268 5938 1868 6021">
    <p class='ocr_par' dir='ltr' id='par_1_89' title="bbox 268 5938 1868 6021">
     <span class='ocr_line' id='line_1_89' title="bbox 268 5938 1868 6021; baseline 0.009 -27"><span class='ocrx_word' id='word_1_658' title='bbox 268 5938 566 6021; x_wconf 57' lang='lat' dir='ltr'><strong>minuat,</strong></span> <span class='ocrx_word' id='word_1_659' title='bbox 629 5956 769 6010; x_wconf 84' lang='lat' dir='ltr'><strong>quos</strong></span> <span class='ocrx_word' id='word_1_660' title='bbox 821 5939 1136 6008; x_wconf 77' lang='lat' dir='ltr'><strong>hoiiestatis-</strong></span> <span class='ocrx_word' id='word_1_661' title='bbox 1178 5945 1350 6014; x_wconf 87' lang='lat' dir='ltr'><strong>pudor</strong></span> <span class='ocrx_word' id='word_1_662' title='bbox 1415 5949 1484 6004; x_wconf 83' lang='lat' dir='ltr'><strong>ab</strong></span> <span class='ocrx_word' id='word_1_663' title='bbox 1549 5951 1868 6008; x_wconf 75' lang='lat' dir='ltr'><strong>excessibus</strong></span> 
     </span>
    </p>
   </div>
   <div class='ocr_carea' id='block_1_90' title="bbox 1957 3459 3594 3534">
    <p class='ocr_par' dir='ltr' id='par_1_90' title="bbox 1957 3459 3594 3534">
     <span class='ocr_line' id='line_1_90' title="bbox 1957 3459 3594 3534; baseline -0.003 -16"><span class='ocrx_word' id='word_1_664' title='bbox 1957 3463 2352 3534; x_wconf 87' lang='lat' dir='ltr'><strong>jucundahitur</strong></span> <span class='ocrx_word' id='word_1_665' title='bbox 2403 3462 2455 3516; x_wconf 94' lang='lat' dir='ltr'><strong>in</strong></span> <span class='ocrx_word' id='word_1_666' title='bbox 2491 3459 2633 3524; x_wconf 79' lang='lat' dir='ltr'><strong>ﬁliis,</strong></span> <span class='ocrx_word' id='word_1_667' title='bbox 2689 3469 2743 3515; x_wconf 90' lang='lat' dir='ltr'><strong>et</strong></span> <span class='ocrx_word' id='word_1_668' title='bbox 2777 3461 2829 3514; x_wconf 91' lang='lat' dir='ltr'><strong>in</strong></span> <span class='ocrx_word' id='word_1_669' title='bbox 2855 3461 2944 3515; x_wconf 90' lang='lat' dir='ltr'><strong>die</strong></span> <span class='ocrx_word' id='word_1_670' title='bbox 2976 3460 3247 3515; x_wconf 87' lang='lat' dir='ltr'><strong>orationis</strong></span> <span class='ocrx_word' id='word_1_671' title='bbox 3281 3475 3396 3516; x_wconf 71' lang='lat' dir='ltr'><strong>suae</strong></span> <span class='ocrx_word' id='word_1_672' title='bbox 3420 3473 3594 3514; x_wconf 81' lang='lat' dir='ltr'><strong>exau-</strong></span> 
     </span>
    </p>
   </div>
   <div class='ocr_carea' id='block_1_91' title="bbox 1963 3551 3598 3626">
    <p class='ocr_par' dir='ltr' id='par_1_91' title="bbox 1963 3551 3598 3626">
     <span class='ocr_line' id='line_1_91' title="bbox 1963 3551 3598 3626; baseline -0.003 -16"><span class='ocrx_word' id='word_1_673' title='bbox 1963 3552 2389 3626; x_wconf 81' lang='lat' dir='ltr'><strong>dietur(lbid.).</strong></span> <span class='ocrx_word' id='word_1_674' title='bbox 2431 3572 2448 3604; x_wconf 76' lang='grc' dir='ltr'><strong>ι</strong></span> <span class='ocrx_word' id='word_1_675' title='bbox 2485 3551 2677 3607; x_wconf 84' lang='lat' dir='ltr'><strong>Merito</strong></span> <span class='ocrx_word' id='word_1_676' title='bbox 2703 3552 2905 3622; x_wconf 87' lang='lat' dir='ltr'><strong>quippe</strong></span> <span class='ocrx_word' id='word_1_677' title='bbox 2948 3551 3002 3606; x_wconf 91' lang='lat' dir='ltr'><strong>in</strong></span> <span class='ocrx_word' id='word_1_678' title='bbox 3046 3551 3211 3606; x_wconf 90' lang='lat' dir='ltr'><strong>suisa</strong></span> <span class='ocrx_word' id='word_1_679' title='bbox 3245 3551 3359 3606; x_wconf 80' lang='lat' dir='ltr'><strong>De&#39;o</strong></span> <span class='ocrx_word' id='word_1_680' title='bbox 3413 3551 3598 3620; x_wconf 51' lang='lat' dir='ltr'><strong>preci;</strong></span> 
     </span>
    </p>
   </div>
   <div class='ocr_carea' id='block_1_92' title="bbox 1962 3644 3595 3716">
    <p class='ocr_par' dir='ltr' id='par_1_92' title="bbox 1962 3644 3595 3716">
     <span class='ocr_line' id='line_1_92' title="bbox 1962 3644 3595 3716; baseline -0.004 -12"><span class='ocrx_word' id='word_1_681' title='bbox 1962 3649 2065 3704; x_wconf 90' lang='lat' dir='ltr'><strong>bus</strong></span> <span class='ocrx_word' id='word_1_682' title='bbox 2095 3647 2409 3710; x_wconf 80' lang='lat' dir='ltr'><strong>exauditur,</strong></span> <span class='ocrx_word' id='word_1_683' title='bbox 2458 3645 2549 3716; x_wconf 90' lang='lat' dir='ltr'><strong>qui</strong></span> <span class='ocrx_word' id='word_1_684' title='bbox 2606 3646 2772 3700; x_wconf 91' lang='lat' dir='ltr'><strong>Deum</strong></span> <span class='ocrx_word' id='word_1_685' title='bbox 2810 3645 3217 3715; x_wconf 67' lang='lat' dir='ltr'><strong>praecipientem</strong></span> <span class='ocrx_word' id='word_1_686' title='bbox 3254 3644 3595 3709; x_wconf 69' lang='lat' dir='ltr'><strong>exaudiens,</strong></span> 
     </span>
    </p>
   </div>
   <div class='ocr_carea' id='block_1_93' title="bbox 1965 3736 3598 3810">
    <p class='ocr_par' dir='ltr' id='par_1_93' title="bbox 1965 3736 3598 3810">
     <span class='ocr_line' id='line_1_93' title="bbox 1965 3736 3598 3810; baseline -0.002 -15"><span class='ocrx_word' id='word_1_687' title='bbox 1965 3749 2252 3810; x_wconf 88' lang='lat' dir='ltr'><strong>parentum</strong></span> <span class='ocrx_word' id='word_1_688' title='bbox 2281 3754 2504 3794; x_wconf 84' lang='lat' dir='ltr'><strong>suorum</strong></span> <span class='ocrx_word' id='word_1_689' title='bbox 2538 3737 2747 3808; x_wconf 77' lang='lat' dir='ltr'><strong>legibus</strong></span> <span class='ocrx_word' id='word_1_690' title='bbox 2788 3737 3063 3792; x_wconf 90' lang='lat' dir='ltr'><strong>subditur.</strong></span> <span class='ocrx_word' id='word_1_691' title='bbox 3117 3736 3393 3794; x_wconf 68' lang='lat' dir='ltr'><strong>Praeterea</strong></span> <span class='ocrx_word' id='word_1_692' title='bbox 3448 3737 3598 3792; x_wconf 72' lang='lat' dir='ltr'><strong>sicut</strong></span> 
     </span>
    </p>
   </div>
   <div class='ocr_carea' id='block_1_94' title="bbox 1965 3826 3602 3903">
    <p class='ocr_par' dir='ltr' id='par_1_94' title="bbox 1965 3826 3602 3903">
     <span class='ocr_line' id='line_1_94' title="bbox 1965 3826 3602 3903; baseline -0.002 -17"><span class='ocrx_word' id='word_1_693' title='bbox 1965 3831 2304 3903; x_wconf 87' lang='lat' dir='ltr'><strong>genitoribus</strong></span> <span class='ocrx_word' id='word_1_694' title='bbox 2356 3828 2708 3892; x_wconf 89' lang='lat' dir='ltr'><strong>maledicens,</strong></span> <span class='ocrx_word' id='word_1_695' title='bbox 2767 3828 2964 3900; x_wconf 89' lang='lat' dir='ltr'><strong>dignus</strong></span> <span class='ocrx_word' id='word_1_696' title='bbox 3009 3837 3096 3883; x_wconf 91' lang='lat' dir='ltr'><strong>est</strong></span> <span class='ocrx_word' id='word_1_697' title='bbox 3143 3827 3339 3882; x_wconf 90' lang='lat' dir='ltr'><strong>mortis</strong></span> <span class='ocrx_word' id='word_1_698' title='bbox 3386 3826 3602 3883; x_wconf 71' lang='lat' dir='ltr'><strong>ultione</strong></span> 
     </span>
    </p>
   </div>
   <div class='ocr_carea' id='block_1_95' title="bbox 1967 3919 3595 3996">
    <p class='ocr_par' dir='ltr' id='par_1_95' title="bbox 1967 3919 3595 3996">
     <span class='ocr_line' id='line_1_95' title="bbox 1967 3919 3595 3996; baseline -0.001 -20"><span class='ocrx_word' id='word_1_699' title='bbox 1967 3923 2230 3996; x_wconf 88' lang='lat' dir='ltr'><strong>percelli:</strong></span> <span class='ocrx_word' id='word_1_700' title='bbox 2266 3925 2340 3979; x_wconf 86' lang='lat' dir='ltr'><strong>ita</strong></span> <span class='ocrx_word' id='word_1_701' title='bbox 2393 3922 2487 3992; x_wconf 86' lang='lat' dir='ltr'><strong>qui</strong></span> <span class='ocrx_word' id='word_1_702' title='bbox 2545 3931 2862 3976; x_wconf 89' lang='lat' dir='ltr'><strong>reverenter</strong></span> <span class='ocrx_word' id='word_1_703' title='bbox 2918 3919 3290 3991; x_wconf 82' lang='lat' dir='ltr'><strong>obtemperat.</strong></span> <span class='ocrx_word' id='word_1_704' title='bbox 3348 3929 3595 3976; x_wconf 81' lang='lat' dir='ltr'><strong>meretur</strong></span> 
     </span>
    </p>
   </div>
   <div class='ocr_carea' id='block_1_96' title="bbox 1968 4011 3595 4084">
    <p class='ocr_par' dir='ltr' id='par_1_96' title="bbox 1968 4011 3595 4084">
     <span class='ocr_line' id='line_1_96' title="bbox 1968 4011 3595 4084; baseline -0.001 -14"><span class='ocrx_word' id='word_1_705' title='bbox 1968 4016 2227 4070; x_wconf 89' lang='lat' dir='ltr'><strong>divinitus</strong></span> <span class='ocrx_word' id='word_1_706' title='bbox 2250 4014 2514 4070; x_wconf 87' lang='lat' dir='ltr'><strong>benedici.</strong></span> <span class='ocrx_word' id='word_1_707' title='bbox 2542 4012 2598 4068; x_wconf 87' lang='lat' dir='ltr'><strong>In</strong></span> <span class='ocrx_word' id='word_1_708' title='bbox 2633 4012 2751 4084; x_wconf 86' lang='lat' dir='ltr'><strong>lege</strong></span> <span class='ocrx_word' id='word_1_709' title='bbox 2781 4013 2983 4084; x_wconf 81' lang='lat' dir='ltr'><strong>quippe</strong></span> <span class='ocrx_word' id='word_1_710' title='bbox 3004 4013 3267 4084; x_wconf 79' lang='lat' dir='ltr'><strong>scriptum</strong></span> <span class='ocrx_word' id='word_1_711' title='bbox 3294 4023 3410 4068; x_wconf 87' lang='lat' dir='ltr'><strong>est:</strong></span> <span class='ocrx_word' id='word_1_712' title='bbox 3435 4011 3595 4082; x_wconf 56' lang='lat' dir='ltr'><strong>rQul</strong></span> 
     </span>
    </p>
   </div>
   <div class='ocr_carea' id='block_1_97' title="bbox 1970 4105 3589 4177">
    <p class='ocr_par' dir='ltr' id='par_1_97' title="bbox 1970 4105 3589 4177">
     <span class='ocr_line' id='line_1_97' title="bbox 1970 4105 3589 4177; baseline -0.003 -15"><span class='ocrx_word' id='word_1_713' title='bbox 1970 4105 2320 4162; x_wconf 65' lang='lat' dir='ltr'><strong>maledixerlt</strong></span> <span class='ocrx_word' id='word_1_714' title='bbox 2352 4107 2518 4176; x_wconf 86' lang='lat' dir='ltr'><strong>patri,</strong></span> <span class='ocrx_word' id='word_1_715' title='bbox 2569 4105 2650 4162; x_wconf 83' lang='lat' dir='ltr'><strong>vel</strong></span> <span class='ocrx_word' id='word_1_716' title='bbox 2683 4106 2867 4169; x_wconf 86' lang='lat' dir='ltr'><strong>matri,</strong></span> <span class='ocrx_word' id='word_1_717' title='bbox 2898 4114 3077 4162; x_wconf 91' lang='lat' dir='ltr'><strong>morte</strong></span> <span class='ocrx_word' id='word_1_718' title='bbox 3118 4106 3385 4161; x_wconf 87' lang='lat' dir='ltr'><strong>moriatur</strong></span> <span class='ocrx_word' id='word_1_719' title='bbox 3437 4105 3589 4177; x_wconf 70' lang='lat' dir='ltr'><strong>(Leu.</strong></span> 
     </span>
    </p>
   </div>
   <div class='ocr_carea' id='block_1_98' title="bbox 1969 4198 3594 4270">
    <p class='ocr_par' dir='ltr' id='par_1_98' title="bbox 1969 4198 3594 4270">
     <span class='ocr_line' id='line_1_98' title="bbox 1969 4198 3594 4270; baseline 0.001 -17"><span class='ocrx_word' id='word_1_720' title='bbox 1969 4216 2037 4253; x_wconf 78' lang='lat' dir='ltr'><strong>xx</strong></span> <span class='ocrx_word' id='word_1_721' title='bbox 2061 4215 2073 4261; x_wconf 89' lang='lat'><strong>;</strong></span> <span class='ocrx_word' id='word_1_722' title='bbox 2113 4198 2280 4253; x_wconf 79' lang='lat' dir='ltr'><strong>Eccti.</strong></span> <span class='ocrx_word' id='word_1_723' title='bbox 2306 4199 2410 4260; x_wconf 84' lang='lat' dir='ltr'><strong>nt).</strong></span> <span class='ocrx_word' id='word_1_724' title='bbox 2435 4220 2451 4251; x_wconf 74' lang='grc' dir='ltr'><strong>ι</strong></span> <span class='ocrx_word' id='word_1_725' title='bbox 2479 4198 2621 4253; x_wconf 80' lang='lat' dir='ltr'><strong>Alibi</strong></span> <span class='ocrx_word' id='word_1_726' title='bbox 2650 4213 2867 4269; x_wconf 89' lang='lat' dir='ltr'><strong>quoque</strong></span> <span class='ocrx_word' id='word_1_727' title='bbox 2898 4200 3162 4270; x_wconf 89' lang='lat' dir='ltr'><strong>scriptum</strong></span> <span class='ocrx_word' id='word_1_728' title='bbox 3190 4209 3304 4254; x_wconf 87' lang='lat' dir='ltr'><strong>est:</strong></span> <span class='ocrx_word' id='word_1_729' title='bbox 3329 4220 3344 4250; x_wconf 73' lang='grc' dir='ltr'><strong>ι</strong></span> <span class='ocrx_word' id='word_1_730' title='bbox 3373 4199 3594 4255; x_wconf 84' lang='lat' dir='ltr'><strong>Honora</strong></span> 
     </span>
    </p>
   </div>
   <div class='ocr_carea' id='block_1_99' title="bbox 1967 4290 3596 4361">
    <p class='ocr_par' dir='ltr' id='par_1_99' title="bbox 1967 4290 3596 4361">
     <span class='ocr_line' id='line_1_99' title="bbox 1967 4290 3596 4361; baseline 0.001 -17"><span class='ocrx_word' id='word_1_731' title='bbox 1967 4301 2177 4361; x_wconf 88' lang='lat' dir='ltr'><strong>patrem</strong></span> <span class='ocrx_word' id='word_1_732' title='bbox 2210 4300 2384 4361; x_wconf 78' lang='lat' dir='ltr'><strong>tuum,</strong></span> <span class='ocrx_word' id='word_1_733' title='bbox 2412 4300 2469 4345; x_wconf 93' lang='lat' dir='ltr'><strong>ut</strong></span> <span class='ocrx_word' id='word_1_734' title='bbox 2501 4292 2856 4360; x_wconf 88' lang='lat' dir='ltr'><strong>superveniat</strong></span> <span class='ocrx_word' id='word_1_735' title='bbox 2908 4291 3008 4346; x_wconf 90' lang='lat' dir='ltr'><strong>tibi</strong></span> <span class='ocrx_word' id='word_1_736' title='bbox 3057 4291 3370 4348; x_wconf 87' lang='lat' dir='ltr'><strong>benedictio</strong></span> <span class='ocrx_word' id='word_1_737' title='bbox 3407 4307 3438 4345; x_wconf 91' lang='lat' dir='ltr'><strong>a</strong></span> <span class='ocrx_word' id='word_1_738' title='bbox 3489 4290 3596 4346; x_wconf 64' lang='lat' dir='ltr'><strong>Duo</strong></span> 
     </span>
    </p>
   </div>
   <div class='ocr_carea' id='block_1_100' title="bbox 1969 4357 3588 4451">
    <p class='ocr_par' dir='ltr' id='par_1_100' title="bbox 1969 4357 3588 4451">
     <span class='ocr_line' id='line_1_100' title="bbox 1969 4357 3588 4451; baseline 0 -16"><span class='ocrx_word' id='word_1_739' title='bbox 1969 4357 2136 4446; x_wconf 78' lang='lat' dir='ltr'><strong>mino,</strong></span> <span class='ocrx_word' id='word_1_740' title='bbox 2153 4357 2529 4437; x_wconf 72' lang='lat' dir='ltr'><strong>etbcnedictio</strong></span> <span class='ocrx_word' id='word_1_741' title='bbox 2549 4357 2693 4435; x_wconf 84' lang='lat' dir='ltr'><strong>illius</strong></span> <span class='ocrx_word' id='word_1_742' title='bbox 2711 4381 2762 4436; x_wconf 91' lang='lat' dir='ltr'><strong>in</strong></span> <span class='ocrx_word' id='word_1_743' title='bbox 2783 4382 3082 4437; x_wconf 87' lang='lat' dir='ltr'><strong>novissimo</strong></span> <span class='ocrx_word' id='word_1_744' title='bbox 3099 4391 3320 4438; x_wconf 89' lang='lat' dir='ltr'><strong>maneat</strong></span> <span class='ocrx_word' id='word_1_745' title='bbox 3335 4382 3588 4451; x_wconf 68' lang='lat' dir='ltr'><strong>(Ibid.).p</strong></span> 
     </span>
    </p>
   </div>
   <div class='ocr_carea' id='block_1_101' title="bbox 1971 4471 3597 4543">
    <p class='ocr_par' dir='ltr' id='par_1_101' title="bbox 1971 4471 3597 4543">
     <span class='ocr_line' id='line_1_101' title="bbox 1971 4471 3597 4543; baseline 0 -16"><span class='ocrx_word' id='word_1_746' title='bbox 1971 4471 2073 4527; x_wconf 90' lang='lat' dir='ltr'><strong>Ubi</strong></span> <span class='ocrx_word' id='word_1_747' title='bbox 2115 4488 2236 4528; x_wconf 75' lang='lat' dir='ltr'><strong>mox</strong></span> <span class='ocrx_word' id='word_1_748' title='bbox 2269 4473 2520 4542; x_wconf 88' lang='lat' dir='ltr'><strong>sequitur</strong></span> <span class='ocrx_word' id='word_1_749' title='bbox 2553 4490 2567 4526; x_wconf 89' lang='lat'><strong>:</strong></span> <span class='ocrx_word' id='word_1_750' title='bbox 2603 4490 2621 4522; x_wconf 75' lang='grc' dir='ltr'><strong>ι</strong></span> <span class='ocrx_word' id='word_1_751' title='bbox 2655 4472 2974 4527; x_wconf 84' lang='lat' dir='ltr'><strong>Benedictio</strong></span> <span class='ocrx_word' id='word_1_752' title='bbox 2992 4474 3167 4543; x_wconf 89' lang='lat' dir='ltr'><strong>patris</strong></span> <span class='ocrx_word' id='word_1_753' title='bbox 3192 4472 3597 4539; x_wconf 79' lang='lat' dir='ltr'><strong>tirmatdomos</strong></span> 
     </span>
    </p>
   </div>
   <div class='ocr_carea' id='block_1_102' title="bbox 1971 4557 3596 4620">
    <p class='ocr_par' dir='ltr' id='par_1_102' title="bbox 1971 4557 3596 4620">
     <span class='ocr_line' id='line_1_102' title="bbox 1971 4557 3596 4620; baseline 0.001 -2"><span class='ocrx_word' id='word_1_754' title='bbox 1971 4564 2206 4618; x_wconf 87' lang='lat' dir='ltr'><strong>tiliorum</strong></span> <span class='ocrx_word' id='word_1_755' title='bbox 2244 4580 2256 4617; x_wconf 94' lang='lat'>:</span> <span class='ocrx_word' id='word_1_756' title='bbox 2288 4563 2602 4619; x_wconf 88' lang='lat' dir='ltr'><strong>maledictio</strong></span> <span class='ocrx_word' id='word_1_757' title='bbox 2649 4573 2833 4617; x_wconf 88' lang='lat' dir='ltr'><strong>autem</strong></span> <span class='ocrx_word' id='word_1_758' title='bbox 2867 4565 3064 4620; x_wconf 85' lang='lat' dir='ltr'><strong>matris</strong></span> <span class='ocrx_word' id='word_1_759' title='bbox 3100 4565 3350 4620; x_wconf 86' lang='lat' dir='ltr'><strong>eradicat</strong></span> <span class='ocrx_word' id='word_1_760' title='bbox 3382 4557 3596 4620; x_wconf 77' lang='lat' dir='ltr'><strong>Tunda-</strong></span> 
     </span>
    </p>
   </div>
   <div class='ocr_carea' id='block_1_103' title="bbox 1972 4655 3593 4726">
    <p class='ocr_par' dir='ltr' id='par_1_103' title="bbox 1972 4655 3593 4726">
     <span class='ocr_line' id='line_1_103' title="bbox 1972 4655 3593 4726; baseline 0.002 -17"><span class='ocrx_word' id='word_1_761' title='bbox 1972 4665 2151 4710; x_wconf 85' lang='lat' dir='ltr'><strong>menta</strong></span> <span class='ocrx_word' id='word_1_762' title='bbox 2179 4655 2394 4726; x_wconf 85' lang='lat' dir='ltr'><strong>(Ibid.).</strong></span> <span class='ocrx_word' id='word_1_763' title='bbox 2430 4676 2448 4708; x_wconf 79' lang='grc' dir='ltr'><strong>ι</strong></span> <span class='ocrx_word' id='word_1_764' title='bbox 2484 4656 2542 4710; x_wconf 83' lang='lat' dir='ltr'><strong>Si</strong></span> <span class='ocrx_word' id='word_1_765' title='bbox 2571 4672 2704 4726; x_wconf 88' lang='lat' dir='ltr'><strong>ergo</strong></span> <span class='ocrx_word' id='word_1_766' title='bbox 2759 4656 2997 4710; x_wconf 76' lang='lat' dir='ltr'><strong>filiorum</strong></span> <span class='ocrx_word' id='word_1_767' title='bbox 3051 4655 3249 4712; x_wconf 90' lang='lat' dir='ltr'><strong>domus</strong></span> <span class='ocrx_word' id='word_1_768' title='bbox 3302 4667 3593 4726; x_wconf 71' lang='lat' dir='ltr'><strong>parentum</strong></span> 
     </span>
    </p>
   </div>
   <div class='ocr_carea' id='block_1_104' title="bbox 1959 4747 3595 4820">
    <p class='ocr_par' dir='ltr' id='par_1_104' title="bbox 1959 4747 3595 4820">
     <span class='ocr_line' id='line_1_104' title="bbox 1959 4747 3595 4820; baseline 0 -15"><span class='ocrx_word' id='word_1_769' title='bbox 1959 4749 2358 4805; x_wconf 75' lang='lat' dir='ltr'><strong>‘maledictione</strong></span> <span class='ocrx_word' id='word_1_770' title='bbox 2381 4749 2706 4816; x_wconf 90' lang='lat' dir='ltr'><strong>destruitur,</strong></span> <span class='ocrx_word' id='word_1_771' title='bbox 2753 4765 3061 4820; x_wconf 88' lang='lat' dir='ltr'><strong>eorumque</strong></span> <span class='ocrx_word' id='word_1_772' title='bbox 3115 4747 3595 4806; x_wconf 84' lang='lat' dir='ltr'><strong>benedictionibus</strong></span> 
     </span>
    </p>
   </div>
   <div class='ocr_carea' id='block_1_105' title="bbox 1973 4840 3597 4913">
    <p class='ocr_par' dir='ltr' id='par_1_105' title="bbox 1973 4840 3597 4913">
     <span class='ocr_line' id='line_1_105' title="bbox 1973 4840 3597 4913; baseline -0.001 -15"><span class='ocrx_word' id='word_1_773' title='bbox 1973 4841 2280 4905; x_wconf 79' lang='lat' dir='ltr'><strong>Stabilitur;</strong></span> <span class='ocrx_word' id='word_1_774' title='bbox 2305 4842 2612 4895; x_wconf 88' lang='lat' dir='ltr'><strong>cavendum</strong></span> <span class='ocrx_word' id='word_1_775' title='bbox 2635 4841 2791 4896; x_wconf 86' lang='lat' dir='ltr'><strong>valde</strong></span> <span class='ocrx_word' id='word_1_776' title='bbox 2825 4851 2930 4906; x_wconf 85' lang='lat' dir='ltr'><strong>est,</strong></span> <span class='ocrx_word' id='word_1_777' title='bbox 2961 4855 3030 4896; x_wconf 88' lang='lat' dir='ltr'><strong>ne</strong></span> <span class='ocrx_word' id='word_1_778' title='bbox 3063 4841 3109 4896; x_wconf 87' lang='lat' dir='ltr'><strong>si</strong></span> <span class='ocrx_word' id='word_1_779' title='bbox 3137 4840 3597 4913; x_wconf 33' lang='lat' dir='ltr'><strong>parentes‘oll’en-</strong></span> 
     </span>
    </p>
   </div>
   <div class='ocr_carea' id='block_1_106' title="bbox 1972 4933 3591 5005">
    <p class='ocr_par' dir='ltr' id='par_1_106' title="bbox 1972 4933 3591 5005">
     <span class='ocr_line' id='line_1_106' title="bbox 1972 4933 3591 5005; baseline -0.001 -14"><span class='ocrx_word' id='word_1_780' title='bbox 1972 4935 2173 4999; x_wconf 77' lang='lat' dir='ltr'><strong>dinius,</strong></span> <span class='ocrx_word' id='word_1_781' title='bbox 2199 4948 2590 4989; x_wconf 85' lang='lat' dir='ltr'><strong>successuram.</strong></span> <span class='ocrx_word' id='word_1_782' title='bbox 2613 4933 2789 4988; x_wconf 84' lang='lat' dir='ltr'><strong>nobis.</strong></span> <span class='ocrx_word' id='word_1_783' title='bbox 2817 4934 3174 5005; x_wconf 87' lang='lat' dir='ltr'><strong>propaginem</strong></span> <span class='ocrx_word' id='word_1_784' title='bbox 3221 4934 3591 4992; x_wconf 88' lang='lat' dir='ltr'><strong>destruamus.</strong></span> 
     </span>
    </p>
   </div>
   <div class='ocr_carea' id='block_1_107' title="bbox 2047 5025 3594 5099">
    <p class='ocr_par' dir='ltr' id='par_1_107' title="bbox 2047 5025 3594 5099">
     <span class='ocr_line' id='line_1_107' title="bbox 2047 5025 3594 5099; baseline -0.001 -15"><span class='ocrx_word' id='word_1_785' title='bbox 2047 5027 2430 5099; x_wconf 82' lang='lat' dir='ltr'><strong>Signiﬁcatum</strong></span> <span class='ocrx_word' id='word_1_786' title='bbox 2463 5036 2549 5083; x_wconf 91' lang='lat' dir='ltr'><strong>est</strong></span> <span class='ocrx_word' id='word_1_787' title='bbox 2577 5025 2737 5092; x_wconf 89' lang='lat' dir='ltr'><strong>mihi,</strong></span> <span class='ocrx_word' id='word_1_788' title='bbox 2778 5025 3122 5082; x_wconf 83' lang='lat' dir='ltr'><strong>nobilissime</strong></span> <span class='ocrx_word' id='word_1_789' title='bbox 3150 5026 3260 5090; x_wconf 92' lang='lat' dir='ltr'><strong>vir,</strong></span> <span class='ocrx_word' id='word_1_790' title='bbox 3297 5027 3426 5094; x_wconf 90' lang='lat' dir='ltr'><strong>quia</strong></span> <span class='ocrx_word' id='word_1_791' title='bbox 3470 5042 3594 5082; x_wconf 86' lang='lat' dir='ltr'><strong>san-</strong></span> 
     </span>
    </p>
   </div>
   <div class='ocr_carea' id='block_1_108' title="bbox 1975 5105 3638 5190">
    <p class='ocr_par' dir='ltr' id='par_1_108' title="bbox 1975 5105 3638 5190">
     <span class='ocr_line' id='line_1_108' title="bbox 1975 5105 3638 5190; baseline -0.001 -15"><span class='ocrx_word' id='word_1_792' title='bbox 1975 5129 2122 5176; x_wconf 90' lang='lat' dir='ltr'><strong>ctam</strong></span> <span class='ocrx_word' id='word_1_793' title='bbox 2146 5128 2377 5175; x_wconf 85' lang='lat' dir='ltr'><strong>matrem</strong></span> <span class='ocrx_word' id='word_1_794' title='bbox 2413 5129 2560 5174; x_wconf 90' lang='lat' dir='ltr'><strong>tuam</strong></span> <span class='ocrx_word' id='word_1_795' title='bbox 2588 5121 2778 5175; x_wconf 80' lang='lat' dir='ltr'><strong>uxoris</strong></span> <span class='ocrx_word' id='word_1_796' title='bbox 2797 5134 2986 5175; x_wconf 89' lang='lat' dir='ltr'><strong>amore</strong></span> <span class='ocrx_word' id='word_1_797' title='bbox 3007 5105 3246 5190; x_wconf 82' lang='lat' dir='ltr'><strong>despicis</strong></span> <span class='ocrx_word' id='word_1_798' title='bbox 3265 5130 3321 5174; x_wconf 92' lang='lat' dir='ltr'><strong>et</strong></span> <span class='ocrx_word' id='word_1_799' title='bbox 3350 5127 3596 5175; x_wconf 85' lang='lat' dir='ltr'><strong>contem-</strong></span> <span class='ocrx_word' id='word_1_800' title='bbox 3631 5128 3638 5130; x_wconf 76' lang='lat'>&#39;</span> 
     </span>
    </p>
   </div>
   <div class='ocr_carea' id='block_1_109' title="bbox 1973 5210 3594 5282">
    <p class='ocr_par' dir='ltr' id='par_1_109' title="bbox 1973 5210 3594 5282">
     <span class='ocr_line' id='line_1_109' title="bbox 1973 5210 3594 5282; baseline 0 -15"><span class='ocrx_word' id='word_1_801' title='bbox 1973 5213 2080 5278; x_wconf 90' lang='lat' dir='ltr'><strong>nis,</strong></span> <span class='ocrx_word' id='word_1_802' title='bbox 2114 5213 2434 5282; x_wconf 90' lang='lat' dir='ltr'><strong>nullumque</strong></span> <span class='ocrx_word' id='word_1_803' title='bbox 2482 5212 2586 5268; x_wconf 89' lang='lat' dir='ltr'><strong>sibi</strong></span> <span class='ocrx_word' id='word_1_804' title='bbox 2647 5210 2876 5267; x_wconf 90' lang='lat' dir='ltr'><strong>dominii</strong></span> <span class='ocrx_word' id='word_1_805' title='bbox 2906 5211 2997 5282; x_wconf 88' lang='lat' dir='ltr'><strong>jus</strong></span> <span class='ocrx_word' id='word_1_806' title='bbox 3055 5211 3109 5266; x_wconf 88' lang='lat' dir='ltr'><strong>in</strong></span> <span class='ocrx_word' id='word_1_807' title='bbox 3157 5211 3461 5267; x_wconf 89' lang='lat' dir='ltr'><strong>domestica</strong></span> <span class='ocrx_word' id='word_1_808' title='bbox 3516 5212 3594 5267; x_wconf 89' lang='lat' dir='ltr'><strong>rei</strong></span> 
     </span>
    </p>
   </div>
   <div class='ocr_carea' id='block_1_110' title="bbox 1975 5303 3594 5376">
    <p class='ocr_par' dir='ltr' id='par_1_110' title="bbox 1975 5303 3594 5376">
     <span class='ocr_line' id='line_1_110' title="bbox 1975 5303 3594 5376; baseline 0.002 -18"><span class='ocrx_word' id='word_1_809' title='bbox 1975 5303 2264 5359; x_wconf 73' lang='lat' dir='ltr'><strong>familiaris</strong></span> <span class='ocrx_word' id='word_1_810' title='bbox 2287 5304 2634 5360; x_wconf 87' lang='lat' dir='ltr'><strong>ordinatione</strong></span> <span class='ocrx_word' id='word_1_811' title='bbox 2652 5304 2930 5360; x_wconf 90' lang='lat' dir='ltr'><strong>concedis.</strong></span> <span class='ocrx_word' id='word_1_812' title='bbox 2967 5303 3024 5360; x_wconf 86' lang='lat' dir='ltr'><strong>In</strong></span> <span class='ocrx_word' id='word_1_813' title='bbox 3054 5319 3164 5376; x_wconf 87' lang='lat' dir='ltr'><strong>quo</strong></span> <span class='ocrx_word' id='word_1_814' title='bbox 3186 5305 3401 5361; x_wconf 90' lang='lat' dir='ltr'><strong>scilicet</strong></span> <span class='ocrx_word' id='word_1_815' title='bbox 3423 5304 3594 5370; x_wconf 79' lang='lat' dir='ltr'><strong>facto.</strong></span> 
     </span>
    </p>
   </div>
   <div class='ocr_carea' id='block_1_111' title="bbox 1973 5396 3594 5468">
    <p class='ocr_par' dir='ltr' id='par_1_111' title="bbox 1973 5396 3594 5468">
     <span class='ocr_line' id='line_1_111' title="bbox 1973 5396 3594 5468; baseline 0.002 -17"><span class='ocrx_word' id='word_1_816' title='bbox 1973 5397 2104 5468; x_wconf 90' lang='lat' dir='ltr'><strong>quid</strong></span> <span class='ocrx_word' id='word_1_817' title='bbox 2144 5396 2292 5453; x_wconf 90' lang='lat' dir='ltr'><strong>aliud</strong></span> <span class='ocrx_word' id='word_1_818' title='bbox 2351 5412 2515 5468; x_wconf 90' lang='lat' dir='ltr'><strong>quam</strong></span> <span class='ocrx_word' id='word_1_819' title='bbox 2571 5405 2829 5451; x_wconf 88' lang='lat' dir='ltr'><strong>naturam</strong></span> <span class='ocrx_word' id='word_1_820' title='bbox 2873 5397 3016 5468; x_wconf 86' lang='lat' dir='ltr'><strong>ignis</strong></span> <span class='ocrx_word' id='word_1_821' title='bbox 3068 5398 3314 5455; x_wconf 87' lang='lat' dir='ltr'><strong>cerneris</strong></span> <span class='ocrx_word' id='word_1_822' title='bbox 3360 5399 3594 5464; x_wconf 84' lang='lat' dir='ltr'><strong>imitari,</strong></span> 
     </span>
    </p>
   </div>
   <div class='ocr_carea' id='block_1_112' title="bbox 1973 5487 3596 5559">
    <p class='ocr_par' dir='ltr' id='par_1_112' title="bbox 1973 5487 3596 5559">
     <span class='ocr_line' id='line_1_112' title="bbox 1973 5487 3596 5559; baseline 0.002 -18"><span class='ocrx_word' id='word_1_823' title='bbox 1973 5488 2066 5558; x_wconf 92' lang='lat' dir='ltr'><strong>qui</strong></span> <span class='ocrx_word' id='word_1_824' title='bbox 2097 5503 2222 5543; x_wconf 90' lang='lat' dir='ltr'><strong>cum</strong></span> <span class='ocrx_word' id='word_1_825' title='bbox 2250 5501 2317 5542; x_wconf 80' lang='lat' dir='ltr'><strong>ex</strong></span> <span class='ocrx_word' id='word_1_826' title='bbox 2341 5487 2505 5558; x_wconf 91' lang='lat' dir='ltr'><strong>lignis</strong></span> <span class='ocrx_word' id='word_1_827' title='bbox 2529 5489 2788 5558; x_wconf 90' lang='lat' dir='ltr'><strong>prodeat,</strong></span> <span class='ocrx_word' id='word_1_828' title='bbox 2824 5497 2968 5559; x_wconf 83' lang='lat' dir='ltr'><strong>ttgna</strong></span> <span class='ocrx_word' id='word_1_829' title='bbox 3001 5490 3280 5544; x_wconf 90' lang='lat' dir='ltr'><strong>consumit</strong></span> <span class='ocrx_word' id='word_1_830' title='bbox 3311 5501 3368 5546; x_wconf 91' lang='lat' dir='ltr'><strong>et</strong></span> <span class='ocrx_word' id='word_1_831' title='bbox 3405 5490 3459 5545; x_wconf 95' lang='lat' dir='ltr'><strong>in</strong></span> <span class='ocrx_word' id='word_1_832' title='bbox 3515 5491 3596 5545; x_wconf 83' lang='lat' dir='ltr'><strong>ci-</strong></span> 
     </span>
    </p>
   </div>
   <div class='ocr_carea' id='block_1_113' title="bbox 1975 5580 3598 5655">
    <p class='ocr_par' dir='ltr' id='par_1_113' title="bbox 1975 5580 3598 5655">
     <span class='ocr_line' id='line_1_113' title="bbox 1975 5580 3598 5655; baseline 0.002 -19"><span class='ocrx_word' id='word_1_833' title='bbox 1975 5595 2162 5636; x_wconf 90' lang='lat' dir='ltr'><strong>nerem</strong></span> <span class='ocrx_word' id='word_1_834' title='bbox 2193 5581 2379 5646; x_wconf 91' lang='lat' dir='ltr'><strong>vertit,</strong></span> <span class='ocrx_word' id='word_1_835' title='bbox 2413 5580 2625 5652; x_wconf 89' lang='lat' dir='ltr'><strong>lapides</strong></span> <span class='ocrx_word' id='word_1_836' title='bbox 2671 5589 2857 5637; x_wconf 87' lang='lat' dir='ltr'><strong>autem</strong></span> <span class='ocrx_word' id='word_1_837' title='bbox 2912 5583 3175 5655; x_wconf 82' lang='lat' dir='ltr'><strong>excoquit</strong></span> <span class='ocrx_word' id='word_1_838' title='bbox 3216 5596 3274 5639; x_wconf 88' lang='lat' dir='ltr'><strong>et</strong></span> <span class='ocrx_word' id='word_1_839' title='bbox 3326 5583 3598 5640; x_wconf 84' lang='lat' dir='ltr'><strong>candidos</strong></span> 
     </span>
    </p>
   </div>
   <div class='ocr_carea' id='block_1_114' title="bbox 1974 5675 3596 5750">
    <p class='ocr_par' dir='ltr' id='par_1_114' title="bbox 1974 5675 3596 5750">
     <span class='ocr_line' id='line_1_114' title="bbox 1974 5675 3596 5750; baseline 0.001 -17"><span class='ocrx_word' id='word_1_840' title='bbox 1974 5677 2189 5733; x_wconf 86' lang='lat' dir='ltr'><strong>reddit?</strong></span> <span class='ocrx_word' id='word_1_841' title='bbox 2222 5675 2395 5747; x_wconf 85' lang='lat' dir='ltr'><strong>Ligna</strong></span> <span class='ocrx_word' id='word_1_842' title='bbox 2449 5691 2668 5746; x_wconf 89' lang='lat' dir='ltr'><strong>nempe,</strong></span> <span class='ocrx_word' id='word_1_843' title='bbox 2721 5691 2788 5732; x_wconf 80' lang='lat' dir='ltr'><strong>ex</strong></span> <span class='ocrx_word' id='word_1_844' title='bbox 2845 5676 3045 5748; x_wconf 87' lang='lat' dir='ltr'><strong>quibus</strong></span> <span class='ocrx_word' id='word_1_845' title='bbox 3090 5678 3398 5750; x_wconf 84' lang='lat' dir='ltr'><strong>egreditur,</strong></span> <span class='ocrx_word' id='word_1_846' title='bbox 3435 5679 3596 5748; x_wconf 82' lang='lat' dir='ltr'><strong>quasi</strong></span> 
     </span>
    </p>
   </div>
   <div class='ocr_carea' id='block_1_115' title="bbox 1975 5766 3596 5839">
    <p class='ocr_par' dir='ltr' id='par_1_115' title="bbox 1975 5766 3596 5839">
     <span class='ocr_line' id='line_1_115' title="bbox 1975 5766 3596 5839; baseline 0 -17"><span class='ocrx_word' id='word_1_847' title='bbox 1975 5776 2202 5823; x_wconf 91' lang='lat' dir='ltr'><strong>matrem</strong></span> <span class='ocrx_word' id='word_1_848' title='bbox 2232 5767 2509 5823; x_wconf 86' lang='lat' dir='ltr'><strong>nascendo</strong></span> <span class='ocrx_word' id='word_1_849' title='bbox 2537 5766 3070 5839; x_wconf 86' lang='lat' dir='ltr'><strong>eonsumit;lapides</strong></span> <span class='ocrx_word' id='word_1_850' title='bbox 3097 5777 3305 5835; x_wconf 84' lang='lat' dir='ltr'><strong>autem,</strong></span> <span class='ocrx_word' id='word_1_851' title='bbox 3333 5783 3361 5824; x_wconf 89' lang='lat' dir='ltr'><strong>a</strong></span> <span class='ocrx_word' id='word_1_852' title='bbox 3391 5769 3596 5839; x_wconf 84' lang='lat' dir='ltr'><strong>quibus</strong></span> 
     </span>
    </p>
   </div>
   <div class='ocr_carea' id='block_1_116' title="bbox 1972 5858 3589 5931">
    <p class='ocr_par' dir='ltr' id='par_1_116' title="bbox 1972 5858 3589 5931">
     <span class='ocr_line' id='line_1_116' title="bbox 1972 5858 3589 5931; baseline 0.001 -16"><span class='ocrx_word' id='word_1_853' title='bbox 1972 5859 2359 5931; x_wconf 78' lang='lat' dir='ltr'><strong>exstinguitur,</strong></span> <span class='ocrx_word' id='word_1_854' title='bbox 2391 5859 2457 5923; x_wconf 87' lang='lat' dir='ltr'><strong>ad</strong></span> <span class='ocrx_word' id='word_1_855' title='bbox 2486 5859 2851 5914; x_wconf 73' lang='lat' dir='ltr'><strong>exhibendam</strong></span> <span class='ocrx_word' id='word_1_856' title='bbox 2887 5858 3058 5916; x_wconf 84' lang='lat' dir='ltr'><strong>calcis</strong></span> <span class='ocrx_word' id='word_1_857' title='bbox 3091 5859 3399 5915; x_wconf 88' lang='lat' dir='ltr'><strong>albedinem</strong></span> <span class='ocrx_word' id='word_1_858' title='bbox 3448 5875 3589 5916; x_wconf 81' lang='lat' dir='ltr'><strong>can-</strong></span> 
     </span>
    </p>
   </div>
   <div class='ocr_carea' id='block_1_117' title="bbox 1973 5951 3592 6028">
    <p class='ocr_par' dir='ltr' id='par_1_117' title="bbox 1973 5951 3592 6028">
     <span class='ocr_line' id='line_1_117' title="bbox 1973 5951 3592 6028; baseline 0.001 -19"><span class='ocrx_word' id='word_1_859' title='bbox 1973 5953 2130 6010; x_wconf 89' lang='lat' dir='ltr'><strong>didos</strong></span> <span class='ocrx_word' id='word_1_860' title='bbox 2157 5951 2307 6008; x_wconf 80' lang='lat' dir='ltr'><strong>facit.</strong></span> <span class='ocrx_word' id='word_1_861' title='bbox 2344 5953 2479 6009; x_wconf 89' lang='lat' dir='ltr'><strong>Cum</strong></span> <span class='ocrx_word' id='word_1_862' title='bbox 2514 5951 2682 6024; x_wconf 85' lang='lat' dir='ltr'><strong>igitur</strong></span> <span class='ocrx_word' id='word_1_863' title='bbox 2711 5952 2853 6024; x_wconf 81' lang='lat' dir='ltr'><strong>ignis</strong></span> <span class='ocrx_word' id='word_1_864' title='bbox 2880 5952 2933 6008; x_wconf 92' lang='lat' dir='ltr'><strong>in</strong></span> <span class='ocrx_word' id='word_1_865' title='bbox 2962 5953 3122 6025; x_wconf 91' lang='lat' dir='ltr'><strong>lignis</strong></span> <span class='ocrx_word' id='word_1_866' title='bbox 3145 5953 3355 6022; x_wconf 90' lang='lat' dir='ltr'><strong>ardeat,</strong></span> <span class='ocrx_word' id='word_1_867' title='bbox 3381 5951 3592 6028; x_wconf 68' lang='lat' dir='ltr'><strong>lapides</strong></span> 
     </span>
    </p>
   </div>
  </div>
