5428 6580
389 1107 396 1138 ;
409 1131 414 1136 .
431 1111 442 1126 η

407 1157 426 1200 ῖς

387 1213 394 1222 1
407 1219 442 1248 ...ἲ

385 1291 402 1314 2
415 1289 434 1312 εἰ

389 1383 414 1408 δῖ
423 1355 442 1392 ιτ·
449 1383 454 1388 ⁵

405 1401 450 1458 ἓξ

387 1457 394 1466 .
449 1459 456 1468 .

385 1549 448 1594 έῖϊρι

407 1611 454 1642 η.-

384 1660 389 1671 Ι

385 1681 404 1706 ς,
417 1681 436 1690 -ι
445 1687 452 1696 ι

393 1715 420 1738 ’.ιι

409 1745 458 1776 ει.-

385 1797 400 1816 ..
423 1795 440 1824 -Ι

1801 406 1907 463 ιω

2328 402 2387 460 8.
2420 401 2621 458 PETRI
2658 398 2935 457 DAMIANI
2973 397 3123 457 OPP.
3165 391 3346 455 ηις
3373 389 3505 451 εειι
3556 388 3789 451 TOIIUS
3826 389 3866 445 l.
3906 418 3975 431 —
4002 384 4219 445 EPIST.
4258 387 4383 443 Llu.
4426 383 4558 442 “li.

4942 381 5047 439 ωε

1801 530 2021 590 coquat,
2052 517 2351 576 contrarios
2398 515 2565 573 habet
2612 517 2666 571 in
2717 534 2821 573 non
2866 516 3154 573 contrariis
3206 514 3366 569 rebus
3394 510 3443 568 Δ
3472 506 3788 577 tranquilla!
3840 505 3990 561 Unde
4037 505 4290 559 Salomon
4325 523 4338 557 :
4372 523 4388 556 ι
4420 503 4498 559 Tu
4553 514 4775 567 autem,
4828 499 4999 571 inquit
5029 541 5044 563 ,

1801 608 2042 667 eiectus.
2071 608 2201 663 Nam
2225 611 2327 663 etsi
2353 609 2557 679 lapides
2584 620 2638 663 et
2678 610 2818 679 ligna
2842 609 3053 664 diversa
3087 610 3213 669 sint,
3248 621 3369 659 con-

1802 704 1970 756 traria
1993 717 2097 757 non
2132 712 2277 766 sunt,
2307 702 2448 756 sicut
2469 703 2648 755 allium
2674 712 2725 755 et
2756 703 2987 772 nigrum,
3038 714 3265 768 quorum
3314 697 3368 751 in

1801 793 1850 845 la
1892 792 2067 846 idibus
2096 808 2255 846 unum
2290 792 2442 856 facit,
2466 794 2695 846 alterum
2726 793 2778 845 in
2807 794 2982 863 lignis.
3033 790 3223 845 Clarus
3253 789 3369 842 illos

1799 880 2127 943 clariﬁcans,
2153 882 2267 935 hac
2293 880 2581 941 oﬂ‘uscans.
2608 897 2727 934 cum
2764 883 2814 933 in
2850 880 2951 935 illis
2974 880 3196 933 omnino
3238 878 3369 931 dell-

1798 980 1966 1033 eeret,
1994 972 2096 1025 nisi
2121 972 2172 1026 in
2200 972 2319 1026 istis
2342 974 2562 1027 viveret.
2596 972 2675 1027 Un
2700 975 2746 1028 le
2768 975 2899 1025 bene
2928 974 3007 1025 vir
3023 970 3246 1039 Sapiens
3270 969 3363 1021 ait:

1803 1080 1821 1111 ι
1851 1060 2065 1117 Honora
2104 1073 2305 1131 patrem
2332 1075 2502 1129 tuum,
2528 1074 2585 1119 et
2608 1065 2867 1133 gemitum
2906 1065 3097 1118 matris
3124 1072 3227 1115 tua:
3258 1077 3363 1115 non

1796 1154 2165 1217 obliviscaris;
2192 1165 2459 1209 memento
2481 1156 2736 1224 quoniam
2786 1156 2889 1208 nisi
2921 1170 3016 1223 per
3060 1154 3178 1207 illos
3209 1161 3367 1205 natus

1797 1259 1904 1300 non
1932 1244 2151 1309 fuisses,
2194 1254 2251 1300 et
2278 1246 2515 1301 retribue
2546 1246 2673 1310 illis,
2725 1246 2995 1316 quoniodo
3041 1253 3096 1299 et
3146 1243 3218 1296 illi
3266 1243 3364 1295 tibi

1797 1332 2127 1403 (Ere/ivit).
2162 1355 2179 1386 ι
2213 1335 2489 1405 Perpende
2529 1337 2710 1406 igitur,
2760 1347 2975 1406 quanta:
3029 1335 3365 1389 crudelitatis

1793 1425 1870 1480 sit
1905 1423 2024 1482 illos
2050 1426 2393 1497 despicienda
2423 1438 2785 1488 contemnere,
2819 1442 2914 1496 per
2956 1443 3091 1496 quos
3126 1427 3291 1480 habes
3312 1433 3366 1477 et

1787 1516 1965 1585 ipsum
1995 1532 2137 1580 esse,
2168 1528 2477 1587 quantaque
2522 1518 2740 1589 dignum
2797 1520 2869 1573 sit
2924 1529 2975 1573 te
3033 1520 3366 1587 genitoribus

1785 1605 1892 1659 tuis
1921 1606 2223 1662 humilitate
2243 1608 2515 1672 submitti,
2546 1608 2743 1678 quibus
2775 1620 2827 1663 et
2859 1611 3124 1662 naturalis
3176 1624 3359 1663 essen-

1785 1698 1876 1753 tia
1901 1701 2256 1756 substantiam
2286 1703 2472 1765 debes,
2504 1715 2561 1758 et
2592 1706 2731 1772 quod
2764 1704 2831 1757 ab
2863 1703 2968 1756 illis
3000 1714 3049 1755 te
3096 1718 3199 1755 non
3246 1716 3361 1752 am-

1786 1790 1930 1859 bigis
1960 1807 2183 1859 puerum
2208 1794 2538 1864 percepisse,
2583 1806 2917 1864 quantopere
2973 1795 3170 1848 debeas
3219 1806 3359 1845 nunc

3474 598 3786 653 Dominator
3818 598 4055 657 virtutis,
4085 612 4209 650 cum
4261 594 4649 663 tranquillitate
4706 590 4945 659 iudicas,
4993 602 5048 646 ct

3470 705 3591 743 cum
3623 705 3815 757 magna
3858 690 4161 741 reverentia
4214 686 4453 755 disponis
4504 699 4603 739 nos
4650 681 4802 751 (Sep.
4866 683 4985 749 xu).
5024 702 5041 735 ι

3470 780 3725 833 Eamu'em
3771 794 3901 832 sane
3935 778 4270 847 percussoris
4298 775 4595 836 maxillam,
4645 775 4745 828 hoc
4788 785 4873 827 est
4920 775 5047 826 sini.

3469 880 3655 929 strain,
3685 880 3901 939 repente
3932 869 4156 936 languor
4182 868 4398 929 invasit,
4424 882 4655 934 eumque
4686 865 4866 918 nimiis
4889 878 5047 917 vexa-

3470 976 3527 1013 re
3555 960 3829 1013 doloribus
3865 960 4049 1028 rapit.
4082 958 4325 1028 Cumque
4357 958 4583 1029 languor
4622 958 4674 1010 in
4712 956 4827 1009 dies
4870 956 5047 1021 perni-

3466 1051 3669 1104 ciosius
3719 1051 4139 1119 ingravesceret,
4188 1049 4472 1101 acerrimis
4521 1046 4769 1101 dolorum
4816 1045 5048 1099 stimulis

3467 1140 3739 1195 hominem
3810 1140 4225 1193 intolerabiliter
4273 1140 4543 1209 fatigaret,
4610 1138 4904 1208 mugitibus
4986 1150 5045 1188 ac

3466 1233 3788 1285 stridoribus
3824 1232 4028 1299 ejnlare
4059 1232 4424 1299 compelleret,
4460 1230 4674 1283 tandem
4722 1238 4899 1282 mater
4929 1240 5048 1296 qua

3464 1321 3767 1387 privignum
3804 1330 4045 1373 senserat
4075 1320 4125 1373 in
4154 1334 4494 1387 percussura,
4530 1315 4848 1384 recognovit
4877 1314 5046 1367 lilium

3466 1414 3518 1466 in
3550 1423 3773 1473 natura;
3807 1422 3859 1463 et
3886 1428 3989 1463 non
4016 1412 4295 1470 duritiam,
4320 1420 4372 1463 ut
4403 1409 4486 1463 ille
4516 1416 4811 1468 meruerat.
4852 1421 5049 1461 nover-

3464 1500 3657 1561 calem,
3685 1502 3776 1553 sed
3808 1512 4175 1554 maternorum
4203 1498 4421 1554 exhibet
4456 1500 4723 1553 viseerum
4769 1498 5045 1565 pietatm.

3463 1586 3581 1641 lam
3628 1606 3819 1656 nempe
3870 1589 4224 1642 tunwsieutis
4274 1588 4593 1641 mandibulc
4637 1602 4764 1639 caro
4818 1587 5051 1653 turpiter

3463 1680 4021 1746 Comptttrucrat.jam
4070 1680 4216 1731 virus
4267 1692 4329 1731 ac
4372 1678 4553 1732 sanies
4606 1692 4702 1745 per
4751 1690 5049 1729 concavam

3462 1770 3697 1819 vulneris
3723 1768 3951 1819 astulam
3989 1768 4300 1819 distillibat.
4346 1764 4587 1835 Cumque
4631 1764 4829 1818 misere
4877 1764 5051 1819 homi-

1784 1852 1939 1945 grata
1960 1852 2080 1934 vice
2111 1852 2329 1935 senibus
2368 1852 2671 1935 redhibere.
2726 1852 2877 1937 eis.
2920 1885 3179 1953 scripturn
3228 1892 3309 1935 est
3343 1896 3357 1934 :
3392 1852 3436 1911 ⁸
3468 1874 3588 1909 "et"
3622 1860 3745 1953 ιξὶιιὲ
3782 1860 3899 1953 mil}:

2920 1885 3179 1953 scriptum
3228 1892 3309 1935 est
3343 1896 3357 1934 :
3392 1852 3436 1911 ⁸
3468 1874 3588 1909 uel“
3622 1860 3745 1909 lliIH‘
3782 1860 3899 1908 mili:
3927 1860 4266 1925 pt‘rci-lleret,
4295 1866 4348 1908 et
4382 1854 4684 1909 exbalantis
4734 1856 5048 1925 corruptela

1789 1985 1810 2017 ι
1837 1967 1959 2031 Fili,
1991 1972 2201 2039 suscipe
2232 1984 2504 2026 senectam
2536 1974 2705 2041 patris
2732 1975 2831 2037 tui,
2863 1983 2915 2028 et
2958 1992 3026 2029 nc
3070 1977 3359 2030 contristes

1783 2070 1907 2110 eum
1936 2058 1988 2111 in
2014 2060 2118 2112 vita
2147 2060 2308 2125 illius,
2348 2072 2401 2116 et
2423 2063 2467 2116 si
2493 2064 2767 2125 defecerit,
2806 2066 3016 2119 veniam
3048 2068 3135 2126 da,
3183 2076 3237 2119 et
3292 2082 3359 2119 ne

1783 2163 2009 2218 spernas
2030 2166 2152 2206 eum
2183 2152 2237 2207 in
2270 2163 2359 2208 tua
2395 2156 2595 2209 virtute.
2621 2156 2809 2223 (Eccli.
2844 2158 2947 2227 tu).
2987 2177 3006 2210 ι
3064 2156 3167 2212 Sed
3223 2156 3360 2211 forte

1784 2240 1933 2295 dices
1965 2260 1977 2295 :
2011 2240 2182 2296 Mater
2213 2260 2328 2298 mea
2360 2260 2449 2298 me
2493 2244 2807 2314 frequenter
2856 2258 3168 2315 exasperat,
3210 2249 3360 2301 duris

1784 2331 1965 2384 verbis
2003 2348 2189 2386 meum
2204 2343 2258 2387 et
2292 2334 2475 2389 uxoris
2508 2351 2640 2389 mete
2673 2337 2833 2390 corda
2864 2339 3188 2406 perturbat;
3248 2354 3353 2391 non

1780 2435 2067 2489 possumus
2096 2431 2175 2476 tot
2205 2422 2519 2490 injuriarum
2547 2425 2744 2492 probra
2787 2425 3051 2494 perferre,
3076 2441 3181 2479 non
3216 2427 3357 2479 vale-

1781 2528 1906 2567 mus
1949 2515 2279 2569 austeritatis
2329 2515 2445 2583 ejus
2491 2527 2547 2570 et
2584 2530 2785 2571 severa
2812 2515 2973 2588 ειη
3001 2518 3357 2588 correptionis

1780 2600 2061 2656 molestias
2089 2602 2338 2659 tolerare.
2373 2604 2480 2659 Sed
2511 2606 2565 2658 in
2596 2606 2695 2659 hoc
2721 2607 2815 2659 tibi
2857 2609 3125 2673 copiosior
3150 2623 3357 2667 merce:

1781 2691 2104 2758 acquiritur,
2136 2693 2179 2744 si
2205 2693 2330 2746 dum
2384 2693 2764 2748 contumeliam
2815 2696 3066 2763 suscipis,
3115 2696 3354 2765 gratiam

1780 2776 1984 2839 reddis,
2015 2784 2069 2830 et
2095 2776 2220 2831 dum
2256 2779 2622 2834 conviciorum
2652 2780 2763 2835 sale
2813 2784 3211 2851 conspergeris,
3254 2782 3355 2837 hu-

1777 2864 2011 2920 militate
2046 2866 2328 2922 blandiris.
2364 2868 2501 2923 Hine
2527 2870 2670 2923 enim
2696 2880 2779 2924 est
2810 2889 2822 2923 :
2856 2890 2873 2921 ι
2900 2871 3244 2941 Eleemosyna
3264 2887 3357 2942 pa.

1777 2954 1880 3009 tris
1911 2970 2017 3009 non
2041 2956 2219 3011 eritin
2248 2957 2537 3019 oblivione.
2573 2974 2697 3012 nam
2750 2975 2851 3028 pro
2903 2974 3125 3029 peccato
3165 2964 3358 3017 matris

1777 3044 2098 3098 restituetur
2126 3045 2219 3099 tibi
2249 3045 2447 3100 bonum
2472 3044 2682 3117 (Ibid).
2711 3066 2731 3099 ι
2758 3046 2892 3101 Cum
2920 3049 3085 3118 igitur
3112 3066 3208 3119 pro
3232 3066 3355 3119 pec-

1782 3142 1902 3187 cato
1926 3135 2117 3188 matris
2142 3135 2341 3190 bonum
2372 3136 2698 3201 restituitur,
2735 3153 2834 3192 cur
2860 3139 3106 3201 saviens,
3138 3140 3221 3193 vel
3275 3144 3353 3193 in-

3468 1950 3763 2014 putredinis
3790 1958 3839 2001 et
3865 1948 4037 1999 intimi
4073 1950 4149 1998 vis
4184 1946 4383 1999 doloris
4414 1946 4711 2013 pmnitebat
4760 1944 4879 1998 initi
4922 1960 5051 1999 cou-

3466 2040 3637 2103 nubii,
3670 2052 3721 2093 et
3746 2042 3970 2092 alterum
4006 2040 4142 2093 forte
4177 2042 4347 2091 virum
4384 2040 4498 2107 jam
4550 2040 4826 2092 metuebat
4869 2038 5051 2101 uxori.

3464 2143 3518 2185 et
3544 2148 3703 2200 quam
3728 2138 3982 2184 cernebat
4004 2134 4214 2184 nnvlter
4237 2141 4480 2199 nuptam,
4498 2129 4612 2198 jam
4644 2132 5053 2200 quodammodo

3466 2226 3618 2288 quasi
3653 2224 3879 2273 biviram
3918 2224 4223 2288 deputabat.
4278 2220 4448 2275 Mater
4476 2222 4657 2289 itaque
4711 2222 5047 2288 periclitanti

3465 2312 3571 2364 llLo
3602 2311 3943 2377 DOIljllSlllliB
3974 2314 4223 2364 talionem
4256 2312 4506 2375 reddens,
4549 2311 4641 2366 sed
4673 2312 4927 2381 religiosa
4958 2326 5051 2381 po-

3464 2414 3569 2456 tius
3610 2405 3807 2471 pietate
3856 2406 4207 2471 compatiens,
4256 2404 4322 2456 ad
4374 2402 4658 2457 ecclesiam
4710 2401 4769 2455 B.
4832 2399 5051 2456 Nazarii

3464 2496 3717 2562 martyris
3741 2504 4011 2561 properat,
4049 2494 4355 2546 accumulat
4406 2504 4552 2555 vota,
4598 2491 4755 2546 oﬂert
4798 2508 5048 2555 munera,

3461 2584 3771 2652 pavimento
3812 2586 4205 2652 prosternitur,
4248 2594 4388 2645 orat,
4445 2584 4734 2645 obsecrat,
4784 2584 5047 2641 anhelat;

3462 2690 3525 2729 ac
3566 2676 3893 2743 delinquenti
3930 2678 4037 2727 lilio
4076 2678 4285 2727 veniam
4340 2675 4762 2743 lacrymabiliter
4821 2674 5047 2744 ﬂagitat.

3462 2769 3715 2824 Hateruis
3742 2772 3918 2837 itaque
3948 2772 4202 2837 precibus
4229 2770 4380 2821 adest
4413 2769 4591 2821 divina
4626 2769 5042 2829 misericordia;

3648 2871 3699 2915 et
3731 2878 3886 2928 quam
3922 2872 3975 2913 ut
4000 2877 4095 2929 pro
4128 2862 4350 2913 Ledente
4376 2861 4690 2926 deposceret
4738 2860 5047 2929 inspiravit,

3459 2954 3621 3005 etiam
3652 2962 3791 3003 utet
3844 2962 4191 3015 mgrotantem
4224 2952 4544 3019 propitiatus
4595 2952 4831 3021 erigeret
4882 2966 5051 3004 exan-

3460 3042 3609 3095 divit.
3640 3043 3802 3095 Paulo
3827 3054 3943 3108 post
3981 3043 4212 3109 denique
4242 3042 4432 3095 solutis
4483 3055 4547 3095 ac
4596 3040 4917 3110 putrefactis
4948 3058 5051 3095 un-

3459 3132 3617 3197 dique
3637 3136 3903 3191 carnibus,
3927 3150 3984 3183 os
4013 3133 4077 3185 de
4103 3134 4409 3186 tnandibula
4436 3134 4548 3185 ccci
4576 3134 4663 3195 lit;
4691 3148 4753 3187 ac
4777 3134 5052 3203 protinus.

1779 3233 1917 3290 iuste
1948 3223 2279 3293 delinquens,
2308 3239 2413 3279 non
2441 3226 2817 3294 (equanimiter
2844 3227 3186 3297 perferatur?
3224 3228 3351 3283 τα-
3381 3212 3426 3273 C
3456 3222 3599 3272 omni
3634 3222 3817 3274 dolore
3847 3222 4047 3287 fugato.
4091 3222 4313 3273 cit-atris
4364 3222 4641 3285 occalluit,
4694 3223 4882 3291 sicque
4936 3222 5053 3289 iam

1780 3314 1937 3369 ribile
1960 3325 2107 3370 certe
2124 3318 2366 3385 estquod
2393 3318 2676 3387 Scriptura
2703 3319 2834 3373 dicit
2868 3336 2879 3372 ;
2920 3339 2938 3371 ι
2973 3318 3146 3386 Quam
3199 3322 3353 3374 malae

1780 3409 1941 3465 ﬁnite
1962 3420 2064 3475 est,
2093 3412 2185 3481 qui
2213 3412 2466 3480 relinquit
2498 3422 2729 3481 patrem,
2753 3422 2807 3467 et
2836 3421 2921 3468 est
2962 3414 3279 3469 maledictus
3323 3432 3352 3469 a

1779 3497 1891 3556 Deo
1919 3492 2007 3568 qui
2032 3510 2317 3570 exasperat
2338 3512 2566 3556 matrem
2597 3501 2805 3571 (Ibid).
2838 3522 2857 3556 ι
2892 3503 3093 3569 Porro,
3143 3506 3233 3573 qui
3264 3521 3355 3575 pa—

1782 3595 1966 3642 rentes
1996 3587 2303 3653 inhonorat,
2328 3590 2585 3658 quoniam
2611 3591 2871 3645 divinitus
2893 3592 3201 3657 abdicatur,
3226 3610 3356 3647 nun-

1780 3675 1910 3746 quid
1932 3690 2039 3729 non
2064 3685 2119 3731 et
2151 3677 2201 3730 in
2225 3678 2326 3733 hac
2354 3678 2461 3732 vita
2490 3668 3008 3735 confunditurfSed
3034 3683 3159 3736 audi
3209 3680 3355 3738 Scri-

1779 3772 1996 3834 pturam
2025 3779 2040 3818 :
2070 3784 2087 3815 ι
2119 3763 2317 3828 Gloria,
2345 3767 2539 3830 innuit,
2563 3768 2794 3824 hominis
2822 3784 2887 3825 ex
2940 3772 3146 3828 honore
3188 3775 3356 3842 patris

1779 3852 1889 3919 sui,
1922 3863 1977 3908 et
2005 3853 2237 3910 dedecus
2268 3856 2359 3911 filii
2388 3866 2544 3927 pater
2567 3860 2684 3912 sine
2708 3859 2912 3915 honore
2935 3860 3148 3931 (Ibid).
3182 3882 3202 3914 ι
3248 3864 3354 3919 Sed

1785 3940 1912 3996 dum
1938 3951 2175 3997 veterum
2200 3946 2538 4015 congerimus
2578 3949 2885 4003 testimonia
2930 3948 3355 4020 Seripturarnm,

1780 4030 1945 4086 etiam
1972 4032 2096 4086 novi
2123 4048 2280 4088 casus
2305 4049 2572 4103 apponere
2598 4052 2703 4091 non
2732 4054 3019 4107 gravemur
3031 4042 3355 4110 exemplum,

1786 4128 1848 4172 ut
1870 4119 2061 4174 saltem
2080 4130 2294 4175 ostensa
2320 4122 2512 4176 divina:
2529 4124 2752 4191 iustitia
2774 4127 3010 4182 vindicta
3041 4128 3197 4201 [non]
3222 4146 3356 4199 prm-

1778 4216 1987 4273 tereat,
2037 4223 2171 4277 quos
2219 4212 2591 4266 mandatorum
2637 4214 2935 4269 emit-stium
2986 4218 3197 4288 cingula
3252 4235 3357 4276 non

1775 4297 2073 4355 refrenant.

1856 4389 2037 4445 Pridie
2069 4406 2260 4461 nempe
2289 4401 2410 4461 post
2438 4408 2743 4463 vesperam,
2772 4412 2835 4451 ex
2888 4413 2984 4453 ore
3036 4400 3205 4469 ipsius
3239 4400 3356 4455 Ale-

1777 4480 1970 4535 xandri
2012 4482 2336 4537 venerabilis
2368 4495 2539 4553 papae,
2590 4500 2677 4539 me
2716 4488 2943 4557 contigit
2985 4490 3172 4545 audire
3215 4494 3355 4560 quoi

3456 3313 3798 3379 desperatum
3855 3313 4126 3363 hominem
4172 3311 4529 3365 incolumitati
4574 3313 4819 3379 pristina
4868 3312 5053 3366 divina

3456 3402 3627 3470 pietas
3656 3404 3940 3469 reparavit.
3974 3401 4081 3455 lioc
4113 3404 4294 3470 itaque
4338 3403 4495 3456 modo
4522 3404 4574 3455 iu
4603 3404 4763 3457 unius
4816 3404 5057 3457 hominis

3458 3492 3614 3552 facie,
3646 3501 3699 3545 et
3726 3493 3918 3545 divina
3967 3496 4081 3545 ﬂllSt
4108 3496 4354 3547 riCordize
4382 3495 4670 3549 character
4696 3496 5051 3562 exprimitur,

3456 3592 3510 3636 et
3539 3583 3786 3636 humana:
3800 3583 3967 3651 Cttlpm
3985 3584 4319 3647 signaculum
4338 3585 4602 3637 retinetur
4626 3604 4638 3637 ;
4665 3586 4867 3637 utdnm
4892 3599 5059 3639 exos-

3457 3682 3571 3724 sala
3608 3670 3774 3723 facies
3803 3674 4061 3733 cernitur,
4091 3682 4145 3724 et
4177 3682 4361 3725 sanata
4386 3674 4667 3727 evidenter
4716 3674 4956 3735 eluceat,
4999 3684 5057 3728 et

3457 3762 3585 3831 quid
3617 3762 3998 3816 {iliismientis
4043 3763 4103 3829 (Ῑ.
4135 3763 4407 3831 impietas)
4463 3764 4755 3822 immeruit.
4814 3772 4873 3815 es
4924 3763 5057 3832 quid

3456 3854 3505 3907 ei
3529 3854 3668 3922 apud
3695 3869 3852 3907 aures
3880 3855 4074 3907 divina:
4100 3856 4398 3908 clementi:
4423 3864 4667 3909 materna
4720 3855 4898 3925 pietas
4954 3857 5058 3909 im-

3458 3942 3710 4011 petravit.
3746 3942 3865 3995 Hrec
3896 3946 4055 4010 igitur
4080 3954 4147 4003 te,
4185 3946 4264 3995 vir
4294 3946 4595 3998 clarissime
4620 3985 4636 4009 ,
4662 3946 4853 3999 divina
4880 3947 5059 4001 virtus

3458 4028 3765 4093 admoneat,
3792 4032 3900 4084 ἰκρι-
3936 4033 4262 4100 prosilientis
4285 4034 4336 4085 in
4366 4042 4591 4086 matrem
4640 4031 4798 4104 plaga
4839 4046 5059 4104 perter-

3461 4131 3598 4181 rent,
3634 4132 3687 4174 et
3715 4138 3817 4174 non
3849 4124 4004 4191 modo
4034 4136 4111 4183 se,
4143 4123 4234 4174 sed
4273 4133 4327 4173 et
4357 4123 4761 4177 screnisaimam
4822 4139 5069 4183 uxorm

3460 4219 3607 4264 tuam
3636 4227 3665 4262 a
3704 4216 3944 4263 soeerina
3976 4228 4197 4279 prorsus
4220 4212 4517 4264 ollensionc
4546 4223 4859 4280 compescat
4884 4230 5059 4284 εφη.

3462 4310 3617 4357 tenus
3646 4303 3769 4353 dum
3802 4305 4036 4355 bonoras
4079 4314 4358 4370 parentem
4403 4302 4546 4371 quod
4575 4314 4659 4356 est
4701 4304 4946 4371 primum
5006 4306 5059 4359 ia

3460 4395 3815 4462 promissione
3836 4396 4144 4447 mandatum
4186 4394 4381 4461 (Exod.
4432 4411 4494 4447 ιι
4522 4411 4536 4453 ;
4571 4393 4721 4447 Deut.
4748 4410 4778 4443 v
4808 4414 4825 4459 ;
4858 4395 5061 4451 luat.

3464 4486 3572 4551 av),
3630 4486 3946 4536 transmisso
3986 4484 4307 4551 quandoque
4352 4483 4590 4546 deserto,
4642 4500 4765 4539 cum
4822 4484 4911 4539 his
4966 4486 5059 4555 Qui

1779 4566 1981 4622 refero.
2021 4568 2315 4623 Ardericus
2342 4609 2357 4634 ,
2403 4571 2621 4641 inquit,
2670 4576 2887 4642 quidam
2943 4550 3357 4633 Mediolanensis
3390 4550 3433 4609 θ
3458 4579 3571 4631 veri
3606 4587 3725 4631 sunt
3752 4577 4021 4639 lsraelitr,
4058 4587 4257 4629 terram
4297 4576 4559 4629 merearis
4601 4575 4811 4629 intrare
4868 4578 5053 4631 viven-

1778 4657 1930 4739 urhis
1950 4658 2221 4729 indigena,
2245 4660 2371 4715 dum
2396 4676 2563 4717 uxore
2593 4664 2772 4729 ducta,
2800 4665 3094 4723 celebraret
3120 4670 3356 4739 nuptiale

1783 4736 2139 4816 convivium,
2198 4764 2528 4821 conquestus
2578 4762 2661 4808 est
2711 4755 2956 4824 upipator
3007 4736 3354 4829 conspersum

1784 4840 1953 4909 epulis
1982 4840 2241 4897 defecisse
2265 4842 2616 4913 pigmentum.
2668 4845 2910 4916 Cumque
2943 4847 3098 4915 hujus
3156 4851 3231 4905 rei
3266 4866 3355 4905 ca-

1783 4928 2047 4984 lumniam
2072 4944 2298 4999 sponsus
2329 4933 2382 4987 in
2406 4943 2633 4987 matrem
2660 4951 2765 4989 non
2794 4938 2908 4990 sine
2931 4939 3163 5006 quodam
3185 4940 3351 5012 jurgil

1783 5028 1997 5075 tumore
2027 5019 2357 5085 devolveret,
2378 5030 2435 5074 et
2460 5036 2559 5076 cur
2596 5024 2737 5078 hanc
2796 5035 3076 5094 pateretur
3120 5029 3348 5097 inopiam

1782 5111 1952 5167 iratus
1970 5121 2027 5165 et
2044 5120 2336 5167 contumax
2362 5100 2688 5181 inquisisset.
2727 5126 2900 5171 mater
2920 5127 3100 5171 autem
3123 5135 3181 5173 se
3211 5121 3351 5175 sum-

1781 5200 1992 5256 cienter
2013 5203 2323 5259 exhibuisse
2358 5204 2621 5260 ministris
2657 5206 2795 5260 hanc
2816 5209 3049 5275 speciem
3104 5221 3351 5279 econtra-

1781 5289 1866 5344 rio
1895 5291 2259 5359 responderet,
2292 5292 2381 5348 ille
2404 5294 2618 5348 tandem
2645 5294 2934 5352 iracundia
2971 5297 3093 5353 felle
3146 5314 3350 5369 permoo

1782 5388 1894 5445 tus,
1926 5397 2121 5437 manus
2145 5383 2343 5439 inferre
2370 5399 2477 5439 non
2504 5384 2705 5448 timuit,
2751 5386 2909 5455 eique
2956 5398 3241 5459 protervus
3289 5406 3351 5446 ac

1783 5475 1987 5531 iuriose
2021 5476 2305 5532 vesaniens
2329 5475 2540 5547 alapam
2565 5476 2925 5532 irreverenter
2952 5480 3193 5535 incussit.
3223 5482 3351 5538 Sed.

1782 5582 1818 5623 θ
1840 5566 2020 5621 divina
2043 5566 2250 5636 iustitia
2274 5561 2609 5623 iracundiam
2643 5576 2882 5623 nostram
2908 5569 3212 5637 vindicans,
3257 5576 3351 5629 sed

1785 5674 1893 5717 non
1923 5658 2095 5723 irata;
2125 5658 2177 5711 in
2211 5658 2436 5714 furentis
2485 5658 2651 5713 animi
2710 5660 2914 5715 rabiem
2956 5664 3202 5729 micas,
3258 5667 3354 5719 sed

1790 5751 2005 5823 quieta;
2035 5750 2299 5811 ulciscens
2348 5752 2622 5822 impacata
2673 5753 2869 5808 mentis
2916 5754 3205 5819 insaniam,
3258 5758 3352 5812 sed

3459 4671 3609 4724 tium.

4016 4800 4345 4857 EPISTOLA
4386 4801 4472 4856 IV.

3456 4954 3523 4995 AD
3555 4953 3851 4994 Αιιιιιιςωι
3879 4950 4210 5000 δεκιτοειῑι,
4238 4950 4459 4997 υῦδουι
4487 4948 4701 4989 UIOIII
4726 4947 5057 4988 ειιιιιςιι.

3458 5092 4258 5152 Accusant—Albanum
4300 5101 4355 5145 et
4390 5091 4507 5159 ejus
4546 5090 4834 5157 coniugem
4867 5131 4883 5145 .
4936 5092 5045 5151 ψει

3529 5170 3627 5220 lius
3660 5170 3796 5217 lilius
3830 5166 4001 5217 infans
4036 5172 4279 5214 recc-uter
4329 5171 4569 5214 mortuus
4600 5170 4747 5219 erat,
4776 5160 5055 5213 conualui

3534 5240 3746 5295 nititur,
3799 5238 4087 5287 Ostetitlt’lts
4140 5233 4323 5283 la-titia
4373 5232 4549 5297 potius
4596 5245 4762 5299 quam
4814 5245 5051 5283 Μελίην

3527 5308 3895 5371 excipiendam
3942 5320 4060 5355 esse
4112 5302 4249 5353 illius
4286 5311 4535 5359 mortem,
4594 5309 4780 5371 utpote
4827 5316 4958 5352 cum
4992 5302 5051 5347 ad

3526 5370 3914 5443 sempiternam
3945 5374 4252 5425 lelieitatem
4279 5386 4342 5423 ex
4378 5372 4478 5423 bac
4510 5370 4861 5443 miseriarum
4912 5372 5051 5421 valle

3528 5440 3779 5501 sinequ
3808 5448 3987 5497 labore
4014 5455 4063 5497 et
4092 5443 4389 5495 certamine
4414 5441 4707 5494 translatus
4726 5440 4821 5493 sit.

3529 5577 3736 5630 Domno
3792 5576 4061 5629 Atsuico
4116 5574 4399 5627 senatoria:
4453 5572 4733 5641 dignitatis
4788 5574 4943 5631 vim.
4998 5582 5049 5625 et

3462 5665 3743 5721 Eurus:
3769 5667 3999 5733 conjugi,
4032 5664 4243 5719 Perses
4266 5674 4515 5733 peccator
4554 5664 4855 5718 monachus
4900 5664 5047 5716 nlu-

3459 5766 3563 5811 tem
3594 5757 3645 5810 in
3673 5756 3913 5810 Domino.
