5428 6564
286 350 441 408 ιω

352 460 639 531 Noveritts,
668 455 1028 542 dilectissimi,
1066 476 1190 545 quia
1216 492 1337 533 cum
1392 486 1740 541 comtnunem
1788 504 1883 544 ex-

283 552 543 611 cellentia:
574 567 764 613 Vestrae
780 559 948 617 lilium
975 579 1041 618 a:t
1070 567 1160 622 Dei
1184 569 1880 646 omnipotentisimpetium

284 659 345 700 ex
377 647 477 701 hoc
500 648 698 704 steculo
728 655 986 711 transisse
1011 662 1386 729 cognovimus,
1418 666 1584 721 subiti
1610 684 1710 725 uos
1742 686 1881 727 mte—

286 739 421 793 roris
444 742 691 810 angustia
721 747 971 813 perculit,
998 761 1054 804 et
1081 753 1318 809 tristitia:
1338 772 1443 811 non
1471 758 1605 816 levis
1660 763 1881 820 aculeus

282 843 376 883 cur
414 840 656 885 nostrum
692 834 779 902 pia
829 842 1206 908 coutpassione
1254 847 1546 904 transﬁxit.
1597 850 1702 905 Sed
1754 868 1878 908 cttm

283 928 495 990 recepto
525 924 755 979 consilio
781 928 1069 997 diligenter
1098 937 1420 993 examinare
1455 955 1569 995 rem
1590 943 1877 1013 coepimus,

282 1020 328 1063 et
354 1014 714 1083 nosmetipsos
742 1021 1197 1087 reprelteusilsiles
1220 1024 1551 1096 iudicamus,
1590 1017 1664 1089 et
1711 1036 1885 1091 subli-

282 1100 483 1156 mitatis
506 1115 700 1160 vestrae
722 1110 1065 1176 prudentiam
1097 1129 1388 1173 maerorem
1429 1120 1702 1192 deponere
1751 1126 1882 1181 sub-

281 1190 459 1246 missis
484 1195 738 1263 precibus
766 1198 1045 1257 humiliter
1068 1205 1379 1263 suademus.
1414 1190 1555 1277 Quid
1583 1213 1729 1269 enim
1750 1214 1877 1270 boni

278 1291 457 1338 vestra
484 1284 699 1342 devotio
726 1287 777 1343 in
805 1305 1099 1363 conspectu
1136 1298 1228 1351 Dei
1278 1302 1668 1371 omnipotentis
1710 1322 1878 1379 agere

279 1373 552 1441 potuit,ut
579 1377 693 1447 ipse
723 1382 874 1437 vobis
924 1388 1056 1440 tanti
1106 1392 1351 1447 muneris
1404 1394 1726 1453 beneficium
1760 1416 1875 1456 me-

280 1464 379 1517 rito
404 1468 783 1533 prtestitisset?
818 1473 1077 1532 Videlicet
1110 1490 1170 1533 ιιι
1193 1481 1260 1536 de
1302 1486 1511 1540 semine
1550 1500 1731 1545 vestro
1783 1507 1874 1547 so-

276 1556 451 1613 bolem
482 1558 551 1614 ad
584 1562 826 1619 coelestia
854 1582 1015 1637 regna
1063 1573 1407 1639 transferret,
1460 1579 1603 1634 inter
1656 1584 1877 1654 angelos

280 1650 657 1714 constitueret,
685 1656 819 1709 stola
848 1658 1275 1722 immortalitatis
1304 1668 1571 1736 indueret,
1597 1689 1660 1728 ac
1684 1650 1875 1731 diade-

278 1749 418 1796 mate
455 1752 728 1813 perpetua:
755 1748 940 1817 gloria:
991 1766 1318 1813 coronaret:
1374 1762 1608 1830 propriis
1652 1764 1875 1835 insuper

278 1830 415 1887 ulnis
440 1836 787 1909 astringeret,
816 1845 999 1899 oscula
1034 1857 1290 1919 tauquam
1330 1853 1504 1908 dulcis
1548 1865 1702 1925 pater
1752 1858 1871 1913 inﬁ-
1906 1858 1949 1917 B
1977 1875 2022 1929 Α

277 1933 445 1994 geret,
475 1937 530 1983 et
552 1930 695 1985 velut
723 1936 992 1991 ttterinum
1020 1940 1209 2005 filium,
1238 1944 1289 1997 in
1323 1946 1413 1999 illo
1436 1948 1633 2015 quietis
1659 1959 1877 2008 reterns:

277 2017 513 2077 thalamo
534 2021 767 2080 feliciter
795 2028 932 2083 collo
967 2042 1102 2087 aret.
1142 2035 1279 2090 Ecce
1303 2054 1398 2092 nos
1424 2039 1662 2095 infelices
1688 2054 1741 2097 et
1781 2043 1875 2097 mi-

276 2109 559 2179 Ieri,quod
586 2115 770 2185 utique
792 2118 858 2171 de
876 2136 960 2174 me
992 2124 1235 2195 meisque
1251 2128 1517 2183 similibus
1544 2140 1599 2185 et
1626 2148 1875 2204 compec-

274 2196 545 2253 catoribus
567 2199 793 2272 loquor,
837 2209 979 2276 quod
1021 2211 1333 2280 jejunantes
1356 2226 1411 2269 et
1437 2218 1697 2275 adversus
1721 2196 1873 2278 mali-

272 2298 406 2356 gnos
427 2288 651 2359 spiritus
678 2295 808 2350 inim
831 2298 1037 2355 lerabili
1068 2308 1473 2363 concertatione
1491 2311 1696 2380 jugiter
1718 2314 1876 2371 oblu-

273 2383 484 2435 ctantes
497 2396 718 2451 sperare
734 2388 820 2442 vix
837 2406 1153 2461 possumus;
1177 2396 1278 2453 iste
1304 2400 1420 2454 sine
1447 2402 1552 2457 ulla
1578 2408 1792 2463 sudoris
1817 2418 1872 2465 ct

276 2464 474 2524 laboris
498 2470 665 2545 276
711 2477 989 2547 instantia,
1038 2490 1208 2553 gratis
1235 2490 1570 2558 obtinuit,et
1618 2498 1685 2551 ad
1736 2499 1869 2554 illud

274 2554 554 2618 beatorum
594 2568 793 2622 civium
825 2574 1066 2644 nuptiale
1108 2582 1416 2636 convivium
1464 2586 1583 2641 sine
1615 2588 1724 2645 ullo
1752 2607 1872 2647 cer-

278 2651 492 2707 laminis
548 2672 612 2711 ac
666 2656 870 2715 fastidii
929 2663 1117 2722 lalzore
1164 2674 1434 2739 pervenit.
1468 2675 1587 2732 lluc
1633 2682 1866 2748 accedit,

276 2742 402 2812 quia
432 2747 523 2815 qui
572 2748 741 2805 lilium
774 2754 839 2809 de
868 2760 1065 2814 vestris
1096 2763 1347 2819 manibus
1392 2768 1635 2834 abstulit,
1663 2781 1718 2828 et
1742 2790 1867 2830 eum

276 2831 394 2903 plus
428 2837 530 2892 sibi
561 2855 724 2910 quam
763 2845 915 2903 vobis
944 2849 1193 2921 diligens,
1228 2853 1281 2907 in
1312 2859 1732 2926 contubernium
1757 2881 1870 2923 suae

276 2920 582 2995 adoptionis
607 2932 820 3001 ascivit,
847 2920 1057 3007 potens
1079 2952 1163 2995 est
1194 2942 1362 2999 multo
1393 2948 1545 3004 vobis
1586 2952 1867 3012 meliorem

275 3015 535 3087 redderet;
561 3030 617 3077 et
651 3037 749 3093 pro
776 3041 906 3094 uno,
936 3030 1286 3101 multiplicent
1331 3050 1399 3090 ex
1430 3040 1585 3096 vobis
1623 3045 1865 3102 sobolem

274 3118 588 3181 propagare.
616 3111 768 3169 Anna
803 3119 1058 3175 nimirum
1090 3139 1230 3179 uxor
1273 3124 1512 3196 Elcanae,
1547 3135 1766 3191 unicum
1800 3139 1865 3193 fi-

1384 369 1608 428 ηιιΒιξιι
1649 373 2000 447 OCTAVUS,
2039 381 2257 442 EPlST.
2292 383 2357 443 ν.

3489 398 3597 455 s70

1910 492 1961 553 Α
1988 489 2242 565 Nunquid
2272 508 2467 567 potero
2501 517 2759 561 revocare
2786 519 2913 562 eum
2957 506 3228 580 amplius?
3255 508 3369 583 Ego
3398 509 3595 578 vadaut

1986 586 2160 657 magis
2181 590 2247 642 ad
2270 605 2391 644 eum
2415 609 2427 653 ;
2456 592 2542 648 ille
2558 610 2665 651 nou
2690 608 2997 655 revertetur
3017 600 3083 655 ad
3102 601 3257 673 me(I
3280 602 3405 676 Reg.
3436 603 3589 675 χιι).ι

1986 677 2375 748 Quamobrem,
2408 684 2770 756 dilectissimi,
2805 692 2991 747 omnia
3023 692 3229 749 doloris
3260 706 3424 768 atque
3453 710 3593 753 mw

1984 772 2149 827 stitia:
2178 772 2410 830 lamenta
2442 778 2718 850 deponite,
2761 782 2920 839 solita
2970 786 3154 841 domui
3202 798 3397 844 vestra:
3438 789 3597 860 spiri-

1985 865 2147 921 tualis
2194 867 2396 924 la:titi-.e
2444 874 2641 939 gaudia
2695 886 2967 946 reparate,
3004 890 3218 935 mentes
3269 882 3595 939 vestras'ad

1983 970 2135 1025 spem
2166 972 2419 1028 superna:
2448 964 2843 1021 consolationis
2874 968 3093 1040 erigite,
3124 979 3181 1026 et
3206 971 3375 1027 divini
3401 974 3597 1029 verbe-

1983 1048 2059 1102 ris
2086 1050 2227 1107 ictus
2280 1061 2400 1107 non‘
2432 1054 2609 1111 solum
2652 1058 2929 1128 patienter
2959 1072 3015 1117 et
3058 1064 3462 1134 :equaniutiter,
3496 1062 3595 1122 sed

1981 1141 2146 1197 etiam
2162 1142 2418 1200 alacriter
2443 1147 2691 1203 tolerate.
2710 1144 3070 1222 Omnipotens
3092 1154 3366 1224 Dcus,qui
3392 1154 3594 1211 Filium

1980 1242 2221 1287 vestrum
2273 1235 2340 1291 de
2390 1238 2585 1295 veStris
2612 1241 2866 1298 manibus
2914 1242 3125 1310 tollere,
3175 1256 3231 1300 et
3263 1247 3315 1301 in
3346 1248 3591 1317 propria:

1980 1324 2289 1383 dilectionis
2343 1331 2629 1399 amplexus
2682 1334 2935 1404 dignatus
2979 1346 3063 1393 est
3116 1347 3345 1409 paterna
3382 1341 3595 1411 pietate

1982 1416 2298 1484 transferre,
2332 1421 2615 1492 multiplex
2657 1426 2847 1496 utique
2877 1442 2979 1498 pro
3015 1445 3125 1483 ιιιιο
3150 1445 3321 1499 puero
3366 1446 3591 1503 germen

1979 1508 2262 1573 attribuat,
2292 1518 2345 1566 et
2386 1513 2608 1585 insuper
2638 1531 2917 1587 nunquam
2963 1521 3292 1577 morituram
3322 1523 3593 1579 bonorqu

1977 1614 2200 1669 operum
2230 1602 2472 1657 sobolem
2502 1619 2701 1676 genera
2713 1622 2771 1661 re
2800 1608 3089 1665 concedat.

2548 1696 2885 1755 EPlSTOLA
2950 1699 3015 1758 γ.

2326 1802 2393 1841 Αἰ)
2434 1804 2651 1845 ΡΕΊἬΗΙΙ
2691 1805 3014 1846 ΒΕΝΔΤΟΒΕΙ
3056 1810 3229 1850 UBBIS.

2026 1892 2379 1935 nouussruu.
2404 1912 2472 1921 —-
2502 1881 2722 1937 Petrum
2749 1887 3040 1940 senatoriae
3071 1884 3356 1960 dignitatis
3386 1890 3590 1956 virum,

2048 1951 2139 2017 qui
2171 1953 2459 2005 ecclesiam
2485 1965 2802 2046 construere
2829 1951 3158 2046 aggressus:
3174 1963 3357 2046 nescio
3382 1977 3489 2046 qua
3523 1962 3594 2018 de

2047 2034 2232 2079 causa,
2261 2025 2443 2075 statim
2494 2026 2563 2079 ab
2602 2026 2819 2101 incepto
2862 2025 3168 2095 destiterat,
3202 2032 3269 2084 ad
3303 2025 3592 2101 perlicien-

2048 2090 2173 2143 dum
2227 2104 2468 2161 corptum
2506 2110 2644 2164 opus
2682 2090 2957 2161 hortatur,
2986 2090 3430 2157 ostettdeus'non
3462 2118 3589 2157 esse

2048 2167 2391 2226 verumqued
2418 2166 2661 2220 nonnulli
2686 2168 3020 2238 garriebant.
3038 2171 3253 2226 nullam
3280 2176 3589 2229 mercedem

2048 2232 2119 2313 iis.
2139 2233 2299 2313 tribui
2383 2236 2617 2327 [tumqui
2645 2232 3390 2327 ecclesiasz77:editicaut.
3420 2244 3591 2327 Cujus

2048 2302 2636 2371 reigratiaSalomo'nis
2652 2317 2707 2364 et
2734 2302 3231 2383 aliomﬁbx'etupla
3260 2315 3311 2368 itt
3349 2302 3591 2371 mediittn

2046 2373 2223 2428 ειΠοι-ι.

2045 2464 2253 2520 Domuo
2286 2466 2470 2523 Psrno
2510 2472 2803 2529 senatoriae
2851 2474 3135 2545 dignitatis
3185 2480 3325 2543 viro,
3370 2482 3591 2537 Psrncs

1972 2558 2225 2625 peccator
2257 2563 2555 2615 monachus
2594 2563 2827 2619 salutem
2873 2566 2922 2619 itt
2966 2568 3212 2622 Domino.

2044 2649 2354 2705 Electorum
2404 2668 2469 2708 ac
2532 2657 2888 2724 reproborqu
2953 2675 3246 2717 commune
3298 2672 3381 2718 est
3443 2670 3587 2720 bona

1970 2744 2224 2812 quzelibet
2273 2745 2652 2804 indill'erenter
2703 2750 2965 2822 incipere,
3015 2754 3109 2808 sed
3159 2756 3462 2814 electorum
3502 2769 3590 2815 est

1971 2834 2280 2900 specialiter
2352 2852 2474 2906 qua:
2538 2839 2678 2895 bene
2746 2852 2926 2912 empta
2982 2854 3109 2900 sunt
3170 2862 3581 2906 consummare.

1970 2920 2063 2977 Isti
2093 2925 2361 2996 siquidem
2394 2928 2451 2982 in
2475 2944 2541 2983 eo
2572 2931 2715 2999 quod
2767 2932 3029 2991 inchoent
3062 2936 3420 2995 immobiliter
3459 2956 3586 3011 per-

1970 3025 2225 3073 severant
2262 3035 2274 3070 :
2307 3017 2404 3083 illi,
2447 3020 2573 3073 dum
2621 3037 2840 3092 semper
2873 3026 3298 3083 inconstantiam
3350 3031 3587 3094 variant,

1970 3119 2308 3178 proposrtum
2352 3109 2617 3166 velociter
2666 3108 2898 3170 mutant.
2956 3116 3113 3173 Unde
3161 3120 3425 3190 scriptum
3455 3130 3585 3178 est:

272 3194 402 3253 hum
427 3200 479 3255 in
509 3203 861 3263 “barunculo
890 3209 956 3263 ad
987 3216 1286 3272 servam,“
1314 3216 1449 3291 legis
1474 3194 1669 3279 (min
1715 3243 1867 3283 ρπϐ-
1897 3215 1944 3277 C
1982 3217 1999 3249 ι
2049 3200 2259 3256 Stultus
2292 3211 2348 3254 ut
2378 3201 2502 3256 lttna
2538 3212 2781 3259 mutatur
2823 3206 3015 3278 (Eccli.
3064 3212 3259 3280 xxv").
3302 3231 3319 3264 ι
3357 3213 3589 3283 (prtstt

252 3288 706 3364 rmouiasjugiter
749 3300 1023 3356 excubare
1069 3288 1387 3375 constituit,
1433 3325 1687 3383 eumque,
1723 3317 1867 3373 sicut

272 3379 549 3454 Scriptura
589 3397 841 3454 testatur,
886 3394 1155 3452 «Domino
1196 3398 1343 3455 velut
1386 3402 1438 3458 in
1478 3405 1687 3465 ftenore
1716 3426 1869 3467 corn-

274 3473 577 3547 laudavit“
597 3476 722 3549 Reg.
739 3480 804 3551 t).
830 3480 1006 3541 illinc
1034 3496 1117 3542 est
1140 3492 1282 3559 quod
1307 3493 1498 3550 eadem
1523 3513 1711 3554 sancta
1743 3517 1866 3556 mu-

271 3560 375 3617 lier
400 3565 467 3620 ad
499 3565 613 3622 Heli
643 3574 982 3632 sacerdotem
1013 3581 1141 3636 dicit
1168 3601 1180 3637 :
1213 3604 1229 3637 ι
1252 3584 1437 3653 Oravi,
1467 3600 1521 3645 et
1554 3592 1709 3649 dedit
1732 3597 1866 3652 mihi

269 3652 529 3715 Dominus
572 3664 886 3731 petitionem
934 3688 1144 3741 meam,
1189 3695 1351 3748 quam
1398 3685 1665 3751 postulavi
1706 3704 1865 3766 eum;

269 3747 475 3806 idcirco
506 3765 560 3807 et
588 3771 687 3827 ego
722 3764 1062 3820 commodavi
1100 3747 1222 3827 cum
1256 3747 1483 3837 Domino
1505 3786 1718 3842 cunctis
1746 3747 1864 3845 die:

268 3838 389 3909 bus,
408 3845 602 3918 quibus
624 3847 781 3909 fuerit
807 3866 1248 3924 neeomutodatus
1265 3869 1515 3928 Dontino.
1531 3894 1549 3927 ι
1579 3877 1676 3933 Cui
1701 3880 1867 3937 etiam

268 3941 525 3995 sacerdos
554 3941 709 3999 Heli:
743 3966 759 3997 ι
782 3947 993 4006 Reddat.
1027 3955 1285 4015 Dominus
1310 3963 1408 4017 tibi
1435 3980 1621 4022 semen
1655 3970 1720 4025 de
1749 3987 1869 4026 mu-

266 4026 403 4085 liere
454 4031 704 4106 hac-pro
758 4039 969 4098 {tenore
1026 4050 1169 4116 quod
1221 4056 1579 4112 commodasti
1636 4059 1866 4119 Domino

267 4117 324 4188 (l
358 4118 487 4192 Reg.
532 4125 646 4194 11).»
682 4127 870 4190 Porro.
900 4138 1040 4202 quod
1088 4154 1186 4207 pro
1218 4140 1428 4199 faenore
1462 4117 1864 4220 commodatur,

265 4224 377 4265 non
400 4215 625 4285 simplex
650 4235 882 4288 summa,
911 4229 1005 4281 sed
1032 4230 1389 4301 multiplicata
1410 4240 1689 4308 recipitur.
1709 4215 1866 4302 Unde

263 4311 324 4357 et
350 4303 453 4361 illic
479 4320 679 4378 praesto
704 4314 1048 4389 subiungitur
1075 4341 1085 4375 :
1120 4342 1137 4374 ι
1162 4324 1414 4382 Visitavit
1442 4303 1573 4401 ergo
1603 4333 1866 4393 Dominus

262 4392 502 4460 Annam,
554 4406 607 4453 et
644 4405 915 4473 concepit,
946 4418 1001 4463 et
1043 4415 1253 4482 peperit
1297 4426 1407 4471 tres
1448 4392 1587 4477 lilios
1627 4431 1682 4477 et
1732 4426 1867 4483 duas

266 4482 410 4540 tilias
456 4487 699 4560 (lbid.).i
736 4493 837 4562 Qui
875 4512 1003 4571 ergo
1036 4519 1135 4573 pro
1183 4521 1289 4561 uno
1320 4508 1431 4565 lilio
1489 4520 1596 4567 tam
1639 4482 1860 4574 uberem

264 4575 475 4643 prolem
506 4582 757 4649 reddidit,
790 4602 995 4657 quanto
1042 4597 1213 4663 magis
1265 4614 1362 4655 vos
1409 4601 1462 4656 in
1510 4610 1862 4677 propagando

260 4669 473 4725 semine
501 4672 567 4728 de
611 4679 784 4733 sancti
814 4685 978 4737 vestri
1012 4688 1265 4760 conjugii-
1292 4669 1561 4751 eharitate
1587 4669 1865 4759 lastillcare

259 4762 460 4827 potuit,
482 4765 572 4834 qui
598 4766 765 4823 liliutn
790 4783 1027 4830 vestrum
1047 4794 1152 4833 nou
1186 4782 1237 4835 in
1267 4792 1487 4841 terreno
1512 4782 1865 4850 tabernaculo

259 4854 473 4913 servire
501 4866 781 4935 pmcepit,
812 4869 907 4923 sed
938 4873 1117 4939 potius
1159 4876 1210 4930 in
1244 4876 1331 4932 illa
1363 4881 1571 4937 coalein
1608 4883 1863 4945 Hierusa-

256 4944 368 5002 lem
408 4960 532 5006 ante
562 4968 673 5009 suae
708 4958 1007 5029 majestatis
1033 4966 1280 5022 obtutum
1328 4982 1588 5044 perpetuo
1623 4972 1855 5047 regnare

253 5042 581 5099 constituit?
613 5046 916 5107 Excessant
947 5070 1102 5126 ergo,
1151 5042 1520 5131 dilectissimi,
1566 5068 1635 5123 de
1678 5042 1855 5127 oculis

252 5129 458 5191 vestris
486 5135 759 5211 lacrymae,
796 5147 1030 5215 gemitus
1078 5160 1133 5203 et
1183 5154 1415 5223 suspiria
1466 5160 1856 5230 reprimuntur,

254 5219 511 5292 lugubria
540 5230 794 5299 quaelibet
834 5236 901 5291 de
934 5242 1131 5295 vestris
1162 5244 1397 5299 vultibus
1424 5262 1773 5317 evanescant,
1805 5263 1859 5310 et

251 5309 450 5371 festiva
505 5322 794 5391 serenitas,
848 5328 1093 5397 deposito
1142 5347 1365 5403 prorsus
1419 5340 1566 5393 omni
1602 5358 1854 5405 maerore.

253 5404 621 5474 resplendeat.
666 5414 820 5471 Dicat
874 5419 1056 5489 itaque
1106 5435 1297 5480 sant-ta
1342 5429 1631 5497 prudentia
1680 5444 1857 5491 vestra

250 5496 420 5552 simul
449 5515 572 5557 cum
598 5519 722 5576 rege
748 5506 914 5564 David
944 5531 956 5566 :
988 5533 1003 5564 ι
1030 5513 1255 5584 Propter
1286 5496 1568 5588 infantem,
1603 5524 1731 5579 dum
1758 5529 1855 5582 ad-

250 5586 365 5643 htte
396 5589 617 5659 viveret,
656 5593 892 5665 iejuuavi
943 5612 996 5657 et
1038 5605 1158 5659 llevi
1191 5625 1201 5658 :
1230 5608 1479 5665 dicebant
1515 5614 1660 5669 enim
1689 5634 1699 5667 :
1728 5617 1860 5684 Quis

244 5678 358 5732 scit
396 5681 441 5735 si
487 5681 626 5741 forte
655 5685 816 5744 donet
846 5707 969 5746 eum
1021 5696 1150 5750 utilti
1202 5697 1461 5756 Dominus
1502 5712 1561 5758 ut
1601 5705 1743 5760 vivat
1779 5709 1857 5761 itt-

245 5768 414 5827 fans?
467 5772 621 5832 Nunc
645 5788 851 5848 autem,
882 5784 1008 5854 quia
1036 5796 1282 5845 mortuus
1304 5800 1407 5859 est,
1435 5808 1606 5863 quare
1630 5794 1858 5867 jejuno?

1971 3292 2210 3362 quidem,
2257 3293 2642 3360 dilectissime,
2697 3302 3088 3357 monasterium
3132 3304 3431 3371 aediﬁcare,
3485 3307 3599 3361 sed.

1970 3376 2264 3455 antequam
2308 3402 2430 3442 sese
2481 3388 2547 3443 ad
2596 3392 3039 3462 sexquipedalem
3089 3392 3222 3451 fere"
3265 3414 3580 3455 mensuram

1972 3477 2198 3531 muralis
2241 3487 2514 3535 structura
2554 3481 2879 3554 subrigeret,
2934 3485 3216 3552 defecisti;
3277 3500 3332 3543 ut
3388 3494 3585 3548 merito

1972 3567 2271 3623 secundum
2300 3572 2669 3641 evangelicam
2703 3574 2827 3645 quis
2859 3576 3034 3633 valeat
3066 3580 3168 3635 hoc
3195 3582 3428 3638 irridere
3459 3600 3586 3640 sen~

1973 3662 2236 3726 tentiam,
2289 3679 2395 3733 qua
2456 3666 2654 3721 dicitur
2701 3686 2714 3721 :
2771 3688 2787 3720 ι
2841 3668 2979 3743 Quia
3041 3672 3132 3728 hic
3192 3674 3357 3731 hottto
3411 3677 3585 3749 cmpit

1970 3753 2263 3821 (editione,
2312 3766 2366 3810 et
2396 3773 2501 3812 non
2538 3760 2715 3831 potuit
2744 3777 3131 3821 consummare
3169 3765 3323 3838 (Luc.
3367 3780 3519 3841 xlv);
3559 3789 3577 3823 ο

1969 3853 2055 3907 νει
2114 3845 2241 3910 illud
2288 3851 2433 3926 quod
2487 3854 2540 3908 in
2598 3854 2739 3911 libro
2782 3854 3061 3912 Nettemize
3102 3859 3305 3915 Tobias
3351 3862 3582 3919 Ammo-

1971 3947 2112 4002 nites
2149 3949 2214 4004 de
2261 3944 2621 4013 Hierusalem,
2670 3947 2798 4003 dum
2846 3952 3297 4021 retezlillcaretur,
3349 3957 3584 4016 irridens

1970 4038 2087 4091 ait:
2131 4055 2149 4090 ι
2188 4039 2513 4109 IEdiflcent;
2570 4038 2613 4099 si
2668 4040 2983 4095 ascenderit
3031 4042 3252 4114 vulpes,
3306 4049 3585 4105 transiliet

1970 4148 2184 4187 murum
2216 4149 2405 4188 eorum
2450 4136 2717 4206 lapideum
2747 4131 2835 4205 (11
2870 4132 3032 4190 Esdr.
3082 4136 3180 4208 tv).
3220 4157 3237 4191 ι
3273 4139 3409 4195 Nam
3443 4141 3580 4198 dum

1969 4223 2215 4277 semiruti
2287 4226 2555 4294 pendeant
2622 4230 2762 4285 muri
2821 4240 2878 4285 et
2942 4227 3175 4304 turpiter
3235 4231 3573 4306 interrupti,

1967 4316 2233 4384 parietina
2272 4317 2453 4387 potius
2510 4318 2670 4390 digna
2720 4329 2849 4376 sunt
2901 4322 3007 4377 dici
3051 4340 3217 4395 quam
3267 4323 3449 4385 valeat
3485 4340 3578 4382 ec-

1967 4405 2134 4460 clesia
2185 4408 2507 4477 nuncupari.
2564 4409 2647 4463 An
2705 4422 2907 4481 putas,
2959 4422 3017 4468 ut
3070 4417 3318 4473 nonnulli
3380 4420 3582 4478 blatte-

1967 4498 2139 4552 rando
2188 4497 2440 4563 delirant,
2488 4499 2703 4560 nullum
2759 4506 3029 4562 mercedis
3074 4507 3255 4566 inesse
3314 4511 3579 4583 fructum,

1972 4589 2052 4643 vel
2112 4594 2577 4661 compensationis
2634 4599 2915 4665 prasiniqu
2973 4601 3027 4656 in
3075 4604 3581 4667 ecclesiasticarum

1969 4683 2377 4738 constructione
2409 4688 2725 4741 murorum?
2760 4686 3013 4759 Nunquid
3043 4692 3263 4761 ignoras
3293 4698 3421 4768 quia
3456 4715 3583 4771 per-

1970 4786 2095 4828 atto
2155 4775 2372 4845 templo,
2431 4777 2710 4834 Salomoui
2772 4783 2884 4853 regi
2953 4782 3216 4843 Dominus
3268 4789 3322 4844 in
3373 4795 3609 4852 somnis.

1971 4866 2243 4934 apparuit,
2280 4868 2440 4938 eique
2483 4884 2590 4924 non
2623 4872 2785 4926 modo
2812 4874 3139 4943 sapientiam
3184 4878 3330 4935 ultra
3363 4898 3582 4942 mensu-

1971 4976 2086 5022 ram
2133 4965 2457 5033 capacitatis
2509 4967 2802 5038 humanae,
2848 4973 2944 5028 sed
2994 4986 3049 5031 ct
3088 4977 3581 5049 incomparabilem

1969 5053 2281 5109 divitiarum
2318 5058 2561 5113 omnium
2602 5061 2816 5132 copiam
2843 5070 3210 5137 prterogavit’
3242 5090 3258 5122 ι
3299 5070 3581 5146 Sapientia

1970 5146 2168 5216 inquit,
2207 5157 2263 5203 et
2286 5150 2514 5208 scientia
2544 5153 2670 5207 data
2710 5166 2840 5211 sunt
2895 5157 3010 5221 tibi,
3042 5161 3261 5219 divitias
3288 5175 3495 5235 autem,
3528 5177 3588 5225 et

1970 5242 2358 5311 substantiam,
2410 5255 2465 5300 et
2498 5247 2727 5319 gloriam
2768 5251 2907 5307 dabo
2940 5255 3059 5320 tibi,
3102 5256 3174 5310 ita
3215 5269 3271 5311 ut
3310 5262 3501 5318 nullus
3527 5264 3582 5319 in

1971 5334 2190 5405 regibus
2218 5350 2318 5391 nec
2345 5346 2496 5403 ante,
2534 5354 2634 5396 nec
2667 5352 2786 5411 post
2831 5353 2884 5399 te
2926 5347 3089 5401 merit
3118 5348 3318 5407 similis
3355 5354 3429 5408 tui
3458 5353 3582 5423 (IN

1972 5427 2100 5498 Reg.
2129 5430 2233 5500 ιιι).
2272 5448 2290 5482 ι
2328 5429 2620 5487 Enimvero
2666 5436 2710 5489 si
2768 5435 2912 5493 Deus
2966 5441 3316 5511 omnipotens
3365 5446 3577 5502 labores

1969 5519 2356 5575 aedificandum
2397 5521 2659 5580 ecclesias
2701 5540 2829 5582 suas
2858 5528 3110 5599 despicit,
3141 5534 3273 5603 quid
3305 5546 3387 5590 est
3433 5540 3577 5608 quod

1972 5621 2121 5668 tanta
2152 5614 2333 5669 studio
2374 5614 2590 5672 sibimet
2633 5620 3044 5677 tabernaculum
3094 5626 3146 5678 lu
3194 5628 3414 5684 deserto
3450 5646 3554 5688 con

1969 5705 2106 5760 strui
2146 5706 2347 5762 debere
2374 5710 2693 5765 mandavit?
2724 5708 2925 5783 (Exod.
2978 5717 3132 5787 xxv.)
3176 5718 3260 5773 Au
3294 5722 3556 5792 parvipen

1970 5798 2166 5866 dendo,
2201 5800 2283 5855 vel
2327 5801 2650 5873 negligendo
2692 5802 2759 5858 ad
2805 5802 3025 5877 Moysen
3058 5806 3319 5879 loquitur,
3349 5812 3565 5870 dicens.

3982 0 4969 123 τ-ε
