5428 6566
242 383 352 442 473
589 473 592 476 Δ
1476 392 1682 451 LIBER
1711 393 2071 465 OCTAVUS,
2113 399 2334 460 EPIST.
2378 405 2386 425 ‘

1476 392 1682 451 LIBER
1711 393 2071 465 OCTAVUS,
2113 399 2334 460 EPIST.
2378 403 2464 462 VI.
3458 418 3567 476 476

244 502 423 558 turios
447 513 800 576 surgeretyet
837 505 1181 565 orationibus
1227 507 1441 565 crebris
1481 510 1743 568 insistens
1767 527 1854 567 sa-
1881 514 1933 576 Δ
1962 527 2344 575 momentanea
2369 519 2582 592 ﬂagella
2637 538 2760 593 qua:
2800 524 3101 594 perferunt,
3134 529 3201 583 ad
3245 532 3569 590 nanciscen-

239 606 531 653 crosancta
573 597 766 652 altaria
812 613 937 655 cum
975 601 1147 657 odore
1191 602 1441 658 succensi
1469 603 1842 675 thymiamatis

242 687 520 754 circuiret,
559 689 794 759 quadam
841 699 1006 746 nocte
1037 690 1396 760 tburibulum,
1424 694 1566 750 sicut
1606 695 1840 761 solebat,

242 776 504 850 arripuit,
528 780 594 836 ad
624 779 829 850 locum,
859 783 953 839 ubi
985 785 1111 840 thus
1141 786 1529 854 reponebatur,
1569 791 1837 856 accessit;

240 875 342 931 sed
377 888 506 930 casn
557 875 814 945 quodam,
866 877 980 932 sive
1032 878 1367 949 collapsam,
1415 881 1532 938 sive
1570 882 1841 938 sublatam

241 963 404 1027 lianc,
443 963 583 1019 sicut
622 975 958 1036 speraverat,
1007 970 1244 1041 speciem
1291 986 1400 1027 nou
1449 972 1674 1029 invenit.
1721 973 1842 1031 Huc

241 1054 495 1120 accessit,
527 1056 654 1127 quia
685 1057 768 1113 vis
811 1067 1101 1114 ventorum
1139 1075 1262 1130 quae
1293 1069 1423 1118 tunc
1459 1063 1842 1122 inclementius

241 1146 626 1214 inhorruerat,
696 1151 962 1208 radiantis
1012 1153 1256 1211 lucerna:
1314 1155 1497 1214 lumen
1552 1159 1838 1216 exstinxit.

238 1239 484 1311 Cumque
509 1243 742 1300 sollicito
771 1245 966 1315 spiritu
1009 1247 1264 1317 religiosa
1310 1250 1508 1307 mulier
1552 1253 1660 1309 bne
1691 1253 1842 1310 illuc-

239 1345 346 1401 que
393 1332 761 1398 discurreret,
801 1343 857 1390 et
896 1337 1315 1395 odoramenlum
1362 1343 1509 1411 quod
1563 1345 1841 1402 thuribulo

238 1435 629 1494 superponeret
677 1427 982 1486 nullatenus
1026 1431 1316 1500 inveniret,
1356 1445 1582 1508 repente
1617 1440 1838 1509 quidam

239 1518 384 1574 inter
413 1520 559 1591 ipsas
587 1520 836 1578 tenebras
866 1524 1033 1590 venit,
1084 1535 1142 1581 ct
1187 1527 1241 1582 in
1283 1544 1505 1586 manum
1535 1511 1669 1604 ejus
1713 1534 1838 1606 thy-

239 1614 463 1678 miama,
493 1614 637 1684 quod
666 1618 963 1686 quaerebat,
995 1619 1240 1676 immisit.
1279 1621 1434 1690 Quod
1459 1626 1717 1683 nimirum
1743 1643 1842 1698 per

239 1705 487 1775 angelum
514 1708 754 1775 potuisse
799 1709 914 1766 fieri
965 1727 1072 1768 non
1121 1713 1418 1787 incongrue
1460 1733 1682 1788 possum
1721 1722 1840 1792 opi-

238 1795 380 1850 nari.
416 1796 606 1853 Aiebat
632 1801 795 1856 etiam
835 1803 961 1873 quia
995 1805 1250 1876 praedicta
1271 1818 1453 1864 mater
1473 1826 1592 1877 sua,
1624 1813 1751 1868 dum
1782 1813 1834 1869 in

1947 609 2072 665 dam
2111 624 2361 681 supernae
2390 611 2746 670 beatitudinis
2775 615 3006 684 gloriam
3049 618 3220 675 firmae
3250 623 3364 693 spei
3406 640 3565 694 gres-

1945 701 2098 758 sibus
2125 705 2536 762 convalescunt.
2575 706 2730 764 Sicut
2774 709 2921 764 enim
2971 709 3254 782 Scriptura
3284 724 3516 772 testatur
3546 732 3562 771 :

1949 813 1970 848 ‹
2009 795 2125 851 Non
2151 795 2363 867 judicat
2386 799 2648 856 Dominus
2669 800 2753 858 bis
2788 801 2841 856 in
2870 801 3103 872 idipsum
3141 804 3498 881 (Na/mnu).
3539 829 3558 863 ι

1942 884 2106 942 Pravi
2166 895 2349 943 autem
2405 889 2650 959 quique,
2699 891 2795 962 qui
2858 907 2920 947 se
2959 892 3103 948 inter
3151 897 3378 952 verbera
3444 900 3565 971 ipsa

1945 992 2055 1033 non
2083 978 2398 1050 corrigunt,
2435 980 2538 1035 etsi
2583 989 2708 1051 post
2757 981 2881 1037 vitae
2926 982 3090 1054 b‘ujus
3135 985 3365 1041 adversa
3410 989 3563 1043 ﬂam-

1942 1069 2048 1126 mis
2105 1069 2395 1125 traduntur
2436 1069 2762 1138 ultricibus,
2807 1088 3152 1144 nequaquam
3191 1075 3277 1131 bis
3322 1076 3566 1148 judican-

1941 1171 2069 1226 tur,
2117 1161 2244 1232 quia
2310 1161 2504 1231 duplex
2563 1179 2754 1218 eorum
2808 1166 3068 1221 contritio
3117 1168 3199 1222 sic
3254 1168 3407 1240 justo
3467 1169 3562 1226 Dei

1934 1250 2144 1323 judicio
2191 1254 2592 1320 continuatur,
2628 1266 2685 1310 ut
2737 1256 2826 1312 hic
2881 1267 3060 1328 carpta
3124 1259 3234 1316 illic
3291 1259 3562 1319 infelicius

1941 1342 2244 1414 expleatur.
2303 1343 2420 1399 Sed
2486 1345 2630 1400 sicut
2688 1346 2839 1402 duris
2897 1356 2954 1404 et
3007 1348 3299 1407 obstinatis
3351 1343 3562 1424 nigella

1941 1433 2326 1504 gebennalium
2373 1443 2502 1489 sunt
2547 1437 2924 1492 tantummodo
2969 1439 3225 1508 primitia:
3265 1450 3563 1499 tormento-

1941 1539 2088 1590 rum,
2130 1525 2209 1580 sic
2255 1526 2501 1596 profecto
2554 1527 2712 1584 bonis
2756 1537 2812 1584 et
2851 1531 3020 1586 rectis
3059 1532 3224 1589 corde
3247 1535 3439 1590 eadem
3465 1535 3563 1592 ﬂa-

1941 1610 2080 1687 gella
2116 1615 2424 1672 caelestium
2464 1626 2590 1672 sunt
2627 1620 2858 1676 materia
2909 1622 3280 1691 praemiorum.
3323 1625 3406 1680 Ad
3455 1626 3563 1683 hoc

1941 1705 2087 1761 enim
2117 1721 2312 1761 aurum
2335 1708 2563 1764 malleus
2590 1710 2785 1774 tundit,
2819 1720 2880 1764 ut
2902 1713 3136 1767 scoriam
3168 1713 3322 1769 faber
3342 1716 3559 1786 ejiciat;

1941 1797 2012 1853 ad
2054 1798 2162 1854 hoc
2210 1797 2339 1852 lima
2392 1798 2712 1869 frequenter
2754 1803 2954 1868 eradit,
3001 1812 3062 1858 ut
3108 1804 3374 1861 vibrantia
3421 1822 3561 1863 vena

237 1902 306 1942 εο
341 1905 447 1958 quo
477 1890 636 1958 paulo
675 1903 797 1962 ροει
833 1896 972 1951 obii;
997 1874 1274 1966 ἠερε-εεεει
1319 1874 1587 1973 ιεηευοτέ
1613 1905 1837 1962 deum.
1870 1874 1913 1934 Β
1941 1889 2146 1945 metalli
2179 1890 2496 1947 rutilantius
2542 1893 2827 1948 enitescat.
2869 1913 2887 1946 ι
2923 1895 3064 1951 Vasa
3105 1895 3375 1966 siquidem
3412 1897 3560 1969 ﬁguli

236 1979 406 2042 heret,
440 1985 790 2041 cernentibus
839 1988 924 2043 bis
967 1989 1224 2047 omnibus
1256 1991 1351 2063 qui
1398 2007 1583 2052 coram
1638 1995 1836 2053 lectulo

236 2073 460 2144 propius
504 2075 872 2144 assistebant,
919 2079 1172 2137 mirabile
1225 2083 1381 2140 visui
1439 2096 1663 2157 repente
1721 2098 1836 2147 toto

234 2181 464 2237 corpore
513 2168 585 2224 sit
634 2169 689 2224 in
741 2185 924 2229 aerem
972 2172 1251 2230 sublevate
1299 2175 1481 2248 ibique
1518 2180 1609 2235 diu
1641 2181 1837 2240 librata

235 2261 493 2330 perstitit,
529 2261 702 2318 donec
727 2272 919 2334 erepte
937 2267 1205 2324 orationis
1235 2279 1359 2326 vota
1390 2273 1670 2341 persolvit.
1703 2273 1836 2342 Qua

235 2357 521 2418 postquam
553 2349 787 2406 feliciter
821 2353 978 2419 obiit,
1009 2365 1260 2411 sanctum
1306 2373 1507 2431 corpus
1539 2359 1658 2430 ejus
1690 2363 1834 2419 intra

234 2440 519 2504 ecclesiam
551 2453 633 2497 est
664 2444 956 2514 sepultum.
990 2445 1167 2517 Super
1211 2451 1366 2522 cujus
1418 2453 1683 2510 tumulum
1713 2470 1841 2513 sac-.

232 2545 356 2584 cum
402 2529 675 2588 frumento
721 2534 937 2604 plenum
988 2540 1229 2596 rusticus
1281 2542 1483 2612 posuit,
1517 2560 1677 2613 quem
1711 2561 1836 2616 pro-

234 2622 380 2676 tinus
444 2625 919 2682 vebcmentissimo
988 2632 1301 2700 propulsum
1369 2636 1585 2692 turbine
1648 2637 1834 2710 divina

232 2711 405 2766 virtus
435 2714 650 2785 abjecit.
687 2715 779 2771 Sic
826 2719 1008 2789 itaque
1042 2724 1192 2778 rudis
1236 2733 1292 2779 et
1335 2725 1621 2797 imperitus
1665 2731 1832 2786 rusti-

230 2817 349 2868 cus,
373 2820 470 2860 sua
507 2807 573 2862 de
611 2809 834 2878 pulvere
874 2825 1095 2870 coactus
1134 2827 1217 2872 est
1247 2817 1520 2876 frumenta
1557 2823 1831 2892 colligere,

229 2893 359 2948 dum
387 2899 560 2952 sancti
589 2903 836 2970 corporis
873 2907 1094 2960 vasculo
1124 2908 1339 2977 dignam
1368 2910 1540 2967 noluit
1571 2929 1833 2971 reveren-

231 2986 364 3041 tiam
395 2989 673 3047 exbibere.
704 2992 907 3050 Cum...
939 2998 1089 3064 (104)

677 3087 850 3158 230
887 3089 1224 3147 EPISTOLA
1268 3094 1354 3150 γι.

613 3191 682 3230 ΔΙ)
726 3193 780 3232 G.
831 3196 997 3237 νιιιωι
1048 3199 1446 3242 κοιιιιιεειιίωι.

227 3284 630 3362 Asculanus.
653 3319 722 3330 —
747 3289 859 3347 llac
886 3294 1112 3362 epistola
1157 3295 1218 3349 Β.
1252 3295 1447 3352 Petrus
1489 3299 1646 3354 Dam.
1691 3316 1826 3356 con-

298 3357 836 3438 solaturuzegrotum.
890 3357 1293 3438 Consolationis
1352 3384 1481 3424 vero
1507 3379 1670 3438 caput
1723 3382 1826 3435 est,

341 3427 835 3511 niatribnlationes
869 3434 1059 3511 electis
1098 3437 1190 3491 Dei
1237 3439 1411 3511 sends
1457 3427 1652 3494 divina:
1691 3427 1828 3511 prae;

336 3499 678 3578 estinationis
723 3511 848 3578 sunt
892 3506 1253 3578 signatqnod
1299 3509 1492 3578 probat
1535 3499 1720 3566 multis
1763 3530 1829 3568 ac

298 3569 569 3640 praecipue
608 3569 1035 3630 auctetitate'S.
1064 3569 1508 3634 ’Jacobiflilonet
1544 3582 1738 3640 deinde
1772 3596 1831 3637 ut

298 3638 698 3714 sedploeaveat
738 3659 766 3695 a
799 3646 1197 3714 desperatione.
1251 3648 1490 3704 Tandem
1534 3638 1829 3709 ostendens

298 3705 366 3788 S.‘
385 3707 534 3788 Pauli
564 3713 871 3788 testimonia
897 3705 1100 3772 debere
1131 3735 1230 3774 nos
1260 3720 1314 3773 in
1343 3705 1603 3778 :erntnuts
1630 3705 1825 3788 latin,

298 3779 367 3833 ad
394 3782 706 3850 passionum
750 3784 1096 3840 tolerantiam
1126 3790 1396 3844 hortatur.

300 3889 507 3948 Domno
534 3894 599 3950 G.
638 3895 976 3953 nobilissimo
1012 3899 1134 3954 viro
1165 3901 1385 3960 Penus
1419 3915 1681 3976 peccator
1713 3925 1828 3968 ino-

225 3985 435 4042 nacbus
466 3987 718 4044 fraternae
749 3991 1032 4048 cbaritatis
1053 3994 1396 4066 obsequium.

298 4077 519 4149 negasti
558 4096 665 4145 me,
695 4081 1069 4151 dilectissime,
1102 4097 1161 4142 ut
1201 4089 1565 4148 consolatoria
1605 4093 1702 4150 tibi
1733 4111 1829 4165 per

223 4171 482 4241 epistolas
511 4174 671 4228 verba
707 4177 1156 4244 transmitterem,
1210 4190 1264 4235 et
1304 4197 1550 4239 annrum
1583 4189 1826 4241 animum

226 4274 379 4319 tuum
409 4265 551 4319 inter
581 4274 657 4319 tot
701 4263 933 4339 ﬂagella,
971 4285 1092 4339 quae
1114 4274 1343 4342 pateris,
1392 4276 1607 4334 blandis
1640 4280 1828 4336 admo-

224 4355 521 4410 nitionibus
557 4358 931 4414 obdulcarem.
966 4359 1074 4417 Sed
1118 4363 1166 4418 si
1207 4366 1511 4433 prudcnlia:
1543 4378 1647 4425 tute
1686 4373 1827 4428 ratio

225 4463 331 4502 non
361 4448 684 4514 obdormiat,
717 4459 912 4520 praesto
957 4464 1040 4509 est
1090 4457 1412 4525 consolatio,
1451 4475 1575 4516 cum
1617 4472 1674 4518 et
1713 4465 1826 4534 ipsa

1857 3225 1906 3292 C

1940 1979 2134 2052 probat
2162 1979 2380 2047 fornax,
2412 1991 2468 2036 et
2493 1982 2748 2039 homines
2781 1982 2962 2052 justos
2993 1985 3222 2041 tentatio
3253 1985 3560 2042 tribulatio-

1938 2072 2026 2128 nis
2071 2071 2265 2144 (Eccli.
2317 2073 2515 2142 xxvu).
2549 2094 2566 2124 ι
2597 2071 2752 2130 Unde
2791 2083 2848 2129 et
2891 2089 2989 2145 per
3030 2076 3249 2132 beatum
3294 2075 3557 2147 Iacobum

1938 2163 2140 2221 dicitur
2170 2184 2183 2219 :
2216 2184 2235 2216 ‹
2269 2164 2444 2220 Omne
2478 2167 2736 2236 gaudium
2777 2167 3113 2234 existimate,
3163 2168 3390 2235 fratres,
3430 2185 3559 2226 eum

1938 2257 1994 2314 in
2050 2258 2385 2314 tentationes
2447 2258 2633 2312 varias
2685 2258 2989 2315 incideritis
3043 2259 3188 2332 (Jac.
3246 2262 3309 2327 ι).
3369 2278 3390 2313 ι
3445 2261 3561 2317 Illis

1936 2349 2138 2419 quippe
2179 2347 2302 2418 jure
2349 2349 2697 2420 gaudendum
2753 2359 2876 2418 est,
2935 2351 3133 2421 quibus
3196 2361 3253 2408 et
3291 2367 3392 2422 pro
3439 2367 3558 2408 ma-

1937 2442 2005 2498 lis
2045 2442 2159 2498 suis
2214 2442 2305 2497 liic
2357 2441 2581 2499 aﬂlictio
2643 2444 2959 2515 temporalis
3007 2444 3280 2510 infertur,
3338 2456 3396 2502 et
3459 2461 3560 2518 pro

1934 2534 2096 2589 bonis
2166 2548 2287 2603 quae
2349 2544 2679 2604 gesserant,
2749 2536 2975 2605 praemia
3038 2536 3092 2591 in
3155 2536 3297 2592 ctelo
3358 2535 3560 2606 sempi-

1937 2634 2091 2680 terna
2138 2635 2450 2686 servantur.
2511 2625 2664 2680 Felix
2721 2640 2866 2681 sane.
2909 2627 3305 2682 commercium
3337 2641 3564 2697 pressu-

1935 2718 2013 2774 ris
2057 2718 2146 2774 hic
2176 2697 2568 2789 temporalibus
2619 2718 2783 2774 atteri
2813 2759 2827 2781 ,
2895 2719 3036 2774 etin
3079 2719 3167 2774 illa
3207 2719 3558 2789 postmodum

1933 2809 2098 2882 231
2135 2820 2411 2881 perpetua:
2452 2811 2590 2865 lucis
2614 2813 2932 2866 amumitate
2970 2811 3167 2877 laetari,
3196 2812 3382 2867 carnis
3409 2826 3561 2868 nunc

1935 2904 2217 2974 subiacere
2241 2904 2529 2967 molestiis.
2551 2915 2606 2960 et
2626 2907 2693 2959 ad
2709 2905 2967 2974 angelica:
3003 2905 3346 2974 postmodum
3372 2913 3554 2962 trans-

1935 2994 2068 3052 ferri
2116 2997 2346 3066 gloriam
2379 2997 2678 3068 dignitatis.
2724 2996 2823 3052 Ubi
2869 2998 3128 3052 nimirum
3175 3013 3281 3053 non
3326 2997 3558 3071 languor

1933 3088 2235 3159 quemlibet
2258 3099 2548 3160 aggravat,
2582 3104 2690 3143 non
2718 3089 2950 3143 tremula
2980 3098 3236 3144 senectus
3263 3089 3515 3144 incurvat
3533 3129 3552 3154 ,

1938 3195 2044 3236 non
2089 3181 2416 3236 amissarum
2447 3196 2631 3236 rerum
2662 3181 2864 3234 damna
2915 3179 3290 3246 discruciant,
3329 3195 3438 3235 non
3463 3195 3556 3236 ac-

1933 3274 2328 3344 quirendarum
2374 3283 2542 3328 aestus
2590 3271 2935 3338 inﬂammat,
2983 3273 3079 3326 sed
3127 3271 3226 3326 llos
3270 3281 3552 3343 perpetua

1925 3362 2168 3433 juventa:
2200 3364 2346 3433 viget
2378 3363 2669 3418 incolumis
2694 3403 2708 3427 ,
2741 3370 2796 3416 et
2825 3362 2905 3417 sic
2947 3363 3242 3434 conspicua
3269 3364 3430 3419 beate
3472 3364 3557 3418 vi-

1936 3456 2178 3511 ventium
2227 3455 2440 3526 species
2498 3453 2989 3525 incorruptibiliter
3029 3463 3267 3520 vernat,
3321 3463 3382 3509 ut
3426 3454 3550 3510 viva

1932 3551 2237 3606 venustatis
2259 3549 2432 3621 gratia
2450 3547 2656 3619 iugiter
2677 3547 2729 3602 in
2759 3562 2855 3600 sua
2886 3546 3163 3602 viriditate
3186 3557 3508 3617 permaneat
3535 3564 3550 3613 ;

1931 3651 1987 3699 et
2011 3657 2133 3697 cum
2164 3643 2230 3697 ad
2259 3651 2452 3695 nutum
2482 3648 2677 3695 cuncta
2707 3654 2806 3708 pro
2832 3638 3122 3693 desideriis
3146 3639 3374 3694 allluant
3398 3680 3414 3706 ,
3440 3654 3551 3695 non

1932 3734 2220 3789 amittendi
2245 3731 2557 3788 sollicitudo
2588 3731 2913 3802 perturbat,
2937 3731 3027 3786 ubi
3055 3730 3174 3786 sine
3197 3730 3304 3787 line
3333 3729 3554 3789 fruendi

1932 3825 2202 3881 securitas
2241 3835 2582 3895 persevemt.

2003 3916 2367 3986 Quapropter,
2407 3915 2736 3972 cbarissime
2761 3923 2815 3969 et
2855 3913 3172 3970 dulcissime
3203 3914 3396 3978 frater,
3419 3914 3548 3970 dum

1930 4010 2254 4065 verberibus
2283 4008 2543 4079 cingeris,
2567 4008 2696 4061 dum
2726 4007 2968 4062 caelestis
3008 4005 3312 4076 disciplina:
3337 4007 3551 4063 tunsio-

1931 4100 2093 4155 nibus
2123 4099 2452 4170 castigaris,
2501 4115 2610 4153 non
2655 4108 2839 4153 mente
2896 4098 3208 4168 desperatio
3237 4096 3546 4167 deprimat.

1930 4207 2039 4246 non
2088 4191 2311 4260 querela
2347 4189 2800 4250 murmurationis
2847 4199 3134 4259 erumpat,
3165 4205 3271 4243 non
3307 4188 3548 4245 tristitia

1931 4299 2138 4339 maeror
2182 4282 2473 4338 absorbent
2497 4323 2510 4344 ,
2547 4296 2654 4336 non
2700 4280 3078 4352 impatientem
3115 4280 3545 4351 pusillanimitas

1931 4374 2120 4430 reddat
2139 4391 2154 4438 ;
2173 4373 2267 4429 sed
2281 4389 2498 4444 semper
2513 4373 2783 4428 serenitas
2799 4373 2849 4424 in
2874 4371 3049 4435 vultu,
3069 4371 3318 4426 hilaritas
3334 4371 3386 4424 in
3403 4385 3551 4425 men-

1936 4477 1989 4523 te
2012 4509 2026 4533 ,
2056 4468 2359 4537 gratiarum
2382 4467 2528 4521 actio
2552 4465 2775 4520 resultet
2809 4465 2861 4518 in
2888 4480 3001 4520 ore.
3027 4463 3324 4518 Laudanda
3348 4465 3551 4534 quippe

224 4541 384 4594 verba
437 4541 504 4596 ad
555 4543 926 4600 bmre‘ditatcm
976 4548 1367 4618 capessendam
1392 4592 1406 4616 ,
1459 4562 1511 4608 te
1568 4555 1827 4611 divinitus
1857 4583 1908 4643 ι)
1935 4561 2116 4616 divina
2150 4569 2235 4615 est
2258 4561 2610 4630 dispensatio,
2638 4574 2759 4629 qum
2790 4559 2857 4611 ad
2889 4557 2993 4613 hoc
3021 4571 3149 4613 suos
3177 4558 3552 4627 temper-aliter

223 4631 468 4697 erudiri,
516 4643 576 4688 ιιι
623 4645 752 4705 puta
808 4635 976 4692 lilium
1004 4638 1051 4704 ,’
1086 4640 1460 4700 indubitanter
1515 4650 1824 4704 ostendant.

224 4721 361 4791 Quid
406 4725 552 4780 enim
584 4730 826 4798 apertius
868 4746 938 4786 eo
975 4733 1121 4803 quod
1161 4724 1362 4790 dicitur
1393 4756 1406 4791 ;
1443 4757 1462 4789 ι
1495 4739 1618 4807 Fili,
1673 4759 1828 4798 acce-

223 4813 358 4871 dens
385 4817 451 4870 ad
478 4819 798 4875 servitutem
823 4821 940 4887 Dei,
984 4833 1070 4878 sta
1109 4825 1161 4879 in
1193 4825 1406 4896 justitia
1435 4843 1491 4886 et
1533 4833 1750 4897 timore,
1775 4845 1829 4888 et

223 4916 466 4974 prmpara
495 4907 732 4962 animam
770 4918 913 4965 tuam
945 4915 1014 4968 ad
1042 4918 1433 4974 tentatiouem?
1467 4939 1485 4971 ι
1516 4921 1703 4992 (Eccli.
1742 4926 1826 4994 ιι.)

225 4993 327 5051 Ubi
355 4997 497 5052 enim
520 4999 684 5054 timor
713 5007 796 5055 est
825 5011 874 5056 et
895 5001 1131 5072 justitia,
1162 5007 1509 5068 adversitatis
1541 4993 1830 5082 cujuslibet

224 5097 452 5145 teutalto
490 5107 597 5147 non
627 5093 843 5150 servilis
872 5105 955 5152 est
995 5097 1229 5166 tortura',
1262 5104 1358 5159 sed
1394 5115 1620 5176 paterna
1647 5111 1826 5180 potius

223 5177 525 5249 disciplina.
558 5181 712 5240 Unde
743 5193 801 5239 et
837 5186 897 5240 Β.
935 5185 1039 5244 Job
1069 5189 1212 5245 inter
1255 5191 1370 5262 ipsa
1401 5177 1687 5252 verberum
1730 5199 1826 5253 lla-

223 5269 362 5340 gclla
402 5286 525 5327 cum
568 5273 814 5330 diceret:
846 5294 865 5327 ι
899 5276 1002 5345 Qui
1029 5282 1215 5351 erepit,
1261 5282 1378 5352 ipse
1425 5301 1511 5341 me
1551 5299 1823 5356 conterat,

224 5359 396 5415 solvat
457 5378 677 5418 manum
732 5381 911 5433 suam,
957 5379 1013 5424 et
1061 5373 1311 5428 succidat
1356 5390 1470 5442 me;
1529 5398 1550 5431 ι
1577 5383 1825 5448 protinus

222 5451 463 5510 addidit:
503 5475 521 5507 ι
555 5456 622 5512 Et
650 5457 767 5514 bac
805 5461 937 5516 mihi
983 5465 1308 5532 consolatio,
1353 5479 1412 5523 ut
1462 5469 1710 5544 afﬂigens
1739 5491 1825 5531 me

221 5547 404 5604 dolore
431 5565 539 5606 non
573 5561 762 5622 parcat
801 5551 924 5625 (Job
960 5557 1059 5626 vr).
1110 5577 1127 5609 ι
1163 5558 1356 5632 Magna
1409 5564 1608 5636 quippe
1634 5567 1824 5625 electis

221 5640 316 5697 Dei
361 5651 446 5697 est
489 5644 804 5716 consolatio.
833 5647 946 5718 ipsa
998 5650 1179 5707 divina
1225 5657 1527 5725 percussio,
1562 5661 1686 5730 quia
1727 5677 1824 5734 per

272 5789 440 5876 ’(104)
470 5802 678 5862 (ἶκιοη
695 5805 978 5885 desunt-in
1017 5827 1148 5867 mss.

1935 4655 2208 4718 verberat,
2235 4665 2297 4710 ut
2321 4655 2598 4724 perpetuis
2622 4668 2716 4708 eos
2739 4652 2968 4722 ﬂagellis
2991 4653 3325 4719 abscondat;
3355 4653 3422 4707 ad
3446 4653 3551 4708 hoc

1931 4747 2150 4816 premit,
2206 4755 2262 4799 ut
2285 4745 2498 4810 elevet;
2531 4745 2598 4799 ad
2631 4745 2732 4799 boc
2767 4756 2918 4798 secat
2947 4785 2962 4808 ,
2997 4753 3058 4798 ut
3101 4752 3293 4809 sanet;
3343 4744 3411 4798 ad
3444 4745 3552 4800 hoc

1933 4837 2148 4907 dejicit,
2190 4849 2245 4890 ut
2272 4836 2498 4892 exultet.
2532 4835 2635 4903 Qui
2658 4836 2802 4890 enim
2832 4835 2976 4889 bona
3006 4835 3138 4906 agit,
3172 4845 3227 4888 et
3251 4833 3394 4888 mala
3426 4851 3547 4890 sus-

1933 4929 2098 4999 cipit,
2128 4929 2390 4999 quidquid
2426 4928 2528 4982 sibi
2561 4928 2724 4998 justzn
2759 4927 3137 4981 retributionis
3167 4927 3218 4979 in
3248 4935 3393 4980 terra
3425 4926 3550 4982 sub.

1935 5021 2209 5085 trahitur,
2251 5022 2353 5076 boc
2398 5020 2470 5074 illi
2520 5020 2574 5074 in
2614 5020 2754 5075 cado
2799 5017 3160 5088 multiplicius
3208 5016 3543 5072 cumulatur.

1929 5109 2103 5166 Porro
2140 5119 2321 5166 autem
2366 5109 2562 5165 medici
2592 5123 2907 5178 corporum,
2939 5124 3076 5178 quos
3107 5107 3435 5174 desperant,
3480 5108 3546 5162 ad

1933 5203 2280 5274 percipienda
2324 5204 2526 5273 passim
2564 5217 2794 5272 qumque
2826 5201 3088 5270 petierint
3115 5199 3374 5253 alimenta
3404 5198 3548 5254 rela-

1931 5303 2098 5362 xant;
2146 5304 2202 5350 at
2233 5311 2372 5365 quos
2397 5296 2688 5366 erigendos
2722 5308 2845 5349 esse
2871 5291 3203 5360 conjiciunt,
3235 5301 3433 5346 cuneta
3466 5291 3547 5347 eis

1924 5386 2108 5441 noxiae
2160 5386 2542 5442 delectationis
2591 5385 2771 5440 edulia
2827 5384 3120 5439 minaciter
3173 5384 3541 5449 interdicunt;

1939 5477 2184 5532 antidota
2225 5477 2447 5549 insuper
2488 5486 2540 5532 et
2591 5492 2779 5531 amara
2813 5478 3139 5548 propinant;
3174 5485 3233 5530 ut
3262 5491 3363 5547 per
3388 5491 3544 5530 auia-

1934 5570 2188 5625 ritudinis
2216 5571 2498 5636 haustum,
2527 5569 2596 5625 ad
2621 5569 3020 5625 incolumitatis
3041 5569 3390 5625 dulcedinem
3414 5583 3545 5624 con-

1931 5663 2228 5719 valescant.
2281 5663 2422 5730 Quid
2469 5678 2602 5736 ergo
2631 5664 2829 5718 mirum
2863 5664 2911 5719 si
2946 5664 3191 5720 medicus
3232 5663 3543 5718 animarum
