5428 6560
271 362 377 421 m
451 320 462 330 ’
1472 368 1681 426 uasa
1715 365 2076 432 θαι-ηυξ.
2122 361 2344 422 eam.
2383 365 2415 422 v

1472 368 1681 426 LIBER
1715 365 2076 432 OCTAVUS.
2122 361 2344 422 eam".
2383 365 2513 422 Vili.
3482 365 3591 423 878

268 475 390 532 'dies
447 477 656 534 nebulae
711 488 762 535 et
810 478 1076 543 turbinis;
1125 480 1249 536 dies
1305 481 1448 536 tutae
1485 489 1541 537 et
1589 482 1866 552 clangoris
1898 488 1941 546 Α
1971 479 2322 546 ardentibus,
2350 479 2566 536 cunctis
2596 479 2763 535 etiam
2794 477 3084 536 elementis
3132 479 3185 534 in
3215 477 3296 534 sui
3329 478 3582 552 obsequii

271 567 458 638 (Soph.
501 569 566 644 ι).
665 570 880 639 Pensa,
929 573 1320 640 dilectissime,
1372 582 1678 631 extremum
1722 575 1866 630 diem
1974 582 2188 628 terrore
2237 572 2550 628 commotis.
2608 571 2782 639 Quem
2833 570 2977 627 diem
3032 571 3172 625 bene
3222 568 3311 624 ille
3350 569 3590 627 eximius

266 656 451 728 judicii
502 677 666 732 super
728 664 896 718 corda
967 667 1322 734 reproborum
1388 682 1497 736 qua
1563 667 1866 737 asperitate
1969 667 2365 736 prolihetarum
2407 664 2578 720 Isaias
2605 663 2931 726 denuntiat,
2967 662 3196 718 dicens:
3232 679 3250 713 ι
3291 662 3431 718 Ecce
3470 662 3591 720 dies

268 757 403 811 vidit
435 762 694 828 propheta
723 776 1084 827 amaresccre,
1111 778 1270 832 quem
1302 772 1380 818 tot
1413 764 1866 834 appellationibus
1971 756 2188 810 Domini
2212 757 2396 810 veniet
2452 753 2807 818 insanabilis,
2835 753 2955 807 dies
2982 751 3184 836 furoris
3240 761 3292 806 et
3325 753 3418 807 irae
3445 751 3585 824 (lca.

271 859 374 901 Iron
407 849 574 903 valuit
605 851 900 920 explicare.
952 853 1272 920 Enimvero,
1313 865 1373 910 ut
1398 863 1680 910 taceamus
1722 870 1868 912 nunc
1968 853 2131 904 Xlttlt
2177 869 2194 900 ι
2233 857 2290 902 ιιι
2330 857 2497 918 ponat
2525 849 2716 904 Ot‘betn
2751 855 2912 901 terra?
2939 847 3255 910 desertum.
3289 855 3344 900 et
3387 861 3582 916 pecca-

277 939 336 993 1e
385 940 488 994 illis
552 956 827 1011 nunquam
904 943 1156 999 finiendis
1230 947 1596 1007 damnationis
1644 957 1864 1004 aiternze
1969 949 2117 994 lO'reS
2145 939 2338 1010 Perdat
2377 954 2442 995 ex
2473 957 2574 1004 ρος
2619 939 2794 995 Stena!
2840 939 2985 992 enim
3018 938 3141 993 003“
3194 937 3376 992 lumen
3424 941 3586 994 suum

270 1030 546 1098 suppliciis
573 1072 588 1096 ,
640 1043 695 1088 et
738 1036 1114 1090 tantummodo
1155 1038 1197 1091 si
1235 1038 1382 1092 solus
1414 1037 1504 1093 ille
1542 1039 1714 1093 ultimi
1755 1039 1874 1093 diei
1968 1048 2072 1085 non
2105 1030 2362 1092 dabunt,
2387 1038 2444 1084 et
2473 1029 2863 1084 obscurabitur
2889 1028 2970 1082 sol
3010 1028 3066 1083 in
3095 1037 3222 1082 ortu
3275 1044 3418 1092 suo;
3455 1027 3585 1084 luna

271 1134 464 1185 terror,
488 1133 541 1176 et
570 1123 786 1189 horror,
814 1133 870 1178 ut
901 1126 1122 1196 dignum
1150 1137 1252 1194 est,
1278 1129 1520 1183 studiose
1545 1129 1858 1194 discutitur,
1964 1137 2094 1175 "cro
2122 1135 2228 1175 ηοῐι
2257 1120 2409 1175 dabit
2455 1120 2636 1176 iumen
2685 1137 2844 1176 Stult“
2867 1165 2880 1188 ι
2933 1130 2988 1176 ει
3018 1122 3293 1178 mandabo
3324 1123 3584 1180 υηίνεΐεο

263 1218 374 1264 tota
410 1214 594 1268 mundi
629 1213 788 1280 hujus
823 1216 1122 1286 deceptrix,
1163 1230 1220 1273 et
1254 1219 1387 1274 falsa
1425 1219 1682 1282 felicitas,
1716 1236 1780 1274 ac
1811 1222 1856 1276 si
1961 1213 2081 1267 Orbi
2116 1211 2258 1266 mala
2305 1219 2360 1289 et
2389 1213 2575 1283 impiis
2605 1222 3002 1283 peccatorum;
3037 1221 3091 1277 οι
3126 1214 3354 1283 Perdant
3388 1223 3584 1269 COMU-

257 1296 434 1355 lutum
488 1302 571 1357 ve!
618 1304 952 1361 infructuosa
981 1308 1177 1364 littoris
1205 1311 1323 1380 alga
1350 1309 1649 1380 judicatur.
1684 1313 1856 1379 Quem
1963 1305 2181 1358 meliam
2216 1303 2554 1374 iniquorum.
2588 1314 2642 1359 et
2665 1307 3040 1376 arrogantiam
3071 1305 3434 1382 superborum
3470 1306 3576 1362 hu-

258 1392 403 1446 enim
435 1409 537 1449 vox
575 1396 662 1448 illa
694 1413 798 1451 non
830 1407 1056 1465 terreat,
1087 1403 1210 1471 quis
1237 1418 1342 1456 non
1374 1404 1684 1459 medullitus
1711 1421 1847 1460 con-
1961 1396 2222 1464 tttiliabo;
2268 1406 2322 1453 et
2379 1408 2545 1453 erunt
2584 1399 2675 1468 qui
2723 1399 2898 1453 relicti
2943 1397 3170 1462 fuerunt.
3199 1399 3423 1472 ιπθιὶοε]
3462 1414 3585 1454 m8-

256 1483 565 1550 tremiscat,
597 1502 718 1539 cum
749 1489 933 1543 audiat
964 1490 1140 1559 ipsum
1174 1493 1460 1546 Dominum
1494 1493 1767 1548 diceittem
1800 1497 1853 1549 in
1956 1495 2041 1562 gis
2075 1507 2238 1561 quam
2287 1507 2481 1547 aurum
2514 1494 2583 1548 ab
2617 1494 2741 1564 igne
2791 1493 3077 1562 probatum
3106 1509 3120 1558 ;
3160 1503 3216 1547 et
3249 1494 3418 1548 homo
3452 1507 3580 1564 pre-

254 1571 588 1646 Evangelio:
627 1598 643 1628 t
674 1578 809 1645 Quia
854 1582 996 1635 sicut
1045 1581 1225 1653 fulgur
1268 1585 1380 1639 exit
1429 1585 1510 1639 ab-
1546 1586 1758 1641 oriente
1799 1597 1854 1641 et
1960 1583 2154 1637 tiosior
2183 1582 2290 1637 erit
2316 1597 2479 1652 quam
2501 1582 2639 1652 lapis
2663 1584 2973 1653 sapphirus.
3008 1583 3220 1638 Caelum
3265 1584 3411 1640 enim
3444 1598 3578 1652 qua-

255 1680 483 1735 apparet
519 1671 569 1724 in
618 1674 904 1730 occidente
937 1694 948 1728 :
982 1677 1052 1730 ita
1085 1678 1190 1731 erit
1226 1679 1493 1734 adventus
1536 1681 1631 1735 ﬁlii
1673 1683 1850 1737 homi-
1957 1673 2144 1739 tietttr,
2177 1683 2233 1728 et
2256 1683 2399 1727 terra
2429 1674 2739 1730 movebitur
2763 1691 2791 1728 ιι
2816 1674 3189 1730 fundamentis
3209 1676 3326 1745 suis
3349 1684 3574 1746 propter

251 1757 373 1811 nis?
395 1778 413 1810 ι
446 1759 658 1828 (Matth.
697 1770 869 1833 xxiv.)
901 1767 1056 1832 Quis,
1086 1769 1329 1836 inquam,
1361 1785 1465 1824 non
1498 1783 1844 1840 expavescat,
1955 1762 2195 1818 furorem
2226 1764 2320 1820 ira:
2360 1765 2395 1819 Ι]

1427 1788 1465 1824 ,η
1498 1783 1844 1840 expavescat,
1955 1762 2195 1818 furorem
2226 1764 2320 1820 ira:
2360 1765 2578 1820 Domini
2611 1765 2852 1820 Sabaoth
2885 1805 2900 1830 ,
2944 1765 2995 1818 in
3030 1763 3120 1819 die
3156 1756 3264 1836 qua
3309 1781 3571 1837 superve-

248 1863 371 1904 cum
398 1855 584 1908 eadem
618 1855 832 1911 Veritas
861 1860 1004 1913 dicat
1034 1878 1046 1914 :
1083 1879 1102 1913 t
1135 1863 1269 1928 Quia
1299 1863 1378 1919 sol
1411 1865 1799 1922 obscurabitur
1827 1911 1841 1934 ,
1881 1851 1920 1909 Β
1953 1858 2095 1911 "erit
2127 1853 2283 1911 ίυτοΐ
2315 1855 2392 1925 (’i"

1426 1865 1799 1922 )bscumbiiur
1827 1911 1841 1934 ν
1881 1851 1920 1909 Β
1953 1858 2095 1911 nerit
2127 1853 2283 1911 furor
2315 1855 2452 1925 ejus.
2487 1858 2595 1912 Sed
2626 1867 2681 1912 et
2715 1856 3010 1913 Malacltias
3037 1857 3302 1926 propheta
3330 1873 3570 1915 consona

245 1947 301 1994 et
331 1940 454 1996 luna
493 1959 596 1998 non
639 1947 788 2001 dabit
816 1948 996 2004 lumen
1028 1967 1186 2006 suum
1211 1993 1226 2017 ,
1261 1962 1316 2007 et
1347 1954 1518 2009 ειεηω
1547 1958 1744 2010 eadem
1776 1959 1843 2013 de
1952 1949 2036 2002 his
2068 1949 2341 2019 loquitur,
2371 1948 2562 2004 dicens
2594 1965 2608 2007 :
2649 1969 2666 1999 ‹
2699 1949 2841 2004 Ecce
2881 1949 3062 2003 veniet
3102 1948 3367 2003 Dominus
3392 1950 3571 2003 omni-

244 2033 386 2089 coelo
418 2037 751 2109 virtutesque
781 2043 1040 2098 cmlornm
1072 2047 1470 2102 movebuntur?
1499 2069 1515 2101 ›
1546 2051 1736 2124 (Ibid)
1769 2055 1845 2109 De
1948 2049 2171 2108 Ροιθηεν
2215 2050 2271 2094 ei
2305 2041 2388 2111 (1"i

1426 2050 1470 2102 -?
1499 2069 1515 2101 ι
1546 2051 1736 2124 (1554.)
1769 2055 1845 2109 De
1948 2049 2171 2108 potens,
2215 2050 2271 2094 et
2305 2041 2429 2111 quis
2465 2041 2759 2109 sustinebit
2782 2040 2926 2095 diem
2969 2038 3237 2094 adventus
3271 2038 3389 2108 ejus
3417 2080 3431 2104 ,
3473 2046 3570 2094 aut

243 2138 350 2194 quo
371 2129 535 2182 etiam
565 2131 761 2186 Petrus
788 2133 902 2188 ait:
937 2155 951 2186 ι
977 2137 1249 2194 Adveniet
1275 2148 1458 2194 autem
1483 2141 1599 2197 dies
1625 2142 1841 2200 Domini
1946 2135 2070 2203 quis
2097 2133 2337 2202 P0“abit
2361 2147 2387 2187 ε

1420 2159 1458 2194 ’ῃ
1483 2141 1599 2197 dies
1625 2142 1841 2200 Domini
1946 2135 2070 2203 quis
2097 2133 2337 2202 portabit
2361 2141 2714 2203 conspectum
2744 2132 2896 2203 ejus?
2927 2153 2944 2183 ι
2977 2129 3136 2202 (Μαι.
3162 2131 3271 2202 ιιι.)
3295 2131 3564 2200 Quoniam

241 2213 382 2270 sicut
414 2217 520 2283 fur,
557 2220 608 2274 in
637 2237 746 2291 quo
776 2223 897 2279 coeli
929 2241 1124 2296 magno
1154 2228 1356 2297 impetu
1391 2231 1695 2298 transient,
1726 2235 1840 2290 ele-
1946 2224 2060 2293 ipse
2105 2224 2440 2294 ingredietur
2477 2224 2657 2293 ignem
2710 2222 3091 2279 COItﬂatOt‘ium
3119 2261 3134 2286 ν
3177 2231 3231 2276 ει
3277 2224 3420 2278 Sicut
3468 2237 3566 2293 P3-

241 2317 422 2362 menta
460 2326 589 2365 vero
617 2314 800 2370 calore
828 2317 1113 2374 solventur
1159 2321 1244 2392 (II
1273 2320 1420 2392 Petr.
1455 2327 1560 2396 ιιι).
1595 2347 1613 2379 ι
1649 2327 1716 2382 Et
1740 2330 1839 2384 ite-
1943 2313 2086 2368 leam
2119 2313 2380 2368 νθηιίιδηι

1455 2327 1560 2396 ιιι)⁸
1595 2347 1613 2379 ,
1649 2327 1716 2382 Ει
1740 2330 1839 2384 ηε-
1943 2313 2086 2368 leam
2119 2313 2493 2368 ventilantium
2515 2355 2531 2379 ,
2575 2322 2632 2368 et
2660 2307 3161 2368 sedebit‘constans
3187 2319 3242 2366 et
3284 2326 3524 2382 purgans
3549 2351 3564 2378 ,

239 2409 358 2450 Γυιῐι
389 2399 520 2454 dicit
552 2416 565 2455 :
597 2421 615 2453 ι
645 2402 777 2458 (Ἰωῑὶ
802 2416 1004 2472 autem,
1031 2411 1290 2478 quinum:
1313 2424 1460 2481 sunt,
1486 2425 1540 2471 ei
1573 2427 1722 2473 terra
1744 2437 1838 2475 ρο.
1943 2408 2084 2462 sicut
2135 2423 2327 2462 aurum
2355 2447 2370 2472 ,
2410 2416 2465 2462 et
2495 2408 2639 2463 sicut
2677 2415 2985 2477 argentum.
3049 2405 3117 2460 Et
3148 2406 3349 2460 iterum
3381 2404 3516 2460 dicit
3546 2423 3561 2459 :

241 2485 363 2542 dem
388 2495 552 2548 verbo
581 2497 943 2564 repositisunt
968 2515 981 2553 :
1005 2502 1171 2575 284
1199 2505 1304 2575 igni
1331 2510 1590 2562 reservati
1613 2509 1665 2564 in
1690 2512 1834 2566 diem
1945 2518 1962 2549 ι
1995 2499 2136 2552 Ecce
2178 2499 2294 2553 dies
2359 2497 2574 2553 Domini
2621 2499 2802 2553 veniet
2852 2496 3052 2551 ardens
3080 2537 3093 2560 ,
3133 2504 3192 2550 ut
3223 2495 3472 2550 clibanus
3505 2502 3566 2550 ut

228 2576 421 2647 indicii
476 2594 529 2638 et
561 2588 879 2654 perditionis
909 2592 1199 2663 impiorum
1231 2597 1509 2654 hominum
1543 2599 1774 2673 (mm),
1811 2624 1828 2656 ι
1939 2601 2090 2645 curet
2117 2590 2274 2662 [f.,et
2303 2589 2445 2662 uret]
2469 2600 2655 2654 eos,et
2678 2599 2842 2645 erunt
2865 2605 3057 2645 omnes
3081 2588 3266 2653 alieni,
3291 2599 3345 2643 et
3369 2604 3564 2644 omnes

234 2668 374 2760 ωηο
403 2684 457 2728 et
486 2674 654 2733 Judas
693 2683 970 2750 apostolus
995 2686 1071 2738 ait
1104 2705 1114 2739 :
1155 2705 1173 2737 ι
1207 2687 1377 2755 Ecce,
1413 2668 1621 2760 inquit,
1651 2668 1834 2750 veniet
1938 2683 2028 2749 Ψιί
2073 2682 2282 2737 “Cium
2324 2681 2376 2735 in

1418 2668 1621 2760 inquit,
1651 2668 1834 2750 “me;
1938 2683 2028 2749 qui
2073 2682 2282 2737 iaciunt
2324 2676 2707 2752 iniquitatem,
2756 2690 2816 2735 ut
2863 2681 3122 2750 stipulam
3159 2680 3419 2735 incendet
3465 2695 3562 2736 eos

235 2759 494 2824 Dominus
543 2771 595 2824 in
644 2775 846 2830 sanctis
895 2777 1132 2834 millibus
1183 2782 1298 2837 suis
1347 2759 1527 2838 facere
1563 2784 1828 2853 judicium
1935 2772 2053 2824 (ίίυδ
2098 2771 2185 2825 ma
2233 2787 2354 2841 qu“3

1413 2759 1527 2838 me
1563 2784 1828 2853 judicium
1935 2772 2053 2824 dies
2098 2771 2185 2825 illa
2233 2787 2354 2841 quae
2399 2771 2620 2832 veniet,
2669 2771 2800 2826 dicit
2855 2772 3114 2826 Dominus
3164 2769 3557 2839 omnipotens:

232 2866 420 2912 contra
456 2876 667 2928 omnes,
690 2867 1019 2939 redarguere
1042 2887 1232 2928 omnes
1262 2874 1459 2945 impios
1483 2877 1548 2932 de
1571 2880 1829 2937 omnibus
1933 2863 2097 2934 285
2127 2875 2180 2919 ει
2221 2880 2325 2920 ιιοη
2368 2881 2376 2919 ι

1415 2892 1459 2931 ,ε
1483 2877 1548 2932 de
1571 2880 1829 2937 omnibus
1933 2863 2097 2934 285
2127 2875 2180 2919 et
2221 2880 2325 2920 non
2368 2865 2709 2934 relinquetur
2738 2865 2918 2931 radix,
2945 2879 3121 2936 neque
3158 2864 3368 2936 palmes
3395 2863 3559 2934 (Ma’.

230 2949 486 3018 operibus
530 2953 822 3024 impietatis
871 2974 1081 3027 eorum,
1107 2964 1307 3032 quibus
1337 2967 1504 3037 impie
1551 2981 1781 3040 egerunt
1809 3013 1824 3036 ν
1933 2957 2031 3027 ιν).
2059 2977 2076 3006 ι
2099 2957 2255 3010 Alius
2282 2971 2414 3011 vero
2443 2957 2939 3012 virtlcsideriorum
2967 2957 3069 3012 ista
3094 2955 3260 3011 dicit:
3291 2975 3309 3008 t
3342 2955 3406 3010 Et
3428 2969 3560 3014 ecce

231 3050 289 3096 et
321 3042 387 3098 de
418 3047 672 3102 omnibus
719 3051 902 3116 duris,
936 3068 1057 3123 qua;
1099 3047 1269 3112 ιοουίί
1311 3069 1438 3114 sum
1477 3071 1667 3117 comm
1700 3081 1824 3119 eum
1934 3050 2204 3108 videbam.
2237 3061 2291 3103 et
2326 3050 2505 3104 throni
2547 3049 2707 3119 positi
2741 3058 2889 3114 sunt,
2937 3059 3002 3117 et,
3039 3049 3302 3118 antiquus
3338 3050 3552 3104 dierum

226 3146 542 3204 peccatores
586 3140 736 3210 impii
784 3143 938 3210 (Iud.
969 3145 1032 3215 ι),
1071 3165 1090 3198 ι
1126 3147 1200 3203 0!
1234 3149 1278 3203 si
1314 3151 1364 3206 in
1407 3152 1591 3222 palam
1636 3158 1820 3212 cordis
1857 3213 1895 3226 Α
1931 3142 2176 3206 sedebat,
2205 3151 2260 3195 et
2287 3140 2662 3226 indumentum
2694 3139 2811 3208 ejus
2855 3143 2999 3197 sicut
3026 3143 3119 3195 nix
3153 3141 3469 3205 candidum,
3501 3150 3557 3196 et

228 3227 399 3281 nostri
442 3243 634 3299 sapere
683 3235 852 3300 possit
888 3213 1108 3304 quantze
1137 3213 1519 3297 amaritudinis
1561 3252 1644 3297 est
1681 3247 1823 3313 quod
1852 3213 1895 3274 ο
1930 3235 2113 3304 (δίιβὶΗὶ
2147 3235 2344 3303 capitis
2369 3217 2490 3304 citis
2535 3235 2679 3288 δίουῐ
2708 3235 2830 3288 lana
2884 3236 3082 3288 ηιυηίίο
3106 3274 3120 3298 ν
3162 3235 3392 3289 ¹¹¹Γ⁰¹¹υ³
3435 3233 3556 3303 ei“

225 3327 324 3384 per
373 3316 635 3377 Joannem
681 3323 883 3378 dicitur
913 3345 925 3380 :
959 3345 976 3378 ‹
1010 3328 1149 3384 Ecce
1181 3331 1332 3385 venit
1379 3348 1502 3388 cum
1543 3336 1821 3403 nubibus,
1935 3328 2072 3398 ignis
2103 3342 2360 3389 exurens.
2399 3324 2595 3380 ﬂuvius
2622 3327 2815 3397 igneus
2844 3326 3105 3381 currebat
3134 3335 3264 3381 ante
3321 3326 3540 3396 ipsum;

225 3415 282 3462 et
304 3409 505 3465 videbit
526 3426 648 3465 eum
675 3416 855 3470 omnis
875 3405 1087 3483 oculus,
1109 3423 1273 3491 etqui
1300 3437 1422 3476 eum
1446 3435 1815 3496 pupugerum,
1921 3417 2192 3488 judicium
2226 3417 2534 3482 constituit,
2589 3427 2644 3471 et
2668 3416 2792 3472 libri
2825 3416 3001 3495 aperti
3033 3425 3183 3470 sunt.
3233 3435 3252 3468 ι
3285 3416 3350 3470 Et
3389 3417 3556 3488 paulo

222 3508 279 3590 e_t
305 3502 560 3571 plangent
594 3519 653 3559 se
699 3521 863 3575 super
886 3523 1076 3566 omnes
1104 3512 1276 3567 tribus
1305 3524 1463 3569 terra:
1486 3521 1671 3588 (Apoc.
1707 3518 1766 3590 ι).
1797 3539 1816 3571 ι
1929 3521 2084 3580 post:
2122 3528 2140 3560 ι
2175 3510 2241 3564 Et
2286 3509 2420 3572 vidi,
2485 3508 2702 3579 inquit,
2722 3509 2777 3563 in
2823 3509 2944 3563 visu
2978 3510 3175 3574 noctis.
3227 3517 3279 3562 ει
3325 3523 3454 3564 ecce
3493 3509 3550 3565 in

223 3585 378 3644 Tunc
399 3591 769 3648 dissolventur
790 3611 948 3653 renes
971 3615 1159 3655 eorum
1191 3585 1504 3671 formidine,
1531 3585 1621 3677 qui
1656 3585 1817 3665 modo
1928 3603 2162 3657 nubibus
2201 3602 2327 3658 C(Bii
2353 3601 2525 3658 Filius
2558 3602 2797 3656 hominis
2839 3601 3119 3665 Venieva
3161 3612 3216 3656 εί
3270 3616 3444 3672 usque
3481 3600 3555 3656 εει

220 3691 328 3733 non
357 3681 586 3748 timent;
617 3692 747 3741 tunc
770 3687 1361 3757 replebunluryiscera
1394 3711 1586 3751 eorum
1619 3700 1822 3755 amari-
1930 3703 2200 3767 vetustum
2231 3695 2442 3750 dierum
2478 3694 2749 3764 pervenit,
2771 3703 2826 3748 et
2855 3694 2907 3747 in
2939 3703 3234 3764 conspectu
3257 3694 3374 3763 ejus
3399 3694 3557 3752 obla-

220 3772 434 3837 tudine,
470 3777 561 3846 qui
611 3782 772 3834 modo
817 3781 869 3834 in
917 3784 1160 3858 carnalis,
1202 3785 1473 3842 illecebris
1525 3789 1821 3860 voluptatis
1927 3796 2015 3841 tus
2049 3797 2154 3854 est,
2194 3795 2248 3842 et
2280 3787 2380 3858 ipsi
2435 3788 2595 3841 datus
2644 3797 2731 3841 est
2762 3787 3124 3857 principatus,
3166 3795 3223 3842 et
3254 3787 3452 3850 honor,
3494 3795 3557 3844 et

221 3862 460 3919 tnolliter
517 3866 722 3936 jacent.
774 3870 926 3928 Tunc
967 3876 1123 3928 'enim
1179 3879 1506 3949 sanguineas
1547 3880 1821 3952 lacrymas
1926 3895 2174 3952 regnum,
2204 3889 2260 3934 et
2289 3894 2480 3934 omnes
2512 3879 2716 3950 populi.
2757 3879 2950 3944 tribus,
2985 3888 3039 3933 et
3066 3877 3263 3949 lingua:
3296 3879 3399 3948 ipsi
3433 3891 3552 3933 ser-

216 3952 599 4024 eﬂundentes,
651 3961 917 4032 incipient
972 3966 1159 4023 dicere
1211 3971 1537 4026 montibus:
1576 3992 1594 4025 t
1627 3973 1819 4032 Cadite
1924 3975 2107 4038 vient;
2139 3982 2194 4027 et
2222 3981 2464 4042 potestas
2519 3971 2636 4039 ejus
2683 3981 2925 4042 potestas
2975 3981 3204 4044 aeterna,
3255 3987 3376 4040 quae
3437 3986 3547 4026 non

215 4060 379 4117 super
400 4067 526 4118 nos;
567 4063 620 4109 et
652 4055 898 4121 collibus,
937 4064 1147 4130 operite
1175 4077 1274 4118 nos
1325 4063 1512 4135 (Apoc.
1546 4082 1634 4130 Vt;
1682 4067 1812 4122 Luc.
1927 4066 2202 4129 transibit,
2241 4075 2294 4120 et
2343 4081 2572 4135 regnum
2602 4064 2720 4135 ejus
2755 4079 2861 4118 non
2912 4075 3218 4133 rumpetur.
3267 4049 3547 4116 lnliorrttit

212 4145 394 4211 niti).
428 4163 446 4195 ι
475 4144 626 4200 Tunc
653 4149 797 4202 enim
821 4165 928 4205 non
951 4161 1036 4206 est
1064 4168 1336 4224 quoquam
1363 4157 1679 4228 confugere,
1709 4177 1813 4216 non
1922 4158 2148 4228 spiritus
2179 4173 2356 4220 meus,
2399 4171 2500 4225 ego
2533 4155 2745 4219 Daniel,
2783 4154 3054 4210 bebetudo
3100 4169 3242 4218 mea,
3277 4163 3332 4209 et
3376 4153 3547 4209 visio-

210 4239 301 4287 est
322 4232 603 4290 latibulum
634 4239 725 4293 ubi
763 4255 822 4295 se
849 4242 1139 4314 quisquam
1168 4247 1349 4303 valeat
1370 4251 1651 4306 occultare
1678 4295 1692 4314 ,
1733 4255 1816 4308 ni-
1923 4267 2023 4305 nes
2050 4249 2246 4319 capitis
2290 4250 2395 4304 mei
2429 4249 2836 4303 conturbabant
2865 4263 2950 4302 me
2978 4247 3153 4317 (Dan.
3183 4247 3310 4316 vit).
3355 4267 3372 4299 ι
3407 4247 3552 4306 Cum

212 4321 411 4377 mirum
460 4340 582 4380 cum
611 4336 666 4382 cl
697 4329 895 4386 inferni
929 4334 1103 4403 portat
1135 4341 1452 4406 panduntur
1479 4382 1492 4406 ,
1537 4358 1683 4398 mors
1713 4346 1815 4400 ini-
1920 4357 2050 4412 ergo
2076 4341 2159 4412 agi
2189 4341 2477 4410 coeperint,
2510 4341 2820 4410 pandentur
2849 4342 2966 4393 sine
2996 4339 3164 4393 dubio
3191 4339 3314 4394 caeli
3346 4348 3548 4409 portat,

215 4411 356 4468 mica
387 4415 723 4486 destruitur;
757 4423 970 4491 pulvis,
1006 4428 1098 4496 qui
1138 4439 1421 4499 putruerat
1451 4473 1464 4497 ,
1502 4434 1552 4487 id
1587 4446 1671 4490 est
1709 4437 1810 4490 liu-
1922 4433 2030 4487 imo
2069 4411 2248 4502 potius
2278 4433 2454 4501 ipsum
2510 4431 2711 4486 malum
2752 4432 3036 4485 auferetur
3089 4448 3120 4486 e
3168 4433 3370 4497 medio,
3423 4441 3554 4487 tan~

210 4520 373 4561 mana
402 4523 529 4563 caro
557 4550 571 4575 ,
599 4513 826 4570 audiens
851 4531 1038 4573 vocem
1075 4522 1217 4576 tubce
1238 4564 1251 4586 ,
1279 4524 1663 4582 vivificabitur.
1689 4529 1806 4584 Jam
1845 4580 1890 4595 ﬁ
1920 4539 2082 4593 quam
2121 4523 2167 4578 si
2214 4523 2557 4578 tabernaculi
2605 4520 2836 4590 alicujus
2880 4523 3149 4578 velamina
3182 4523 3546 4595 colligantur,

212 4610 351 4689 quos
385 4598 438 4652 in
485 4603 693 4670 gremio
737 4620 837 4660 suo
888 4617 1032 4664 terra
1089 4624 1440 4683 susceperat,
1497 4633 1635 4685 quos
1673 4635 1810 4689 aqua
1847 4598 1893 4638 υ
1921 4618 2131 4673 scilicet
2188 4627 2248 4672 ut
2299 4629 2590 4688 reparetur
2636 4626 2689 4672 et
2719 4617 3149 4673 transformetur
3204 4620 3255 4673 in
3318 4621 3548 4682 melius‘

208 4687 528 4779 sorbuerat,
554 4708 688 4760 quos
717 4697 852 4752 edax
899 4699 1115 4756 ﬂamma
1144 4719 1553 4775 consumpserat
1574 4751 1587 4772 ,
1615 4687 1806 4768 ouiues
1920 4707 2072 4762 Tunc
2098 4723 2227 4779 ergo
2253 4687 2438 4762 omnia
2471 4716 2651 4762 metus
2693 4709 2938 4776 habebit,
2990 4711 3262 4779 timorque
3311 4727 3375 4767 ac
3429 4722 3549 4769 tre¢

207 4778 363 4874 quasi
411 4783 761 4874 commissum
794 4788 896 4843 sibi
930 4789 1234 4860 depositum
1267 4796 1539 4863 reddunt,
1581 4810 1634 4854 tit
1688 4803 1810 4857 vitae
1918 4817 2039 4855 mor
2067 4778 2313 4870 implebit
2345 4801 2622 4866 universa,
2672 4802 2931 4856 nimirum
2975 4819 3099 4857 cum
3155 4805 3245 4859 ille
3295 4805 3541 4874 judicet,

210 4864 416 4938 absque
457 4871 560 4925 ulla
597 4876 679 4929 sui
712 4877 1071 4936 diminutione
1117 4885 1432 4940 restituunt.
1475 4887 1628 4944 Tunc
1659 4893 1805 4946 enim
1913 4894 2004 4962 qui
2049 4864 2186 4947 teste
2215 4907 2320 4945 non
2347 4899 2524 4962 egeat,
2557 4892 2649 4962 qui
2673 4902 2993 4963 argumenta
3029 4909 3134 4948 non
3165 4864 3400 4965 quaerat,
3439 4898 3541 4968 qui

211 4969 359 5060 terra
387 4966 715 5031 concutitur,
747 4983 842 5024 aer
873 4975 1154 5041 repentina
1183 4987 1506 5048 tempestate
1532 4982 1802 5050 turbatur,
1909 4993 2184 5038 oratorem
2218 4998 2400 5038 causa:
2431 4999 2535 5038 non
2570 4984 2825 5053 postulet,
2855 4985 2949 5040 sed
2978 4986 3063 5040 his
3103 4987 3358 5044 omnibus
3407 4966 3541 5060 pros

205 5052 443 5109 tonitrua
486 5069 871 5129 perstrepunt,
900 5069 1309 5124 corusmtiones
1354 5081 1405 5124 et
1446 5071 1658 5143 fulgura
1695 5076 1797 5129 hu-
1907 5081 1992 5134 cui
2038 5082 2258 5143 amotis,
2291 5080 2405 5150 ipse
2435 5089 2489 5135 et
2527 5091 2680 5152 gesta
2733 5089 2788 5135 et
2837 5082 3004 5136 verba
3059 5092 3115 5137 et
3166 5083 3538 5151 cogitationes

201 5156 361 5242 mana
397 5157 615 5215 pectora
653 5159 864 5239 terrore
883 5155 1239 5212 confundunt.
1281 5179 1298 5211 t
1335 5161 1476 5216 Deus
1509 5166 1652 5220 enim
1683 5184 1803 5222 ma-
1905 5172 2188 5240 dijudicat,
2233 5179 2400 5240 atque
2438 5172 2489 5224 in
2529 5172 2765 5226 medium
2794 5172 3123 5236 collocat,et
3155 5186 3376 5242 cuncta,
3418 5178 3530 5230 vel~

201 5230 395 5289 nifeste
425 5239 632 5336 veniet,
668 5241 809 5297 Deus
837 5254 1022 5301 noster
1046 5288 1061 5312 ,
1093 5258 1147 5302 et
1183 5266 1288 5305 non
1315 5253 1516 5308 silebit.
1569 5256 1715 5327 Ignis
1744 5260 1796 5314 in
1906 5265 1980 5316 uti
2020 5265 2070 5316 in
2132 5263 2331 5317 tabulis
2357 5263 2684 5332 quibusdam
2720 5264 2956 5333 depicta,
2989 5267 3166 5321 oculis
3197 5282 3388 5321 eorum
3433 5268 3532 5340 qui

202 5335 495 5426 conspectu
527 5331 644 5397 ejus
694 5335 925 5402 ardebit,
967 5348 1022 5390 et
1055 5341 1105 5392 in
1144 5342 1375 5398 circuitu
1409 5344 1526 5412 ejus
1585 5357 1797 5419 tempe-
1903 5357 2298 5409 commiserunt
2331 5369 2393 5407 ea
2423 5364 2588 5424 atque
2621 5359 2874 5412 omnibus
2904 5358 2997 5426 qui
3027 5359 3294 5415 assistere
3337 5362 3528 5416 viden-

199 5429 314 5517 staa
335 5422 441 5476 vali
466 5432 512 5476 ta
544 5441 558 5490 ;
591 5428 874 5483 advocabit
903 5432 1100 5487 ctelum
1128 5451 1364 5499 sursum,
1398 5448 1454 5491 et
1486 5449 1708 5504 terram,
1741 5454 1799 5498 tit
1904 5457 1992 5500 tur
2022 5446 2294 5500 ostendet.
2327 5446 2612 5513 Quomodo
2647 5449 2815 5517 igitur
2845 5461 2972 5504 tunc
3004 5455 3442 5508 commovebitur
3470 5467 3526 5510 et

196 5511 472 5569 discernat
493 5518 748 5587 populum
773 5523 1129 5589 suumtl’sal.
1161 5538 1368 5596 Xlej.’
1403 5530 1456 5583 In
1481 5532 1566 5585 die
1589 5533 1796 5590 scilicet
1903 5536 1954 5590 in
1995 5546 2140 5590 metu
2194 5537 2299 5590 erit
2349 5538 2604 5592 universa
2652 5543 2950 5596 creatura?
3008 5542 3144 5598 llinc
3199 5543 3366 5598 Isaias
3414 5546 3525 5600 ait:

196 5602 283 5699 ρια
339 5609 621 5664 tremenda
649 5651 662 5672 ,
709 5627 835 5666 cum
876 5616 1082 5686 angelis
1131 5627 1185 5672 et
1231 5621 1610 5692 arcliangelis,
1668 5641 1791 5681 cum
1905 5648 1921 5678 t
1959 5629 2082 5683 Dies
2123 5627 2346 5682 ultionis
2379 5627 2613 5687 Domini.
2674 5645 2853 5686 annus
2897 5635 3282 5690 retributionis
3331 5635 3519 5699 iudicii

193 5695 429 5802 Thronis
478 5710 534 5756 et
568 5701 1076 5775 Dominationibus,
1134 5729 1255 5767 cum
1290 5713 1691 5797 Pttncipatihus
1738 5731 1788 5774 ct
1899 5720 2060 5786 Sion;
2111 5729 2166 5776 et
2202 5731 2594 5777 convertentur
2649 5735 2926 5783 torrentes
2956 5731 3072 5796 ejus
3114 5731 3168 5785 in
3220 5732 3397 5802 picem
3432 5748 3527 5786 ar-

190 5789 562 5851 l‘otestatibus
589 5799 905 5870 apparebit,
947 5803 1099 5861 caelis
1133 5793 1587 5876 coruscantibus',
1627 5815 1788 5872 terris
1896 5818 2112 5873 tlcntcm
2141 5833 2156 5883 ;
2183 5816 2270 5874 die
2311 5830 2374 5872 ac
2423 5826 2583 5875 nocte
2618 5837 2723 5876 non
2757 5823 3181 5898 cxstinguentur
3217 5789 3270 5883 in
3315 5825 3521 5900 sempic
