5428 6550
1760 396 1865 457 679

2325 397 2381 453 S.
2425 397 2623 454 PETRI
2658 392 2937 454 DAIIANI
2960 393 3108 448 OPP.
3150 391 3329 448 PARS
3356 391 3486 449 SEU
3511 392 3747 449 TOIUS
3782 393 3821 447 ι.
3855 423 3920 434 -
3957 391 4175 448 εριετ.
4203 391 4327 447 LIB.
4373 389 4498 445 VIII.

1761 521 1973 571 ternum
1995 510 2130 583 (lsa.
2157 513 2362 579 xxxtv).
2402 530 2420 562 ι
2455 511 2606 577 Quod
2633 512 2821 566 beatus
2843 523 3054 579 quoque
3077 504 3177 561 Iob
3227 506 3320 561 de-
3347 509 3394 566 Α
3424 504 3756 560 Pensandum
3781 522 3908 576 ergo
3932 517 4034 570 est,
4061 517 4115 561 et
4144 521 4354 560 summo
4404 506 4580 560 studio
4618 503 5008 559 revolvendum

1762 601 1968 666 scribit,
2006 601 2188 655 dicens
2224 613 2238 652 :
2274 616 2293 650 t
2335 599 2555 654 Terram
2602 600 2936 655 tenebrosam
2975 608 3028 653 et
3079 609 3321 667 opertam

1763 694 1954 748 mortis
1979 688 2226 759 caligine,
2257 698 2454 742 terram
2487 690 2718 743 miseria:
2742 701 2796 743 et
2826 689 3189 747 tenebrarum,
3234 689 3322 740 ubi

1763 780 1950 835 umbra
1977 777 2189 839 mortis.
2216 785 2270 831 et
2301 778 2478 831 nullus
2502 779 2655 840 ordo,
2686 779 2778 831 sed
2806 778 3162 845 sempiternus
3191 776 3324 828 hor-

1768 885 1858 927 ror
1889 870 2154 938 inhabitat
2188 868 2310 940 (Job
2361 871 2436 938 x).
2479 889 2497 921 ι
2533 869 2667 924 Hinc
2698 879 2752 923 et
2786 869 3073 938 prOpbeta:
3111 888 3127 920 t
3164 868 3326 934 Egre-

1765 960 1996 1022 dientur,
2031 961 2222 1028 inquit.
2259 969 2312 1013 et
2369 959 2623 1012 videbunt
2655 959 2916 1012 cadavera
2952 958 3185 1009 virorum
3235 958 3326 1024 qui

1763 1049 2098 1120 pmvaﬁcati
2129 1057 2256 1101 sunt
2279 1048 2329 1100 in
2366 1063 2486 1111 me;
2521 1062 2732 1101 vermes
2750 1062 2935 1100 eorum
2962 1060 3064 1098 non
3097 1046 3328 1099 morien-

1764 1147 1876 1202 tur,
1907 1148 1958 1193 et
2006 1140 2144 1208 ignis
2170 1153 2352 1192 eorum
2385 1154 2488 1191 non
2517 1140 2892 1207 exstinguetur
2917 1136 3052 1204 (lui.
3101 1139 3265 1204 vat).
3306 1156 3323 1187 ι

1767 1229 1904 1296 Quid
1935 1229 2076 1284 enim
2103 1229 2409 1283 horribilius
2436 1230 2560 1292 dici,
2591 1229 2720 1299 quid
2738 1229 2961 1297 cogitari
2979 1237 3152 1296 potest
3169 1244 3328 1296 quam

1763 1320 2125 1377 damnationis
2156 1319 2371 1373 vulnera
2405 1321 2676 1388 suscipere
2707 1331 2761 1373 et
2794 1319 3007 1372 dolores
3051 1320 3330 1372 vulnerum

1766 1417 2040 1478 utinquam
2070 1410 2264 1463 finire?
2288 1409 2420 1463 Hine
2447 1425 2545 1479 per
2567 1411 2884 1480 prophetam
2915 1410 3112 1463 dicitur
3137 1428 3149 1462 :
3182 1429 3197 1458 ι
3233 1409 3332 1463 De-

1763 1499 2094 1556 scenderunt
2133 1501 2198 1553 ad
2245 1498 2513 1554 infernum
2555 1515 2674 1554 cum
2726 1502 2892 1554 armis
2944 1501 3056 1554 suis
3117 1500 3328 1566 (Each.

1765 1589 1959 1659 xxxtt).
2007 1609 2026 1641 ι
2089 1590 2251 1644 Arma
2287 1592 2482 1661 quippe
2529 1593 2866 1662 peccantium
2919 1601 3042 1646 sunt
3093 1592 3329 1644 membra

1762 1692 2052 1748 corporum
2083 1680 2275 1748 quibus
2295 1696 2545 1752 perversa
2561 1681 2848 1746 desideria,
2871 1698 2989 1752 qua:
3006 1683 3329 1750 concipiunt,

1763 1783 2154 1842 exsequuntur.
2192 1772 2324 1829 Cum
2359 1775 2526 1829 armis
2553 1790 2681 1844 ergo
2708 1775 2774 1829 ad
2825 1774 3088 1830 infernum
3118 1778 3332 1828 descen-

3430 601 3518 669 qui
3545 601 3595 652 in
3627 600 3718 652 illo
3745 601 3827 652 die
3858 611 4033 652 terror
4071 601 4194 656 erit.
4227 615 4346 652 cum
4377 601 4427 651 in
4477 613 4632 666 paena
4670 597 4783 664 jam
4827 612 5012 651 reme-

3431 691 3573 745 dium
3607 706 3710 744 non
3743 692 3863 743 erit.
3890 691 4017 757 Qua:
4044 691 4113 745 illi
4140 689 4405 752 confusio,
4433 692 4516 742 cui
4554 699 4702 743 reatu
4756 706 4854 745 suo
4887 691 5009 743 exi-

3431 794 3606 857 gente,
3640 784 3912 852 continget
3951 783 4001 836 in
4035 791 4297 836 conventu
4323 769 4874 835 omnium-hominum
4904 797 5008 836 an-

3432 876 3777 947 gelorumque
3807 873 4159 927 erubescere?
4190 872 4322 938 Quis
4348 887 4514 939 pavor
4563 887 4709 934 eum,
4756 887 4922 940 quem
4953 881 5011 926 et

3435 965 3778 1032 tranquillum
3829 977 3980 1016 mens
4008 964 4240 1016 humana
4274 977 4376 1014 non
4412 961 4552 1013 valet
4580 977 4793 1029 capere.
4840 964 5010 1018 etiam

3435 1056 3627 1108 iratum
3661 1052 3878 1105 videre?
3911 1051 3984 1105 De
4039 1068 4145 1120 quo
4200 1053 4334 1105 bene
4376 1065 4472 1119 per
4520 1049 4712 1104 Isaiam
4761 1051 5010 1105 dicitur:

3439 1163 3456 1194 ι
3497 1143 3827 1196 Exaltabitur
3856 1153 4032 1196 autem
4062 1142 4317 1196 Dominus
4343 1144 4489 1196 solus
4515 1143 4567 1196 in
4596 1142 4682 1196 die
4725 1142 4834 1203 illa,
4884 1143 5013 1210 quia

3435 1235 3548 1287 dies
3573 1234 3782 1286 Domini
3814 1235 4144 1286 exercituum
4173 1249 4335 1302 super
4367 1248 4581 1286 omnem
4618 1232 4914 1302 superbum
4960 1241 5018 1285 et

3435 1325 3726 1386 excelsum,
3759 1335 3812 1378 et
3843 1340 4002 1392 super
4029 1339 4240 1377 omnem
4292 1333 4659 1391 arrogantem,
4684 1331 4738 1375 et
4761 1322 5018 1375 humilis-

3435 1416 3598 1474 bitur,
3631 1424 3684 1466 et
3729 1431 3887 1482 super
3932 1431 4120 1468 omnes
4168 1415 4358 1468 cedrus
4389 1413 4597 1467 .Libani
4651 1413 4910 1467 sublimes
4961 1423 5020 1467 et

3436 1514 3665 1564 erectas,
3686 1514 3737 1555 et
3755 1518 3913 1570 super
3927 1519 4113 1556 omnes
4127 1519 4359 1572 quercus
4375 1501 4568 1564 Dasan,
4586 1511 4812 1569 etsuper
4824 1515 5021 1554 omnes

3437 1602 3647 1648 montes
3677 1594 3938 1655 excelsos,
3969 1604 4021 1647 et
4061 1609 4222 1663 super
4251 1609 4440 1646 omnes
4466 1593 4631 1646 colles
4675 1591 4940 1652 elevatus.
4966 1599 5022 1643 et

3436 1700 3597 1753 super
3651 1699 3862 1738 omnem
3921 1687 4109 1737 turrim
4149 1684 4436 1746 excelsam,
4481 1692 4535 1736 et
4578 1697 4740 1750 super
4796 1697 5022 1736 omnem

3438 1790 3651 1827 murum
3685 1775 3989 1836 munitum,
4046 1784 4097 1825 et
4139 1789 4296 1842 super
4336 1787 4524 1826 omnes
4572 1786 4735 1825 naves
4766 1769 5021 1834 Tbarsis,

1765 1862 1917 1927 dere,
1946 1872 2029 1916 est
2051 1878 2174 1917 cum
2203 1863 2332 1931 ipsis
2357 1880 2571 1934 quoque
2601 1861 2878 1928 membris,
2908 1865 3102 1934 quibus
3129 1866 3333 1918 deside-
3369 1853 3412 1912 Β
3442 1873 3496 1917 et
3527 1878 3686 1932 super
3711 1880 3866 1916 omne
3898 1866 4036 1930 quod
4065 1865 4177 1915 visu
4209 1861 4490 1931 pulchrum
4523 1872 4634 1924 est;
4665 1869 4720 1913 et
4768 1861 5024 1913 incum-

1768 1954 1849 2008 ria
1876 1954 2165 2024 voluptatis
2189 1955 2559 2023 expleverunt,
2596 1959 2780 2011 πιετηί
2806 1958 3035 2011 incendii
3067 1965 3332 2010 tormenta

1767 2039 2016 2097 tolerare.
2050 2041 2244 2098 Paulus
2261 2045 2422 2098 etiam
2452 2045 2610 2099 dicit:
2671 2065 2688 2096 ι
2723 2045 2776 2099 In
2807 2046 3130 2099 revelatione
3160 2044 3337 2098 Domi-

1771 2133 1824 2188 ni
1854 2134 2019 2188 nostri
2053 2133 2180 2188 Iesu
2211 2134 2409 2190 Christi
2438 2138 2504 2190 de
2545 2137 2683 2190 caelo
2727 2153 2847 2190 cum
2883 2137 3085 2202 angelis
3129 2137 3339 2190 virtutis

1769 2221 1887 2290 ejus
1914 2225 1966 2276 in
1995 2223 2207 2277 ﬂamma
2235 2226 2373 2296 ignis
2397 2227 2577 2280 dantis
2612 2227 2902 2280 vindictam
2957 2228 3041 2290 iis,
3093 2229 3181 2296 qui
3235 2243 3338 2281 non

1770 2323 2031 2366 noverunt
2067 2315 2255 2379 Deum,
2282 2327 2335 2370 et
2363 2319 2453 2386 qui
2484 2333 2591 2370 non
2615 2317 2874 2372 obediunt
2911 2318 3206 2387 Evangelia
3239 2320 3342 2372 Do-

1773 2405 1904 2458 mini
1938 2406 2106 2459 nostri
2135 2404 2258 2460 Iesu
2280 2407 2504 2472 Christi,
2535 2410 2622 2478 qui
2655 2425 2841 2478 pennas
2874 2411 3077 2464 dabunt
3110 2411 3162 2462 in
3208 2413 3341 2464 inte-

1771 2496 1879 2548 ritu
1909 2503 2143 2549 eternas
2171 2511 2199 2550 a
2229 2493 2368 2550 faci'e
2399 2497 2609 2552 Domini
2656 2510 2710 2552 et
2736 2516 2764 2552 a
2797 2501 2960 2567 gloria
2993 2501 3205 2552 virtutis
3230 2502 3345 2569 ejus

1773 2583 1864 2654 (Il
1915 2584 2094 2639 Thess.
2124 2587 2189 2655 t).
2250 2608 2268 2639 ι
2301 2587 2368 2643 Et
2417 2589 2641 2644 iterum:
2709 2609 2726 2640 ι
2781 2590 3058 2644 Terribilis
3101 2593 3343 2659 quaedam

1771 2678 2102 2744 exspectatio
2125 2678 2311 2746 judicii
2343 2689 2398 2734 et
2422 2680 2560 2748 ignis
2586 2681 2878 2744 :emulatio,
2907 2696 3024 2749 qua:
3091 2697 3342 2735 consum-

1779 2773 1937 2833 ptura
1957 2774 2041 2819 est
2080 2767 2417 2823 adversarios
2444 2767 2628 2837 (Heln.
2660 2771 2736 2836 x).
2775 2790 2794 2821 ο

1845 2855 1960 2924 Age
1997 2869 2145 2925 ergo,
2177 2872 2296 2911 cum
2339 2857 2405 2910 ad
2435 2859 2564 2912 illud
2596 2859 2842 2912 ultimum
2895 2859 3156 2928 judicium
3188 2877 3345 2915 vene-

1773 2941 1966 3005 rimus,
1997 2944 2065 2998 ab
2093 2958 2160 2998 eo
2189 2945 2397 3000 scilicet
2419 2945 2608 3001 Iudice
2634 2946 2935 3015 judicandi,
2973 2951 3062 3017 qui
3112 2967 3207 3002 nec
3239 2950 3346 3002 falli

1772 3033 2108 3087 occulatione
2146 3035 2429 3090 criminum
2473 3046 2666 3106 potest,
2714 3053 2812 3091 nec
2860 3040 2926 3090 ad
2979 3041 3347 3106 impunitatem

1772 3123 2186 3192 promerendam
2229 3127 2466 3178 muneris
2495 3126 2718 3195 alicujus
2743 3126 3012 3180 oblatione
3039 3129 3202 3199 386
3228 3144 3346 3182 cor-

3440 1956 3583 2006 bitur
3610 1955 3910 2006 sublimitas
3948 1954 4244 2015 hominum,
4295 1961 4346 2003 et
4383 1951 4758 2004 bumiliabitur
4794 1951 5026 2003 altitudo

3443 2048 3680 2098 virorum
3727 2055 3778 2096 et
3807 2047 4110 2096 eIeV'tbitur
4159 2044 4417 2097 Dominus
4447 2043 4592 2095 solus
4632 2043 4682 2095 in
4711 2042 4795 2095 die
4826 2041 4933 2100 illa.
4971 2051 5028 2095 et

3443 2139 3581 2191 idola
3610 2138 3817 2203 penitus
3845 2139 4216 2188 conterentur:
4251 2144 4303 2186 et
4328 2133 4626 2186 introibunt
4654 2133 4704 2185 in
4737 2132 5028 2200 speluncas

3445 2239 3717 2295 petrarum
3747 2227 3872 2278 etin
3903 2228 4186 2292 voragines
4239 2234 4396 2275 teme
4440 2237 4469 2274 a
4522 2222 4659 2274 facie
4714 2214 5030 2275 formidinis

3447 2317 3652 2370 Domini
3681 2325 3734 2368 et
3763 2331 3791 2365 a
3823 2314 3988 2382 gloria
4027 2313 4320 2378 majestatis
4365 2311 4501 2380 ejus,
4547 2326 4669 2369 cum
4727 2311 5032 2363 surrexerit

3446 2417 3725 2475 percutere
3767 2415 3963 2457 terram
4007 2403 4138 2470 (Ira.
4174 2407 4254 2470 tt).
4312 2421 4330 2453 ι
4385 2400 4536 2455 Nunc
4575 2410 4797 2470 peccata
4851 2399 5028 2453 delin-

3445 2497 3720 2563 quentium
3752 2495 3916 2555 videt,
3949 2504 4002 2546 et
4028 2503 4183 2554 tacet,
4219 2511 4233 2542 t
4291 2501 4416 2543 tunc
4447 2501 4631 2542 autem
4675 2490 4932 2558 loquetur
4962 2489 5030 2541 ad

3447 2604 3537 2639 eos
3561 2588 3610 2637 in
3631 2587 3705 2636 ira
3731 2601 3847 2646 sua,
3874 2594 3926 2636 ct
3960 2587 4010 2637 in
4034 2584 4212 2636 furore
4235 2598 4329 2636 suo
4354 2581 4698 2635 conturbabit
4727 2595 4822 2632 eos
4853 2575 5030 2646 (Ρωι.

3452 2685 3531 2740 tt),
3564 2695 3580 2725 ι
3613 2676 3750 2726 sicut
3784 2676 3892 2740 ipse
3920 2691 4013 2741 per
4031 2673 4343 2741 prophetam
4367 2673 4523 2724 dicit:
4561 2689 4577 2719 α
4613 2668 4804 2732 Tacui,
4831 2670 5030 2738 inquit,

3450 2785 3664 2836 semper
3707 2770 3850 2830 silui,
3897 2769 4102 2835 patiens
4139 2766 4245 2829 fui,
4301 2767 4440 2820 sicut
4485 2765 4791 2835 parturiens
4837 2762 5035 2832 loquar

3452 2861 3586 2924 (Isa.
3625 2863 3775 2926 sui).
3819 2880 3833 2908 ι
3872 2860 4126 2927 Quisquis
4154 2861 4296 2911 enim
4349 2873 4491 2910 nunc
4529 2857 4758 2910 terrenis
4793 2871 5037 2909 commo-

3453 2953 3534 3003 dis
3594 2952 3784 3012 inhiat,
3842 2951 4086 3017 quisquis
4156 2947 4371 3001 lasciva:
4433 2946 4617 3002 carnis
4667 2945 5039 3014 voluptatibus

3451 3043 3713 3108 pascitur,
3745 3050 3867 3091 tunc
3891 3050 4104 3091 rtem:
4132 3038 4520 3092 combustionis
4572 3017 4691 3107 igne
4740 3052 5035 3092 consume

3456 3143 3562 3194 tur,
3609 3144 3662 3184 et
3707 3133 3869 3183 divini
3918 3131 4115 3184 furoris
4154 3131 4329 3197 gladio
4369 3128 4734 3183 devorabitnr.
4780 3127 4852 3183 Ut
4887 3129 5040 3181 enim

1773 3212 1976 3281 rumpi.
2003 3212 2135 3268 Cum
2160 3216 2423 3283 coeperint
2449 3193 2856 3271 omniaisecreta
2891 3193 3136 3279 revela—ri
3160 3193 3215 3270 ξι
3242 3233 3346 3269 non
3377 3193 3420 3254 ϐ
3455 3223 3717 3291 Propheta
3749 3223 3909 3274 dicit;
3948 3239 3963 3270 ι
4006 3221 4060 3274 In
4091 3193 4211 3289 igne
4253 3221 4349 3274 ιεΙὶ
4534 3217 4888 3274 ἀενοηιιξιιιιν
4915 3233 5037 3273 οι.-

1778 3303 1952 3358 solum
1989 3314 2146 3360 actus
2181 3321 2244 3362 ac
2273 3308 2459 3371 verba,
2491 3309 2585 3362 sed
2617 3311 2776 3363 etiam
2833 3310 2961 3379 ipsa
2999 3311 3352 3379 cogitationes

1779 3394 2012 3460 osten'di,
2044 3397 2172 3465 quid
2214 3396 2470 3452 faciemus
2506 3401 2604 3453 sub
2638 3403 2766 3453 tanti
2802 3401 2999 3469 judicia
3041 3402 3354 3469 majestate?

1780 3486 1910 3555 quid
1941 3489 2301 3542 exornationis
2323 3491 2619 3544 obtendere
2646 3493 2976 3560 poterimus?
3007 3509 3108 3560 qua
3142 3509 3236 3547 nos
3265 3495 3354 3547 de-

1781 3575 2043 3632 fensionis
2070 3590 2185 3633 arte
2213 3581 2596 3651 purgabimus?
2646 3597 2764 3652 qua
2819 3583 2974 3636 nobis
3029 3583 3351 3637 subventura

1781 3677 1862 3722 est
1893 3667 2222 3737 paenitentia,
2251 3686 2410 3738 quam
2438 3671 2489 3723 in
2541 3671 2641 3724 hac
2692 3686 2853 3726 carne
2897 3673 3357 3739 contempsimus?

1784 3773 1905 3829 quae
1933 3775 2027 3813 nos
2053 3759 2332 3814 defensura
2363 3770 2486 3815 sunt
2516 3777 2676 3830 opera
2705 3761 2861 3824 bona,
2894 3777 3012 3831 qua:
3042 3763 3095 3815 in
3122 3764 3220 3816 hac
3247 3765 3352 3815 vita

1787 3865 1895 3908 non
1933 3851 2176 3921 egimus?
2225 3854 2291 3906 ad
2337 3869 2471 3922 quos
2501 3853 2792 3922 apostolos,
2842 3865 2933 3907 aut
2964 3857 3029 3909 ad
3060 3871 3195 3924 quos
3225 3856 3356 3909 alios

1786 3951 2008 3998 sanctos
2054 3940 2376 4012 confugitnri
2410 3958 2627 4006 sumus,
2665 3958 2893 4011 quorum
2924 3945 3166 4013 exempla
3202 3945 3354 3997 simul

1785 4044 1853 4088 Ic
1877 4032 2036 4086 verba
2068 4033 2447 4102 despeximus?
2475 4034 2555 4087 An
2584 4035 2722 4088 forte
2745 4034 2921 4102 aliqua
2979 4050 3036 4088 se
3092 4033 3356 4105 fragilitas

1787 4121 2031 4189 corporis
2050 4123 2364 4176 excusabit?
2393 4121 2499 4178 Sed
2523 4125 2854 4178 excusationi
2880 4140 3066 4177 eorum
3100 4127 3359 4179 reclama-

1790 4209 1926 4266 hunt
1953 4211 2192 4265 omnium
2221 4213 2461 4282 exempla
2515 4223 2844 4277 sanctorum,
2885 4215 2973 4284 qui
3013 4214 3355 4283 fragilitatem

1787 4303 1969 4358 Carnis
1999 4303 2051 4356 in
2083 4318 2246 4357 carne
2283 4305 2577 4367 vincentes,
2625 4321 2742 4372 qua:
2774 4305 3018 4359 fecerunt
3067 4309 3250 4375 utique
3283 4307 3358 4360 fa-

1787 4408 1912 4449 cere
1938 4409 2032 4448 nos
2062 4409 2219 4462 posse
2245 4393 2571 4459 docuerunt;
2629 4395 2860 4450 maxime
2911 4396 3034 4464 quia
3084 4413 3206 4450 cum
3262 4415 3360 4453 nec

1791 4481 1892 4553 Ipsi
1931 4494 2152 4552 peccato
2181 4499 2274 4538 sua
2301 4485 2520 4549 virtute,
2555 4486 2647 4540 sed
2687 4487 2895 4540 Domini
2935 4487 3239 4541 miserantis
3264 4504 3358 4541 au-

1793 4575 1922 4631 xilio
1963 4579 2296 4639 restiterunt,
2326 4580 2414 4646 qui
2441 4588 2563 4633 seet
2596 4595 2701 4633 non
2717 4582 3096 4647 querentibus,
3128 4592 3182 4636 ut
3214 4599 3360 4652 qua—

1793 4677 1962 4729 ratur,
1991 4679 2175 4739 atque.
2210 4681 2266 4726 ut
2300 4673 2352 4726 in
2382 4688 2502 4726 eum
2528 4674 2798 4736 credatur,
2831 4674 3102 4737 ostendit;
3147 4685 3203 4729 et
3245 4691 3362 4729 cre-

1792 4757 1981 4813 dentes
2010 4760 2060 4812 in
2089 4777 2148 4814 se
2178 4777 2244 4813 ne
2274 4777 2301 4813 a
2329 4773 2548 4831 peccato
2581 4765 2888 4826 vincantur,
2941 4750 3138 4818 invicta
3188 4774 3362 4831 prote-

1795 4849 1970 4903 ctione
1994 4849 2250 4904 defendit.
2275 4850 2410 4917 Quid
2425 4866 2554 4921 ergo
2584 4852 2889 4921 responsuri
2913 4861 3061 4914 sunt,
3090 4853 3132 4905 si
3155 4855 3232 4906 eis
3257 4853 3361 4906 Do-

3454 3313 3537 3365 nis
3567 3323 3800 3372 terra,et
3833 3313 3880 3362 in
3900 3311 4074 3378 gladio
4091 3309 4204 3375 ejus
4220 3311 4396 3363 omnis
4421 3321 4547 3362 caro
4570 3307 4845 3376 (Supina).
4872 3329 4890 3358 ι
4925 3306 5041 3360 Illic

3448 3401 3556 3467 jam
3584 3418 3611 3452 a
3646 3400 3870 3452 Domino
3898 3415 4000 3452 non
4053 3409 4224 3466 potest
4257 3398 4454 3452 mereri
4488 3411 4606 3466 qut
4635 3397 4791 3465 petit,
4821 3396 4917 3464 qui
4951 3395 5040 3448 hic

3455 3495 3621 3547 noluit
3642 3493 3801 3562 387
3828 3494 4010 3546 audire
4033 3493 4175 3561 quod
4200 3492 4378 3558 jussit.
4407 3492 4446 3544 Α
4471 3491 4670 3558 quibus
4689 3489 4835 3542 enim
4855 3489 5042 3542 divina

3458 3600 3553 3636 vox
3593 3585 3642 3635 itt
3673 3585 3770 3636 hac
3797 3587 3899 3634 vita
3931 3584 4244 3651 despicitur,
4281 3593 4407 3634 tunc
4454 3580 4584 3633 falsa
4625 3595 4812 3633 eorum
4865 3579 5044 3631 bunu-

3457 3675 3579 3727 litas
3609 3689 3730 3726 eum
3772 3675 4019 3740 precibus
4043 3683 4165 3723 ante
4190 3671 4415 3737 januam
4455 3671 4685 3722 veniens
4728 3683 4836 3721 non
4886 3669 5046 3722 audi-

3457 3775 3560 3826 tur,
3592 3767 3684 3818 sed
3713 3765 3902 3816 dicitur
3941 3764 4074 3816 illis:
4116 3783 4130 3812 ι
4166 3762 4354 3814 Nescio
4384 3775 4508 3826 vos;
4539 3762 4632 3823 ite,
4658 3761 4960 3824 maledicti,
4994 3762 5048 3812 in

3457 3857 3630 3922 ignem
3673 3865 3952 3916 aeternum,
4006 3872 4094 3924 qui
4129 3865 4347 3923 paratus
4385 3864 4466 3906 est
4515 3852 4727 3908 diabolo
4752 3863 4804 3906 et
4834 3855 5048 3920 angelis

3456 3944 3808 4011 ejusUfauIi.
3853 3955 3997 4008 xxv).
4041 3965 4057 3995 ι
4101 3945 4161 3996 Et
4199 3946 4388 3997 iterum
4442 3943 4699 3997 Dominus
4748 3958 4846 4010 per
4891 3943 5046 3995 Salo-

3460 4049 3671 4085 monun
3701 4035 3828 4085 dicit
3863 4053 3874 4084 :
3908 4052 3924 4082 ι
3954 4033 4118 4086 Vocat
4137 4035 4169 4094 i,
4199 4042 4249 4086 et
4281 4033 4551 4092 renuistis,
4578 4033 4793 4084 extendi
4823 4047 5047 4084 manuus

3461 4112 3655 4183 meam,
3691 4133 3744 4175 et
3785 4138 3887 4175 non
3928 4124 4026 4175 fuit
4054 4125 4459 4189 quiaspiccret;
4510 4121 4834 4188 despexistis
4883 4137 5049 4175 omne

3460 4215 3764 4273 Consilium,
3812 4224 3864 4266 et
3913 4215 4311 4281 ittcrcpaliottcs
4351 4227 4497 4265 meas
4543 4212 4890 4281 neglexistis;
4947 4229 5049 4283 ego

3459 4320 3671 4372 quoque
3734 4309 3782 4356 in
3837 4306 4054 4358 interitu
4109 4315 4286 4358 vestro
4315 4306 4518 4366 rizlcbo,
4559 4313 4612 4358 et
4675 4305 5049 4366 subsannabo,

3460 4412 3582 4448 eum
3617 4397 3765 4447 vobis
3809 4397 3858 4448 id
3894 4399 4034 4463 quod
4065 4397 4338 4449 timebatis
4382 4396 4680 4456 advenerit,
4710 4411 4836 4449 cum
4876 4399 5052 4451 irrue-

3464 4490 3532 4540 rit
3565 4488 3844 4556 repentina
3875 4489 4171 4548 calamitas,
4205 4497 4258 4540 et
4292 4487 4540 4541 interitus
4570 4487 4720 4555 quasi
4755 4498 5052 4554 tempestas

3467 4579 3760 4648 ingruerit;
3804 4580 4018 4646 quando
4061 4581 4267 4631 venerit
4303 4595 4465 4651 super
4520 4594 4613 4631 vos
4671 4579 4958 4633 tribulatio
5001 4591 5056 4633 et

3466 4672 3732 4739 angustia.
3777 4671 3924 4724 Tunc
3977 4673 4302 4724 invocabunt
4329 4687 4434 4730 me,
4467 4680 4522 4722 et
4571 4685 4675 4723 non
4721 4671 5052 4732 exaudiam;

3469 4777 3626 4815 mane
3651 4772 3999 4830 consurgent.
4029 4771 4082 4814 et
4120 4777 4222 4813 non
4252 4761 4527 4814 invenient
4574 4775 4659 4812 me
4707 4756 4894 4828 (Prae.
4930 4763 4994 4828 ι).
5035 4781 5050 4810 ο

3468 4853 3521 4905 In
3553 4849 3660 4922 quo
3687 4867 3812 4920 ergo
3843 4851 4192 4904 eontidimus'
4228 4852 4312 4904 ubi
4339 4867 4487 4918 spem
4515 4848 4878 4919 adipiscendae
4909 4852 5058 4906 salu-

1801 4940 1979 4994 ntinns
1998 4941 2173 4995 dicat:
2207 4940 2262 4996 Si
2292 4945 2558 5010 potuistis.
2584 4959 2752 5013 quare
2783 4960 2888 4998 non
2922 4945 3193 4999 restitistis
3224 4947 3367 4999 desi-
3472 4947 3538 4998 tis
3590 4945 3890 4998 habemus?
3956 4944 4194 5010 nunquid
4246 4944 4297 4996 in
4346 4944 4696 5012 pecuniarum
4759 4945 5054 5004 thesauris,

1799 5031 1961 5086 deriis
2002 5034 2382 5100 peccatorum?
2409 5036 2450 5088 si
2482 5051 2586 5088 non
2645 5024 2915 5104 potuistis,
2965 5051 3134 5102 quare
3187 5052 3363 5089 meum

1801 5129 1986 5174 contra
2027 5131 2308 5190 peccatum
2339 5137 2444 5176 non
2471 5123 2742 5193 quasistis
2781 5124 3075 5177 auxilium?
3121 5136 3214 5178 aut
3257 5126 3366 5175 vul-

1802 5211 1995 5275 nerati,
2059 5225 2227 5281 quare
2281 5213 2592 5280 pmnitendo
2640 5227 2746 5266 non
2798 5213 3116 5268 adbibuistis
3162 5215 3367 5269 vulneri

1798 5309 1981 5355 vestro
2003 5301 2334 5356 remedium?
2359 5301 2611 5370 Nunquid
2633 5303 2699 5356 ad
2717 5304 2833 5357 haec
2848 5318 2950 5356 non
2965 5303 3372 5360 obmutescent?

1803 5391 1940 5462 Quid
1967 5403 2144 5449 autem
2176 5396 2548 5465 excusationis
2578 5397 2938 5465 respondeant
2990 5411 3094 5450 non
3135 5399 3373 5452 habenti-

1802 5485 1904 5541 bus
1931 5485 2094 5541 dicit:
2151 5504 2171 5538 ι
2226 5486 2432 5556 Ligatis
2476 5487 2746 5552 manibus,
2799 5499 2853 5542 et
2875 5489 3122 5557 pedibus,
3179 5492 3377 5545 mittite

3471 5051 3606 5102 quos
3637 5035 3687 5085 in
3743 5049 3866 5087 arca
3929 5033 4308 5086 recondintus?
4348 5033 4589 5100 nunquid
4634 5033 4687 5086 in
4740 5035 5060 5087 divitiarum

3476 5127 3771 5188 afﬂuentia,
3831 5141 3966 5193 quas
4016 5126 4341 5180 intrinsecus
4391 5127 4569 5187 vacui,
4626 5125 4766 5179 male
4815 5131 5062 5182 exterius

3480 5219 3855 5288 possidemus?
3887 5219 3988 5270 Sed
4022 5219 4143 5269 audi
4190 5216 4448 5271 Iacobum
4505 5217 4829 5287 apostolum,
4877 5221 5062 5287 qunti

3482 5311 3698 5362 divitias
3727 5307 4002 5360 hominum
4045 5307 4225 5368 faciat,
4257 5311 4400 5376 quod
4441 5309 4691 5361 meritum
4739 5308 4793 5360 in
4830 5319 5064 5361 terrent

3483 5398 3794 5452 substanti.e
3823 5399 4162 5466 possessione
4192 5397 4517 5450 constituat:
4561 5414 4580 5446 α
4636 5396 4812 5465 Agite,
4868 5397 5064 5466 inquit.

3489 5505 3628 5542 nttnc
3666 5489 3884 5548 divites.
3916 5499 3970 5542 et
3999 5489 4231 5558 plorate,
4272 5487 4542 5541 ululantes
4581 5487 4632 5540 in
4662 5486 4929 5548 miseriis,
4952 5503 5066 5554 qu:

1805 5592 1897 5636 eos
1922 5578 1974 5633 in
2001 5580 2250 5635 tenebras
2276 5579 2606 5636 exteriores:
2638 5580 2710 5634 itii
2760 5580 2864 5633 erit
2917 5579 3072 5635 ﬂetus
3102 5590 3158 5635 et
3186 5581 3385 5636 stridor
3491 5581 3776 5635 advenient
3809 5579 3986 5644 vobis;
4021 5581 4222 5634 diviti:
4253 5589 4452 5634 vestra
4477 5576 4799 5649 putrefacta
4839 5591 4994 5634 suat.
5017 5589 5068 5631 et

1809 5670 2047 5726 dentium
2079 5670 2294 5742 (latri.
2336 5673 2496 5742 un).
2559 5691 2576 5722 ι
2634 5670 2985 5742 Consequens
3020 5684 3120 5738 est,
3166 5684 3226 5729 ut
3277 5675 3384 5728 illic

1813 5757 2316 5821 dentes‘strideant.
2374 5762 2466 5832 qui
2515 5761 2606 5819 hic
2643 5761 2712 5820 de
2740 5761 3008 5822 edacitate
3059 5764 3382 5834 gaudebant.

3491 5674 3810 5727 vestimenta
3838 5680 4014 5726 vestra
4045 5688 4072 5724 a
4115 5671 4273 5724 tineis
4312 5680 4549 5726 contest:
4581 5679 4742 5736 sunt;
4791 5684 4987 5724 aurum
5019 5681 5068 5720 et

3495 5779 3774 5835 argentum
3810 5774 4052 5822 vestu-
4095 5761 4435 5833 cruglnsvit.
4488 5770 4544 5820 ut
4571 5776 4758 5832 eruo
4791 5776 4984 5818 mm
5018 5763 5069 5820 is
