5428 6588
245 404 335 463 181
1439 444 1443 448 .
1472 391 1677 457 LIBER
1707 396 2056 466 OCTAVUS,
2099 396 2315 453 EPIST.
2364 395 2458 453 Ι..

3450 399 3571 454 HJ!

247 519 608 578 .estimonium
631 517 785 572 vobis
804 514 934 580 erit,
959 523 1012 570 et
1033 514 1383 570 manducabit
1405 522 1599 570 carnes
1626 521 1837 569 vestras
1865 519 1912 578 Α
1945 519 2065 566 ruet
2114 510 2167 564 in
2227 508 2430 565 malum
2480 506 2669 580 (Prov.
2727 509 2943 582 xxvtn).
2991 529 3009 563 ι
3048 508 3311 582 Legimus
3368 519 3567 568 autem

243 612 377 670 sicut
405 608 1011 683 ignis:thesaurizastis
1047 607 1192 663 enim
1219 607 1372 662 vobis
1400 607 1538 662 iram
1572 609 1625 662 in
1659 605 1844 661 novis-

244 703 393 759 simis
440 704 650 758 diebus.
691 720 709 753 ι
743 700 807 755 Et
841 699 1000 771 paulo
1032 708 1186 768 post:
1227 718 1245 751 ι
1292 698 1504 769 Epulati
1529 697 1663 753 estis
1681 711 1846 766 super

241 809 464 859 terram,
485 803 542 848 et
577 793 631 848 in
663 791 894 847 luxuriis
921 791 1208 846 enutristis
1246 791 1413 845 corda
1462 799 1644 845 vestra
1693 788 1838 859 (Jac.

241 886 314 960 τ).
354 908 374 942 ι
403 888 504 944 Eat
534 903 679 943 nunc
709 887 896 943 infelix
925 887 1110 952 homo,
1165 898 1221 942 et
1250 887 1420 942 fluxui
1452 888 1690 944 carnalis
1719 888 1839 942 ille-

240 980 411 1034 cebrae
432 980 710 1034 enerviter
741 981 922 1043 cedat,
953 991 1115 1046 quem
1146 977 1492 1048 postmodum
1518 978 1839 1044 barathrum

239 1069 555 1140 gehennalis
588 1068 826 1124 incendii
856 1066 1176 1137 pestilenter
1205 1068 1520 1135 absorbeat,
1567 1069 1620 1124 in
1651 1073 1839 1126 corni-

239 1167 337 1213 bus
361 1173 421 1212 se
446 1159 715 1228 superbiae
742 1173 886 1213 nunc
906 1154 1230 1228 arroganter
1250 1157 1496 1223 extollat,
1532 1169 1592 1214 ut
1623 1168 1754 1215 tunc
1780 1162 1851 1217 in'

239 1258 436 1303 eterna
467 1257 644 1306 morte
699 1248 1027 1304 constrictus
1055 1249 1440 1306 immortaliter
1481 1251 1650 1306 vivat.
1696 1251 1837 1319 Quid

239 1337 386 1393 enim
416 1340 660 1409 prodest,
699 1339 746 1394 si
776 1338 935 1394 hodie
963 1347 1118 1394 satur
1143 1349 1356 1396 eructet
1382 1342 1437 1396 in
1466 1342 1749 1410 convivio;
1779 1351 1838 1398 et

229 1443 360 1485 cras
388 1440 633 1487 marceat
660 1430 861 1486 fetidus
885 1431 938 1485 in
979 1431 1436 1503 sepulcro?Quid
1463 1434 1642 1505 juvat,
1692 1435 1736 1490 si
1777 1450 1837 1492 se

237 1516 394 1576 hodie
438 1521 727 1592 purpureis
779 1521 1023 1577 vestibus
1050 1522 1259 1586 induat,
1291 1531 1347 1578 et
1378 1538 1504 1579 cras
1526 1539 1734 1594 pauper
1781 1533 1838 1579 et

237 1613 412 1669 nudus
460 1615 528 1669 ad
587 1615 797 1668 inferna
837 1615 1166 1670 descendat?
1205 1614 1346 1681 lleu,
1384 1616 1491 1672 heu
1524 1618 1654 1688 quid
1706 1627 1836 1674 tunc

236 1703 418 1760 dicent
466 1705 672 1769 miseri,
699 1720 824 1759 cum
855 1721 915 1761 se
961 1706 1200 1761 viderint
1229 1714 1287 1762 et
1312 1707 1454 1763 bona
1508 1709 1835 1780 temporalia

237 1794 738 1867 irrecuperabiliter
794 1797 1066 1863 amisisse,
1121 1806 1178 1853 et
1236 1797 1378 1853 mala
1429 1798 1533 1854 sibi
1572 1807 1834 1870 perpetua

1947 607 2075 678 quia
2106 620 2267 661 nemo
2313 612 2493 675 potest
2542 603 2821 674 corrigere
2851 617 3012 673 quem
3051 603 3194 659 Deus
3244 601 3567 675 despexerit

1947 695 2179 769 (Eccles.
2211 698 2329 766 vn).
2364 693 2537 750 Homo
2561 693 2833 764 siquidem
2865 693 3072 747 homini
3112 694 3350 748 inaniter
3375 694 3583 764 loqui--

1945 796 2053 855 tur,
2080 789 2122 842 si
2148 801 2244 859 per
2274 787 2628 856 semetipsum
2665 785 2810 840 Deus
2865 785 3100 841 interius
3139 802 3248 842 non
3277 785 3556 856 loquatur.

1944 879 2026 934 Tu
2057 891 2261 941 autem.
2288 879 2621 935 charissime
2649 881 2848 943 frater.
2902 879 3206 934 secundum
3255 879 3562 949 prudentia

1944 979 2051 1028 tua:
2085 973 2362 1044 ingenium
2394 971 2491 1028 tibi
2522 972 2786 1027 divinitus
2815 971 3027 1038 datum,
3058 971 3224 1025 vitam
3253 981 3403 1026 tuam
3431 970 3561 1026 sub-

1943 1063 2114 1123 tiliter
2143 1064 2381 1131 discute,
2409 1062 2556 1118 facta
2588 1073 2676 1118 tua
2711 1076 2932 1130 semper
2980 1071 3110 1116 ante
3150 1060 3342 1117 oculos
3391 1075 3555 1132 pone.

1942 1154 2036 1210 Dei
2055 1153 2322 1222 judicium
2353 1156 2711 1224 pertimesco;
2743 1152 2935 1222 sicque
2961 1161 3016 1207 te
3045 1156 3287 1222 undique
3315 1152 3554 1208 sollicita

1938 1247 2252 1319 provisione
2307 1246 2704 1317 circumspice,
2751 1253 2812 1300 ut
2856 1261 2980 1300 cum
3025 1245 3199 1316 judex
3247 1244 3554 1308 advenerit,

1940 1355 2047 1394 non
2075 1339 2464 1402 dormientem,
2490 1339 2586 1394 sed
2616 1337 2954 1407 vigilantem,
2991 1346 3047 1391 et
3071 1352 3177 1391 non
3206 1353 3332 1408 cum
3364 1332 3560 1406 fatuis,

1940 1433 2036 1488 sed
2085 1449 2208 1488 cum
2259 1417 2619 1504 prudentibus
2664 1439 2717 1484 te
2741 1428 2920 1484 valeat
2961 1429 3265 1501 virginibus
3282 1429 3556 1498 invenire,

1938 1534 2212 1595 quatenus
2250 1527 2378 1580 dum
2420 1539 2565 1580 nunc
2615 1522 2733 1593 ipse
2782 1530 2909 1577 tuus
2949 1521 3120 1590 judex
3154 1519 3420 1585 eﬂiceris,
3451 1535 3555 1576 ue-

1937 1631 2212 1686 quaquam
2242 1616 2589 1687 postmodum
2599 1613 2899 1686 judiccris:
2935 1622 2989 1667 et
3014 1621 3141 1668 tunc
3168 1612 3304 1668 nihil
3326 1613 3556 1669 omnino

1940 1705 2156 1769 timeas,
2193 1705 2285 1775 qui
2318 1705 2480 1759 modo
2512 1704 2705 1758 timere
2737 1718 2844 1757 non
2872 1717 3082 1757 cessas.
3124 1701 3233 1757 Sed
3287 1703 3553 1773 quoniam

1939 1797 2082 1868 apud
2109 1805 2162 1853 te
2189 1798 2311 1867 plus
2334 1796 2564 1852 forsitan
2594 1795 2825 1866 proficio
2850 1795 3018 1849 Deum
3051 1794 3349 1864 precando,
3383 1808 3554 1865 quam

234 1884 622 1942 tueritahiliter
649 1885 978 1941 imminere?
1003 1886 1135 1953 Qua:
1182 1894 1311 1942 tunc
1359 1885 1464 1943 illis
1503 1903 1658 1944 meus
1704 1889 1832 1956 erit,
1865 1877 1913 1945 Β
1945 1897 1997 1943 te
2020 1889 2387 1957 praedicando,
2420 1887 2770 1958 omnipotens
2796 1885 2940 1940 Deus
2981 1892 3053 1949 te,
3085 1883 3258 1939 frater
3288 1881 3559 1938 charissio

238 1993 364 2033 cum
419 1977 655 2034 viderint
710 1986 924 2049 tempus
972 1978 1328 2048 acceptabile,
1355 1990 1412 2034 et
1441 1979 1586 2035 diem
1642 1979 1841 2037 salutis

234 2068 320 2140 (ll
350 2069 474 2124 Cor.
505 2069 580 2140 vi)
610 2069 828 2140 penitus
857 2066 1132 2126 efﬂuxisse
1153 2081 1207 2125 et
1236 2069 1368 2126 illud
1386 2079 1600 2142 tempus
1625 2072 1837 2136 adesse,

233 2174 287 2214 m
319 2172 429 2229 quo
460 2159 594 2214 nihil
648 2159 777 2215 boni
832 2159 1040 2226 facere,
1090 2160 1297 2215 nullum
1356 2161 1682 2231 perditionis
1726 2178 1841 2220 sua:

234 2249 532 2305 remedium
587 2249 806 2305 valeant
860 2250 1142 2306 invenire?
1196 2249 1370 2317 Quam
1418 2266 1605 2306 amara
1647 2267 1838 2307 eorum

231 2342 586 2407 conscientia,
618 2340 1012 2413 quam-flebilis
1047 2357 1238 2398 eorum
1279 2344 1484 2413 poterit
1530 2359 1654 2401 esse
1703 2360 1838 2416 que-

232 2435 373 2504 tela!
422 2456 440 2488 ι
485 2437 638 2492 Tunc
665 2438 833 2502 enim,
871 2438 1014 2493 sicut
1041 2437 1304 2494 Salomon
1356 2438 1584 2508 fatetur,
1617 2441 1832 2510 flentes,

230 2535 284 2581 et
305 2541 418 2597 pra
441 2528 696 2599 angustia
740 2528 968 2598 spiritus
993 2539 1295 2607 gementes,
1331 2529 1550 2586 dicent:
1610 2531 1835 2594 Erravi-

229 2633 350 2674 mus
369 2635 401 2675 a
426 2621 511 2680 via
537 2620 804 2686 veritatis,
829 2629 883 2675 et
898 2621 1127 2691 justitia:
1152 2621 1333 2677 lumen
1358 2637 1465 2678 non
1490 2622 1626 2678 luxit
1649 2624 1831 2691 nobis,

228 2719 284 2766 et
310 2710 393 2766 sol
423 2711 796 2783 intelligentiae
823 2726 930 2767 non
957 2717 1042 2768 est
1075 2721 1232 2769 ortus
1259 2716 1420 2770 nobis
1439 2757 1456 2780 ,
1509 2716 1698 2772 lassati
1734 2733 1828 2771 su-

229 2814 350 2857 mus
377 2801 431 2857 in
458 2802 543 2856 via
570 2802 872 2874 iniquitatis
900 2811 955 2858 et
979 2804 1318 2874 perditionis,
1346 2815 1400 2860 et
1427 2808 1830 2864 ambulavimus

229 2893 345 2948 vias
393 2893 659 2961 dimciles,
718 2895 864 2950 viam
925 2906 1106 2951 autem
1156 2896 1368 2952 Domini
1425 2899 1825 2970 ignoravimus.

230 2982 371 3048 Quid
429 2985 586 3039 nobis
633 2985 838 3054 profuit
875 2987 1149 3054 superbia,
1210 2997 1304 3040 aut
1342 2989 1471 3057 quid
1511 2989 1827 3046 divitiarum

227 3077 476 3143 lactantia
509 3076 740 3132 contulit
772 3077 965 3133 nobis?
991 3077 1354 3133 Transierunt
1380 3080 1562 3134 omnia
1594 3081 1687 3136 illa
1717 3089 1830 3136 tan-

226 3179 387 3237 quam
435 3168 647 3234 umbra,
679 3175 735 3223 et
789 3177 1050 3251 tanquam
1091 3167 1314 3223 nuntius
1352 3184 1718 3240 praecurrens,
1769 3182 1826 3226 et

1944 1998 2056 2048 me,
2086 1989 2144 2038 et
2173 1997 2319 2036 nunc
2351 1982 2407 2036 in
2437 1979 2582 2034 viam
2608 1978 2839 2048 justitize
2873 1977 3308 2033 misericorditer
3331 1976 3556 2047 dirigat,

1941 2083 1997 2129 et
2023 2075 2078 2129 in
2109 2073 2398 2131 tremendo
2423 2088 2526 2129 suo
2543 2072 2754 2142 judicio
2786 2087 2910 2128 eum
2939 2070 3132 2128 electis
3159 2071 3228 2126 ad
3260 2071 3556 2128 dexteram

1941 2167 2135 2247 positis
2161 2175 2375 2236 partem
2408 2167 2613 2222 habere
2659 2166 2951 2223 concedat.

2512 2276 2858 2334 EPISTOLA
2880 2278 2974 2334 IX.

2339 2384 2408 2422 AD
2435 2384 2762 2425 BONIPACIUI
2787 2386 3133 2427 ειυειυιωιι.
3155 2389 3169 2428 ,“

2176 2458 2445 2532 (Habetur
2470 2473 2600 2518 rom.
2631 2461 2754 2528 111,
2785 2475 2967 2535 atque
3003 2481 3184 2536 opusc.
3218 2465 3336 2536 58.)

2516 2573 2857 2629 EPISTOLA
2894 2573 2964 2628 X.

2299 2679 2368 2718 AD
2387 2678 2627 2719 ιοιιιοωι
2655 2678 2837 2719 ιεςυι
2876 2679 3190 2720 υοῦτοιιει.

1933 2751 2333 2810 Assenserunt.
2361 2785 2431 2794 —
2460 2754 2718 2809 Hortatur
2735 2763 2836 2809 uta
2866 2754 3107 2824 perjurio
3137 2763 3354 2820 caveat,
3380 2756 3548 2826 quod,

1941 2837 1948 2843 '
2004 2835 2338 2895 utpmstare
2359 2829 2556 2895 possit,
2587 2826 2805 2882 suadet.
2830 2826 3308 2894 utajnrejurando
3323 2829 3550 2883 omnino

2011 2896 2306 2966 abstineat,
2346 2911 2568 2964 remque
2595 2895 2769 2963 ipsam
2800 2896 3330 2966 isimpliciter,juxta
3380 2911 3554 2951 evan-

2000 2965 2228 3034 gelicum
2247 2966 2575 3030 doctrinam,
2609 2975 2703 3036 aut
2730 2965 2986 3030 afﬁrmet,
3017 2975 3110 3020 aut
3137 2979 3317 3036 neget.
3343 2967 3550 3023 Deinde

1999 3037 2066 3107 ad
2094 3036 2456 3107 eleemosyua:
2479 3035 2719 3090 studium
2753 3037 2902 3090 illum
2928 3035 3268 3091 inﬂammare
3293 3047 3548 3107 conatur,

1996 3105 2126 3160 dum
2145 3105 2429 3173 utilitates,
2459 3122 2599 3178 quas
2624 3107 2816 3162 eadem
2846 3109 2962 3163 suis
2991 3109 3332 3164 amatoribus
3359 3106 3542 3174 allert,

2001 3187 2312 3231 οιιιιιιιθηιι.

225 3267 483 3330 tauquam
521 3261 844 3330 navis,quae
869 3243 1170 3331 pertransit
1198 3260 1552 3318 fluctuantem
1594 3278 1819 3332 aquam,
1850 3243 1895 3306 (ἶ
2003 3265 2173 3337 389
2197 3267 2406 3321 Domco
2436 3266 2651 3322 Montco
2675 3267 3104 3336 prudentissimo
3121 3266 3292 3338 judici
3321 3268 3543 3328 Ρετιυε

226 3345 399 3418 cujus,
425 3365 548 3405 eum
575 3350 920 3420 przeterierit,
942 3365 1050 3405 non
1076 3359 1162 3405 est
1212 3352 1499 3422 vestigium
1555 3352 1823 3418 invenire,

225 3453 399 3510 neque
423 3442 672 3496 semitam
693 3441 892 3496 carina:
924 3441 1068 3497 illius
1120 3442 1174 3496 in
1215 3442 1503 3510 ﬂuctibus;
1567 3451 1662 3498 aut
1703 3454 1826 3498 tan-

224 3545 384 3600 quam
425 3530 561 3596 avis,
618 3531 740 3602 quae
783 3520 1186 3602 pertransvolat
1238 3533 1293 3587 in
1346 3547 1551 3599 aerem,
1616 3533 1825 3589 nullum

225 3623 500 3678 invenitur
556 3635 935 3694 argumentum
985 3626 1198 3681 itineris
1247 3625 1414 3694 illius,
1465 3626 1561 3682 sed
1609 3635 1823 3682 tantum

224 3714 433 3769 sonitus
457 3724 540 3770 est
563 3716 772 3770 alarum
797 3716 1095 3772 verberans
1119 3717 1293 3772 levem
1326 3725 1572 3782 ventum,
1595 3725 1648 3771 et
1687 3717 1826 3771 scin-

223 3805 353 3861 deus
383 3807 554 3878 288
578 3822 675 3876 per
701 3808 841 3862 viam
877 3808 1087 3864 itineris
1134 3789 1335 3874 aerem,
1382 3808 1674 3864 commotis
1726 3809 1826 3864 alis

225 3899 680 3965 transvolavit,et
723 3912 843 3970 post
871 3901 973 3955 hoc
1027 3900 1231 3954 nullum
1278 3901 1493 3971 signum
1549 3901 1826 3956 imeuitur

225 3991 437 4047 itineris
461 3991 612 4061 ejus:
641 4001 738 4047 aut
772 4002 1030 4061 tanquam
1055 3996 1254 4064 sagitta
1294 3995 1496 4049 emissa
1548 3994 1602 4047 in
1644 3993 1825 4049 locum

222 4085 575 4149 destinatum,
605 4085 813 4140 divisus
841 4099 934 4138 aer
957 4087 1218 4141 continuo
1244 4085 1296 4138 in
1335 4099 1394 4140 se
1436 4083 1690 4141 reclusus
1716 4094 1822 4149 est,

221 4184 276 4229 et
306 4176 587 4244 ignoratur
611 4176 875 4229 transitus
904 4175 1078 4237 illius;
1103 4173 1183 4228 sic
1213 4182 1269 4228 ct
1290 4190 1392 4229 nos
1420 4176 1534 4229 nati
1563 4175 1826 4230 continuo

223 4265 518 4320 tlcsivimus
553 4280 691 4327 esse.
723 4275 778 4319 et
808 4265 1026 4321 virtutis
1075 4267 1298 4335 quidem
1351 4265 1566 4337 signum
1615 4265 1824 4321 nullum

223 4356 491 4413 valuimus
547 4357 866 4424 ostendere;
912 4359 966 4411 in
1010 4357 1350 4430 malignitate
1401 4368 1584 4414 autem
1636 4368 1824 4416 nostra

225 4449 527 4518 consumpti
575 4465 763 4504 sumus
810 4450 965 4520 (δίῳ.
1029 4453 1104 4522 v).
1167 4468 1184 4502 ›
1247 4450 1398 4505 Talia
1454 4451 1714 4506 dixerunt
1759 4453 1822 4508 in

226 4535 436 4593 iuferuo
465 4538 499 4592 ii
522 4539 611 4608 qui
649 4549 1035 4609 peeavcrunt,
1063 4541 1320 4610 quoniam
1354 4555 1479 4610 spes
1511 4541 1660 4610 impii
1698 4549 1821 4596 tan-

225 4644 388 4699 quam
421 4629 620 4700 lanugo
648 4641 754 4699 est,
785 4648 905 4702 quae
943 4648 972 4687 a
1002 4644 1165 4687 vento
1192 4633 1420 4696 tollitur,
1454 4643 1512 4688 et
1563 4643 1823 4704 tanquam

225 4736 414 4793 spuma
467 4721 705 4793 gracilis,
740 4738 861 4792 qua:
900 4739 929 4776 a
955 4723 1189 4794 procella
1242 4723 1596 4795 dispergitur,
1624 4735 1678 4780 et
1709 4739 1827 4780 tan-

223 4828 388 4884 quam
419 4813 622 4879 fnmus,
653 4815 745 4885 qui
784 4831 813 4869 a
845 4825 1009 4870 vento
1035 4815 1265 4871 diffusus
1313 4825 1422 4883 est,
1455 4827 1510 4873 et
1561 4827 1823 4888 tanquam

223 4906 484 4961 memoria
515 4907 745 4977 hospitis
774 4908 934 4962 unius
955 4907 1061 4962 diei
1094 4909 1498 4978 prmtereuntis.

293 4999 501 5056 Idcirco
534 5011 741 5062 autem.
773 5000 1122 5066 charissime,
1165 5017 1273 5056 non
1319 5010 1430 5055 tam
1479 5017 1600 5056 mea
1655 5003 1819 5058 verba

221 5105 387 5162 quam
413 5092 556 5148 sacri
595 5092 794 5163 eloquii
825 5092 919 5146 tibi
965 5093 1218 5164 exempla
1268 5108 1536 5165 propono,
1583 5106 1644 5148 ut
1689 5104 1746 5150 et
1774 5095 1821 5150 si

225 5201 313 5243 me
341 5187 544 5243 rustice
567 5187 878 5256 loquentem
924 5187 1087 5259 digne
1113 5187 1288 5258 possit
1319 5188 1609 5258 prudentia
1643 5196 1823 5244 vestra

223 5278 522 5348 despicere,
552 5276 634 5330 vel
662 5287 977 5332 sanctorum
1010 5277 1324 5333 testimonia
1362 5268 1624 5332 divinitus
1651 5277 1826 5348 inspi-

221 5379 340 5426 rata
371 5385 480 5426 non
533 5369 854 5439 dedignetur
884 5367 1094 5424 audire.
1128 5367 1235 5424 Has
1274 5369 1458 5441 igitur,
1493 5369 1666 5427 frater
1693 5371 1826 5426 cha-

224 5463 459 5527 rissime,
483 5461 774 5534 pluresque
803 5461 940 5516 alias
972 5476 1144 5518 sacrae
1187 5460 1486 5532 Scriptura
1525 5463 1826 5518 sententias

222 5555 366 5614 intra
401 5554 599 5610 mentis
631 5564 735 5608 tua:
757 5553 1059 5607 armarium
1090 5553 1305 5625 collige,
1326 5570 1450 5624 qua)
1481 5556 1626 5610 inter
1656 5555 1824 5610 falsas

223 5647 409 5706 mundi
464 5647 683 5701 divitias
734 5646 1006 5702 salubrem
1059 5647 1155 5702 tibi
1194 5647 1414 5703 valeant
1471 5647 1821 5706 formidinem

220 5753 502 5814 plorare.
531 5737 598 5794 Ut
623 5740 768 5794 enim
796 5737 1054 5794 Salomon
1085 5739 1188 5794 ait:
1234 5759 1250 5792 ι
1286 5739 1488 5796 Beatus
1517 5741 1703 5808 homo,
1733 5742 1826 5813 qui

220 5849 439 5911 seniper
463 5840 548 5890 est
571 5833 829 5906 pavidus;
861 5833 954 5906 qui
987 5848 1116 5890 vero
1149 5835 1348 5891 mentis
1387 5843 1472 5892 est
1502 5836 1672 5903 dum,
1704 5851 1828 5894 cor-

1929 3368 2186 3427 peccator
2210 3359 2513 3412 monachus
2540 3357 2772 3412 salutem
2804 3359 2858 3413 in
2893 3359 3145 3414 Domino.

2001 3446 2137 3514 Quia
2165 3448 2399 3503 debilem
2436 3457 2506 3510 te,
2541 3448 2898 3504 dilectissime
2926 3491 2940 3514 ,
2985 3465 3051 3506 ac
3091 3460 3313 3506 teneros
3345 3465 3547 3508 nervos

1930 3538 2207 3594 interioris
2255 3539 2492 3594 hominis
2526 3540 2634 3593 tuis
2672 3540 2977 3595 visceribus
3007 3542 3188 3596 inesse
3234 3542 3544 3611 conspicio,

1930 3628 2163 3699 plurima
2201 3628 2614 3699 Scripturarum
2668 3640 2937 3700 praecepta
2981 3643 3279 3702 prmtereo,
3320 3648 3384 3686 ac
3424 3647 3547 3703 per-

1927 3719 2060 3774 exili
2095 3718 2231 3775 falce
2268 3730 2581 3785 contentus,
2630 3735 2798 3790 grave
2825 3722 3037 3790 pondus
3077 3722 3185 3776 tuis
3235 3723 3548 3780 cervicibus

1930 3827 2038 3866 non
2092 3811 2331 3882 impono.
2383 3812 2484 3878 Et,-
2520 3821 2578 3866 ut
2617 3815 2782 3868 rebus
2824 3814 2957 3882 ipsis
2991 3817 3282 3869 verborum
3317 3830 3542 3886 quoque

1931 3906 2321 3974 compendium
2367 3916 2670 3975 congruat,
2704 3906 2825 3962 base
2862 3907 3053 3960 eadem
3083 3922 3278 3976 patica,
3312 3923 3432 3976 qum
3461 3907 3550 3978 ju-

1930 3996 2056 4062 beo,
2085 3999 2372 4052 ‘succincta
2404 3996 2759 4052 nihilominus
2788 3998 3056 4052 brevitate
3108 3998 3440 4068 perstringo,
3483 4008 3549 4054 ut

1929 4105 2093 4157 quem
2117 4105 2349 4160 gravare
2380 4099 2566 4144 metuo
2592 4090 2931 4159 ponderibus
2959 4105 3162 4154 rerum,
3197 4090 3248 4144 in
3280 4091 3382 4146 hoc
3406 4107 3545 4162 quo-

1932 4196 2040 4252 que
2065 4181 2336 4236 debilitati
2365 4191 2470 4235 tua:
2502 4181 2855 4250 prospiciam,
2882 4179 3010 4234 dum
3043 4189 3169 4233 utor
3195 4181 3364 4234 etiam
3413 4184 3547 4239 bre-

1924 4274 2097 4348 vitate
2151 4287 2489 4329 sermonum.
2540 4271 2745 4328 liortor
2805 4272 3006 4344 igitur,
3055 4271 3436 4338 dilectissime,
3488 4284 3548 4330 et

1929 4367 2258 4423 cliae-itatem
2320 4375 2468 4419 tuam
2531 4373 2848 4419 reverenter
2908 4363 3218 4428 admoneo,
3275 4375 3550 4434 quatenus

1929 4464 1986 4511 et
2036 4453 2402 4525 juramentis,
2427 4465 2558 4522 quas
2587 4468 2615 4506 a
2653 4453 2759 4506 tuis
2797 4453 3223 4523 corregionariis
3271 4453 3545 4524 sacrilego

1930 4548 2038 4601 ritu
2086 4545 2526 4614 frequentantur,
2572 4542 2852 4599 abstineas
2885 4551 2942 4598 et
2971 4543 3341 4614 indigentibus
3386 4543 3549 4599 refri-

1932 4638 2081 4710 geria
2113 4637 2453 4703 ministrare,
2491 4636 2546 4690 in
2575 4621 2843 4706 quantum
2875 4635 3112 4691 facultas
3140 4636 3402 4706 suppetit,
3435 4652 3546 4693 non

1931 4729 2177 4786 omittas.
2211 4728 2294 4783 Ab
2337 4743 2447 4781 uno
2480 4725 2649 4797 igitur
2695 4721 2893 4783 horum
2944 4737 2994 4782 te
3027 4726 3166 4780 velut
3217 4727 3287 4780 ab
3341 4728 3547 4784 hiantis

1932 4821 2184 4878 barathri
2237 4819 2621 4874 submersione
2669 4819 2972 4889 prohibeo;
3019 4820 3087 4873 ad
3138 4819 3304 4873 alium
3360 4829 3547 4878 autem

1931 4923 2192 4983 tanquam
2225 4913 2294 4967 ad
2317 4926 2502 4966 arcem
2531 4923 2698 4981 atque
2724 4911 3002 4983 fastigium
3034 4911 3332 4968 salutifera:
3362 4915 3547 4970 muni-

1933 5007 2099 5062 tionis
2126 5006 2365 5077 impello.
2397 5023 2416 5057 ‹
2456 5005 2844 5076 Eleemosyua,
2879 5025 2899 5058 ι
2934 5005 3224 5077 siquidem.
3259 5015 3318 5060 ut
3347 5005 3551 5066 Tobias

1932 5100 2008 5158 ait
2042 5117 2060 5149 ι
2095 5098 2164 5153 ah
2193 5097 2342 5154 omni
2372 5108 2602 5167 peccato
2619 5105 2674 5151 et
2714 5112 2744 5152 a
2776 5106 2956 5153 morte
2982 5098 3200 5163 liberat,
3227 5105 3285 5152 et
3313 5113 3423 5153 non
3447 5113 3546 5168 pu-

1935 5192 2102 5246 tietur
2131 5190 2371 5244 animam
2399 5190 2480 5245 ire
2512 5189 2564 5243 iu
2584 5189 2840 5244 tenebras
2870 5187 3025 5258 (Tob.
3057 5187 3154 5262 iv).
3189 5207 3208 5240 ι
3247 5189 3376 5253 Sed,
3401 5189 3549 5246 utdo

1925 5281 2280 5353 juramentis,
2307 5283 2450 5338 sicut
2479 5283 2764 5354 praemissa
2795 5293 2944 5347 sunt,
2969 5281 3124 5352 prius
3154 5282 3397 5336 breviter
3427 5281 3546 5337 elo-

1930 5391 2090 5448 quar,
2109 5373 2757 5445 quisquisjusjurandnm
2783 5372 3040 5444 pejerans
3063 5372 3254 5437 violat,
3277 5388 3306 5426 a
3336 5372 3545 5428 Christi

1885 5497 1887 5499 ι
1931 5483 1991 5526 se
2018 5483 2269 5538 corpore,
2292 5466 2447 5536 quasi
2467 5480 2564 5536 per
2580 5464 3230 5534 quoddamabscissionis
3253 5462 3545 5516 dissidium

1933 5571 2172 5633 separat,
2192 5571 2291 5616 eta
2323 5558 2715 5630 redemptionis
2741 5558 2996 5626 humanm
3019 5556 3296 5628 mysteriis
3318 5555 3545 5610 alienat.

1935 5655 2068 5711 Nam
2101 5669 2224 5710 cum
2273 5652 2376 5708 hoc
2423 5667 2491 5707 ex
2523 5665 2676 5706 more
2717 5651 2938 5706 dicatur
2967 5650 3036 5704 ab
3065 5650 3158 5705 illo
3202 5651 3293 5719 qui
3343 5649 3496 5718 jurat
3529 5666 3544 5701 :

1935 5747 2040 5802 hoc
2087 5745 2303 5809 faciant,
2338 5743 2424 5799 vel
2456 5750 2610 5797 certe
2640 5757 2749 5797 non
2798 5740 3019 5805 faciam,
3049 5741 3130 5796 sic
3157 5755 3245 5794 mc
3275 5740 3418 5795 Deus
3450 5739 3548 5793 ad-

1930 5835 2108 5906 juvet,
2160 5846 2214 5893 et
2268 5833 2432 5904 illud,
2475 5833 2779 5890 secundum
2834 5831 3225 5903 Evangelium;
3260 5832 3364 5887 hoc
3420 5845 3547 5886 cum

4701 6459 5423 6588 ’⁸-
