5428 6530
377 1181 380 1188 .

319 1211 324 1214 -
391 1223 394 1232 Ι

292 1241 310 1257 Α
349 1243 354 1246 .

290 1326 334 1346 ..-
393 1313 402 1341 ,Ι

290 1366 301 1377 b
319 1351 326 1356 .
361 1351 366 1356 .

303 1387 310 1394 .

296 1411 330 1446 εἰ
381 1413 410 1442 ι..

290 1452 305 1469 ά
415 1445 420 1450 .

290 1486 330 1499 Α
441 1479 448 1488 .

292 1503 330 1525 .1.
433 1511 444 1516 -

294 1538 297 1539 ν
353 1559 356 1562 _
391 1529 446 1556 5....

325 1571 346 1592 ιε’
391 1573 412 1596 ξ.

321 1607 330 1614 .

305 1647 326 1664 .,
371 1661 378 1666 _
429 1651 442 1660 ,,

290 1730 297 1749 ιη
313 1723 350 1752 ξιξ·

290 1785 314 1805 ΙΙ
353 1777 358 1780 -
409 1787 412 1790 Ι

295 1869 310 1882 ,.

1790 390 1895 447 ωδ

2324 376 2412 442 Β.
2444 384 2642 441 PETRI
2684 382 2963 440 DAIIANI
2998 379 3149 441 (1⁵1³.
3175 378 3359 439 ιω
3393 376 3521 436 εει]
3564 374 3799 433 ’1³01108
3839 375 3877 430 I.
3920 406 3983 417 —
4018 374 4237 433 EPIST.
4278 372 4404 433 UB.
4435 373 4570 433 VIII.

4938 376 5041 431 ιιμ

1790 528 1902 583 Deo
1932 522 2240 595 interposita
2267 519 2575 581 conditione
2600 515 2911 587 paciscitur,
2934 526 2995 571 ut
3015 516 3060 572 si
3082 516 3347 587 promissa
3376 519 3422 578 Α
3452 512 3715 583 legatores
3754 510 4015 565 accedunt
4037 551 4052 575 ,
4083 510 4339 567 causidici
4378 518 4747 581 perstrepunt,
4781 520 5041 566 movetur

1793 632 1898 672 non
1921 615 2155 687 impleat,
2177 627 2206 667 a
2232 610 2364 673 Deo,
2378 609 2460 666 vel
2484 618 2675 664 sancto
2696 606 3219 679 Evangelioulterius
3250 622 3357 661 non

1786 708 2019 777 juvetur.
2050 703 2112 757 Et
2140 704 2280 757 sicut
2313 710 2461 763 tunc,
2486 715 2609 755 cum
2638 699 2979 755 initiatusest
3000 696 3235 759 Christo.
3265 710 3361 765 per

1791 793 2175 851 catechismum
2202 788 2554 847 sacerdotalis
2576 786 2735 843 oﬂicii
2761 785 3361 842 abrenuntiaveratdia-

1792 887 1976 945 boloet
1994 886 2201 957 pompis
2211 884 2345 953 ejus,
2362 884 2435 937 ita
2451 883 2595 936 velut
2616 882 2964 950 retrogradus
2979 894 3041 933 ac
3056 875 3357 957 transfuga.

1794 978 1875 1033 sic
1917 956 2028 1032 Deo
2074 983 2128 1029 et
2155 972 2444 1043 Evangelia
2489 971 2608 1041 ejus
2642 970 3008 1029 ahrenuntiat,
3038 956 3097 1024 ui
3122 968 3175 1023 in
3207 983 3355 1032 eum.

1791 1067 1947 1139 quasi
1997 1082 2106 1120 sua:
2135 1064 2367 1135 quodam
2400 1061 2782 1117 conventionis
2809 1059 3032 1123 findere.
3061 1061 3127 1116 de
3157 1060 3359 1116 laudere

1788 1175 1897 1216 non
1926 1157 2180 1214 conlidat.
2208 1156 2275 1211 Et
2298 1156 2437 1211 sicut
2463 1153 2648 1208 Lahan
2682 1155 2822 1207 inter
2859 1167 2917 1207 se
2941 1162 2993 1208 et
3014 1152 3182 1208 Iacob
3206 1166 3357 1206 aecr-

1789 1266 1915 1305 vuin
1942 1248 2119 1320 posuit
2149 1248 2407 1317 lapidum,
2449 1254 2504 1300 et
2533 1245 2841 1299 interclusit
2869 1244 3187 1298 alterutrum
3215 1257 3353 1311 pra:-

1788 1342 2026 1396 caveodo
2060 1348 2292 1392 meatum
2322 1335 2471 1405 (Gen.
2501 1338 2677 1403 sui}.
2710 1337 2787 1391 sic
2826 1337 2925 1389 iste
2957 1334 3355 1404 quodammodo

1787 1429 1931 1483 inter
1950 1443 2011 1483 se
2034 1436 2091 1481 et
2122 1426 2287 1481 Deum
2319 1427 2468 1495 ponit
2493 1426 2799 1479 mentiendo
2826 1423 3141 1493 periurium.
3167 1422 3358 1493 Signat

1783 1519 2071 1575 advenam
2102 1533 2161 1573 se
2190 1518 2383 1572 librum
2409 1516 2703 1587 Evangelii,
2731 1525 2787 1568 ut
2820 1530 2942 1569 eum
2995 1516 3205 1584 aperire
3249 1528 3354 1567 non

1781 1610 1975 1682 possit,
2004 1610 2132 1663 dum
2177 1608 2315 1663 inter
2342 1622 2401 1662 se
2425 1617 2477 1661 et
2514 1607 2642 1661 illud
2682 1620 2899 1661 omnem
2932 1606 3124 1659 salutis
3152 1604 3354 1658 aditum

1780 1699 2114 1756 intercludit.
2134 1699 2209 1754 De
2239 1712 2349 1769 quo
2368 1698 2611 1751 videlicet
2632 1697 2768 1759 libro
2796 1710 2893 1763 per
2912 1693 3105 1748 Isaiam
3125 1694 3349 1747 dicitur:

1785 1807 1806 1842 ι
1842 1788 1908 1844 Et
1934 1792 2039 1844 erit
2067 1790 2218 1843 vobis
2247 1789 2384 1842 visio
2410 1787 2673 1846 omnium.
2719 1786 2859 1838 sicut
2907 1784 3067 1837 verba
3122 1782 3243 1834 libri
3278 1782 3349 1832 si-

3460 604 3706 671 qmtio,
3737 601 4003 656 calumnia
4037 600 4146 655 litis
4184 602 4502 665 intenditur,
4530 600 4599 655 ab
4635 599 5035 657 obsistentibes

3462 695 3689 749 intentio
3732 702 4055 748 removetur.
4085 691 4322 746 Tandem
4361 692 4507 745 Inter
4542 698 4727 761 partes
4772 688 5041 747 alterutra

3460 786 3848 841 deliberatione
3878 784 4129 839 convenit
4159 792 4218 836 ut
4246 783 4528 853 presbyter
4555 782 4799 852 quidam,
4822 782 5037 852 quiviri

3459 884 3650 930 contra
3681 874 3980 929 Germanos
4004 874 4184 924 lautor
4210 879 4350 933 erat.
4388 884 4447 925 se
4491 869 4730 925 del'uneti
4760 870 4935 941 patris
4958 871 5043 925 ia-

3460 961 3708 1015 terfuisse
3731 960 3935 1028 judicio
3958 960 4293 1030 perhibebat,
4317 958 4696 1030 jusjurandum
4725 958 4907 1024 daret,
4936 960 5043 1016 sic-

3456 1065 3562 1120 que
3589 1052 3877 1105 decisionis
3908 1050 4172 1105 calculum
4202 1063 4363 1103 causa
4385 1050 4686 1117 susciperet
4708 1061 5045 1119 omnaque

3456 1142 3884 1196 controversiam
3928 1141 4087 1195 unius
4115 1140 4347 1195 hominis
4370 1138 4740 1195 testimonium
4774 1139 5041 1211 consopi-

3456 1242 3559 1286 ret.
3599 1232 3843 1301 Cumque
3871 1232 4155 1303 presbyter
4184 1246 4281 1302 pro
4310 1233 4427 1287 viro
4460 1242 4653 1287 contra
4692 1230 4931 1296 feminas
4948 1233 5045 1301 jn-

3458 1334 3680 1377 raturus
3710 1326 4010 1383 accederet,
4035 1322 4255 1391 jamque
4288 1336 4509 1376 manum
4540 1322 4679 1377 libro
4710 1322 4804 1392 qui
4835 1336 5041 1393 propo-

3457 1415 3594 1465 situs
3620 1414 3793 1466 luerat
3823 1414 4139 1481 applicaret,
4165 1414 4343 1467 subito
4366 1413 4602 1469 terrihlis
4626 1427 4855 1484 serpens
4879 1430 4951 1470 ea
4975 1429 5043 1471 ea

3456 1518 3573 1571 qua:
3606 1506 4043 1572 superciliiuebat
4072 1506 4268 1558 arbore
4288 1506 4516 1569 corruit,
4544 1505 4852 1576 librumque
4883 1522 5039 1561 eom-

3456 1595 3667 1662 plcxus.
3701 1596 3861 1661 spiiis
3889 1596 4161 1662 squamosi
4212 1596 4458 1666 corporis
4502 1595 4908 1651 circumduxit.
4944 1594 5043 1650 Ii-

3460 1696 3649 1736 rantur
3699 1701 3883 1738 omnes
3932 1686 4169 1749 attoniti,
4212 1695 4266 1737 et
4306 1688 4537 1751 quodam
4584 1687 4739 1756 quasi
4787 1686 5043 1757 prodigio

3458 1776 3768 1842 alttpelncli,
3799 1776 4098 1844 prteaetlim
4120 1776 4315 1845 presby
4344 1791 4406 1829 er
4430 1777 4543 1845 ipse
4575 1776 4818 1847 diriguit.
4851 1776 5041 1844 etjus-

1780 1881 1949 1950 gnati,
1980 1894 2142 1949 quem
2170 1894 2293 1934 cum
2325 1876 2576 1932 dederint
2625 1875 2818 1930 scienti
2866 1874 3095 1933 litteras,
3132 1872 3346 1923 dicent:
3386 1864 3737 1932 Bjuranduin
3784 1867 3925 1933 quod
3982 1882 4088 1919 non
4138 1868 4389 1931 veritati,
4440 1868 4535 1922 sed
4568 1868 4818 1922 humana
4849 1868 5044 1936 grati-

1780 1970 1922 2042 Lege
1949 1972 2110 2025 istum
2129 2011 2143 2032 ,
2173 1980 2229 2025 et
2260 1967 2601 2039 respondebit
2630 1984 2643 2017 :
2674 1964 2788 2019 Non
2818 1979 3067 2035 possum;
3105 1962 3349 2031 signatus

1782 2069 1868 2117 est
1892 2061 2037 2115 enim
2070 2059 2225 2127 (lsai.
2259 2062 2435 2127 xxix).
2473 2076 2492 2109 ι
2527 2055 2659 2122 Quis
2685 2064 2771 2110 est
2820 2056 2964 2108 enim
2996 2053 3130 2107 liber
3162 2052 3247 2105 ille
3276 2051 3350 2104 si-

1780 2161 1995 2221 gnatus,
2028 2150 2131 2204 nisi
2163 2158 2407 2203 sanctum
2457 2147 2806 2216 Evangelium
2863 2145 3107 2214 mysticis
3156 2142 3354 2211 [igura-

1782 2254 1900 2293 rum
1952 2238 2234 2293 sententiis
2276 2235 2610 2297 obvolutum,
2649 2244 2704 2289 et
2749 2235 2817 2288 ab
2861 2233 3109 2287 humana:
3157 2234 3351 2285 mentis

1783 2328 2136 2397 intelligentia
2192 2327 2381 2396 procul
2435 2340 2635 2379 arcana
2688 2326 2921 2393 quadam
2994 2322 3357 2390 profunilitate

1784 2420 2095 2473 remotum?
2149 2418 2246 2470 llic
2274 2416 2517 2484 profecto
2548 2416 2685 2468 liber
2715 2416 2800 2467 ille
2830 2424 2931 2473 cst,
2961 2414 3027 2464 de
3059 2428 3168 2479 quo
3194 2410 3355 2462 lunu-

1780 2522 1879 2560 nes
1925 2507 2041 2558 ait:
2079 2525 2098 2555 ι
2134 2506 2252 2560 Villi
2304 2507 2356 2557 iu
2387 2504 2610 2557 dextera
2639 2502 2874 2555 sedentis
2901 2516 3061 2568 supra
3098 2501 3354 2553 thronum

1781 2596 1976 2651 librum
2026 2599 2290 2666 scriptum
2341 2597 2487 2648 intus
2535 2603 2591 2646 et
2634 2592 2796 2654 foris,
2850 2591 3121 2657 signatum
3172 2592 3359 2655 διειίιίς

1778 2699 1983 2757 septem
2033 2690 2219 2756 (Apoc.
2254 2690 2326 2757 ν).
2367 2706 2385 2736 ι
2420 2685 2553 2752 Quae
2578 2694 2704 2739 sunt
2731 2694 2910 2738 autem
2936 2684 3133 2753 sigilla,
3164 2684 3359 2748 quibus

1777 2780 1914 2834 liber
1961 2780 2303 2850 evangelieus
2352 2779 2669 2847 obsignatus
2714 2777 2937 2837 dicitur,
2988 2775 3089 2827 nisi
3139 2784 3347 2839 septem

1780 2873 1866 2927 illa
1910 2881 2269 2933 sacramenta,
2299 2871 2493 2937 quibus
2516 2870 2700 2936 utique
2725 2877 2866 2921 tutus
2895 2866 3028 2919 ordo
3061 2864 3353 2917 Dumiuiize

1778 2960 2199 3032 dispensationis
2229 2959 2497 3028 impletur,
2530 2956 2777 3009 videlicet
2801 2956 3099 3007 incarnatio
3122 2950 3352 3011 Domini,

1777 3053 2049 3113 nativitas.
2105 3049 2305 3120 passio,
2364 3047 2710 3107 resurrectio.
2758 3046 2825 3097 ad
2861 3044 3029 3097 cia-los
3058 3046 3307 3095 ascensio
3336 3080 3352 3103 ,

1774 3145 1965 3203 deinde
2010 3142 2296 3213 judicium,
2329 3150 2604 3209 postremo
2637 3135 2896 3205 regnum?
2927 3134 3020 3187 llis
3049 3134 3231 3200 itaque
3276 3132 3349 3183 si-

3454 1957 3764 2013 devoverat,
3792 1957 4081 2021 abjuravit.
4118 1956 4207 2010 Sic
4245 1958 4407 2023 igitur
4435 1958 4688 2026 antiquus
4713 1957 4913 2021 hostis,
4944 1956 5043 2027 qui

3457 2048 3598 2097 virus
3632 2064 3739 2097 sua:
3765 2048 3981 2099 malitia:
4012 2047 4157 2101 cordi
4183 2046 4505 2117 presbyteri.
4529 2056 4587 2101 υι
4616 2058 4807 2101 contra
4832 2048 5045 2101 verita-

3459 2148 3562 2191 tem
3600 2139 3829 2205 jttrarel,
3864 2140 4092 2201 infudit;
4126 2140 4315 2192 adesse
4349 2154 4407 2193 se
4446 2140 4568 2194 lich
4592 2138 4907 2208 iuramento
4944 2153 5047 2209 per

3457 2225 3774 2279 familiarem
3808 2228 3906 2280 sibi
3949 2228 4175 2281 bestiam
4210 2228 4493 2281 visibiliter
4513 2228 4933 2282 demonstravit.
4978 2227 5049 2283 ιιο

3457 2318 3630 2368 larum
3667 2333 3881 2383 Quoque
3936 2328 4179 2385 patruus.
4216 2316 4307 2385 qui
4358 2332 4473 2373 rem
4522 2318 4741 2388 quidem
4788 2327 5046 2382 novem.

3458 2408 3548 2457 sed
3581 2423 3675 2473 pro
3702 2410 3882 2459 favore
3914 2408 4008 2459 viri
4056 2408 4296 2461 veritatis
4325 2410 4696 2463 testimonium
4737 2410 5050 2478 stipprime-

3456 2496 3568 2553 bat.
3604 2513 3720 2547 nio:
3752 2507 3861 2548 uta
3903 2496 4105 2563 j'lltlit‘lo
4141 2498 4386 2559 recessit,
4418 2498 4577 2551 simul
4600 2513 4725 2552 cum
4751 2513 4818 2553 eo
4840 2500 4929 2552 cui
4964 2500 5049 2552 in-

3458 2588 3665 2637 sidebat
3698 2602 3836 2653 equo
3870 2588 3917 2637 in
3949 2588 4303 2654 pnecipitium
4333 2588 4560 2649 decidit;
4587 2603 4747 2657 quem
4788 2587 4893 2643 sibi
4918 2590 5053 2643 sab-

3463 2686 3689 2728 stratuui
3712 2678 3879 2728 bi'sliu
3899 2688 4007 2727 toto
4026 2692 4252 2743 corpore
4266 2691 4401 2744 pene
4425 2692 4593 2745 usque
4612 2682 4680 2731 ad
4703 2686 4936 2731 mortem
4954 2692 5053 2734 ve-

3460 2766 3735 2818 hementer
3753 2768 3932 2823 allisit.
3955 2776 4011 2817 ut
4031 2766 4209 2817 divina
4225 2767 4768 2836 dispositiopatenter
4787 2768 5051 2822 05m.

3464 2866 3536 2909 ret
3578 2859 3701 2924 quia
3750 2858 3839 2925 qui
3887 2860 4185 2909 constantia
4228 2858 4450 2927 spiritus
4496 2873 4595 2928 pro
4634 2862 4863 2914 veritate
4897 2870 5053 2915 stare

3458 2948 3738 3007 noluerat,
3793 2950 3954 3000 etiattt
4019 2962 4245 3016 corpore
4308 2962 4417 3002 non
4483 2949 4754 3003 immerito
4808 2950 5049 3004 occidis-

3463 3044 3563 3085 εει.

3534 3122 3610 3175 Tu
3658 3126 3858 3190 itaque,
3906 3128 4277 3187 tlilct‘liSSltltt‘,
4312 3127 4422 3182 noli
4454 3128 4796 3197 supprimere
4826 3128 5047 3182 verita-

1777 3235 1917 3307 gillis
1948 3200 2083 3288 liber
2102 3200 2444 3301 evangelicus
2477 3230 2547 3281 ita
2586 3228 2834 3296 signatus
2861 3234 2965 3285 est.
2997 3234 3051 3278 ut
3073 3224 3353 3294 390mg
3384 3200 3427 3259 ε
3463 3224 3590 3273 tem,
3617 3218 3707 3265 sed
3736 3232 3849 3267 eam
3881 3218 3929 3265 iu
3959 3220 4107 3267 omni
4152 3219 4367 3283 negotio
4397 3228 4451 3270 et
4478 3202 4870 3277 controversia.
4889 3217 5054 3285 juxta

1780 3342 1901 3379 eum
1928 3324 2183 3378 Christus
2204 3321 2525 3390 aperuisset,
2550 3317 2770 3371 cuilibet
2795 3316 3015 3369 omnino
3038 3326 3221 3384 patere
3255 3328 3359 3366 non

1776 3423 1976 3482 posset.
2014 3412 2163 3467 Unde
2188 3409 2532 3479 subjungitur
2564 3426 2576 3460 :
2618 3424 2636 3456 ι
2672 3406 2811 3460 Ecce
2844 3406 2967 3459 vicit
3006 3405 3087 3459 leo
3117 3407 3181 3457 de
3216 3405 3356 3456 tribu

1771 3506 1927 3571 Juda,
1956 3506 2107 3558 radix
2137 3500 2552 3569 David,aperire
2581 3500 2803 3562 librum,
2832 3507 2887 3551 et
2912 3497 3122 3550 solvere
3151 3507 3357 3564 septem

1774 3595 2048 3664 signacula
2099 3592 2215 3660 ejus
2271 3590 2484 3663 (Ibid).
2522 3610 2539 3642 ι
2583 3590 2843 3658 Quisquis
2893 3604 3020 3659 ergo
3084 3588 3355 3657 perjurat,

1775 3688 2012 3743 studiose
2025 3684 2317 3756 perpendat
2342 3684 2490 3751 quia,
2506 3682 2607 3736 nisi
2624 3684 2895 3751 pmtiitens
2915 3682 3172 3734 canonice
3193 3679 3354 3732 satis-

1773 3778 1980 3843 fecerit,
2010 3780 2083 3832 ita
2114 3777 2215 3831 sibi
2244 3785 2447 3845 septem
2480 3774 2655 3843 sigilla
2685 3772 3010 3840 evangelica:
3033 3772 3355 3826 narrationis

1771 3868 2025 3931 occludit,
2057 3877 2113 3919 ut
2141 3881 2239 3919 nec
2268 3859 2573 3918 idcarnatio
2604 3862 2834 3924 Domini,
2866 3877 3039 3932 neque
3070 3862 3349 3924 nativitas,

1772 3973 1946 4027 neque
1974 3956 2174 4027 passio,
2198 3956 2281 4009 vel
2309 3954 2657 4015 resurrectio,
2681 3962 2773 4005 aut
2802 3952 3349 4022 ascensio,judicium

1701 4072 1725 4103 κ
1768 4046 2107 4116 quoque,vcl
2134 4060 2352 4113 regnum
2382 4043 2483 4096 sibi
2510 4042 2774 4111 prolicere
2796 4043 3138 4110 aliquatenus
3157 4042 3345 4111 possit.

1768 4139 1961 4194 Omnia
1988 4138 2195 4193 siv'licet
2224 4137 2339 4189 hmo
2368 4143 2397 4188 a
2424 4149 2481 4188 se
2504 4135 2685 4202 procul
2708 4134 2893 4201 abiicit
2917 4146 2972 4189 et
2993 4145 3255 4203 quantum
3281 4136 3348 4189 ad

1770 4243 1832 4283 se
1882 4228 1934 4281 in
1982 4225 2210 4280 nihilum
2249 4224 2444 4293 redigit
2472 4224 2585 4290 qui,
2623 4224 2746 4277 dum
2773 4222 3153 4292 jusjurandum
3184 4224 3349 4279 violat

1766 4332 1891 4373 cum
1942 4314 2211 4383 adiutorio
2260 4311 2560 4381 Evangelii,
2604 4312 2951 4365 abrenuntiat
3003 4311 3349 4366 nihilominus

1766 4407 1932 4461 etiam
1973 4404 2172 4458 auxilio
2210 4402 2325 4456 Dei.

1839 4493 2005 4550 Plane
2046 4508 2154 4547 non
2196 4493 2428 4547 otiosum
2467 4490 2761 4554 credimus,
2787 4491 2831 4544 si
2870 4491 3014 4560 quod
3042 4490 3343 4548 Rieliarilus

1768 4584 1941 4641 nostri
1971 4582 2287 4636 monasterii
2318 4581 2487 4649 prior,
2516 4581 2598 4633 vir
2623 4580 2882 4635 videlicet
2930 4582 3167 4635 honestae
3196 4584 3338 4646 vitm,

1768 4675 1922 4732 nobis
1950 4675 2206 4728 hesterno
2230 4670 2317 4726 die
2344 4672 2614 4734 retulerit,
2638 4681 2946 4726 attexamus
2972 4690 2983 4724 :
3008 4672 3123 4735 Vir,
3149 4674 3340 4741 inquit,

1769 4768 1822 4821 in
1847 4764 2109 4819 Perusino
2138 4762 2412 4816 territorio
2444 4775 2616 4828 nuper
2639 4761 2704 4813 ad
2750 4769 2991 4814 extrema
3029 4762 3341 4825 devenieus,

1769 4856 1979 4911 duobus
2005 4855 2188 4907 liberis
2215 4853 2329 4906 suis
2360 4852 2690 4920 totidemque
2717 4850 2929 4905 ﬁliabus
2954 4854 3341 4921 patrimonium

1768 4959 1923 5000 suum
1954 4936 2300 5011 proportione
2331 4941 2526 5010 legavit
2552 4982 2567 5003 ,
2608 4950 2665 4993 ut
2694 4941 3023 4995 ercistuuda
3055 4943 3341 4996 inmedita-

1767 5037 1837 5090 tis
1870 5035 2110 5088 maribus
2144 5032 2359 5101 quidem
2409 5030 2736 5098 relinqueret
2783 5031 3027 5095 bessem;
3076 5033 3342 5089 femineus

1763 5143 1894 5183 vero
1926 5140 2088 5180 sexus
2122 5124 2438 5177 succederet
2475 5120 2527 5174 in
2566 5121 2837 5173 trientem.
2884 5119 3009 5179 Post
3053 5120 3206 5190 cujus
3247 5121 3343 5175 ob-

1766 5218 1900 5272 itum
1925 5230 2061 5268 unus
2084 5228 2299 5282 quoque
2321 5212 2555 5265 filiorum
2573 5210 2688 5278 ejus
2710 5209 2996 5265 defunctus
3016 5223 3133 5275 est;
3159 5225 3343 5281 super-

1763 5316 1878 5361 stes
1905 5318 2035 5358 vero
2068 5303 2234 5355 frater
2261 5318 2447 5370 parum
2471 5311 2667 5370 putans
2696 5300 2822 5369 quia
2850 5314 2938 5354 res
2960 5300 3198 5354 defuncti
3230 5302 3339 5354 Ira-

1766 5400 1867 5455 tris
1922 5413 2043 5451 cum
2097 5395 2374 5449 sororibus
2428 5410 2532 5447 non
2576 5393 2792 5454 divisit,
2828 5393 2943 5455 sed,
2978 5393 3119 5445 utin
3150 5408 3338 5447 earum

1762 5504 1979 5561 quoque
2012 5487 2412 5558 portiunculam
2440 5486 2823 5539 controversiae
2856 5485 3182 5540 calumniam
3225 5501 3338 5541 mo-

1766 5588 1933 5639 reret.
1975 5576 2191 5645 adjecit.
2224 5575 2437 5643 Quanto
2466 5576 2720 5629 nimirum
2747 5583 2830 5629 est
2855 5584 3014 5631 aucta
3046 5577 3340 5647 paseessio,

1763 5676 1919 5721 tanto
1953 5669 2122 5735 magis
2150 5676 2233 5719 est
2259 5666 2583 5736 possidentis
2611 5664 2941 5721 inflammata
2964 5669 3181 5737 cupido.
3201 5668 3341 5736 Quid

1762 5758 1953 5829 plura?
1980 5757 2063 5813 Fit
2091 5758 2301 5815 forense
2330 5759 2612 5828 jUdiCillm,
2642 5758 2977 5814 diversarum
3006 5762 3239 5830 partium
3271 5760 3346 5815 al-

3464 3313 3609 3354 tuuin
3640 3321 3815 3370 pinse,
3848 3306 4091 3357 defende.
4119 3308 4398 3361 Christum
4424 3310 4644 3377 quippe,
4678 3309 4768 3379 qui
4826 3310 5045 3363 veritas

3458 3408 3542 3449 est
3574 3396 3623 3463 (l
3648 3396 3813 3447 λυηει.
3850 3408 3921 3463 v}.
3952 3416 4145 3467 negare
4175 3400 4539 3463 convincitur,
4562 3402 4652 3468 qui
4682 3400 4895 3454 veritati
4940 3414 5047 3470 pro

3462 3487 3690 3539 humana
3724 3500 3893 3553 gratia
3932 3492 4244 3543 reluctatur.
4300 3490 4341 3543 Α
4380 3492 4634 3559 pcrjuriis
4880 3483 5047 3551 cave'.

3462 3577 3571 3630 iluo
3599 3618 3612 3637 ,
3644 3580 3684 3629 si
3721 3580 3969 3645 possibile
4016 3591 4119 3639 est,
4151 3582 4217 3632 ab
4245 3582 4390 3634 omni
4445 3591 4497 3633 te
4528 3580 4839 3649 juramento
4892 3596 5053 3635 coan-

3461 3687 3637 3741 pesce.
3674 3674 3809 3737 Quia
3842 3674 4003 3733 sicut,
4036 3690 4140 3725 non
4178 3673 4411 3741 loquitur
4453 3670 4726 3743 nunquam
4760 3674 5051 3739 mentitur,

3457 3768 3550 3833 qui
3582 3768 3650 3817 ita
3682 3766 4515 3833 Quinonjurat.inipussibili'CSl
4545 3776 4601 3817 ιιι
4634 3766 4931 3835 perjuriuln
4966 3768 5055 3819 ita-

3452 3864 3655 3908 currat.
3704 3855 3843 3908 Dicit
3878 3858 4019 3907 enim
4055 3858 4165 3923 ipsa
4196 3854 4405 3908 Veritas
4429 3876 4491 3908 τι
4515 3854 4597 3909 Sit
4636 3864 4815 3907 autem
4860 3871 5053 3909 sermo

3451 3958 3648 4011 vester,
3689 3958 3791 4007 est,
3822 3957 3925 4006 est.
3974 3965 4100 4009 non,
4134 3964 4273 4007 non;
4323 3949 4365 4001 si
4398 3948 4526 4017 quid
4579 3960 4758 4002 autem
4810 3948 5053 4017 amplius

3450 4048 3553 4099 est.
3580 4053 3607 4089 a
3630 4037 3769 4090 malo
3793 4049 3871 4090 est
3890 4040 3903 4103 (
3920 4036 4103 4088 Matth.
4122 4042 4194 4101 v).
4212 4058 4227 4087 ι
4245 4038 4387 4091 Cave
4407 4054 4534 4107 ergo
4548 4036 4863 4107 periurium.
4891 4054 4959 4091 ne
4982 4038 5053 4091 Ii.

3450 4134 3604 4186 brum
3632 4132 3915 4185 adversum
3942 4144 3990 4184 te
4016 4134 4401 4201 redemptionis
4424 4135 4675 4189 humana:
4695 4136 5053 4203 compellaris

3450 4223 3689 4276 invenire
3728 4222 4017 4287 signatum.
4062 4221 4202 4273 Pii-ve
4240 4223 4383 4290 quod
4423 4224 4583 4277 simul
4640 4228 4803 4279 etiam
4844 4242 5051 4297 propo-

3448 4315 3656 4366 Suimus
3690 4314 3926 4377 excidat,
3959 4314 4315 4381 eiecnmsynis
4355 4316 4590 4368 animam
4635 4328 4779 4369 tuam
4814 4322 5049 4383 redime,

3448 4401 3705 4467 operibus
3731 4402 3946 4468 pietatis
3976 4404 4180 4455 insiste.
4216 4420 4231 4451 ι
4260 4402 4410 4463 Date,
4432 4404 4602 4473 inquit
4636 4405 5053 4467 [biuinus,cir~

3448 4506 3758 4559 emosvnam
3788 4500 3837 4543 et
3860 4506 3983 4544 ecce
3997 4494 4173 4545 omnia
4200 4494 4396 4545 munda
4421 4494 4997 4563 suntvobis(Lur-ati.
5026 4518 5046 4549 ι

3450 4583 3513 4636 Et
3546 4586 3736 4637 iterum
3766 4585 4020 4651 scriptum
4042 4570 4150 4636 esti
4177 4603 4194 4633 ι
4219 4582 4319 4649 Qui
4349 4585 4435 4635 dat
4464 4586 4707 4653 pauperi,
4734 4584 4842 4638 Deo
4874 4587 5053 4642 τινας.

3449 4686 3531 4729 rat
3561 4674 3741 4741 (Pror.
3773 4680 3904 4729 xm.
3939 4694 3955 4726 ι
3995 4677 4249 4729 Sustenta
4291 4692 4421 4746 ergo
4465 4692 4781 4747 pauperem,
4812 4688 4870 4732 ut
4922 4692 5054 4733 tan-

3450 4782 3610 4836 quam
3640 4767 3751 4834 ipse
3778 4767 4015 4819 creditur
4048 4766 4213 4820 Deum
4255 4766 4349 4821 tibi
4390 4767 4559 4822 facias
4588 4769 4909 4823 debitorem.
4946 4770 5051 4825 Ne-

3449 4870 3553 4923 que
3579 4858 3721 4907 enim
3755 4868 3803 4906 te
3843 4858 4177 4923 amnipotens
4206 4857 4347 4912 Deus
4378 4859 4442 4911 ad
4479 4859 4883 4931 eleemosynam
4920 4878 5049 4931 pro-

3452 4956 3624 5003 vocat.
3660 4956 3911 5014 tauquam
3946 4947 4083 4999 desit
4116 4948 4216 4999 sibi
4252 4948 4392 5000 unde
4424 4950 4750 5019 pauperibus
4786 4952 4903 5005 suis
4946 4954 5049 5006 ali-

3453 5046 3631 5089 menta
3686 5040 4002 5106 provideat;
4054 5040 4146 5091 sed
4200 5038 4403 5093 idcirco
4432 5042 4612 5110 potius
4676 5041 4797 5093 illos
4855 5044 5049 5113 innprs

3447 5128 3665 5181 exhibet
3696 5169 3709 5187 .
3766 5138 3821 5179 ut
3854 5129 3945 5181 tibi
3994 5130 4291 5183 redimendi
4325 5142 4377 5184 te
4428 5134 4708 5186 materiam
4766 5136 5047 5190 submini-

3446 5230 3597 5272 strct.
3621 5220 4104 5287 Scriptumquippe
4121 5231 4233 5274 est:
4272 5240 4288 5269 ι
4320 5220 4530 5275 Βὶιίιίειξ
4552 5223 4807 5281 hominis.
4830 5230 5049 5279 rt‘i’ctn-

3446 5307 3691 5377 ptioejus
3726 5307 3908 5375 (Pror.
3944 5316 4082 5377 tm).
4118 5327 4134 5358 ι

3516 5398 3682 5452 I‘orro
3706 5408 3882 5451 autem
3906 5400 4233 5453 venerabilis
4257 5402 4395 5454 idem
4421 5402 4587 5455 frater
4608 5412 4797 5455 noster
4820 5404 5045 5460 ltichar-

3442 5488 3561 5547 dus.
3595 5488 3683 5555 qui
3716 5487 3855 5555 quod
3887 5490 4137 5556 Superius
4172 5490 4372 5543 dictum
4402 5502 4485 5545 cst
4517 5493 4718 5555 retulit,
4748 5494 4849 5545 hnc
4872 5496 5043 5547 eiialll

3442 5582 3581 5650 quod
3629 5582 3871 5634 dicturus
3910 5597 4049 5641 sum,
4084 5581 4220 5634 sicut
4293 5582 4431 5651 fama
4480 5594 4844 5651 compererat.
4901 5584 5047 5637 ﬁdi-li

3445 5674 3817 5741 prosecutione
3856 5672 4117 5723 narravit.
4160 5672 4318 5734 Octo,
4361 5674 4561 5742 inquit,
4605 5672 4793 5739 inopes
4826 5674 4961 5729 eri.
4992 5676 5047 5727 in

3447 5754 3933 5833 Ilierosolyinitano
3958 5778 4127 5831 nuper
4150 5766 4340 5820 itinere
4353 5764 4657 5827 constituti,
4677 5764 4806 5818 dum
4823 5780 4931 5817 non
4953 5766 5047 5817 ω.
