5428 6636
191 449 279 566 iss
363 564 367 570 ,
1245 573 1252 579 _
1355 495 1558 555 uasa
1594 491 2375 563 ocravus,smsr.x1v.

3378 485 3477 544 ιθο

190 624 275 681 bus
289 619 561 694 premitur,
594 631 657 674 ea
683 630 806 688 qua:
833 583 1065 687 patitur,
1090 612 1233 670 mala
1277 628 1385 671 non
1418 615 1605 682 sentit,
1628 630 1761 686 quo-
1789 623 1839 684 Α
1869 614 2049 669 lomon
2083 613 2160 667 ait
2192 631 2204 666 :
2240 631 2259 665 i
2297 611 2470 681 Quem
2505 608 2684 682 diligit
2714 605 3002 694 Dominus
3024 646 3038 673 ,
3093 601 3354 676 corripit;
3394 601 3488 659 ﬂa-

191 720 312 776 niam
329 720 391 776 ad
413 726 612 775 cuncta
644 714 1044 773 delectabiliter
1070 714 1313 781 ducitur,
1349 714 1401 769 in
1425 713 1625 785 quibus
1647 727 1758 783 pa:—

190 813 355 871 naliter
382 812 664 884 fatigatur.
1415 852 1421 858 .
1659 795 1661 797 ’

254 906 446 963 «Sicut
471 919 603 962 oves
656 905 726 984 in.
754 901 968 959 inferno
1014 903 1171 974 positi
1199 910 1349 973 sunt,
1399 911 1455 956 et
1494 914 1643 956 mors
1673 899 1763 955 de-

189 1009 348 1074 pascet
383 1013 478 1057 eos
521 985 719 1072 (Psala
748 998 963 1068 xum).
1000 1015 1019 1049 ι
1066 993 1209 1052 Ovcs
1259 995 1422 1052 habet
1488 993 1760 1058 Christus,

186 1106 303 1165 quas
331 1091 394 1148 ad
421 1104 635 1147 amoena
665 1089 898 1145 virentia
920 1087 1119 1144 .caulis
1170 1087 1488 1143 cwlestibus
1518 1082 1764 1140 introth

186 1191 292 1251 cat;
332 1197 458 1243 oves
503 1182 692 1248 habet,
739 1191 796 1237 et
837 1181 940 1236 ille
973 1181 1222 1251 rugiens,
1266 1196 1405 1250 quas
1460 1177 1761 1234 insatiabili

185 1285 414 1332 cruentus
437 1288 533 1330 ore
555 1272 839 1345 deglutiat.
868 1272 971 1341 Qui
998 1273 1136 1328 bene
1179 1286 1327 1327 mors
1350 1270 1571 1335 dicitur,
1608 1269 1759 1338 quia,

186 1381 291 1425 cum
315 1370 379 1426 sit
398 1378 592 1424 auctor
611 1369 826 1433 mortis,
842 1367 908 1420 ad
935 1363 1278 1421 inierendum
1301 1365 1460 1420 nobis
1477 1364 1588 1419 inte
1598 1364 1760 1418 ritum

185 1460 453 1517 crudeliter
473 1459 754 1518 efferatur.
789 1458 941 1516 Unde
962 1457 1205 1514 Joannes
1235 1475 1248 1511 :
1282 1476 1300 1509 ‹
1339 1457 1406 1513 Ει
1434 1472 1562 1513 ecce
1590 1471 1764 1528 equus

178 1553 412 1627 pallidus,
439 1562 495 1611 et
513 1553 607 1626 qui
636 1549 864 1612 sedebat
889 1567 1057 1621 super
1082 1566 1234 1619 eum,
1263 1565 1459 1608 nomen
1488 1549 1562 1606 illi
1589 1549 1764 1606 :Mors

177 1646 345 1720 (Apoc.
376 1650 468 1719 vt).
510 1665 528 1699 ι

689 1735 1030 1795 EPISTOLA
1080 1736 1220 1794 XIII.

675 1852 743 1892 AD
782 1849 1031 1892 SOROREI
1067 1849 1230 1891 SUAE.

173 1927 556 1987 Ancunlruu.
583 1959 653 1970 -—
681 1928 919 1993 Rogatus
947 1945 977 1984 a
1016 1943 1231 1993 sorore,
1263 1925 1329 1982 de
1375 1925 1560 1982 mundi
1592 1926 1764 1984 inter-

1863 705 2026 777 gcllat
2053 715 2235 760 autem
2259 719 2477 760 omnem
2501 701 2672 757 filium
2699 692 2864 771 quem
2894 695 3090 768 recipit
3115 694 3301 768 (Prov.
3331 694 3477 766 ιιι).›

1864 783 2178 870 Non/igitur
2211 798 2491 855 immerito
2537 794 2762 868 gaudet,
2795 792 2890 864 qui
2922 792 2978 847 in
3026 799 3231 846 sanctae
3254 802 3488 844 convcr~

1865 892 2096 947 sationis
2134 891 2332 946 itinere
2362 889 2722 956 constitutus,
2741 887 2871 943 dum
2902 899 2960 940 se
2981 882 3210 954 ﬂagellis
3238 881 3485 937 conside-

1866 995 1951 1040 rat
1979 984 2248 1041 uItoribus
2296 986 2460 1056 cingi.
2493 986 2547 1040 in
2600 992 2806 1040 sortem
2856 981 3093 1036 filiorum
3140 977 3236 1034 Dei
3265 970 3483 1034 senon

1867 1079 2092 1151 ambigit
2114 1080 2386 1151 adoptari.
2413 1078 2528 1134 Hoc
2552 1086 2768 1133 tantum
2785 1075 3021 1132 sollicita
3045 1070 3486 1130 consideratione

1867 1175 2170 1231 cavendum
2203 1183 2309 1239 est,
2344 1188 2416 1229 ne
2443 1174 2589 1229 inter
2625 1173 2742 1243 ipsa
2796 1169 3146 1229 rectitudinis
3175 1181 3340 1237 opera
3362 1164 3486 1236 qui-

1866 1267 1968 1323 bus
1995 1267 2226 1323 debetur
2255 1268 2448 1338 utique
2499 1266 2816 1337 praemium,
2867 1263 3276 1318 admisceamus
3314 1257 3484 1313 etiam

1866 1361 2112 1430 quaedam
2133 1377 2324 1431 prava,
2343 1361 2471 1416 licet
2496 1361 2742 1426 minima,
2760 1359 2960 1429 quibus
2985 1359 3264 1428 irrogetur
3281 1352 3482 1410 saltem

1870 1455 2172 1526 temporale
2202 1455 2550 1527 supplicium.
2588 1454 2744 1510 Unde
2773 1462 2830 1508 et
2860 1451 3056 1507 Petrus
3095 1451 3174 1504 ait
3202 1467 3214 1504 :
3255 1467 3274 1500 ‹
3313 1445 3487 1503 Nemo

1870 1559 2120 1606 vestrum
2152 1550 2393 1620 patiatur
2415 1551 2570 1620 quasi
2604 1547 2899 1609 homicida.
2935 1555 3028 1600 aut
3058 1544 3164 1608 fur,
3195 1551 3291 1599 aut
3315 1540 3489 1598 male-

1867 1642 2040 1698 dicus.
2061 1641 2478 1698 autalicnor'im
2513 1640 2861 1715 appetitor(I
2883 1640 3030 1695 Pelr.
3063 1637 3159 1714 ιν).
3187 1659 3204 1691 ›
3226 1634 3491 1706 Quisquis

1868 1750 1998 1806 ergo
2029 1734 2115 1790 vel
2166 1735 2344 1790 aliena
2393 1735 2627 1805 cupidus
2678 1735 2908 1803 appetit,
2962 1732 3048 1785 vcl
3109 1727 3400 1784 maledicis
3431 1725 3487 1780 in

1868 1831 2180 1903 quempiam
2206 1831 2392 1887 verbis
2443 1830 2664 1886 excedit
2714 1829 2848 1899 quin
2903 1827 3066 1898 digne
3107 1824 3338 1895 patitur,
3367 1836 3492 1894 pas-

1871 1925 2044 1981 sionis
2080 1940 2194 1981 sua:
2220 1923 2508 1995 przemium
2541 1937 2651 1979 non
2678 1929 2940 1978 meretur.

243 2002 343 2085 i5!”
372 2000 690 2085 Α’ἒίίθδτίὲἓί
719 1999 1539 2085 adyeﬂ‘qpijudidoSupremo
1580 1999 1758 2085 diss}?
1791 2005 1838 2066 Β
1939 2017 2048 2072 Vos
2099 2026 2308 2083 autem,
2344 2015 2742 2080 dilectksitna,
2786 2013 2915 2085 quia
2970 2009 3152 2068 soluto
3211 2005 3487 2080 conjugali

237 2072 332 2138 rit;
364 2070 517 2142 cujus
544 2072 762 2142 quidem
783 2071 978 2140 judicii
1003 2070 1150 2126 diem
1177 2084 1396 2141 semper
1419 2078 1546 2125 ante
1568 2071 1762 2124 oculos

235 2142 535 2199 habendam
561 2158 684 2199 esse
707 2143 805 2198 ait.

235 2234 567 2294 Dulcissimae
598 2237 773 2293 sorori
807 2237 873 2293 lll
902 2237 1122 2293 Pnraus
1159 2245 1423 2308 peccator
1461 2236 1766 2292 monachus

167 2325 413 2389 humilem
445 2329 501 2384 in
531 2330 766 2386 Domino
797 2330 1140 2386 servitutem.

234 2419 560 2489 Quodame,
595 2437 754 2478 soror
803 2423 1152 2489 charissima,
1207 2425 1350 2496 petis
1398 2432 1585 2478 notum
1644 2423 1764 2478 fieri

167 2512 288 2582 tibi,‘
327 2513 456 2585 quid
504 2525 632 2570 ante
661 2517 850 2572 mundi
900 2516 1262 2582 creationem,
1300 2527 1405 2572 etc.
1461 2515 1665 2570 Eadem
1689 2525 1766 2570 est

168 2604 276 2661 Itiro
303 2607 450 2678 epist.
475 2624 594 2678 qua:
616 2618 664 2662 et
695 2608 787 2662 lib.
811 2623 864 2662 vl
895 2609 1022 2663 tomi
1047 2607 1228 2678 hujus.

703 2700 1043 2757 EPISTOLA
1077 2700 1219 2755 XIV.

289 2808 354 2850 ΑΒ
390 2807 626 2851 δοκοκεδ
665 2809 794 2850 SUAS
833 2807 1181 2849 RODELINDAI
1221 2808 1291 2848 ET
1338 2807 1640 2848 SUFFICIAH.

153 2884 553 2944 Auamma-ruat.
570 2917 637 2926 --
661 2884 1022 2940 Rodelindam
1047 2893 1212 2954 atque
1233 2883 1539 2947 Sufﬁciam,
1575 2881 1766 2954 ambas

227 2959 420 3013 marito
444 2960 693 3023 orbatas,
719 2957 786 3011 ad
811 2953 1138 3012 servandam
1169 2971 1274 3010 non
1301 2955 1476 3009 solum
1494 2953 1762 3024 corporis,

225 3029 320 3086 sed
350 3029 515 3084 etiam
548 3029 773 3092 mentis,
810 3028 878 3083 ab
904 3028 1052 3082 (itnni
1097 3026 1218 3081 labe
1253 3027 1513 3080 intactam
1546 3028 1761 3095 purita-

226 3108 358 3165 tem,
386 3101 859 3169 cogitationesque
905 3099 1218 3154 immundas
1257 3097 1404 3152 omni
1436 3097 1619 3151 studio
1647 3097 1768 3169 evi-

226 3172 423 3227 tandas
447 3167 718 3226 hortatur.
748 3167 1211 3236 Quodutfacilius
1231 3177 1498 3240 praistare
1527 3167 1762 3240 possint,

225 3243 548 3314 patientiam
593 3240 1147 3314 in_tribulationibus,
1175 3239 1486 3314 orationem
1537 3239 1655 3314 sine
1685 3239 1765 3314 in-

227 3308 590 3374 termissione,
651 3312 993 3382 frequentem
1041 3321 1098 3365 et
1150 3311 1422 3366 sinceram
1463 3308 1758 3382 confessio-

221 3399 371 3452 nem,
405 3381 876 3438 mansuetudiiiem
905 3382 959 3437 in
1004 3382 1278 3444 inimicos,
1305 3392 1361 3437 et
1401 3381 1761 3436 contumelio-

218 3470 332 3521 sos,
363 3455 800 3512 misericordiam
830 3456 884 3508 in
915 3468 1207 3525 pauperes,
1238 3453 1407 3525 296
1433 3461 1486 3507 et
1518 3452 1759 3525 denique

219 3541 480 3584 curarum
529 3525 874 3584 saecularium
916 3523 1332 3596 'ablegationeln
1372 3523 1637 3579 'maximo
1678 3525 1762 3579 eis

225 3596 550 3667 adiumento
579 3597 792 3652 futuras
815 3609 939 3653 esse
963 3604 1216 3652 testatur.

216 3688 577 3774 Chariss'pnis
603 3690 658 3746 in
682 3689 906 3770 Christo
923 3689 1212 3770 sororibus.
1235 3688 1569 3745 RODELINDE
1595 3696 1764 3759 atque

141 3783 426 3845 Sumere
447 3785 674 3844 ‘PBTBUS
703 3793 962 3858 peccator
985 3785 1291 3842 monachus
1313 3785 1522 3842 intima:
1553 3800 1765 3858 germa-

140 3879 344 3936 nitatis
369 3877 641 3936 allectum.
1004 3954 1006 3956 ν
1189 3885 1201 3896 ’

220 3969 438 4029 Uberes
475 3971 673 4028 divina:
719 3971 1114 4043 dispensationi
1148 3971 1356 4044 gratias
1403 3969 1602 4034 refero,
1634 3968 1766 4024 dum

139 4077 274 4131 vos,
326 4063 494 4120 fama
548 4045 938 4131 discurrente,
973 4050 1354 4136 comperio'et
1399 4064 1453 4118 in
1498 4063 1766 4118 virtutum

136 4154 522 4226 spiritualium
562 4154 778 4212 fervere
822 4156 1162 4214 unanimiter
1213 4155 1446 4222 studiis,
1479 4165 1536 4211 et
1581 4167 1767 4210 tamen

135 4246 387 4302 diversis
413 4247 597 4302 mundi
647 4247 934 4318 subjaccre
978 4247 1271 4318 pressuris.
1308 4245 1447 4301 Nota
1495 4246 1769 4315 siquidem

132 4349 227 4396 est
261 4341 538 4413 regularis
559 4340 650 4396 illa
697 4355 950 4411 supernae
971 4340 1202 4412 iustitia:
1234 4340 1400 4406 linea,
1436 4326 1543 4410 qua
1576 4338 1765 4394 invisi-

131 4435 272 4490 bilis
301 4435 526 4491 Arbiter
554 4450 649 4491 eos
676 4435 729 4490 in
760 4436 861 4492 hac
891 4436 1004 4490 vita
1037 4435 1357 4506 temporalis
1391 4424 1650 4490 mrumnze
1674 4432 1771 4488 lla-

130 4529 305 4600 gcllis
337 4530 544 4593 erudit.
598 4529 797 4600 quibus
849 4530 1067 4607 tradere
1098 4538 1375 4599 perpetua:
1425 4527 1771 4584 hcereditatis

122 4619 267 4688 jura
306 4622 578 4692 disponit,
607 4638 811 4694 eosque
841 4631 1102 4694 tanquam
1128 4636 1320 4678 servos
1347 4621 1498 4676 duris
1528 4619 1773 4676 verberi-

125 4711 246 4767 bus
275 4712 470 4780 ailieit,
496 4729 634 4785 quos
677 4715 789 4785 jam
822 4731 919 4786 per
949 4715 1178 4790 occultae
1203 4715 1475 4770 cautionis
1501 4714 1768 4779 edictum,

124 4812 196 4859 ut
230 4820 436 4861 revera
472 4807 612 4862 filios
639 4807 692 4861 in
723 4808 1111 4878 patrimonium
1136 4807 1486 4878 capessenda:
1530 4805 1770 4876 propria:

124 4899 530 4967 possessionis
554 4898 811 4953 adscivit.
837 4899 1098 4970 Quisquis
1118 4900 1264 4956 enim
1297 4900 1423 4954 dum
1457 4908 1604 4954 recta
1637 4897 1772 4966 agit,

119 4991 503 5045 successibus
537 4989 728 5057 aIIIuit,
752 4991 975 5062 dignum
1005 4979 1260 5061 profecto.
1305 5000 1407 5056 est,
1439 4999 1497 5045 ut
1525 4987 1642 5059 ejus
1674 5006 1770 5046 cor

114 5079 390 5138 formido
413 5084 714 5148 concutiat,
749 5098 816 5138 ne
844 5083 971 5138 dum
1023 5083 1237 5139 meritis
1275 5083 1390 5138 suis
1443 5097 1768 5152 recompen-

114 5174 246 5229 sari
286 5178 566 5248 conspicit
590 5177 936 5247 temporalia,
981 5177 1194 5233 minora
1221 5175 1477 5244 fortasse,
1509 5177 1593 5232 vel
1619 5178 1768 5233 nulla

116 5265 550 5322 redhibeantur
575 5277 807 5324 acterna.
839 5269 910 5323 At
941 5269 1033 5340 qui
1059 5270 1200 5327 bona
1221 5280 1484 5343 operatur
1505 5279 1559 5325 et
1585 5270 1772 5342 ﬂagel-

111 5354 199 5410 lis
227 5358 528 5424 atteritur,
548 5367 735 5415 certus
755 5359 869 5429 jam
896 5377 1005 5416 non
1035 5361 1311 5417 immerito
1325 5363 1391 5418 de
1415 5362 1768 5419 retribuenda

111 5447 243 5504 sibi
303 5448 491 5517 bona,
524 5449 774 5508 conferta
811 5462 868 5509 et
914 5455 1188 5526 coagitata
1241 5454 1490 5511 laborum
1545 5472 1770 5513 suorum

108 5553 422 5600 mensura
469 5544 710 5612 lzctatur,
757 5548 886 5618 quia
949 5557 1103 5604 tanto
1127 5558 1250 5620 post
1293 5549 1592 5606 increvisse
1623 5567 1772 5607 sum-

106 5648 294 5691 mam
325 5637 528 5694 crediti
577 5637 807 5696 fmuoris
854 5641 1090 5706 invenit.
1140 5654 1347 5712 quanto
1379 5643 1533 5715 prius
1576 5646 1629 5699 in
1658 5646 1769 5712 via,

103 5723 237 5784 nec
266 5729 618 5801 stipendium
661 5732 884 5805 quidem
923 5745 1324 5791 momentaneae
1383 5723 1788 5808 prosperitatis.

100 5824 393 5895 accepit.
449 5824 587 5882 Hinc
631 5837 716 5883 est
767 5828 910 5899 quod
958 5844 1056 5900 per
1096 5829 1155 5884 Β.
1203 5829 1468 5887 Jacobum
1520 5833 1767 5888 dicitur:

106 5936 132 5970 ο
176 5916 397 5976 Omne
422 5921 681 5994 gaudium
733 5923 1068 5992 existimate,
1124 5923 1327 5980 fratres
1383 5926 1512 5989 mci,
1555 5944 1678 5983 cum
1714 5927 1768 5983 in

96 6013 492 6071 mutationes
513 6015 694 6072 varias
733 6015 1035 6073 incideritis
1073 6015 1218 6078 (Jac.
1253 6016 1317 6086 ι).
1355 6038 1373 6071 ι
1408 6017 1545 6075 Iliuc
1585 6032 1636 6077 et
1670 6022 1769 6079 Sa-

605 6108 880 6170 Pnnor..
932 6110 1118 6173 CXLI
1133 6111 1201 6172 γ.

1869 2110 2122 2177 vinculo,
2181 2110 2457 2165 vidualem
2505 2107 2906 2165 continentiam
2963 2103 3323 2176 profitentes,
3381 2117 3493 2157 non

1869 2209 2032 2263 modo
2062 2208 2130 2263 ad
2159 2205 2491 2263 immortalis
2525 2192 2722 2274 Sp‘bnsi
2756 2201 3010 2273 copulam
3035 2199 3490 2270 transmigraSIis,

1869 2303 1965 2358 sed
1990 2311 2046 2357 et
2077 2302 2354 2358 incentiva
2387 2298 2573 2356 omnia
2627 2296 2871 2353 carnalis
2927 2295 3203 2350 illecebrae
3252 2291 3493 2348 mirandi

1871 2398 2106 2453 fervoris
2133 2396 2393 2452 instantia
2438 2394 2766 2465 reprimere,
2800 2392 2911 2446 imo
2951 2386 3498 2459 cruciﬁgere‘decre-

1869 2491 2050 2555 vistis,
2081 2499 2135 2544 ct
2161 2489 2526 2558 vosmetipsas
2573 2488 2644 2542 ab
2674 2485 2961 2542 inferenda
2993 2496 3225 2555 prorsus
3267 2480 3494 2536 laesione

1869 2581 2231 2651 compescite,
2256 2589 2308 2636 et
2341 2579 2526 2633 illatas
2568 2576 2637 2630 ab
2663 2575 2788 2630 aliis
2817 2573 3206 2653 aequanimiter
3238 2571 3494 2628 tolerate.

1873 2676 1945 2732 Ut
1971 2676 2100 2746 quia
2129 2673 2538 2744 Redemptoret
2561 2669 2703 2726 mala
2737 2685 2844 2725 non
2869 2662 3024 2733 fecit,
3049 2676 3106 2723 et
3129 2681 3350 2722 crucem
3373 2679 3497 2735 per-

1871 2770 2017 2834 tulit,
2045 2768 2158 2838 jam
2194 2770 2249 2823 in
2269 2767 2423 2823 vobis
2448 2766 2691 2837 ejusdem
2727 2763 2929 2819 summi
2983 2760 3182 2832 Sponsi
3205 2759 3372 2815 arrha
3399 2756 3501 2811 fa:-

1871 2861 2073 2917 deralis
2102 2869 2382 2931 appareat,
2414 2857 2544 2913 dum
2599 2857 2704 2912 viae
2733 2856 2852 2928 ejus
2895 2864 2950 2911 et
2997 2854 3112 2908 vita
3147 2861 3331 2909 vestra
3357 2858 3495 2908 co‘n-

1871 2954 2084 3009 cordat.
2130 2951 2244 3008 Etsi
2291 2952 2439 3008 enim
2492 2953 2708 3023 Agnum
2742 2964 2854 3004 non
2902 2946 3098 3005 valetis
3143 2947 3330 3018 sequi,
3369 2959 3501 3016 quo-

1871 3061 2090 3117 cunque
2117 3045 2243 3102 ierit
2268 3044 2458 3118 (Apoc.
2488 3043 2627 3114 xxv),
2659 3050 2926 3114 tanquam
2956 3039 3222 3112 virgines,
3260 3036 3499 3095 sufficiat

1871 3155 1998 3194 eum
2020 3140 2180 3195 vobis
2196 3139 2398 3193 imitari
2423 3153 2523 3209 per
2537 3139 2684 3192 viam
2701 3135 3004 3207 patientiae,
3029 3135 3120 3205 qui
3138 3132 3386 3204 profecto
3399 3147 3502 3203 per

1873 3240 2105 3287 mortem
2125 3230 2341 3286 transiit
2361 3230 2411 3285 in
2428 3229 2890 3286 resurrectionem
2907 3226 3053 3280 vita2.
3071 3224 3139 3279 Et
3153 3239 3220 3280 ne
3238 3224 3500 3279 diuturna

1871 3327 2108 3383 fortasse
2130 3324 2379 3381 molestia
2401 3324 2558 3380 vobis
2578 3325 2793 3395 ingerat
2809 3321 3051 3387 taedium,
3070 3318 3388 3392 evangelica
3409 3316 3504 3374 illa

1789 3384 1837 3447 Ο
1872 3423 2026 3478 Anna
2047 3429 2246 3476 vestrm
2267 3417 2520 3474 viduitati
2545 3384 2885 3489 proponatur
2906 3413 3238 3487 exemplum.
3265 3411 3506 3482 Ωιιωηὶ-

1867 3517 2100 3577 mirum,
2155 3513 2320 3585 297
2373 3502 2660 3583 Scriptura
2719 3519 2889 3576 teste,
2941 3509 3193 3580 septenni
3244 3504 3505 3581 coniugio

1869 3606 2126 3669 fruitam,
2175 3605 2288 3676 jam
2325 3619 2502 3674 usque
2532 3603 2600 3658 ad
2639 3601 2914 3673 octoginta
2958 3609 3199 3672 quatuor
3236 3614 3411 3655 annos
3444 3598 3502 3654 in

1868 3701 2139 3756 viduitate
2186 3704 2538 3770 processerat
2597 3696 2753 3769 (Luc.
2801 3697 2894 3766 n);
2945 3701 3328 3771 verumtamen
3377 3706 3504 3764 qum

1875 3804 1984 3853 tam
2013 3793 2312 3864 prolixum,
2340 3777 2450 3846 ta'm
2475 3805 2744 3846 annosum
2768 3788 2987 3847 vivendi
3025 3797 3241 3859 tempus
3266 3787 3502 3859 accepit,

1873 3884 2118 3955 nunquid
2147 3882 2231 3939 vel
2267 3880 2516 3948 vacando
2546 3878 2770 3946 fabulis,
2813 3875 2900 3933 vel
2950 3876 3211 3934 deliciose
3240 3877 3504 3945 vivendo,

1871 3975 2212 4031 cu’rvatrices
2263 3973 2423 4029 anilis
2470 3971 2572 4029 aevi
2611 3970 2896 4028 moleStias
2944 3969 3308 4043 temperavit?
3366 3970 3502 4038 Sed,

1872 4068 2228 4125 continentiae
2265 4066 2614 4138 longzevitate
2639 4065 2946 4136 praemissa,
2989 4064 3243 4135 protinus
3269 4079 3507 4134 evange-

1874 4162 1995 4218 lista
2045 4160 2364 4231 subjungit:
2418 4177 2437 4211 ι
2469 4141 2612 4228 Quia
2658 4173 2765 4215 non
2798 4157 3117 4214 discedebat
3159 4158 3227 4213 de
3274 4158 3503 4230 templo,

1868 4251 2097 4325 jejuniis
2146 4263 2202 4309 et
2256 4251 2736 4309 obsecrationibus
2787 4253 3034 4308 serviens
3085 4259 3247 4308 nocte
3299 4267 3365 4308 ac
3415 4252 3508 4309 die

1876 4347 2093 4419 (lbid.).
2123 4367 2142 4399 ι
2172 4345 2332 4414 Quid,
2363 4359 2572 4416 quaso,
2603 4345 2721 4400 lucc
2745 4343 2941 4399 mulier
2968 4342 3196 4411 faceret,
3229 4345 3274 4400 si
3304 4344 3505 4400 adhor-

1878 4441 2112 4495 tationes
2141 4437 2472 4508 apostolicus
2519 4421 2764 4509 legeret:
2807 4455 2825 4488 ε
2860 4435 3030 4493 Orate
3060 4437 3182 4491 sine
3221 4436 3504 4492 intermis-

1876 4534 2029 4589 sione
2061 4531 2126 4604 (Ι
2161 4531 2343 4586 Thess.
2375 4534 2484 4606 vi;
2515 4551 2531 4583 ι
2561 4531 2871 4602 praesertim
2901 4531 2945 4586 si
2979 4531 3160 4603 ipsum
3210 4530 3502 4588 Dominum

1878 4632 2267 4695 provocantem
2321 4639 2422 4678 nos
2479 4623 2547 4678 ad
2601 4622 2843 4678 studium
2903 4623 3182 4678 continuae
3237 4613 3507 4679 oratiunis

1880 4719 2129 4775 audiret?
2163 4717 2358 4783 Porro,
2394 4717 2522 4789 quia
2559 4726 2855 4788 antequam
2898 4716 3257 4789 Evangelium
3291 4717 3508 4772 discere

1879 4811 2180 4884 potuisset,
2239 4810 2486 4881 implevit
2543 4811 2867 4881 prophetica
2918 4810 3210 4864 Dominum
3271 4800 3509 4880 inspira-

1880 4907 2028 4962 tione
2064 4919 2424 4977 c0gnoscere,
2470 4901 2658 4974 atque,
2707 4911 2767 4957 ut
2798 4902 2871 4957 ita
2919 4900 3116 4967 fatear,
3150 4901 3508 4973 evangelista

1881 4998 2023 5054 facta
2066 4996 2184 5067 ejus
2226 4996 2430 5051 meruit
2476 4993 3148 5067 praesentiam‘nuntiare.
3183 4993 3339 5051 Sicut
3369 4993 3508 5066 legi-

1881 5100 1970 5146 tur
2000 5106 2014 5145 :
2051 5108 2068 5143 ι
2104 5090 2243 5159 Quia
2279 5091 2396 5145 hac
2432 5090 2551 5161 ipsa
2589 5089 2723 5145 hora
2755 5088 3171 5160 superveniens,
3189 5082 3507 5144 'confiteba-

1883 5195 1974 5240 tur
2027 5185 2297 5252 Domino,
2350 5193 2406 5238 ct
2457 5183 2786 5254 loquebatur
2835 5166 2931 5236 dei
2963 5167 3072 5238 illo.
3101 5171 3510 5253 Omnibus'qui

1880 5279 2278 5350 exspectabant
2330 5277 2788 5352 redemptionem.
2820 5275 2988 5332 Israel
3028 5274 3255 5347 ‘(Ibid.).
3292 5296 3310 5329 ι
3353 5273 3507 5332 Hanc

1881 5372 2065 5443 itaque
2096 5373 2374 5444 egregiam
2416 5372 2638 5426 viduam
2669 5371 2826 5440 quasi
2858 5368 3199 5441 signa’culum
3231 5360 3508 5440 quoddam

1881 5463 2295 5534 vobismetipsis
2329 5461 2566 5518 solerter
2605 5461 2929 5534 imprimite,
2965 5445 3023 5516 ut
3051 5454 3194 5517 verte
3225 5461 3507 5518 viduitatis

1882 5557 2202 5616 mereamini
2248 5558 2535 5630 praemium
2580 5546 2901 5634 reportare.
2957 5555 3092 5612 Illud
3141 5545 3505 5627 apostolicum

1877 5653 1994 5726 jugi
2027 5653 2294 5708 memoria
2324 5652 2652 5718 retinentes,
2687 5644 2797 5721 quo
2825 5651 3027 5707 dicitur
3057 5670 3069 5707 :
3119 5650 3292 5718 «Quae
3319 5660 3508 5707 autem

1881 5759 2012 5799 vere
2046 5743 2209 5798 vidua
2239 5729 2326 5799 est
2356 5751 2410 5798 et
2441 5741 2686 5799 desolata
2706 5783 2720 5808 ,
2771 5736 3016 5813 speravit
3046 5743 3099 5797 in
3151 5742 3417 5808 Domino,
3449 5750 3507 5799 et

1879 5836 2125 5908 perstitit
2157 5835 2211 5892 in
2243 5836 2493 5892 oratione
2524 5845 2685 5891 nocte
2717 5852 2782 5893 ac
2819 5837 2908 5892 die
2939 5835 2993 5908 (I
3023 5835 3164 5890 Tim.
3197 5837 3273 5909 v).
3308 5857 3327 5890 ι
3371 5835 3507 5892 Illud

1883 5942 2064 5986 autem
2091 5932 2238 6002 quod
2273 5930 2526 6000 sequitur
2554 5930 2747 5985 audire
2775 5947 2882 5986 ron
2915 5929 3174 6001 indigetis
3201 5947 3214 5983 :
3256 5932 3382 6000 quia
3408 5941 3505 5999 per

1881 6026 1975 6083 Dci
2006 6025 2238 6100 gratiam
2273 6022 2510 6081 sollicita
2541 6023 2857 6085 provisione
2890 6026 3097 6080 cavetis
3128 6043 3138 6077 :
3189 6044 3202 6073 ‹
3237 6023 3367 6090 Quae
3401 6037 3502 6079 au-

3027 6117 3100 6177 16
