5428 6648
192 638 281 695 495
1357 612 1571 676 LIBER
1601 609 1952 677 OCTAVUS,
1993 605 2216 665 EPIST.
2250 604 2336 661 Xl‘

1357 612 1571 676 LIBER
1601 609 1952 677 OCTAVUS,
1993 605 2216 665 EPIST.
2250 593 2392 661 XIV.
3386 598 3494 655 494

192 748 441 823 ρυείἰείιίεε
475 738 800 803 matronalis
827 752 1059 812 corpora
1088 742 1276 794 vestra
1306 734 1361 791 in
1390 744 1581 793 sancta
1613 745 1774 791 mun-
1804 730 1850 791 Α
1874 732 2257 823 ευθεψγεξιῑεῖ
2292 717 2636 823 ’δθὺίξθωγηθι
2666 712 2999 823 N'Gf’melqi‘s
3032 719 3088 769 θί
3114 711 3265 823 Τθδω
3298 711 3498 823 “omits

191 804 628 911 mustoditis,
655 849 784 905 erga
810 804 1179 905 cogitationes
1209 844 1431 901 quoque
1460 826 1769 883 districtam
1874 814 2040 911 isracl
2073 812 2314 911 _(_J"df‘h
2358 815 2498 911 _")-__’
2551 805 3032 910 (ἷοηείάθνθῐξξίυηῖ
3078 804 3239 911 Phile
3271 808 3498 911 (ξυῧξηίε

189 901 383 1007 semper
431 901 850 985 sollicitudinem
884 901 1187 990 vcxhibetc,
1229 930 1290 977 ut
1324 920 1591 992 quoniam
1648 934 1736 976 cae
1876 909 1995 1007 haec;
2033 906 2199 1007 vidua
2233 904 2402 1007 fuerit
2439 901 2603 1007 digna
2638 901 2971 1007 praeconiis.
3021 912 3155 1007 quae.
3189 907 3343 1007 ιεξιξιο
3373 901 3503 1007 ign:

189 991 519 1096 sponso
551 1019 849 1076 thalamum
881 1016 937 1073 in
977 1024 1161 1072 vestra
1199 991 1386 1070 ιηεηιέ
1414 1011 1765 1077 consimilis,
1879 1002 2047 1057 divini
2077 1000 2349 1058 aestuabat
2378 997 2605 1054 amoris.
2637 995 2812 1051 Porro
2852 991 3304 1096 autem-vidualis
3335 991 3505 1096 oﬂicii
3570 1046 3589 1061 κ,

190 1120 257 1179 nil
288 1086 364 1174 ibi
404 1115 611 1174 fwdum
662 1127 805 1178 esse,
854 1101 993 1167 nihil
1044 1108 1422 1165 inordinatum
1471 1107 1616 1179 quod
1653 1105 1775 1177 ejus
1879 1094 2053 1151 limite
2094 1110 2201 1151 non
2233 1102 2519 1179 contenta,
2569 1090 2638 1147 ad
2681 1091 2789 1147 hoc
2819 1102 2997 1160 usque
3046 1087 3100 1143 in
3150 1096 3342 1144 sancta
3376 1086 3505 1144 reli-

188 1176 358 1271 ocutos
380 1208 555 1281 possit
590 1176 874 1263 offendere
915 1200 1274 1273 permittatis.
1308 1198 1427 1255 Lux
1466 1176 1612 1255 enim
1642 1214 1775 1255 vera
1880 1190 2043 1263 gione
2068 1176 2421 1261 processerat
2461 1183 2660 1281 utjam
2694 1199 2805 1281 non
2827 1182 2995 1281 stola,
3038 1180 3133 1237 58d
3164 1188 3219 1237 οι
3244 1196 3368 1281 εξιῐη
3399 1196 3505 1281 ἔξη-

191 1275 422 1360 tenebras
458 1297 569 1356 odii
610 1312 717 1353 non
766 1293 1062 1361 inhabitat,
1096 1300 1152 1347 et
1194 1290 1461 1363 Princeps
1489 1291 1641 1361 pacis
1674 1290 1776 1345 im-
1881 1283 2023 1340 cillis
2053 1282 2169 1338 suis
2215 1283 2377 1337 fieret
2417 1279 2683 1346 eremita;
2714 1278 2783 1335 de
2810 1278 2974 1334 domo
3014 1275 3294 1333 communi
3325 1275 3501 1334 "301“-

4940 36 5025 47 μί

4473 77 4690 96 —-u.'u__“"

4118 110 4151 115 -γ
4173 111 4194 114 __
4278 100 4287 101 κ
4314 95 4430 119 ..ιι-μ

3905 135 3920 138 _
3943 125 3984 134 .-.-
4924 130 4925 133 η

3961 145 3964 148 Ι
4543 161 4592 166 ——-

186 1403 375 1467 pacata:
420 1390 619 1447 mentis
661 1386 961 1457 hospitium
1009 1399 1117 1439 non
1170 1372 1449 1454 requirit”
1481 1381 1776 1437 Enimvero
1874 1378 2089 1435 serium
2114 1376 2267 1442 fecit,
2298 1384 2355 1430 et
2384 1376 2435 1430 in
2463 1374 2728 1446 populosa
2774 1371 2914 1429 urbe
2960 1386 3118 1428 amor
3145 1370 3346 1427 artifex
3376 1371 3508 1430 soli-

1884 1470 2128 1527 tudinem
2162 1468 2385 1540 reperit.
2411 1466 2643 1536 Quantis
2676 1466 2765 1522 illa
2794 1465 3088 1521 mundanae
3117 1465 3509 1538 prosperitatis

1883 1563 2101 1619 dotibus
2122 1560 2402 1629 adluebat,
2432 1576 2557 1633 qua:
2594 1560 2856 1615 nimirum
2896 1558 3098 1616 blande
3136 1554 3509 1616 lenocinantis

1884 1655 2157 1710 secundas
2187 1652 2292 1709 sibi
2334 1651 2543 1709 illicere
2577 1652 2803 1723 nuptias
2832 1652 3123 1722 poterant!
3160 1650 3319 1707 Sicut
3354 1651 3505 1707 enim

1884 1760 2041 1801 sacra
2067 1753 2258 1799 narrat
2287 1742 2551 1800 historia:
2588 1761 2606 1795 ι
2638 1742 2771 1798 Erat
2796 1742 3032 1814 eleganti
3062 1751 3289 1813 aspectu
3314 1740 3505 1809 nimis,

1887 1838 1974 1895 cui
2011 1839 2098 1893 vir
2125 1853 2258 1894 suus
2301 1838 2603 1909 reliquerat
2632 1837 2857 1894 divitias
2887 1836 3122 1904 multas,
3154 1844 3211 1893 et
3238 1834 3512 1895 familiam

1886 1932 2191 2004 copiosam,
2225 1948 2289 1988 ac
2329 1933 2714 2002 pOSsessiones
2752 1932 3023 1989 armentis
3066 1932 3234 1988 boum
3282 1941 3341 1989 et
3383 1946 3515 2006 gre-

1887 2028 2048 2100 gibus
2072 2027 2258 2083 ovium
2290 2026 2486 2099 plenas
2532 2026 2771 2101 (Ibid.):
2808 2047 2827 2081 ›
2865 2037 2920 2085 ct
2946 2027 3092 2100 quod
3120 2028 3208 2085 his
3251 2028 3514 2087 omnibus

184 1502 284 1547 non
311 1483 578 1558 ignoratis
606 1481 873 1554 quasdam
919 1476 1218 1534 carnaliter
1267 1484 1661 1532 conversantes
1688 1474 1776 1531 di-

189 1592 363 1634 versas
421 1576 565 1631 inter
626 1574 819 1630 dentes
876 1578 1187 1627 aromatum
1248 1583 1317 1625 ac
1365 1570 1777 1641 pigmentorum

189 1668 381 1738 species
412 1676 613 1732 terere,
640 1673 702 1720 ut
730 1663 865 1729 viris
894 1662 1009 1719 suis
1031 1660 1333 1731 jucundius
1366 1661 1586 1717 valeant
1613 1660 1777 1717 redo-

188 1762 336 1819 lentis
382 1760 705 1834 fragrantia
751 1758 937 1814 nitore
991 1766 1232 1828 placere.
1292 1754 1508 1827 Lingua
1559 1753 1781 1827 quoque

187 1863 355 1909 vestra
403 1860 460 1909 et
506 1852 649 1907 labia
695 1866 725 1906 a
777 1849 980 1906 divinis
1029 1848 1287 1927 laudibus
1335 1863 1618 1918 nunquam
1670 1848 1782 1904 sint

185 1946 347 2004 otiosa
366 1960 381 2010 ;
552 1958 770 2015 semper
799 1941 1041 2014 psalmos
1060 1981 1077 2008 ,
1106 1954 1324 2013 semper
1349 1940 1661 2008 orationes,
1686 1956 1783 1997 ve-

185 2036 520 2099 lut-aromata
548 2033 777 2092 terendo
796 2076 811 2102 ,
854 2034 1139 2100 revolvite,
1168 2043 1229 2090 ut
1258 2034 1314 2089 in
1346 2042 1648 2105 conspectu
1680 2032 1780 2089 Dei

162 2146 285 2198 .non
332 2131 611 2188 immerito
634 2129 883 2201 mossitis
936 2129 1163 2186 odorem
1218 2128 1509 2185 suavitatis
1558 2128 1778 2185 offerre.
1810 2119 1861 2183 B
1888 2131 1974 2179 est
2001 2122 2162 2193 longe
2188 2120 2569 2190 praestantius,
2617 2120 2823 2177 dicitur
2853 2121 3043 2184 etiam,
3082 2140 3102 2173 ι
3130 2120 3259 2192 quia
3301 2128 3426 2177 erat
3455 2119 3516 2177 in

165 2227 307 2284 illud
341 2228 507 2284 etiam
538 2223 636 2283 vos
679 2241 792 2281 non
823 2225 959 2282 latet
989 2225 1117 2296 quia
1158 2224 1353 2298 puella:
1394 2224 1452 2279 in
1482 2223 1649 2280 domo
1685 2238 1783 2295 pa-

183 2331 392 2378 rentum
422 2337 544 2377 cum
576 2320 813 2393 puberes
840 2318 1177 2385 adolescere,
1203 2334 1329 2395 cum
1352 2317 1471 2388 jam
1502 2317 1783 2373 nubilibus

182 2414 527 2470 intremus
575 2412 845 2484 coeperint
896 2412 1310 2483 pr0pinquare,
1363 2411 1605 2468 scientes
1651 2410 1783 2482 quia

182 2514 402 2575 paterna
434 2504 745 2561 substantia
774 2503 1063 2561 masculini
1097 2518 1265 2561 sexus
1301 2503 1619 2560 heredibus
1655 2518 1785 2575 per—

182 2598 414 2655 maxime
441 2606 780 2665 reservetur,
803 2595 1089 2669 capsidilia
1115 2594 1218 2653 sibi
1242 2596 1607 2668 quaedamque
1638 2611 1787 2652 mar-

180 2690 456 2759 supiorum
518 2688 867 2761 receptacula
920 2696 1248 2759 comparant
1302 2698 1365 2743 ut
1407 2702 1641 2759 quaque
1688 2703 1786 2761 po-

184 2782 384 2838 tuerint
430 2783 560 2840 hinc
606 2783 735 2840 inde
777 2782 1094 2849 corradere,
1128 2781 1216 2838 his
1260 2782 1523 2839 studeant
1568 2782 1787 2839 cautius

181 2872 460 2943 infercire,
490 2883 769 2946 quatenus
788 2875 857 2931 ad
886 2873 1161 2946 nuptiales
1190 2872 1466 2930 thalamos
1497 2882 1787 2931 transeun-

181 2975 281 3033 tes,
327 2978 476 3025 tanto
516 2970 700 3026 minus
742 2969 884 3040 apud
934 2978 1232 3025 extraneos
1269 2969 1601 3025 erubescere
1637 2982 1788 3025 com-

178 3054 467 3130 pellantur,
504 3068 713 3132 quanto
742 3074 837 3116 eas
883 3072 952 3115 ex
996 3068 1229 3131 paterna
1280 3059 1445 3115 domo
1490 3067 1788 3148 congesta-

179 3168 299 3208 rum
327 3168 490 3223 opum
527 3152 694 3209 ditior
722 3152 877 3224 copia
909 3151 1226 3208 comitatur.
1253 3149 1365 3207 Vos
1409 3152 1616 3223 itaque,
1667 3165 1791 3222 qua:

178 3245 248 3300 ad
273 3244 527 3301 caelestes
570 3245 790 3315 nuptias
832 3244 1004 3300 [iram
1035 3244 1149 3314 spei
1191 3243 1454 3312 gradibus
1486 3242 1785 3308 festinatis,

177 3351 284 3393 non
315 3352 537 3407 parvam
563 3346 779 3407 partem
816 3344 1016 3392 vestrae
1060 3334 1384 3391 substantiae
1421 3335 1473 3389 in
1518 3343 1639 3390 tuto
1668 3334 1791 3391 loco

177 3430 462 3501 reponite,
506 3439 564 3485 ut
593 3430 659 3485 ad
693 3428 1060 3485 immortalem
1090 3442 1352 3500 sponsum
1396 3427 1515 3484 sine
1544 3427 1653 3483 ulla
1698 3428 1791 3484 de-

1888 2215 2145 2272 omnibus
2167 2212 2565 2282 famosissima,
2590 2214 2853 2285 quoniam
2878 2212 3111 2269 timebat
3128 2212 3304 2269 Deum
3328 2211 3515 2280 valde,

1888 2324 1991 2365 nec
2044 2317 2165 2365 erat
2223 2308 2318 2381 qui
2374 2308 2696 2387 loqueretur
2761 2309 2830 2365 de
2878 2308 2971 2364 illa
3021 2308 3253 2364 verbum
3302 2307 3517 2364 malum

1890 2402 2115 2475 (Ibid.).
2146 2422 2165 2456 ι
2212 2402 2323 2460 Sed
2370 2404 2594 2474 quando
2622 2404 2726 2460 ista
2763 2420 2964 2476 procos
2997 2404 3339 2472 admitteret,
3382 2405 3517 2462 dum

1888 2494 2199 2567 puellarum
2226 2510 2448 2567 quoque
2469 2478 2591 2566 ejus
2612 2495 2917 2568 alloquium
2942 2495 3181 2567 cuipiam
3213 2494 3377 2553 facile
3405 2511 3518 2552 non

1890 2590 2139 2661 pateret?
2165 2605 2275 2661 quo
2306 2601 2470 2661 pacto
2515 2589 2758 2646 ambiret
2807 2589 3046 2646 vestium
3090 2588 3323 2656 cultum,
3362 2588 3519 2660 cujus

1893 2680 2115 2737 assidue
2146 2681 2360 2738 terebat
2392 2681 2642 2739 membra
2673 2681 2957 2739 cilicium?
2990 2697 3062 2737 an
3109 2681 3352 2740 fortasse
3400 2682 3517 2739 lau-

1892 2776 2127 2832 tioribus
2156 2776 2334 2849 epulis
2360 2786 2513 2835 esset
2559 2778 2794 2846 intenta,
2828 2794 2995 2851 quam
3028 2779 3358 2850 quotidiana
3394 2795 3515 2836 ma-

1893 2869 2121 2925 cerabat
2156 2868 2377 2925 inedia?
2416 2869 2525 2926 Sed
2570 2870 2640 2926 ad
2670 2871 2788 2927 haec
2832 2872 3087 2928 fortassis
3116 2871 3360 2942 objicitis
3388 2873 3522 2945 quia

1892 2958 2058 3015 facile
2097 2975 2159 3017 se
2204 2975 2472 3021 exercere
2522 2961 2576 3017 in
2627 2962 2931 3020 virtutibus
2977 2973 3215 3035 poterat,
3266 2978 3390 3037 quae
3442 2970 3524 3020 tot

1893 3054 2177 3125 prosperis
2220 3055 2465 3128 undique
2500 3056 2852 3113 successi-bus
2892 3057 3179 3124 allluebat;
3219 3067 3277 3113 at
3320 3058 3523 3130 quibus

1896 3148 2085 3204 vivere
2109 3158 2390 3220 utcunque
2416 3151 2597 3217 deest,
2626 3151 2896 3207 virtutum
2936 3152 3106 3208 vitam
3148 3153 3354 3210 ducere
3381 3167 3523 3223 quo—

1896 3239 2059 3295 modo
2089 3240 2265 3296 libet?
2295 3240 2484 3299 Facile
2511 3242 2725 3299 scilicet
2764 3244 3111 3301 abstinemus
3137 3245 3371 3311 oblatis,
3401 3244 3523 3301 avi-

1896 3330 2020 3387 dius
2047 3331 2376 3403 plerumque
2423 3333 2671 3390 solemus
2717 3335 2934 3392 inhiare
2980 3337 3285 3393 subductis.
3321 3335 3525 3393 Fateor

1896 3422 2060 3493 plane
2102 3425 2229 3496 quia
2271 3436 2579 3498 spontanee
2626 3427 2833 3485 oblatio
2878 3429 3125 3485 laetificat
3168 3428 3519 3497 offerentem,

177 3524 353 3579 beatis
385 3524 709 3583 confusione
750 3524 1020 3590 transire;
1071 3520 1415 3593 marsupium
1447 3530 1657 3589 autem,
1700 3520 1791 3576 tibi
1820 3502 1865 3565 C
1899 3510 2147 3573 coactiva
2199 3518 2504 3575 necessitas
2561 3521 2939 3576 tabescentem
2994 3521 3281 3577 obnubilat
3334 3522 3526 3579 volun-

176 3618 297 3672 haec
348 3617 624 3674 tutissime
682 3624 1046 3687 reponantur,
1105 3613 1261 3670 sinus
1312 3622 1399 3670 est
1447 3628 1787 3684 pauperum,

173 3707 512 3763 sustentatio
541 3707 897 3765 miserorum.
945 3692 1059 3761 Hoc
1104 3705 1365 3761 nimirum
1398 3702 1560 3761 fidele
1585 3714 1671 3761 est
1699 3705 1792 3761 de-

173 3800 499 3871 positarinm
568 3801 687 3857 sine
755 3800 865 3857 ullo
922 3815 1153 3871 prorsus
1218 3800 1589 3866 detrimento,
1644 3798 1791 3869 quod

173 3891 517 3963 susceperit,
551 3891 914 3948 redditurum.
951 3889 1131 3947 Nolite
1160 3906 1315 3962 ergo.
1338 3891 1419 3946 sic
1448 3890 1789 3949 remanenti-

173 3982 281 4038 bus
309 3992 507 4039 cuncta
558 3983 871 4054 relinquere
892 4024 907 4049 ,
950 3991 1013 4039 ut
1047 3982 1338 4055 negligatis
1387 3982 1575 4038 etiam.
1607 3983 1789 4039 vobis-

172 4074 451 4147 metipsis,
479 4074 643 4146 paulo
676 4084 804 4147 post
833 4075 964 4130 hinc
991 4072 1417 4147 emigrantibus,
1462 4074 1787 4144 providere“;

172 4166 325 4239 quod
361 4168 409 4223 si
433 4166 666 4223 facultas
697 4184 805 4224 non
845 4168 1106 4239 suppetit,
1148 4167 1193 4223 si
1221 4176 1437 4239 egestas
1469 4183 1566 4223 vos
1595 4168 1673 4224 rei
1706 4168 1793 4224 fa~

172 4257 411 4314 miliaria
434 4265 713 4329 angustat,
746 4258 839 4328 qui
887 4258 1099 4313 minuta
1127 4256 1308 4312 viduae
1330 4257 1560 4312 divitum
1598 4271 1794 4314 mune-

172 4350 335 4407 ribus
366 4350 605 4421 praetulit
633 4349 787 4422 (Luc.
808 4348 949 4423 xxi),
979 4357 1162 4405 vestra
1189 4363 1410 4420 quoque
1438 4348 1791 4417 munuscula,

170 4442 263 4497 vel
297 4443 594 4513 perexigua
621 4441 764 4496 intra
790 4439 1241 4513 gazOpbylacium
1274 4439 1646 4496 esauditionis
1679 4456 1794 4497 sua:

172 4552 290 4592 non
332 4536 575 4607 ingratus
603 4535 863 4591 admittit.
896 4534 966 4588 At
988 4534 1042 4591 si
1081 4544 1136 4590 et
1178 4533 1317 4602 haec,
1360 4534 1506 4605 quod
1535 4550 1644 4591 non
1671 4550 1793 4592 cre-

173 4628 384 4694 dimus,
414 4630 637 4685 omnino
661 4628 955 4695 defuerint,
994 4629 1113 4699 pias
1154 4628 1447 4701 lacrymas,
1488 4630 1794 4700 profundos

170 4722 443 4794 gemitus,
483 4722 591 4777 alta
638 4722 874 4793 suspiria
919 4737 1017 4777 vos
1068 4719 1267 4777 offerre
1317 4720 1587 4789 sufﬁciat;
1646 4722 1793 4779 ultro

168 4816 351 4869 etiam
388 4815 649 4886 quidquid
685 4815 899 4887 sapitis,
930 4815 1194 4886 quidquid
1235 4816 1489 4885 potestis,
1527 4816 1792 4887 quidquid

1899 3619 2089 3667 tatem.
2124 3608 2235 3666 Sed
2262 3619 2382 3667 esto
2412 3614 2542 3682 quia
2572 3610 2762 3669 Judith
2799 3613 2992 3669 divitis
3021 3614 3332 3671 causamini
3367 3614 3526 3673 vobis

1898 3706 2117 3776 copiam
2145 3704 2443 3773 dehaberi;
2476 3707 2726 3778 nunquid
2758 3708 3114 3779 pauperculae
3144 3708 3292 3765 illius
3321 3707 3526 3767 Moabi-

1900 3800 2051 3867 tidis,
2094 3798 2245 3855 Ruth
2275 3800 2535 3857 videlicet
2568 3802 2848 3870 exsilium,
2883 3802 3251 3873 calamitates,
3294 3805 3525 3873 famem,

1897 3892 2077 3959 sitim,
2110 3892 2361 3949 laborum
2407 3893 2839 3951 intoierabilium
2872 3898 3198 3968 patientiam
3255 3900 3527 3971 ignoratis

1899 3985 2069 4059 (Ruth
2112 3986 2166 4059 ι)
2190 3987 2215 4042 ?
2242 3986 2500 4060 Nunquid
2538 3988 2698 4046 vobis
2747 4006 2847 4061 pro
2886 3992 3258 4062 pudicissima:
3286 3994 3527 4052 viduita-

1900 4082 1968 4136 tis
2015 4080 2337 4153 aliquandiu
2369 4083 2661 4142 honestate
2683 4088 2959 4143 scrvanda
2992 4088 3171 4160 (l07),
3206 4090 3275 4145 ad
3318 4097 3525 4146 tantam

1898 4173 2051 4229 illam
2098 4175 2391 4233 devenisse
2437 4180 2755 4250 penuriam,
2812 4190 2873 4237 ut
2923 4183 3138 4239 resides
3189 4185 3372 4255 spicas
3403 4191 3527 4256 post

1897 4267 2225 4323 metentium
2269 4277 2422 4343 terga
2454 4272 2763 4345 colligeret,
2816 4284 2875 4331 et
2919 4276 3073 4346 virga
3122 4276 3368 4344 cadens,
3410 4293 3526 4334 non

1899 4358 2077 4414 dicam
2109 4360 2279 4429 virili,
2312 4364 2408 4418 sed
2443 4363 2688 4421 humano
2725 4366 2986 4423 destituta
3018 4382 3251 4438 prorsus
3296 4369 3525 4438 auxilio,

1898 4450 2018 4524 ipsa
2049 4454 2193 4525 quod
2246 4455 2567 4528 collegerat,
2616 4459 3249 4518 trituraret‘iNimirum
3296 4478 3367 4519 ex
3418 4479 3527 4535 qua

1901 4554 2179 4603 tantorum
2238 4565 2429 4622 regum
2455 4550 2674 4608 soboles
2734 4552 2916 4609 fuerat
2973 4570 3339 4625 processura,
3408 4564 3528 4612 tan-

1898 4655 2062 4710 quam
2093 4642 2203 4698 vile
2234 4643 2594 4716 mancipium,
2642 4646 2940 4704 servilibus
2982 4649 3245 4721 operibus
3292 4650 3524 4708 videba-

1901 4740 1989 4787 tur
2011 4732 2250 4789 addicta.
2305 4734 2453 4791 Inter
2502 4745 2583 4793 tot
2630 4747 2816 4795 autem
2865 4755 3161 4811 pressuras
3208 4750 3376 4813 atque
3430 4760 3528 4799 an-

1900 4826 2111 4896 guStias
2159 4836 2440 4893 coarctata
2496 4829 2733 4887 virtutes
2785 4832 3113 4889 animinon
3159 4834 3427 4903 deseruit,
3472 4846 3529 4893 et

168 4908 722 5001 vivitiquuidquid
748 4915 853 5001 est
904 4908 1049 4978 quod
1102 4906 1346 5001 spiratis,
1398 4908 1451 4962 in
1476 4907 1664 5001 7300
1694 4923 1791 4964 ara
1824 4902 1872 4964 Ι)
1901 4916 2082 4989 inopis
2112 4919 2337 4989 quidem
2369 4920 2493 4977 vitae
2522 4922 2760 4993 pondus,
2788 4940 2898 4997 quo
2923 4927 3306 4998 premebatur,
3336 4945 3525 5001 aequa-

168 5008 381 5055 vestrae
406 4999 715 5057 devotionis
744 5000 1036 5071 imponite,
1063 5010 1118 5055 et
1148 4999 1230 5055 sic
1256 5000 1621 5072 vosmetipsas
1651 5001 1786 5069 Deo,

166 5093 329 5168 quod
375 5092 709 5149 holocaustis
753 5094 1009 5149 omnibus
1058 5091 1237 5163 majus
1285 5101 1391 5159 est,
1446 5094 1786 5152 sacrificium

165 5188 417 5246 adolete.
464 5186 697 5244 Horrete
727 5186 913 5259 itaque
948 5186 1219 5258 colloquia
1260 5186 1637 5255 satcularium,
1666 5203 1792 5244 car-

165 5283 391 5341 nalium
430 5283 703 5340 devitetur
733 5290 1009 5353 aspectus,
1037 5291 1222 5339 vestra
1251 5282 1490 5353 denique
1531 5298 1639 5339 non
1672 5298 1790 5339 om-

154 5377 346 5441 nibus
365 5376 533 5448 janua
561 5386 779 5449 pateat;
816 5378 992 5433 donec
1022 5378 1289 5433 adventus
1319 5392 1484 5443 causa
1525 5377 1789 5446 discatur,

164 5468 461 5526 nonnullis
512 5468 871 5540 prohibeatur
913 5482 1191 5524 accessus.
1249 5464 1439 5526 Iudith
1492 5469 1658 5526 etiam
1700 5470 1791 5526 illa

165 5570 375 5620 sancta
404 5563 560 5618 vobis
604 5562 823 5618 vivendi
868 5562 941 5618 sit
986 5576 1202 5627 norma,
1248 5571 1305 5619 et
1348 5562 1583 5620 vidualis
1616 5563 1795 5621 conti-

163 5653 388 5709 nentia:
416 5652 723 5724 disciplina.
768 5652 845 5708 De
882 5669 989 5726 qua
1018 5653 1275 5710 videlicet
1305 5669 1463 5711 sacra
1504 5654 1791 5727 Scriptura

162 5751 420 5801 testatur
464 5743 549 5801 bis
592 5743 816 5801 verbis:
852 5762 872 5797 ι
903 5744 1041 5813 Quia
1092 5745 1147 5801 in
1194 5746 1568 5818 superioribus
1599 5748 1793 5806 domus

157 5852 296 5895 sum
349 5837 481 5895 fecit
527 5838 633 5894 sibi
675 5847 951 5895 secretum
997 5840 1309 5897 cubiculum
1337 5883 1352 5908 ,
1402 5841 1456 5897 in
1506 5857 1614 5913 quo
1666 5859 1792 5899 cum

156 5929 383 6002 puellis
412 5931 526 5987 suis
551 5931 735 5988 clausa
762 5933 1108 6001 morabatur,
1136 5943 1192 5991 et
1210 5934 1429 5994 habens
1460 5951 1626 6008 super
1648 5936 1791 5993 lum-

153 6022 279 6084 bos
326 6038 461 6081 suos
499 6025 772 6093 cilicium,
815 6023 1101 6099 jejunabat
1149 6030 1406 6088 omnibus
1445 6030 1638 6090 diebus
1667 6032 1792 6091 vita:

241 6140 413 6218 (107)
452 6140 629 6201 Locus
665 6142 909 6203 mutilus.

1902 5009 2127 5066 nimiter
2174 5010 2325 5079 tulit;
2379 5013 2449 5069 ab
2494 5014 2703 5070 intimae
2749 5030 2882 5073 vero
2932 5017 3237 5076 nobilitatis
3285 5021 3530 5081 culmine

1903 5116 1963 5163 ut
1988 5117 2118 5178 puta
2148 5108 2311 5181 digna
2353 5108 2525 5166 David
2571 5126 2800 5182 proava,
2848 5112 3187 5184 degenerare
3236 5117 3525 5190 indignum

1902 5203 2082 5259 duxit.
2132 5202 2331 5260 Socrui
2377 5206 2748 5263 reverentiam
2807 5207 3030 5281 dignam
3069 5211 3350 5277 exhibuit,
3407 5228 3527 5269 ma-

1905 5294 2171 5351 tronalem
2241 5296 2560 5367 pudicitiam
2642 5299 2870 5368 tenuit,
2942 5300 3203 5359 defuncto
3276 5303 3399 5359 viro
3462 5302 3529 5360 ft-

1902 5387 2026 5443 dcm
2084 5388 2361 5455 servavit,
2430 5389 2588 5445 idolis
2642 5391 2883 5447 deditam
2942 5395 3177 5465 patriam
3233 5404 3529 5466 parentes-

1902 5496 2009 5551 que
2054 5480 2214 5553 301
2265 5482 2543 5551 deseruit,
2594 5494 2651 5539 et
2702 5485 2769 5541 ad
2821 5485 3029 5542 cultum
3093 5487 3208 5543 veri
3258 5486 3357 5544 Dei
3411 5490 3531 5545 sine

1902 5574 2012 5630 ullo
2059 5576 2301 5632 doctoris
2343 5578 2664 5649 magisterio
2711 5578 2915 5636 nobilis
2956 5580 3233 5653 proselyta
3273 5579 3532 5637 transivit

1905 5667 2080 5740 (Ruth
2114 5668 2207 5738 η).
2238 5668 2379 5725 Ecce
2410 5669 2581 5742 igitur
2605 5669 2793 5727 Judith
2820 5687 3079 5743 prospera
3111 5660 3390 5745 quibusin
3416 5676 3525 5729 vita

1905 5759 2233 5818 fulciebatur
2267 5762 2563 5834 alijiciens,
2612 5761 2759 5818 Ruth
2813 5764 3044 5821 adversa
3074 5766 3276 5837 quibus
3305 5781 3525 5838 premes

1903 5856 2066 5913 batur
2090 5856 2463 5929 amplectens;
2502 5866 2740 5929 utraque
2768 5857 2981 5917 scilicet
3011 5870 3194 5916 mente
3225 5876 3367 5927 una»,
3404 5863 3530 5920 licet

1901 5948 2116 6005 diversa
2142 5947 2387 6018 fortuna,
2414 5949 2510 6005 uni
2542 5949 2655 6008 Deo
2675 5965 2789 6009 non
2820 5950 3101 6009 immerito
3126 5952 3358 6025 placuit.
3389 5954 3525 6023 Quia

1899 6057 2002 6101 nec
2028 6042 2275 6103 adversis
2304 6041 2408 6103 ista
2438 6044 2729 6105 succubuit
2804 6060 2912 6106 nec
2933 6045 2992 6107 in
3020 6062 3285 6121 prospera
3330 6052 3528 6107 suintct
