5428 6596
381 1021 428 1150 ξ

1802 476 1910 534 495
2299 473 2356 528 S.
2386 470 2588 527 PETRI
2623 466 2902 524 DAIIANI
2931 466 3082 526 OPP.
3103 462 3288 523 PA”
3318 461 3452 523 ιευ
3480 461 3718 521 τοιυθ
3753 459 3793 517 Ι.
3834 458 3946 517 -Ι

2931 466 3082 526 OPP.
3103 462 3288 523 PA”
3318 461 3452 523 ιευ
3480 461 3718 521 τοιυθ
3753 459 3793 517 Ι.
3834 488 3906 502 -
3927 455 4141 517 εηετ.
4173 456 4301 513 LIB.
4347 455 4477 513 VIII.
4959 463 5053 517 490

1800 589 2124 649 obliviscens
2149 597 2266 640 sese
2290 581 2379 637 illa
2408 579 2622 649 dejecit.
2649 578 2754 635 Sed
2777 578 2865 633 illa
2893 577 3152 634 tolerabat
3178 573 3372 644 quibus
3403 577 3450 636 Α
3476 583 3532 628 et
3558 572 3786 626 lamenta
3819 570 4142 632 concurrite.
4174 578 4334 640 atque
4359 570 4427 625 ab
4452 577 4586 626 ratu
4614 575 5053 642 persequentium

1803 679 2143 740 abundabat;
2183 675 2282 731 ista
2318 672 2596 728 fruebatur
2631 687 2749 740 quae
2778 670 3096 740 patiebatur.
3135 666 3375 734 Utraque

1803 772 2054 830 nimirum
2106 768 2173 824 de
2219 765 2502 822 mundanze
2559 763 2932 818 inconstantia:
2981 757 3377 815 alternitatibus

1806 878 2071 928 asserens,
2109 881 2130 914 ι
2160 860 2310 917 Sicut
2334 859 2588 920 tenebrar,
2622 856 2818 925 inquit,
2853 854 2990 923 ejus,
3023 851 3090 904 ita
3119 859 3173 903 et
3199 849 3375 902 lumen

1804 943 1920 1024 ejus
1941 951 2113 1024 (Paul.
2143 950 2424 1019 cxxxvut).
2459 967 2476 999 ι
2517 946 2582 1001 Et
2618 961 2740 1001 cum
2771 959 2872 999 una
2902 949 3147 996 contenta
3175 940 3245 993 sit
3266 939 3377 1008 pri-

1805 1041 1938 1110 mis,
1972 1043 2139 1098 altera
2187 1040 2391 1112 nuptiis
2421 1039 2492 1094 sit
2534 1047 2715 1108 aptata
2760 1033 3040 1096 secundis,
3083 1032 3205 1085 licet
3234 1030 3377 1083 Ruth

1807 1136 2074 1192 thalamos
2120 1132 2428 1194 iteraverit,
2473 1145 2503 1183 a
2543 1127 2805 1184 castitatis
2848 1135 3026 1180 tamen
3061 1124 3242 1177 habitu
3274 1136 3378 1175 non

1808 1226 2065 1290 recessit,
2109 1223 2232 1293 quia
2282 1219 2510 1275 vidualis
2561 1218 2888 1273 continentia
2943 1217 2994 1269 in
3045 1213 3378 1284 conjugalem

1806 1314 2119 1388 pudicitiam
2149 1326 2254 1366 non
2285 1310 2504 1364 libidine
2524 1308 2757 1362 carnalis
2782 1305 3062 1366 illecebrm,
3088 1305 3178 1358 sed
3200 1303 3378 1354 divina

1805 1406 1985 1478 potius
2009 1414 2094 1458 est
2120 1402 2470 1480 dispositione
2512 1408 2734 1454 mutata.
2784 1397 2920 1463 Quid
2957 1405 3134 1450 autem
3170 1394 3235 1446 de
3267 1394 3380 1461 ipsa

1804 1495 2117 1550 beatissima
2151 1493 2239 1548 Dei
2269 1490 2543 1547 Genitrice
2574 1500 3010 1548 commemorem,
3041 1500 3158 1553 quae
3194 1491 3247 1536 et
3279 1492 3382 1534 ter-

1802 1599 2060 1641 renarum
2089 1598 2251 1654 opum
2279 1582 2462 1650 copias
2493 1596 2596 1635 non
2635 1577 2891 1649 possedit,
2924 1587 2974 1630 et
3010 1571 3381 1628 immanissimi

1805 1674 2009 1732 doloris
2058 1670 2469 1728 amaritudinem
2515 1669 2777 1739 pertulit?
2815 1669 2912 1723 Cui
2959 1667 3211 1720 nimirum
3260 1673 3383 1715 vere

1803 1765 2125 1834 pradictum
2155 1772 2279 1819 est:
2315 1779 2333 1812 ι
2369 1761 2436 1815 ΕΙ.
2462 1769 2609 1814 tuam
2654 1759 2822 1830 ipsius
2857 1758 3089 1809 animam
3132 1765 3379 1822 pertran-

1806 1856 1934 1912 sibit
1962 1855 2172 1926 gladius
2202 1853 2353 1924 (Luc.
2385 1853 2466 1923 It).
2505 1872 2523 1904 ι
2575 1850 2630 1906 Si
2677 1851 2819 1905 enim
2865 1849 3204 1915 omnipotens
3243 1844 3382 1896 Deus

3485 667 3550 721 ad
3593 665 3951 735 lacrymarum
4004 665 4248 733 protinus
4299 664 4639 733 refrigerium
4681 665 4960 732 festinate,
5005 678 5059 722 ut

3482 757 3604 811 dum
3637 770 3789 810 mens
3817 767 3992 810 vestra
4024 755 4152 810 foris
4181 771 4285 810 non
4321 756 4524 810 invenit
4551 756 4641 811 ubi
4671 757 4844 812 valeat
4871 773 5058 814 secura

3481 851 3791 918 quiescere,
3826 864 3882 902 se
3920 851 4057 902 intra
4091 864 4148 902 sc
4195 848 4486 914 colligens,
4537 851 4606 905 ab
4650 850 4796 904 omni
4844 851 5058 906 studeat

3484 939 3738 994 mundani
3785 941 4040 1010 strepitum
4082 940 4490 1008 perturbatione
4523 941 4721 1010 sopire.
4755 940 4944 1011 Neque
4972 957 5061 997 vos

3484 1033 3550 1086 ab
3582 1034 3841 1087 orationis
3888 1033 4064 1087 studio
4091 1033 4247 1088 ﬂetus
4276 1035 4494 1089 ariditas
4541 1034 4784 1106 frangat,
4819 1036 5063 1091 videlicet

3483 1140 3602 1177 mox
3636 1135 3692 1178 ut
3730 1127 4019 1190 conamini,
4071 1126 4321 1196 lacrymz
4368 1144 4472 1182 non
4521 1138 4824 1200 erumpant.
4871 1129 5062 1200 Jejouii

3483 1231 3734 1285 namque,
3765 1219 3851 1270 cui
3881 1233 3975 1270 vos
4008 1218 4307 1272 districtius
4338 1219 4644 1282 inhzretis.
4679 1222 4792 1277 hac
4820 1237 4945 1277 esse
4972 1239 5063 1276 na-

3487 1317 3606 1361 tura
3638 1308 3989 1377 dignoscitur,
4026 1320 4081 1362 ut
4111 1323 4232 1364 cum
4263 1310 4462 1366 multos
4483 1322 4830 1382 provectuum
4863 1313 5067 1368 fruetus

3486 1398 3816 1460 accumulet,
3877 1400 4145 1452 interdum
4200 1408 4379 1454 tamen
4436 1409 4491 1454 et
4546 1401 4655 1457 iras
4703 1402 4966 1456 accendat
5017 1411 5068 1456 et

3487 1489 3752 1558 lacrymas
3785 1490 4008 1543 minuat.
4047 1489 4112 1542 Et
4137 1490 4202 1543 de
4243 1491 4321 1543 ira
4367 1490 4610 1560 quidem.
4644 1495 4770 1564 quia
4816 1493 5070 1562 perjeju-

3487 1581 3631 1632 nium
3681 1589 3921 1644 crescat,
3971 1581 4257 1635 manifesta
4296 1591 4380 1635 cst
4428 1582 4577 1637 Isaia
4621 1585 4922 1649 sententia,
4968 1597 5070 1653 qua

3487 1671 3652 1722 dicit:
3697 1691 3712 1719 ε
3748 1670 3907 1732 Εςςιι,
3938 1671 4143 1738 inquit,
4175 1671 4241 1724 ad
4285 1669 4409 1726 lites
4443 1681 4496 1724 et
4530 1674 4910 1728 contentiones
4931 1673 5068 1742 jeju-

3493 1762 3648 1820 uatis,
3685 1769 3736 1814 et
3769 1763 4047 1828 percutitis
4074 1775 4251 1830 pugno
4292 1762 4452 1830 impie
4484 1761 4618 1832 (lu.
4658 1762 4829 1832 ιηιι).
4870 1783 4890 1816 s
4921 1763 5072 1831 Quod

3490 1863 3668 1904 autem
3701 1852 3860 1918 longo
3882 1851 4084 1918 jejunio
4114 1849 4364 1921 lacrymc
4401 1851 4814 1918 subtrahantur,
4846 1863 5076 1909 testatur

1804 1944 1966 2013 hujus
2019 1944 2146 2000 vita
2184 1949 2450 2014 prospera
2503 1940 2681 2010 magni
2734 1938 3028 2007 penderet.
3083 1935 3385 1987 nullatenus
3418 1934 3460 1994 Β
3489 1939 3752 2012 Joseplius
3799 1946 3896 2010 (De
3928 1945 4058 1995 bello
4090 1941 4280 2008 λεώ),
4333 1945 4423 2012 qui
4464 1951 4584 1998 cunt
4616 1945 4912 2000 vindictam
4959 1960 5077 2016 qua

1805 2033 1978 2105 ipsam
2027 2033 2351 2104 singularem
2398 2046 2461 2086 ac
2498 2037 2812 2100 perpetuam
2853 2025 3147 2096 Virginem,
3180 2040 3244 2076 ex
3281 2038 3385 2092 qua

1807 2124 2081 2180 lncarnari
2111 2121 2363 2194 dignatus
2391 2130 2494 2187 est,
2528 2120 2666 2175 allici
2705 2119 2984 2172 doloribus
3032 2116 3382 2185 permisisset.

1805 2215 2144 2287 Quapropter
2172 2224 2227 2269 et
2252 2229 2369 2279 vos,
2392 2212 2545 2281 juxta
2575 2213 2631 2265 Β.
2661 2211 2806 2265 Petri
2833 2210 3175 2268 sententiam,
3202 2207 3386 2259 eadem

1807 2310 2136 2380 cogitatione
2179 2307 2466 2362 armamini
2508 2305 2557 2375 (1
2592 2305 2734 2360 Petr.
2785 2305 2893 2370 tv),
2942 2313 2996 2356 et
3037 2302 3172 2355 mala
3207 2300 3387 2352 mundi

1805 2414 1901 2471 per
1931 2400 2246 2470 patientiam
2279 2398 2498 2462 vincite,
2530 2413 2649 2466 qua:
2685 2396 2928 2467 profecto
2984 2411 3087 2448 non
3131 2395 3387 2462 ignoratis

1803 2506 1997 2548 omnes
2029 2491 2233 2545 electos
2274 2489 2342 2543 ab
2380 2488 2495 2558 ipsa
2545 2489 2764 2542 humani
2797 2487 3009 2557 generis
3037 2486 3242 2556 origine
3269 2500 3388 2552 per-

1806 2585 2018 2640 tulisse.
2057 2584 2213 2639 Unde
2249 2583 2380 2636 dicit
2423 2581 2749 2651 Apostolus:
2792 2598 2810 2629 ι
2862 2580 2994 2646 Quia
3045 2594 3144 2647 per
3192 2577 3390 2631 multas

1807 2676 2185 2730 tribulationes
2227 2680 2438 2742 oportet
2496 2686 2594 2725 nos
2649 2671 2856 2724 intrare
2910 2671 2962 2722 in
3021 2684 3241 2737 regnum
3297 2667 3388 2720 Dei

1806 2762 1960 2831 (Act.
2005 2763 2152 2832 xw).
2190 2781 2208 2814 ι
2243 2761 2535 2814 Enimvero
2576 2775 2681 2812 non
2713 2757 3044 2812 incredibile
3074 2769 3153 2810 est
3191 2758 3313 2823 quia
3344 2756 3389 2807 si

1807 2853 1924 2910 hinc
1952 2853 2062 2906 vita
2086 2851 2241 2906 vobis
2267 2849 2507 2905 blandita
2539 2850 2882 2909 mitesceret,
2923 2863 2951 2900 a
2984 2848 3220 2901 cmlcstis
3246 2846 3391 2900 desic

1806 2946 1946 3002 derii
1971 2961 2134 3000 cursu
2163 2960 2260 3000 vos
2297 2944 2636 3014 aliquatenus
2676 2946 3011 3004 retardaret,
3048 2955 3101 2998 et
3129 2959 3279 2996 utens
3301 2958 3390 2995 ve-

1805 3047 1922 3091 stra
1962 3045 2189 3090 eatenus
2231 3050 2261 3088 a
2292 3035 2402 3088 Deo
2433 3032 2780 3103 frigesceret,
2818 3050 2926 3103 quo
2957 3034 3009 3087 in
3049 3043 3178 3087 aestu
3213 3048 3392 3086 rerum

1803 3125 2185 3196 temporalium
2233 3125 2476 3194 requiem
2527 3126 2809 3179 inveniret.
2860 3126 2982 3179 Ideo
3018 3126 3182 3194 igitur
3213 3125 3390 3177 divina

1805 3218 2143 3290 dispensatio
2173 3216 2227 3271 in
2268 3216 2428 3284 hujus
2460 3216 2581 3270 vita:
2621 3216 2735 3271 salo
2765 3218 3080 3285 procellosis
3109 3217 3234 3271 hinc
3269 3216 3390 3269 inde

1808 3287 2147 3370 turbinibus,
2196 3317 2250 3362 et
2293 3308 2690 3377 quodammodo
2713 3307 2964 3363 violentis
2993 3318 3275 3364 ventorum
3307 3308 3392 3361 fu-
3421 3287 3465 3351 (ἶ

1809 3403 2051 3459 rentium
2093 3399 2308 3456 ﬂatibus
2349 3416 2446 3455 vos
2489 3398 2744 3456 ﬂuctuare
2792 3401 3083 3470 permittit,
3137 3410 3195 3454 ut
3243 3416 3395 3455 mens

1811 3504 1997 3552 vestra
2033 3495 2244 3550 avidius
2289 3493 2356 3548 ad
2401 3509 2629 3563 superna
2657 3494 2921 3549 desideria
2951 3501 3225 3557 transeat,
3269 3495 3392 3547 dum

1811 3590 1957 3646 inter
1983 3590 2088 3644 ima
2121 3603 2225 3642 non
2269 3587 2475 3642 invenit
2517 3587 2604 3641 ubi
2646 3586 3040 3642 delectabiliter
3068 3586 3391 3655 requiescat.

1811 3677 1960 3750 Agar
2001 3691 2234 3746 namque
2275 3675 2550 3747 prosperis
2599 3675 2728 3730 fulta
2770 3685 2957 3746 contra
2992 3677 3261 3729 dominam
3315 3685 3396 3728 tu-

1813 3772 1993 3836 muit;
2031 3770 2228 3825 aﬂ'licta
2257 3769 2622 3840 postmodum,
2651 3778 2707 3824 et
2741 3770 2792 3822 in
2832 3768 3209 3824 solitudinibus
3240 3768 3393 3823 exsul

1791 3860 2106 3940 'oberrans,
2133 3858 2425 3928 alloquium
2448 3859 2632 3934 angeli
2657 3859 2774 3913 laeta
2797 3861 3163 3928 promittentis
3190 3859 3396 3926 accepit

1814 3949 1971 4024 (Gen.
2000 3952 2135 4023 xvr).
2170 3950 2372 4006 Rachel
2397 3951 2568 4006 donec
2599 3950 2899 4005 sterilitatis
2929 3949 3220 4004 infortunio
3249 3949 3398 4001 labo-

1815 4044 1984 4110 ravit,
2011 4058 2140 4099 vero
2177 4043 2287 4098 Deo
2316 4043 2673 4098 reverentiam
2723 4042 2865 4112 digni
2912 4041 3090 4095 cultus
3118 4041 3394 4104 exhibuit;

1813 4142 2102 4205 postquam
2143 4143 2344 4199 autem,
2375 4132 2521 4188 edito
2558 4132 2775 4203 Ioseph,
2819 4131 3165 4210 fecunditatis
3200 4133 3397 4185 meruit

1817 4225 2041 4290 donum,
2074 4223 2256 4279 Laban
2285 4224 2456 4294 patris
2484 4223 2658 4277 furata
2686 4233 2766 4279 est
2811 4223 3009 4278 idolum
3039 4220 3188 4289 (Gen.
3224 4222 3395 4290 xxxi).

1815 4309 1928 4368 Vos
1956 4313 2121 4368 etiam
2163 4313 2209 4368 si
2246 4314 2404 4384 juxta
2432 4322 2613 4368 votum
2642 4321 2822 4369 erecta
2864 4313 2916 4366 in
2955 4312 3226 4366 cumulum
3256 4312 3398 4365 unda

1813 4405 2191 4475 prosperitatis
2220 4403 2511 4469 attolleret,
2547 4403 2629 4458 vel
2663 4404 2881 4458 admissi
2922 4403 3238 4472 cujusquam
3286 4403 3401 4471 pia-

1817 4497 1925 4554 culi
1942 4497 2281 4568 naufragium
2304 4497 2642 4560 absorberet,
2660 4504 2910 4550 autcerte
2939 4511 2968 4548 a
2997 4494 3178 4548 littore
3201 4494 3400 4564 quietis

1817 4586 2023 4642 intima:
2045 4595 2260 4643 mentes
2272 4595 2481 4643 vestras
2502 4586 2643 4640 ﬂuxa
2671 4585 2853 4641 latitia
2877 4585 3060 4654 procul
3087 4585 3392 4640 abduceret.

1889 4680 2043 4736 Unde
2071 4695 2166 4736 vos
2195 4681 2381 4736 hortor
2414 4691 2470 4735 et
2505 4679 2735 4734 solerter
2774 4678 3057 4742 admoneo,
3092 4692 3159 4732 ne
3201 4677 3396 4731 divinis

1815 4770 2094 4826 beneﬁciis
2130 4771 2502 4836 inveniamini,
2527 4770 2670 4841 quod
2703 4770 2861 4834 absit,
2895 4770 3149 4841 ingratae,
3179 4769 3273 4824 sed
3299 4784 3393 4837 gu-

1819 4859 2096 4914 bernatori
2137 4870 2316 4915 vestro
2359 4861 2470 4915 Deo
2504 4861 2693 4931 dignas
2739 4875 2951 4930 semper
2995 4860 3196 4930 gratias
3232 4860 3395 4929 agite,

1820 4953 1911 5022 qui
1955 4951 2205 5006 nimirum
2236 4952 2498 5023 peccandi
2533 4952 2684 5006 vobis
2723 4953 3008 5006 materiam
3037 4952 3394 5014 subtrahens,

1819 5047 2078 5111 tanquam
2115 5057 2145 5095 a
2184 5042 2362 5097 noxiis
2410 5057 2503 5098 vos
2554 5041 2802 5112 prohibet
2851 5041 3158 5105 alimentis,
3214 5049 3272 5094 ut
3330 5039 3396 5094 ad

1822 5131 1988 5187 robur
2015 5141 2227 5188 aeterne
2264 5134 2528 5205 provehat
2577 5131 2981 5187 incolumitatis.
3025 5130 3273 5201 Flagellis
3308 5144 3401 5185 vos

1827 5225 2136 5282 durioribus
2167 5227 2360 5298 cingit,
2397 5227 2715 5283 verberibus
2760 5224 2969 5286 erudit;
3005 5232 3061 5276 ut
3105 5223 3400 5294 margarita

1820 5329 1922 5372 sua
1956 5332 2099 5372 nunc
2127 5317 2277 5373 limet
2299 5325 2356 5373 et
2380 5316 2565 5388 poliat,
2613 5333 2733 5388 quae
2771 5314 3111 5387 postmodum
3143 5315 3261 5368 sine
3299 5314 3401 5368 tin-

1821 5407 1938 5461 nitu
1984 5407 2225 5471 securis,
2268 5417 2326 5464 et
2375 5407 2588 5472 mallei,
2638 5407 2722 5461 vel
2771 5406 3057 5475 cujuslibet
3087 5405 3397 5460 ferramenti

1821 5498 2003 5553 sonitu
2045 5497 2159 5569 (Ill
2188 5497 2316 5570 Reg.
2348 5498 2421 5569 vi)
2441 5541 2455 5565 ,
2486 5499 2541 5553 in
2574 5499 2752 5568 templi
2787 5499 3023 5553 cmlestis
3046 5498 3276 5554 aediﬁcio
3306 5512 3399 5568 po-

1821 5598 1937 5645 nat.
1967 5589 2154 5661 lgitur,
2184 5590 2345 5662 302
2378 5592 2760 5656 dilectissimaa,
2809 5607 2930 5646 cum
2963 5593 3111 5647 vobis
3141 5608 3204 5647 ex
3238 5589 3398 5658 hujus

1820 5683 2008 5738 mundi
2050 5686 2355 5741 turbinibus
2379 5684 2714 5754 ,frementior
2765 5694 3055 5756 tempestas
3100 5687 3394 5758 ingruerit,

1821 5789 1945 5829 cum
1989 5775 2130 5832 illata
2176 5778 2246 5833 ab
2290 5779 2613 5835 adversariis
2658 5781 2851 5851 injuria
2882 5795 2976 5834 vos
3015 5782 3397 5838 contumeliosa

1821 5866 2090 5935 percellit,
2122 5869 2384 5926 orationis
2413 5871 2551 5926 illico
2587 5872 2865 5926 latibulum
2916 5874 3116 5944 petite,
3143 5875 3212 5932 ad
3241 5875 3397 5932 ﬂetus

3493 2034 3849 2096 Hierusalem,
3891 2044 3944 2087 et
3975 2036 4415 2104 persecutoribus
4441 2033 4654 2090 Domini
4687 2051 4715 2089 a
4744 2035 5078 2106 Vespasiano

3491 2136 3544 2179 et
3574 2127 3694 2179 Tito
3739 2126 4073 2195 principibus
4099 2135 4178 2178 est
4209 2128 4467 2195 irrogata,
4511 2137 4779 2188 narraret,
4810 2128 4956 2183 inter
4979 2144 5080 2183 ca-

3493 2227 3604 2270 tera
3637 2217 3906 2268 ultricium
3937 2231 4215 2285 pmoarum
4253 2231 4450 2285 genera
4473 2257 4488 2282 ,
4525 2217 4626 2273 hoc
4656 2218 4822 2272 etiam
4849 2219 5080 2282 addidit.

3495 2309 3676 2360 dicens
3704 2325 3713 2356 :
3750 2325 3766 2355 ι
3801 2305 3906 2359 Sed
3941 2321 4036 2360 nec
4068 2306 4334 2376 planctus,
4379 2307 4585 2376 inquit,
4614 2322 4680 2362 ex
4709 2323 4861 2361 more
4891 2306 5081 2362 defun-

3494 2401 3595 2451 ctis
3642 2400 4034 2462 exhibebatur,
4067 2409 4160 2451 aut
4189 2400 4398 2462 luctus;
4437 2400 4562 2468 quia
4603 2399 4704 2454 hoc
4753 2401 4856 2454 sibi
4909 2410 5082 2454 totum

3493 2492 3858 2542 vindicaverat
3884 2490 4072 2552 fames,
4089 2491 4180 2542 sed
4202 2505 4300 2543 nec
4326 2490 4551 2544 ariditas
4581 2489 4772 2543 inedia-
4795 2491 5082 2544 humorem

3494 2584 3743 2650 cuiquam
3774 2584 4065 2650 reliquerat
4093 2581 4474 2651 lacrymarum.
4507 2601 4525 2632 ι
4567 2580 4718 2635 Unde
4744 2597 4871 2635 cum
4901 2583 5084 2635 visibi-

3497 2674 3574 2726 les
3604 2674 3862 2740 Iacrymas
3894 2688 3996 2726 non
4023 2673 4245 2739 potestis
4267 2688 4330 2725 ex
4358 2673 4529 2726 oculis
4549 2672 4728 2727 carnis
4749 2673 5080 2743 exprimere.

3495 2764 3720 2819 suﬂiciat
3757 2765 3904 2816 vobis
3934 2779 4188 2817 excessus
4213 2765 4459 2833 proprios
4487 2764 4628 2817 intra
4655 2763 4876 2818 contriti
4907 2763 5086 2817 cordis

3493 2873 3690 2910 arcana
3722 2857 3934 2908 deﬂere.
3967 2855 4038 2908 Ibi
4071 2857 4322 2910 tenebras
4353 2855 4574 2911 admissi
4615 2865 4800 2911 reatus
4823 2855 5084 2925 aspicite;

3495 2960 3548 3001 et
3575 2953 3696 3016 quia
3731 2950 3949 3014 dignum
3979 2958 4059 2999 cst
4084 2948 4226 3016 quod
4258 2948 4525 3016 patimini,
4562 2948 4689 3018 ipsa
4713 2961 4932 3016 quoque
4958 2962 5088 3002 aea-

3499 3041 3664 3092 tentia
3701 3042 3830 3092 rerti
3873 3040 4137 3092 examinis
4181 3038 4442 3106 judicate.
4492 3037 4607 3093 Lux
4656 3055 4894 3109 namque
4945 3041 5090 3094 inter

3498 3129 3748 3186 tenebras
3781 3128 4122 3190 comalescit,
4171 3138 4224 3181 ct
4273 3127 4482 3191 lucifer,
4522 3129 4612 3198 qui
4659 3129 4713 3182 in
4763 3130 4849 3182 die
4899 3129 5090 3183 oculi:

3496 3219 3666 3286 fugit,
3700 3221 3752 3272 iu
3801 3230 3957 3272 nocte
4007 3219 4186 3273 radios
4214 3219 4418 3289 proprii
4451 3219 4756 3290 splendoris
4801 3221 5088 3290 expandit.

3499 3311 3606 3364 Nos
3638 3313 3817 3379 itaque
3850 3314 3894 3364 si
3925 3327 4108 3365 veram
4142 3311 4315 3366 lucem
4345 3312 4397 3365 in
4430 3313 4684 3367 cordibus
4717 3315 4926 3366 nostris
4955 3312 5092 3367 oriri

3498 3403 3765 3464 volumus,
3798 3417 3901 3456 non
3935 3417 4033 3458 nos
4062 3403 4232 3457 lucem
4273 3417 4393 3457 esse
4437 3402 4738 3472 tingamus,
4768 3402 4868 3457 sed
4906 3415 5094 3457 restas

3499 3497 3671 3549 nostri
3706 3497 3960 3549 tenebras
3988 3497 4258 3549 veraciter
4296 3510 4691 3566 agnoscamus,
4721 3503 4774 3550 et
4806 3505 4941 3551 tunc
4977 3495 5096 3550 leva

3501 3586 3657 3639 nobis
3685 3587 3955 3641 videbitur
3987 3601 4146 3640 omne
4173 3589 4316 3655 quod
4345 3588 4601 3657 patimur,
4629 3589 4754 3656 quia
4783 3586 4950 3641 valde
4969 3603 5096 3657 gra-

3497 3678 3617 3729 vius
3659 3691 3779 3730 esse
3823 3677 4205 3746 perpendimus
4248 3677 4390 3746 quod
4439 3691 4728 3730 meremur.
4777 3674 5094 3731 Notand

3500 3777 3679 3821 autem
3726 3768 3848 3835 quia
3895 3769 4032 3820 sicut
4081 3769 4171 3836 qui
4215 3784 4320 3822 non
4351 3767 4566 3830 vident,
4594 3768 4808 3822 acutius
4835 3769 5096 3832 audiunt,

3498 3868 3558 3912 ut
3591 3869 3846 3927 inquam
3887 3859 4146 3913 vivacitas
4177 3875 4368 3914 sensus
4407 3875 4526 3930 qua!
4555 3859 4644 3913 uni
4675 3859 4930 3915 membro
4961 3861 5096 3916 sub-

3501 3951 3737 4003 trahitur
3767 3951 3832 4001 ad
3868 3950 4010 4002 aliud
4048 3951 4372 4003 cumulatius
4419 3950 4795 4015 transferatur,
4835 3951 4916 4005 ita
4959 3967 5100 4007 nm-

3501 4038 3631 4092 nulli
3682 4037 3884 4091 calcata
3932 4038 4180 4102 luxuria,
4231 4040 4283 4092 in
4333 4039 4613 4093 avaritiam
4657 4039 4840 4094 acrius
4868 4041 5096 4095 inarde-

3501 4140 3685 4192 scunt,
3737 4140 3789 4184 et
3838 4131 4071 4184 humana
4118 4132 4552 4201 concupiscentia
4600 4132 4725 4185 du
4769 4146 4800 4184 a
4849 4129 5102 4187 ωιἱᾶιὼ

3501 4221 3776 4275 voluntate
3809 4222 4169 4290 compescitur
4189 4262 4202 4284 ,
4252 4222 4548 4292 majoribus
4579 4222 4789 4277 viribus
4817 4222 4874 4276 in
4903 4225 5101 4293 acqui-

3504 4315 3793 4368 rendarum
3823 4329 3983 4381 opum
4015 4328 4070 4367 se
4106 4314 4334 4383 porrigit
4375 4315 4691 4384 appetitum.
4721 4311 4778 4368 ln
4802 4315 4964 4369 vobis
5005 4331 5102 4368 au-

3506 4413 3612 4456 tem
3644 4401 3801 4457 simul
3843 4405 4096 4471 frigescat
4129 4419 4282 4459 amor
4314 4405 4622 4458 divitiarum
4651 4421 4773 4459 cum
4805 4406 4928 4476 ipso
4956 4409 5101 4462 desi-

3505 4495 3654 4548 derio
3701 4497 4044 4564 nuptiarum,
4092 4507 4148 4549 ut
4193 4495 4488 4550 liberalitas
4529 4507 4704 4550 vestra
4751 4498 4838 4566 pie
4891 4498 5102 4552 ferveat

3505 4585 3821 4653 adjuvandis
3846 4587 4052 4655 egenis,
4085 4601 4189 4640 non
4233 4586 4746 4656 inexstinguibiliter
4781 4597 4980 4643 rstuet
5029 4591 5106 4642 di-

3505 4676 3683 4729 tandis
3712 4677 3907 4729 avaris.
3941 4677 4094 4728 Absit
4123 4687 4300 4730 autem
4332 4686 4391 4730 ut
4419 4692 4670 4732 nummus
4699 4679 4902 4736 viroan
4935 4681 5104 4734 vestri

3504 4770 3681 4823 cordis
3728 4784 3909 4823 amore
3939 4770 4223 4831 succedat,
4259 4770 4352 4824 sed
4402 4771 4578 4840 potius
4628 4786 4726 4840 pro
4782 4774 5106 4826 carnalibtxs

3504 4859 3714 4913 deliciis
3744 4860 4051 4929 spirituales
4092 4862 4260 4929 epulz
4306 4871 4515 4914 mentes
4550 4871 4758 4914 vestras
4803 4863 5108 4917 delectabi-

3507 4956 3631 5009 liter
3651 4965 3875 5025 pascant
3903 4974 3913 5006 :
3949 4956 4200 5010 videlicet
4224 4955 4527 5009 divinorum
4554 4957 4844 5011 verborum
4877 4959 5104 5012 assidu

3504 5056 3804 5118 meditatio,
3849 5053 4110 5123 psalmus,
4157 5054 4296 5110 bona
4339 5055 4618 5125 cogitatio,
4665 5054 4736 5123 pii
4770 5058 4964 5124 operis
5001 5056 5108 5108 [ηεξ

3505 5148 3804 5216 quentatio,
3836 5147 4164 5215 exspectatio
4195 5149 4416 5208 mortis,
4455 5162 4578 5215 spes
4605 5145 4769 5200 futuri
4803 5149 5022 5210 saeculi,
5057 5161 5108 5203 et

3505 5248 3700 5294 cetera
3730 5238 3811 5292 his
3841 5239 4064 5303 similia;
4097 5241 4293 5307 quibus
4334 5241 4586 5294 nimirum
4617 5256 4772 5295 mens
4803 5241 5108 5297 salubriter

3502 5331 3767 5401 paadtur,
3803 5339 3859 5385 et
3900 5341 3954 5384 ut
3988 5345 4172 5384 revera
4203 5332 4510 5387 celestibus
4535 5332 4704 5401 epulis
4741 5335 4932 5388 anima
4969 5353 5106 5405 sagi-

3503 5428 3684 5476 natur.
3726 5421 3833 5475 Sed
3877 5423 4001 5475 dum
4031 5431 4225 5476 vestrm
4255 5423 4534 5477 charitatis
4570 5423 4968 5482 allocutionem
4997 5429 5104 5480 iee-

3504 5511 3624 5583 gius
3645 5514 3920 5582 protraho,
3947 5514 4250 5583 epistolaris
4273 5517 4576 5586 compendii
4601 5526 4776 5570 metas
4799 5525 5102 5574 excedens

3504 5614 3562 5659 ut
3602 5605 3673 5658 ita
3723 5603 3941 5673 loquar,
3978 5607 4213 5668 brevem,
4263 5623 4366 5660 non
4397 5608 4634 5661 breviter
4665 5610 4876 5663 scribo.
4915 5611 5102 5666 Enim-

3507 5709 3634 5748 vero
3659 5697 3784 5748 dum
3815 5711 3917 5748 non
3950 5697 4242 5750 urbanitati
4276 5699 4531 5768 proprie,
4562 5699 4656 5752 sed
4689 5711 4893 5756 vestra:
4931 5715 5106 5772 pones

3504 5788 3845 5843 adiﬁcatiord
3870 5788 4148 5842 consulete
4171 5789 4637 5860 gestio,prolixius
4661 5789 4924 5860 loquens.
4949 5790 5106 5862 a3

3506 5881 3754 5952 loquendi
3786 5883 4020 5948 regulam
4047 5900 4150 5938 non
4180 5882 4428 5940 observo.
4454 5883 4694 5953 Denique
4718 5885 4856 5941 mihi
4887 5899 5104 5954 qua-qaut
