5428 6610
214 431 333 492 sn
1073 407 1356 481 somno
1392 419 1487 478 an
1524 415 1692 480 ron.
1730 417 1752 475 ι
1790 415 1999 476 orsa.
2039 418 2102 475 s.
2139 410 2351 476 mm
2393 411 2699 472 DAIIANI.
3459 408 3566 468 s98

237 557 342 602 non
385 538 598 598 modico
625 533 920 609 praestatis,
947 533 994 592 si
1024 531 1396 590 consummari
1426 532 1482 588 in
1515 537 1836 596 sanctarum
1865 533 1922 593 Α
1946 529 2093 588 Mitis
2138 536 2302 605 atque
2351 526 2581 584 festinus
2635 523 2875 610 Domini
2907 523 3036 598 Jcsu
3094 521 3190 580 tibi
3239 534 3567 595 conspectus

237 635 498 704 virtutum
524 627 860 701 periectione
884 625 1236 692 contenditis.
1264 623 1367 692 Qui
1391 623 1542 680 estim
1564 621 1839 679 Lazarum
1950 631 2234 696 appareat,
2273 621 2368 692 qui
2395 629 2450 676 te
2491 619 2635 675 inter
2678 618 3004 674 assistentes
3029 615 3133 671 sibi
3159 615 3366 688 jugiter
3394 615 3566 674 inter-

240 724 475 784 tldelium
495 734 747 778 sororum
769 707 1433 792 precibus’resuseitatum
1459 706 1630 782 fuisse
1651 713 1838 788 (lacn.

240 817 337 890 sn)
366 829 474 870 non
505 812 755 885 ambigo;
805 811 923 883 ipse
951 823 1170 881 quoque
1210 809 1279 865 de
1318 807 1560 880 peccatis
1589 806 1657 863 ad
1688 807 1844 863 inno-

237 906 470 966 centiam
504 902 793 981 reformari
821 910 1128 973 per'vestra
1158 895 1377 962 merita,
1421 899 1466 954 si
1489 897 1648 967 juxta
1677 897 1842 955 fidem

239 999 440 1058 fuerim
481 997 681 1068 digna.
728 995 965 1053 confido.
1010 995 1243 1051 Amator
1269 993 1580 1051 animarum
1624 991 1746 1064 pius
1789 997 1845 1046 et

237 1089 582 1162 omnipotens
605 1087 774 1154 Deus,
804 1096 858 1144 et
888 1103 976 1144 me
1007 1088 1208 1145 vestris
1232 1083 1575 1142 orationibus
1599 1084 1654 1141 in
1686 1083 1847 1142 recti-

239 1183 476 1242 tl'dinem
507 1179 814 1255 dirigat,'ct
842 1173 941 1238 vos
970 1181 1107 1238 meis
1134 1173 1625 1241 adhortationibus
1667 1178 1734 1235 ad
1767 1177 1846 1233 al-

241 1275 376 1343 tiora
403 1277 686 1348 perducat.
716 1274 802 1332 Sit
827 1290 1025 1332 nomen
1053 1274 1270 1333 Domini
1296 1271 1665 1331 benedictum.

790 1404 1130 1464 EPISTOLA
1167 1404 1300 1464 Π..

683 1515 753 1557 λι)
800 1513 1061 1584 quassas
1109 1486 1404 1555 εθιιότωι.

233 1591 633 1652 Διαυιικτυιι.
657 1580 1053 1661 -ὈιιῙιιεᾶθῐιι
1089 1589 1281 1661 aegroti
1301 1627 1317 1654 ,
1348 1596 1405 1644 et
1423 1585 1650 1659 jamjam
1678 1586 1848 1644 mori-

305 1667 435 1727 turi.
463 1666 702 1720 animam
733 1661 845 1718 Deo
871 1661 1244 1724 commendat,
1275 1668 1360 1726 ut,
1391 1662 1848 1719 tran‘sactofmor-

306 1735 431 1793 talis
449 1736 582 1792 vita:
611 1748 799 1801 cursu,
829 1732 1076 1791 ctelestis
1097 1732 1344 1789 victoria:
1372 1730 1612 1803 palmam
1640 1743 1847 1787 merea-

307 1815 398 1863 tur
422 1806 694 1878 accipere.

1951 731 2078 774 esse
2129 703 2417 778 ilecernat,
2445 713 2670 784 ignores
2692 704 2857 767 omne
2895 708 3042 781 quod
3073 707 3264 767 horret
3307 708 3363 766 in
3411 717 3567 765 tene-

1947 808 2088 876 bris,
2133 806 2278 879 quod
2309 805 2506 863 stridet
2541 804 2598 860 in
2629 802 2890 880 ﬂammis,
2920 801 3067 872 quod
3105 800 3320 856 cruciat
3356 801 3412 858 in
3457 809 3572 857 tor-

1950 901 2172 958 mentis.
2200 898 2372 957 Cedat
2401 898 2499 955 tibi
2532 897 2855 954 teterrimus
2897 894 3135 950 Satanas
3160 881 3286 950 cum
3311 891 3570 950 satelliti-

1949 993 2054 1052 bus
2079 992 2228 1060 suis;
2263 991 2318 1049 in
2352 975 2649 1064 adventum
2684 999 2838 1044 tuum
2865 995 2919 1045 te
2942 985 3573 1058 cornitantihusangelis

1951 1070 2366 1149 contremiscat,
2400 1084 2567 1154 atque
2599 1081 2653 1137 in
2685 1093 2907 1138 reterns:
2936 1079 3114 1136 noctis
3132 1079 3303 1138 chaos
3326 1079 3573 1136 immane

1951 1176 2218 1252 diﬂ‘ugiat.
2259 1196 2279 1230 ι
2315 1161 2591 1249 Exsurgat
2636 1174 2816 1241 Deus,
2865 1183 2922 1232 et
2973 1171 3309 1246 dissipentur
3357 1168 3576 1249 inimici

1951 1271 2094 1346 ejus,
2123 1280 2179 1328 et
2205 1269 2418 1342 fugiant
2453 1286 2483 1326 a
2512 1267 2654 1327 facie
2684 1263 2837 1341 ejus,
2857 1267 2951 1341 qui
2974 1260 3213 1326 oderunt
3237 1281 3386 1323 eum.
3417 1257 3579 1324 Sicut

1949 1364 2137 1422 deﬁcit
2162 1363 2364 1429 fumus,
2402 1361 2701 1428 deﬁciant;
2736 1361 2878 1418 sicut
2900 1360 3019 1417 ﬂuit
3040 1374 3167 1418 cera
3188 1375 3221 1415 a
3242 1358 3386 1417 t‘acie
3408 1355 3577 1430 ignis,

1951 1456 2036 1512 sic
2062 1463 2295 1528 pereant
2328 1443 2653 1527 peccatores
2693 1469 2730 1513 a,
2773 1452 2914 1510 facie
2957 1451 3055 1508 Dei
3103 1449 3280 1524 (Psal.
3307 1440 3574 1522 vatt).'s

1951 1548 2374 1608 Confundantur
2395 1549 2580 1622 igitur,
2600 1556 2654 1606 et
2676 1541 3010 1605 erubescant
3029 1554 3286 1602 tartarea
3306 1531 3578 1617 legiones,

1952 1655 2009 1703 et
2038 1646 2276 1703 ministri
2309 1643 2531 1701 Satanae
2557 1644 2665 1702 iter
2696 1626 2851 1699 tuum
2883 1641 3154 1714 impedire
3173 1655 3286 1697 non
3309 1629 3579 1696 audeant.

1954 1736 2168 1808 Eripiat
2196 1745 2249 1792 te
2275 1751 2305 1790 a
2333 1735 2513 1807 poenis
2543 1734 2822 1800 Christus,
2853 1733 2946 1805 qui
2976 1735 3076 1804 pr'p
3121 1741 3174 1789 te
3212 1744 3413 1804 passus
3442 1728 3578 1798 est;

1956 1830 2157 1887 liberet
2188 1837 2242 1884 te
2268 1843 2298 1884 a
2329 1828 2582 1884 cruciatu
2611 1826 2867 1883 Christus
2886 1867 2899 1894 ,
2941 1826 3033 1897 qui
3061 1839 3164 1898 pro
3191 1833 3245 1882 te
3276 1815 3583 1880 cruciﬁxus

305 1915 644 1975 Commendo
668 1924 724 1972 te
747 1915 1113 1987 omnipotenti
1143 1914 1281 1982 Deo,
1318 1911 1649 1969 charissime
1673 1911 1848 1968 frater
1879 1910 1924 1971 Β
1952 1929 2072 1986 est;
2105 1920 2306 1975 liberet
2335 1927 2389 1975 te
2415 1936 2446 1974 a
2475 1926 2651 1973 morte
2677 1915 2950 1984 Christus,
2982 1912 3078 1989 qui
3113 1930 3213 1988 pro
3242 1924 3295 1972 te
3319 1913 3464 1971 mori
3491 1913 3583 1973 di-

235 2007 331 2077 Ν..
378 2009 538 2080 eique
587 2019 671 2074 te,
712 2006 868 2078 cujus
911 2023 973 2064 cs
1001 2015 1254 2063 creatura
1289 2005 1595 2072 committo,
1630 2012 1690 2060 ut
1717 2017 1843 2060 cum

237 2099 596 2178 humanitatis
627 2099 872 2169 debitum
904 2106 1084 2154 morte
1123 2097 1526 2153 interveniente
1563 2094 1846 2168 persolve-

235 2188 332 2256 εἰς,
381 2191 451 2249 ad
490 2192 785 2248 Auctorem
817 2199 1010 2259 tuum,
1034 2189 1129 2261 qui
1163 2197 1215 2246 te
1244 2188 1312 2245 de
1342 2188 1475 2245 limo
1509 2185 1850 2246 formaverat

234 2280 390 2360 (Gen.
419 2286 505 2357 ιι),
537 2285 851 2341 revertaris.
879 2284 1199 2356 Egredienti
1223 2284 1409 2355 itaque
1431 2282 1630 2340 anima:
1651 2292 1759 2340 tute
1779 2283 1851 2340 de

236 2384 502 2447 corpore,
514 2375 829 2448 splendidus
850 2375 1169 2447 angelorum
1191 2384 1370 2432 coetus
1389 2383 1666 2444 occurrat,
1679 2375 1851 2447 judex

240 2467 612 2540 apostolorum
646 2477 698 2524 te
723 2479 948 2525 senatus
977 2467 1259 2536 absolvat,
1305 2469 1718 2526 candidatorum
1747 2470 1850 2526 tibi

237 2565 542 2631 martyrum
595 2561 965 2631 triumphator
1009 2561 1288 2618 exercitus
1326 2561 1531 2629 obviet,
1577 2562 1749 2618 liliata
1797 2572 1852 2620 te

240 2649 581 2706 rutilantium
633 2649 800 2724 305
849 2652 1227 2708 confessorum
1277 2661 1455 2710 turma
1507 2655 1851 2723 circumdet,

233 2738 584 2816 habitantium
613 2753 665 2800 te
695 2745 966 2817 virginum
999 2747 1202 2802 chorus
1226 2746 1489 2818 excipiat,
1519 2757 1577 2805 et
1598 2749 1652 2804 in
1674 2748 1850 2806 beata:

233 2835 441 2911 quietis
469 2837 592 2893 sinu
633 2839 1080 2910 patriarcharum
1123 2846 1177 2896 te
1211 2839 1531 2913 complexus
1561 2843 1852 2917 astringat.

1957 2003 2160 2086 gnatus
2208 2016 2321 2069 est.‘
2365 2011 2678 2068 Constituat
2721 2018 2774 2068 te
2821 2009 3079 2066 Christus
3123 2007 3295 2065 Filius
3325 2003 3582 2063 Dei‘vivi

1958 2108 2104 2164 intra
2136 2105 2379 2178 paradisi
2421 2104 2503 2160 sui
2534 2119 2753 2175 semper
2792 2118 3010 2160 amoena
3039 2101 3276 2159 virentia
3308 2099 3495 2173 (108),
3527 2106 3585 2157 et

1961 2199 2106 2254 inter
2131 2211 2263 2252 oves
2291 2210 2422 2251 suas
2450 2203 2504 2252 te
2532 2209 2700 2252 verus
2737 2194 2825 2257 ille
2860 2203 3050 2264 pastor
3087 2200 3376 2264 agnoscat.
3407 2189 3504 2247 llle
3529 2199 3585 2246 te

1961 2289 2034 2345 ab
2060 2286 2315 2344 omnibus
2362 2286 2606 2358 peccatis
2641 2276 2920 2352 absolvat,
2969 2293 3133 2355 atque
3179 2284 3248 2339 ad
3293 2281 3584 2339 dexteram

1963 2397 2119 2439 suam
2150 2381 2206 2437 in
2237 2379 2540 2437 electorum
2576 2393 2801 2436 suorum
2848 2387 2899 2434 te
2942 2376 3085 2434 forte
3114 2373 3442 2433 constituat;-
3474 2373 3584 2432 Re-

1959 2475 2300 2545 demptorem
2332 2481 2488 2528 tuum
2521 2472 2663 2530 facie
2685 2473 2754 2529 ad
2785 2471 2983 2530 faciem
3008 2469 3219 2538 videas,
3251 2479 3308 2526 et
3335 2460 3586 2542 pméns

1960 2581 2182 2639 semper
2208 2566 2478 2623 assistens
2499 2565 3005 2622 manifestissimam
3031 2563 3210 2621 beatis
3237 2560 3415 2620 oculis
3435 2560 3583 2634 aspi-

1959 2657 2076 2714 cias
2105 2656 2415 2712 veritatem.
2457 2655 2804 2714 Constitutus
2840 2655 3010 2727 igitur
3037 2654 3180 2711 inter
3206 2651 3430 2726 agmina
3457 2650 3586 2707 bea-

1963 2759 2163 2816 torum,
2201 2747 2678 2820 wntemplationis
2711 2747 2912 2804 divinae
2947 2744 3237 2804 dulcedine
3263 2740 3500 2820 potiaris
3524 2739 3588 2800 in

1959 2842 2160 2901 saecula
2187 2841 2536 2900 saeculorum.
2568 2841 2765 2898 Amen.

817 2993 975 3053 Finis
1000 2998 1130 3052 tomi
1156 2998 1316 3069 primi
1343 2997 1576 3070 Operam
1603 2999 1670 3055 Β.
1701 2997 1772 3054 Ρ.
1805 2999 2086 3068 Damiani,
2117 2997 2176 3057 S.
2210 2999 2281 3055 Β.
2315 3000 2385 3056 Ε.
2415 2999 2733 3065 cardinalis,
2764 2999 2998 3071 episcopi

1095 3089 1378 3159 Ostiensis,
1409 3108 1476 3148 ea:
1501 3093 1687 3149 ordine
1714 3093 1778 3149 S.
1810 3090 2109 3159 Benedicti,
2139 3092 2375 3149 doctoris
2400 3091 2737 3150 disertissimi

1680 3202 1744 3241 ac
1768 3185 2111 3242 sanctissimi.

784 3301 847 3359 D.
881 3299 1281 3359 Constantinus
1309 3299 1628 3375 Cajetanus,
1663 3297 1906 3370 Sicutus,
1935 3297 2338 3373 Syracusanus,
2368 3301 2673 3358 monachus
2698 3299 3041 3359 Casinensis.

1188 3448 1258 3504 Et
1287 3446 1789 3520 exsultabitiingua
1817 3463 1937 3506 mea
1959 3439 2230 3522 justitiam
2261 3457 2432 3518 tuam,
2461 3447 2625 3505 Deus.

311 3627 466 3707 (108)
494 3626 662 3686 Forte
685 3626 873 3684 viratu.
911 3625 990 3685 Ita
1018 3627 1168 3684 enim
1198 3627 1277 3682 ait
1307 3627 1570 3700 Virgilius
1595 3626 1688 3686 lib.
1724 3643 1779 3685 νι
1805 3646 1816 3682 :

457 3721 730 3776 Devenere
753 3721 888 3776 locos
910 3722 1050 3775 latos
1076 3727 1130 3775 et
1153 3733 1346 3775 smmna
1365 3722 1540 3774 meo.

287 3901 3572 3932 Mm

239 4074 728 4238 Alllll'l'lll
863 4077 1026 4232 ΑΙ)
1165 4074 1439 4234 TOM.
1550 4077 1604 4230 Ι
1715 4073 2184 4234 0PERUM
2293 4075 2392 4231 S.
2518 4077 2877 4235 PETRI
3013 4058 3586 4239 unum.

987 4385 1244 4461 (Annales
1272 4384 1735 4456 Cantalduienses,
1763 4395 1898 4445 tom.
1923 4385 1990 4456 li,
2013 4386 2276 4457 Preuves,
2307 4402 2431 4464 pag.
2463 4388 2568 4447 i70
2597 4397 2653 4448 et
2678 4389 2827 4464 188.)

233 4859 436 4918 Petrus
459 4858 735 4929 episcopus
765 4853 1092 4929 Engentinus
1121 4855 1284 4929 dannt
1314 4854 1378 4912 S.
1397 4853 1560 4910 Petro
1595 4853 1859 4929 Damiano

311 4924 736 5013 eiusquenerf'mo
759 4924 1103 5013 S_..B.arn_abfg
1125 4927 1191 5013 de
1215 4925 1494 5000 Gatnugno
1522 4927 1857 4986 medietatem

312 4997 478 5074 plebis
509 4998 573 5057 S.
618 4997 909 5065 Valentini,
937 5008 986 5052 et
1016 4997 1127 5053 alia
1169 4999 1327 5054 bona.

719 5112 902 5187 (Anno
937 5109 1111 5185 £060.,
1139 5111 1173 5168 6
1202 5110 1378 5184 Maii.)

317 5207 425 5284 [Ex
449 5215 621 5264 veteri
644 5205 959 5279 apograpbo
983 5221 1152 5278 penes
1195 5207 1490 5264 canonicos
1517 5206 1576 5264 S.
1611 5207 1857 5267 Lauren-

242 5303 323 5361 tia
362 5301 429 5358 de
465 5299 761 5366 Florentia,
788 5315 843 5356 ιι.
875 5297 956 5374 5.]

245 5437 367 5496 Hoc
390 5449 466 5497 est
491 5439 785 5514 exentplum
809 5438 1458 5521 cujusdattrinstrumenli
1491 5439 1639 5510 infra
1673 5442 1856 5513 scripti

939 5521 1158 5567 tenoris.

322 5627 378 5683 In
432 5629 658 5684 nomine
707 5601 944 5682 Domini.
999 5626 1156 5682 Anno
1214 5627 1458 5683 secundo
1502 5627 1857 5699 pontiﬁcatus

244 5721 432 5778 damni
489 5721 660 5777 nostri
715 5720 1006 5776 Alexandri
1056 5720 1286 5775 secundi
1336 5735 1522 5792 papaz,
1559 5721 1857 5779 indictione

242 5814 448 5887 prima,
475 5827 661 5869 mense
687 5812 848 5880 Maio,
873 5813 962 5869 die
999 5821 1177 5868 sexta.

323 5907 397 5965 Ea
422 5921 544 5982 qius
569 5907 713 5966 inter
739 5907 830 5988 pia
874 5915 930 5976 et
955 5904 1286 5972 venerabilia
1312 5905 1435 5966 loca
1463 5905 1696 5968 verbum
1721 5921 1854 5972 con-

1891 4706 1937 4771 c
1968 4701 2228 4768 veniunt,
2279 4701 2368 4759 illa
2421 4704 2605 4776 potius
2633 4702 3025 4778 perpetuitate
3065 4707 3420 4784 mandantur,
3477 4732 3590 4790 qua

1968 4798 2176 4855 chartis
2204 4799 2698 4860 intervenientibus
2743 4805 3034 4876 scriptura:
3063 4808 3398 4868 testimoniis
3427 4815 3592 4871 robo-

1965 4901 2140 4960 ratur,
2180 4902 2450 4965 quatenus
2487 4895 2766 4955 oblivione
2813 4899 3030 4970 repulsa
3072 4899 3274 4960 futuris
3326 4908 3592 4979 tempori-

1962 4983 2067 5041 bus
2095 4985 2242 5042 nulla
2259 5003 2444 5043 rerum
2467 4987 2798 5047 incertitudo
2829 4992 3184 5064 autqualihet
3199 4997 3444 5070 jurgium
3473 5016 3591 5058 am-

1960 5078 2200 5150 biguitas
2224 5090 2539 5153 generetur.
2569 5081 2707 5138 Nam
2728 5093 2784 5139 et
2813 5083 2973 5141 divus
2995 5085 3298 5158 imperator
3321 5089 3591 5149 Justinia-

1967 5188 2071 5229 nus
2100 5173 2381 5246 Augustus
2410 5174 2464 5230 in
2491 5176 2800 5233 centesimo
2835 5180 3174 5252 octogesimo
3203 5190 3400 5240 octavo
3440 5187 3587 5258 capi-

1968 5263 2082 5319 tulo
2114 5265 2306 5334 prima:
2336 5267 2511 5338 partis
2547 5267 2808 5337 Novellm,
2856 5271 2930 5327 ita
2970 5275 3365 5347 promulgavit,
3398 5290 3456 5336 et
3499 5289 3584 5335 ta-

1968 5356 2075 5411 lem
2124 5356 2300 5428 lcgem
2331 5357 2512 5428 dedit,
2547 5371 2607 5416 ut
2638 5361 2799 5416 liccat
2827 5365 3080 5424 ecclesiis
3108 5376 3164 5424 et
3196 5369 3322 5427 aliis
3349 5387 3585 5430 venera-

1967 5452 2170 5511 bilibus
2219 5454 2354 5510 locis
2388 5461 2653 5526 perpetuo
2697 5455 2842 5514 inter
2887 5474 2948 5516 se
2995 5471 3311 5521 contractos
3357 5467 3584 5523 entiteo-

1968 5561 2093 5602 seos
2133 5548 2250 5620 (sic)
2308 5546 2508 5610 facere,
2562 5550 2788 5604 decreto
2837 5551 3053 5610 scilicet
3100 5551 3229 5613 ante
3279 5557 3580 5626 celebrato,

1965 5637 2092 5693 dum
2126 5646 2310 5692 tamen
2341 5640 2414 5693 ita
2465 5641 2557 5694 fiat
2586 5639 2886 5709 enllteosis,
2935 5655 2994 5698 ut
3024 5647 3090 5701 ad
3133 5649 3405 5718 privatam
3459 5667 3585 5722 pos—

1961 5728 2261 5785 sessionem
2301 5733 2530 5786 omnino
2579 5748 2684 5786 non
2720 5733 3066 5790 excludatur.
3101 5737 3184 5792 Ad
3235 5739 3401 5810 hujus
3447 5740 3584 5814 legis

1958 5818 2238 5878 licentiam
2287 5825 2595 5896 excipiatur
2625 5841 2824 5898 magno
2854 5827 2975 5901 (sic)
3011 5828 3580 5906 Constantinopolita—

1959 5926 2085 5976 nam
2119 5911 2420 5974 Ecclesium
2451 5917 2915 5993 quemadmodum
2945 5919 3004 5980 in
3049 5924 3421 5986 anteriorihus
3446 5941 3555 5984 con
