5428 6618
205 464 309 523 5M
1369 445 1705 509 CAJE'IANI
1755 445 1979 506 EPIST.
2018 440 2321 506 NUNCUP.
3417 434 3530 500 δοῦ

207 595 381 643 tamen
413 586 599 638 monte
621 577 674 633 in
699 570 1052 648 possessione
1076 566 1398 627 monasterii
1425 571 1803 641 permanente.
1834 570 1885 631 Α
1912 561 2174 635 praedicta
2208 573 2429 616 eremus
2469 559 2540 615 ad
2578 556 2858 615 defectum
2886 554 3157 648 evenerit,
3191 554 3267 612 ita
3300 561 3361 610 ut
3393 570 3527 614 con-

203 678 282 737 Ab
314 676 435 735 istis
471 674 658 744 itaque
682 667 824 725 locis
861 666 1049 725 omnia
1094 680 1216 737 qua:
1263 662 1331 719 ad
1370 668 1630 717 montana
1671 673 1806 715 con—

206 773 689 831 tendunteremus
735 769 940 827 teneat,
984 759 1036 816 id
1074 767 1158 815 est
1201 774 1232 813 a
1271 755 1536 829 praedicta
1580 750 1805 808 lumen-

203 866 325 924 tella
356 871 413 920 et
434 858 696 935 praedicto
728 864 912 912 monte
952 851 1210 909 Rotundo
1241 865 1339 921 per
1370 853 1544 921 ipsam
1572 860 1801 902 curren-

204 963 328 1019 tiam
358 953 601 1012 ﬂuminis
633 964 805 1023 usque
831 949 897 1004 ad
928 956 1169 1003 montem
1196 944 1491 1009 Ceresam;
1524 940 1646 995 alia:
1672 953 1803 995 vero

202 1053 361 1123 Alpes
400 1047 683 1120 aequaliter
716 1045 861 1100 inter
890 1056 1139 1101 eremum
1185 1047 1240 1095 et
1283 1034 1678 1093 monasterium
1722 1032 1805 1088 di-

200 1144 470 1202 vidantur.
521 1140 734 1197 Habeat
777 1137 945 1193 etiam
1000 1148 1222 1191 eremus
1276 1127 1567 1188 ecclesiam
1627 1127 1802 1184 sancti

199 1238 391 1297 Donati
422 1237 475 1293 in
503 1234 789 1291 Mutiliano
817 1247 955 1290 cum
980 1228 1236 1286 omnibus
1276 1226 1394 1282 suis
1433 1216 1799 1295 pertinentiis,

199 1328 438 1401 exceptis
486 1326 699 1383 duobus
743 1321 1091 1385 molendinis,
1122 1333 1245 1390 qua:
1292 1317 1469 1388 ipsum
1520 1324 1802 1370 monaste-

199 1426 336 1481 rium
377 1428 563 1486 tenet,
605 1427 660 1475 et
704 1417 937 1473 insulam
978 1414 1138 1485 juxta
1182 1410 1491 1475 molendina
1542 1408 1799 1479 positam,

201 1515 253 1572 in
283 1515 387 1587 qua
426 1512 520 1584 qui
560 1526 623 1567 ea
663 1508 999 1573 custodiunt,
1032 1504 1195 1561 modo
1230 1502 1484 1559 habitare
1524 1500 1799 1564 videntur,

198 1612 252 1663 et
287 1620 405 1677 quae
443 1618 542 1675 per
583 1599 895 1657 donationis
933 1596 1188 1671 paginam
1235 1609 1265 1650 a
1310 1589 1673 1649 donatoribus
1705 1589 1805 1646 ob-

197 1696 343 1754 venit
376 1691 604 1766 praefato
632 1705 820 1748 eremo
846 1689 898 1745 in
929 1688 1049 1745 loco
1084 1684 1365 1758 Fagnaula
1404 1692 1462 1739 et
1500 1682 1555 1738 in
1601 1679 1801 1737 Pozolo

198 1786 361 1846 simili
402 1784 563 1841 modo
594 1789 914 1855 permaneat
948 1780 1063 1855 jam
1103 1778 1252 1835 dicto
1284 1774 1639 1839 monasterio,
1674 1767 1799 1829 nam

198 1896 445 1953 campum
487 1878 738 1936 Liverani
788 1883 1110 1949 permaneat
1153 1888 1360 1930 eremo.
1412 1870 1621 1927 Cuncta
1668 1882 1801 1923 vero

1910 665 2135 712 ventum
2166 654 2562 709 monachorum
2594 667 2705 709 non
2746 648 2969 717 habeat,
2992 657 3050 705 et
3076 647 3275 706 saltem
3311 656 3426 705 tres
3450 649 3529 705 ibi

1911 750 2112 807 fratres
2139 764 2245 805 non
2277 748 2387 805 sint
2414 748 2507 819 qui
2535 745 2838 804 secundum
2870 752 3193 801 consuetam
3221 743 3394 816 ipsius
3417 742 3528 802 loci

1909 842 2250 900 eremiticam
2301 840 2547 912 regulam
2594 840 2812 908 vivant,
2860 849 2996 897 tunc
3036 846 3095 895 et
3136 853 3205 896 eo
3237 854 3371 896 casu
3406 838 3528 912 ipsa

1909 949 2129 991 ercmus
2158 949 2284 990 cum
2317 933 2433 990 suis
2471 932 2823 1005 pertinenliis
2852 930 3193 1008 juribus.....
3238 930 3529 1003 ipsumque

1909 1029 2207 1085 locum.....
2243 1027 2344 1083 sub
2374 1042 2596 1083 sua.....
2628 1026 2860 1098 Insuper
2894 1040 2996 1081 nos
3025 1024 3205 1082 Gnido
3236 1032 3292 1080 ct
3328 1025 3527 1082 Erme-

1908 1122 2021 1177 lina
2070 1120 2353 1178 comitissa
2405 1134 2528 1176 mea
2582 1135 2722 1177 uxor
2757 1119 3114 1192 spondimus,
3154 1119 3531 1192 promittimus

1908 1224 2077 1287 atque
2129 1213 2436 1287 obligamus
2495 1214 2790 1271 abbatibus
2849 1214 3099 1286 praedicti
3161 1214 3527 1285 monasterii,

1908 1312 2053 1383 quod
2094 1312 2139 1367 si
2178 1311 2425 1367 definitio
2472 1310 2735 1383 praedicta
2780 1326 2810 1365 a
2840 1311 3046 1367 domno
3082 1309 3253 1367 Petro
3291 1326 3528 1368 venera-

1908 1408 2005 1464 bili
2049 1406 2295 1481 pontiﬁci
2342 1406 2503 1463 nobis
2547 1406 3049 1474 consentientibus,
3082 1414 3142 1462 ut
3170 1405 3383 1463 dictum
3421 1414 3531 1477 est,

1907 1502 2054 1559 inter
2084 1503 2481 1561 monasterium
2524 1511 2582 1557 et
2624 1516 2875 1558 eremum
2908 1500 3056 1558 facta
3090 1501 3373 1558 custodire
3410 1516 3529 1559 mo-

1906 1595 2102 1667 disque
2128 1596 2385 1653 omnibus
2412 1596 2741 1663 observare;
2785 1602 2843 1649 et
2870 1593 2939 1660 si,
2972 1594 3117 1664 quod
3150 1593 3318 1661 absit,
3346 1591 3533 1667 aliqua

1904 1688 2201 1745 occasione
2241 1703 2488 1745 eremum
2524 1688 2639 1759 jam
2682 1688 2893 1746 dictum
2923 1687 2993 1744 ad
3024 1685 3257 1743 nihilum
3290 1686 3533 1745 devene-

1907 1782 2001 1849 rit,
2040 1798 2146 1839 non
2197 1782 2501 1840 habeamus
2548 1782 2832 1839 licentiam
2885 1796 2988 1838 nec
3034 1788 3365 1851 potestatem
3409 1780 3535 1838 alite

1907 1874 2159 1932 ecclesiae
2198 1874 2349 1931 illam
2388 1876 2680 1932 ecclesiam
2711 1874 2801 1930 vel
2831 1889 3057 1946 quoquo
3093 1874 3264 1930 modo
3293 1889 3533 1931 consen-

197 1988 528 2048 quacunque
558 1971 731 2029 nostri
754 1970 895 2043 juris
941 1976 1069 2026 sunt
1103 1967 1217 2023 sive
1243 1966 1298 2022 in
1320 1964 1651 2029 Treudacio,
1684 1962 1803 2019 sive
1833 1964 1879 2026 B
1911 1969 2037 2036 tire,
2070 1968 2154 2024 vel
2204 1968 2252 2025 si
2297 1977 2489 2026 contra
2531 1969 2648 2025 lucc
2686 1968 3019 2036 fecerimus,
3059 1981 3392 2039 componere
3430 1980 3537 2025 nos

196 2066 252 2124 in
284 2066 580 2137 Rivagutti,
613 2065 730 2120 sive
773 2064 828 2118 in
863 2060 1124 2128 Rosamo,
1155 2060 1272 2116 sive
1310 2058 1478 2115 etiam
1520 2058 1572 2112 in
1611 2056 1802 2113 Casta-

198 2159 409 2231 gnaria,
450 2159 566 2213 sive
602 2156 656 2213 in
689 2153 1042 2212 Corenla.....
1077 2154 1164 2210 vel
1201 2154 1257 2208 in
1296 2150 1633 2224 quibuslibet
1663 2150 1800 2206 locis

198 2252 380 2311 omnia
406 2251 803 2309 monasterium
830 2250 950 2321 sine
971 2249 1079 2304 ulla
1104 2263 1333 2320 prorsus
1358 2247 1799 2305 contradictione

197 2343 473 2416 possideat
499 2358 623 2399 cum
655 2350 769 2398 toto
793 2339 919 2412 jure
947 2341 1092 2412 quod
1125 2327 1391 2396 habémus
1427 2340 1481 2394 in
1514 2348 1798 2396 monaste-

197 2438 279 2494 rio
320 2437 496 2493 sancti
526 2435 829 2493 Benedicti.
873 2432 987 2489 Hac
1026 2433 1192 2487 etiam
1222 2442 1411 2488 nostra
1434 2432 1801 2505 prmeeptione

195 2528 538 2586 decernimus
574 2537 633 2582 ut
669 2525 1062 2582 monasterium
1098 2532 1153 2579 et
1187 2538 1409 2580 oremus
1439 2524 1543 2579 hoc
1569 2523 1716 2578 inter
1740 2536 1801 2578 se

195 2604 427 2679 invicem
458 2620 711 2687 debeant,
744 2627 1013 2691 quatenus
1050 2632 1175 2673 cum
1215 2617 1591 2673 necessarium
1634 2616 1801 2672 fuerit

194 2716 688 2788 utmnasterium
738 2713 989 2770 inﬁrmos
1030 2711 1231 2768 fratres
1268 2711 1441 2768 eremi
1476 2712 1544 2767 ad
1584 2710 1803 2767 refocil—

195 2808 413 2865 landum
463 2818 519 2864 et
564 2805 983 2864 sustentandum
1023 2815 1201 2877 usque
1231 2805 1301 2860 ad
1345 2805 1637 2860 sanitatem
1675 2819 1800 2859 cum

194 2900 414 2958 licentia
459 2899 661 2972 prioris
707 2897 951 2955 fraterna
1001 2896 1343 2968 benignitate
1388 2895 1691 2965 suscipiat,
1742 2902 1798 2950 et

198 2991 442 3047 eremita:
478 2990 679 3047 fratres
716 2988 1020 3045 monachos
1049 2988 1117 3043 de
1149 2986 1481 3043 monasterio
1513 2986 1799 3041 venientes

191 3099 316 3141 cum
357 3083 578 3141 licentia
618 3082 834 3141 abbatis
881 3082 1119 3139 libenter
1165 3080 1477 3136 admittant.
1536 3079 1693 3148 Quod
1749 3079 1797 3134 si

1910 2075 2035 2117 cum
2068 2061 2277 2118 nostris
2316 2061 2445 2117 ﬁliis
2473 2070 2531 2116 et
2562 2060 2875 2117 hacrcdibus
2912 2047 3291 2145 promittimus
3317 2059 3536 2118 abbati-

1908 2156 2041 2221 bus,
2087 2154 2162 2211 ibi
2207 2170 2305 2226 per
2347 2165 2597 2226 tempora
2644 2152 3122 2219 deservientibus,
3168 2152 3290 2209 auri
3338 2152 3537 2224 optimi

1907 2247 2077 2304 libras
2122 2248 2336 2315 decem,
2362 2248 2437 2304 ita
2490 2255 2675 2305 tamen
2724 2254 2785 2303 ut
2830 2256 2959 2319 post
3000 2245 3238 2303 solutam
3284 2261 3531 2319 paruam,

1882 2340 2160 2416 'glelinitio
2185 2349 2242 2396 et
2268 2340 2531 2413 obligatio
2563 2341 2618 2396 in
2642 2354 2743 2397 sua
2769 2339 3034 2397 ﬁrmitate
3065 2339 3347 2411 perduret.

1980 2432 2095 2504 Ego
2122 2432 2502 2489 Cinnamellus
2532 2432 2785 2489 notarius
2814 2432 2883 2515 de
2911 2420 3196 2489 territorio
3224 2430 3538 2507 Faventan

1909 2532 2133 2594 rogatus
2175 2540 2205 2579 a
2251 2524 2516 2594 praedicto
2558 2522 2811 2580 Guidone
2863 2523 3053 2581 comiti
3094 2532 3152 2579 et
3195 2539 3295 2581 sua
3338 2538 3534 2594 uxore,

1909 2630 2011 2671 nec
2060 2631 2169 2671 non
2217 2632 2247 2671 a
2294 2615 2498 2671 domno
2533 2616 2837 2672 venerabili
2873 2615 3043 2674 Petro
3073 2615 3355 2689 pontiﬁce,
3389 2616 3537 2674 hanc

1911 2711 2287 2767 deﬁnitionem
2319 2719 2377 2766 et
2409 2710 2800 2784 obligationem
2833 2712 3053 2784 scripsi.

1983 2802 2163 2861 Guido
2200 2819 2387 2861 comes
2426 2813 2482 2860 et
2522 2805 2800 2862 Ermelina
2845 2805 3129 2863 comitissa
3168 2805 3314 2863 hanc
3341 2803 3537 2864 deﬁni-

1913 2899 2116 2953 tionem
2150 2900 2295 2954 inter
2326 2900 2727 2956 monasterium
2758 2908 2815 2955 et
2844 2914 3118 2968 eremum,
3143 2909 3205 2956 et
3241 2898 3535 2971 obligatio-

1907 3005 2034 3046 nem
2067 2992 2312 3048 scribere
2340 3000 2694 3064 rogaverunt.

195 3240 3530 3289 Μ

541 3386 1332 3607 OPERUM
1427 3446 1589 3604 s.
1687 3447 2271 3606 PETRI
2357 3439 3191 3603 DAMIANI

1242 3801 1350 3882 IN
1423 3800 1931 3885 EDITIONE
1982 3801 2485 3884 CAJETANI

816 4061 1591 4206 TOMUS
1802 4058 2916 4213 SECUNDUS

1629 4391 2089 4438 COMPLECTENS

395 4604 1147 4725 SERMONES
1234 4606 1419 4723 ET
1512 4606 2399 4729 SANCTORUM
2486 4611 3316 4737 HISTORIAS.

1670 4863 2078 4880 *-

695 5032 1270 5129 CAJETANI
1347 5036 1942 5133 EPISTOLA
2017 5040 2091 5131 N
2114 5039 3018 5136 UNCUPATOBIA.

266 5406 331 5465 S.
358 5405 424 5465 Ι).
451 5404 519 5463 Ν.
544 5405 714 5465 Paulo
742 5406 810 5478 ν,
834 5408 1080 5481 pontiﬁci
1112 5408 1352 5468 maximo
1376 5408 1799 5470 CONSTAN‘I'INUS
1819 5411 2161 5483 Guar-anns,
2194 5414 2502 5473 monachus
2530 5415 2977 5490 congregationis
3012 5415 3355 5492 Casinensis,
3383 5420 3534 5482 salu-

190 5510 312 5559 tem
342 5509 399 5559 et
428 5501 745 5560 felicitatem
772 5518 805 5559 α
838 5505 949 5561 Deo
974 5514 1256 5576 precatur.

272 5595 397 5652 Exit
422 5597 475 5654 in
506 5597 706 5665 lucem,
738 5599 1057 5656 beatissime
1084 5601 1267 5671 Pater,
1300 5610 1395 5658 tuo
1423 5603 1810 5675 augustissimo
1840 5604 2061 5661 nomine
2089 5605 2406 5679 insignitus,
2439 5605 2680 5678 Operum
2709 5609 2771 5663 Β.
2802 5608 2951 5666 Petri
2972 5610 3225 5669 Damiani
3254 5611 3315 5669 S.
3351 5614 3419 5670 Β.
3452 5615 3519 5673 Ε.

192 5691 515 5759 cardinalis,
539 5693 777 5764 episcopi
804 5694 1097 5762 Ostiensis,
1131 5704 1265 5752 tom.
1298 5696 1363 5764 ll,
1396 5713 1463 5754 eo
1491 5698 1709 5769 quidem
1742 5699 1981 5756 alacrius
2012 5708 2067 5755 et
2099 5701 2487 5768 conﬁdentius,
2544 5704 2691 5773 quod
2730 5704 2972 5775 priorem
2995 5704 3110 5776 jam
3145 5707 3253 5764 scit
3280 5710 3530 5779 patroci-

194 5786 274 5843 nii
306 5787 381 5843 tui
413 5787 605 5861 clypeo
634 5790 921 5853 munitum,
952 5790 1004 5845 in
1038 5792 1293 5848 manibus
1325 5791 1637 5859 hominum,
1669 5801 1834 5864 atque
1874 5794 2011 5849 adeo
2058 5794 2112 5849 in
2142 5809 2238 5849 ore
2265 5803 2323 5849 et
2360 5796 2730 5853 admieatione
2778 5799 3008 5855 versari.
3052 5798 3171 5856 Non
3202 5802 3302 5859 abs
3330 5818 3390 5859 re
3430 5804 3533 5876 igi-

196 5892 298 5939 tur
322 5882 647 5953 posthumus
674 5882 762 5938 hic
784 5881 921 5939 alter
949 5884 1279 5940 sanctissimi
1314 5886 1417 5942 viri
1464 5896 1651 5957 partus
1683 5888 1735 5942 in
1767 5887 1967 5959 publici
2006 5888 2249 5959 parentis
2284 5889 2408 5945 sinu
2457 5890 2820 5949 domesticum
2874 5894 2976 5950 sibi
3010 5896 3243 5966 requirit
3266 5906 3326 5955 et
3372 5898 3533 5955 fami-

194 5976 342 6035 liare
371 5973 697 6047 perfugium.
728 5974 829 6034 llic
860 5985 1039 6033 autem
1069 5977 1207 6035 liber
1232 5980 1474 6039 contlnet
1504 5990 1821 6038 sanctorum
1860 5998 1946 6039 res
1973 5981 2236 6053 praeclare
2266 5990 2471 6055 gestas,
2527 5983 2599 6041 ab
2626 5984 2820 6042 eodem
2861 5995 2973 6044 tam
3008 5988 3226 6049 sincere
3256 5990 3526 6052 ﬁdeliter-
