5428 6568
279 360 387 416 505
1787 352 2023 409 SERMO
2067 353 2102 409 Ι.

1787 352 2023 409 διεκιιο
2067 353 2102 409 Ι.
3011 419 3017 425 ,
3513 365 3618 422 506

279 473 430 540 simi,
471 487 773 539 sermones,
807 471 903 544 qui
932 478 1143 528 tantum
1180 470 1289 527 vim
1321 468 1527 526 habent
1554 468 1886 533 informandi
1914 475 1969 537 Α
1999 469 2067 524 tia
2095 468 2311 541 plenius
2348 485 2626 544 expacare
2666 473 2807 546 quid
2850 473 3085 540 sentiam
3117 515 3132 540 ,
3187 489 3314 531 cum
3370 473 3614 546 ejusdem

277 565 489 624 animos
517 568 584 622 ad
635 581 853 624 omnem
906 565 1190 631 virtutem,
1247 574 1513 635 quantam
1568 580 1636 620 ex
1673 579 1888 621 summa

275 662 586 734 eloquentia
616 677 739 718 cum
769 661 889 733 pari
913 661 1209 717 sanctitate
1234 659 1532 730 conjuncta
1561 658 1696 715 oriri
1726 673 1896 750 posse;

277 755 610 813 censendum
636 758 740 811 cst.
778 753 1182 810 Animadvertit
1210 752 1468 808 nimirum
1499 752 1652 824 gravi
1676 750 1886 822 judicio

277 848 364 902 vir
414 849 466 902 in
515 849 911 904 exercitatione
959 847 1223 902 virtutum
1272 845 1580 917 persimiles
1621 860 1722 901 nos
1763 859 1885 901 esse

276 937 596 1004 artiﬁcibus,
661 940 757 1012 qui
810 939 946 994 nihil
1005 939 1126 995 sine
1157 939 1431 1010 perceptis
1480 929 1897 1010 exemplaribus

273 1027 431 1085 laude
463 1030 684 1102 dignum
732 1029 1013 1098 eﬂiciunt;
1053 1045 1226 1102 quare
1255 1040 1571 1088 sanctorum
1617 1031 1756 1087 bene
1785 1047 1882 1103 ge—

270 1127 355 1174 sta
380 1120 558 1192 palam
590 1123 896 1190 constituit,
955 1134 1018 1180 ut
1045 1138 1109 1179 ea
1162 1123 1392 1180 studiosi
1415 1125 1634 1180 virtutis
1665 1125 1882 1182 assidue

269 1225 383 1282 prae
409 1212 582 1269 oculis
617 1215 903 1283 baberent,
935 1225 992 1273 et
1020 1216 1386 1273 imitarentur.
1413 1216 1546 1286 Qua:
1578 1227 1728 1275 tanto
1755 1227 1881 1274 sunt

267 1302 617 1374 perfectiora,
648 1321 854 1380 quanto
885 1325 998 1378 eos,
1048 1326 1078 1365 a
1105 1312 1304 1381 quibus
1331 1311 1716 1379 desumuntur,
1745 1328 1882 1383 pra:-

267 1397 519 1455 eelluisse
577 1405 980 1476 cognoscimus.
1033 1403 1168 1461 Sunt
1200 1406 1259 1471 ii,
1316 1405 1570 1464 Christus
1597 1407 1878 1475 Dominus,

267 1487 499 1558 Deipira
525 1492 710 1565 Virgo,
737 1496 990 1566 apostoli,
1025 1509 1317 1570 martyres,
1345 1500 1631 1572 sanctique
1661 1501 1880 1558 confes-

266 1594 437 1644 sores,
474 1599 537 1640 ac
569 1585 828 1658 virgines,
881 1605 1112 1662 quorum
1141 1592 1410 1663 praeclara
1459 1594 1700 1651 facinora
1729 1604 1878 1652 tanta

265 1673 576 1744 eloquentia
643 1681 884 1754 locuples
941 1693 1137 1742 auctor
1188 1687 1594 1758 complectitur,
1653 1698 1712 1744 ut
1753 1704 1876 1744 cmn

261 1769 494 1825 summis
532 1771 638 1830 illis
659 1773 791 1829 viris
815 1777 1094 1833 doctorem
1122 1788 1369 1835 nostrum
1397 1795 1738 1851 comparare,
1768 1797 1873 1836 non

1996 562 2275 635 ingenium
2337 572 2504 635 atque
2560 566 2774 622 dicendi
2808 567 2968 638 copia
3018 565 3237 624 facilius
3292 567 3619 639 inspiciatur

1994 652 2230 711 lectione
2254 670 2418 726 quam
2464 657 2716 713 oratione
2745 657 3110 714 describatur.
3157 658 3344 715 Solum
3380 661 3620 720 dixerim

1992 751 2198 807 habere
2227 767 2420 808 omnes
2447 767 2515 808 cx
2545 751 2650 808 hoc
2679 755 2965 828 magistro,
2992 769 3116 826 qua:
3149 762 3432 826 tantopere
3459 771 3618 813 com-

1989 845 2392 909 mendavimus,
2455 846 2704 902 omnium
2736 847 2886 919 leges
2937 855 3106 918 atque
3157 847 3408 918 exempla
3441 851 3618 906 virtu-

1991 945 2128 1003 tum,
2159 937 2468 1007 prtesertim
2494 954 2626 995 vero
2654 940 2830 996 sacris
2859 941 3366 1006 concionatoribus,
3417 943 3620 1014 quibus

1989 1030 2232 1086 maxime
2267 1031 2367 1086 hos
2401 1047 2554 1088 meos
2592 1033 2810 1089 labores
2843 1017 3057 1092 dicatos
3083 1035 3286 1103 velim,
3333 1037 3459 1092 novi
3483 1053 3616 1110 ape-

1987 1123 2206 1179 riuntur
2235 1139 2324 1179 res
2351 1139 2481 1181 suas
2516 1125 2888 1198 amplificandi
2941 1129 3287 1200 ornandique
3343 1129 3614 1198 thesauri,

1987 1216 2300 1288 singulares
2329 1232 2613 1276 sacrarum
2644 1219 2952 1276 litterarum
3011 1221 3497 1294 interpretationes
3525 1231 3614 1290 at:-

1985 1324 2092 1380 que
2121 1308 2364 1366 illustres
2401 1313 2707 1368 sententias
2736 1315 3094 1371 continentes
3125 1333 3137 1369 :
3195 1331 3296 1373 nec
3323 1309 3435 1374 non
3464 1333 3608 1389 pne.

1985 1401 2135 1458 clara
2166 1403 2490 1473 proponitur
2531 1404 2673 1459 ratio
2695 1446 2710 1470 ,
2760 1421 2882 1475 qua:
2913 1407 2985 1462 sit
3016 1407 3068 1462 iu
3103 1415 3422 1464 sanctorum
3454 1423 3616 1464 exor-

1983 1495 2208 1569 natione
2242 1495 2577 1552 adhibenda.
2611 1495 2952 1560 FaxiLDeus
2984 1507 3097 1568 opt.
3135 1514 3284 1554 max.
3339 1507 3400 1554 ut
3426 1507 3616 1556 noster

1980 1587 2072 1646 hic
2103 1588 2257 1646 labor
2286 1591 2686 1661 qualiscunque
2723 1591 2777 1646 in
2806 1571 3069 1646 ‘divinam
3104 1589 3338 1663 gloriam
3362 1605 3615 1647 commu-

1983 1697 2220 1752 nemque
2248 1683 2543 1739 utilitatem
2572 1683 2863 1740 redundet.
2896 1683 3106 1750 Valcte,
3124 1693 3198 1739 ιρι
3225 1685 3330 1741 hoc
3355 1692 3611 1742 nostrum

1982 1773 2050 1831 de
2082 1791 2141 1829 re
2171 1774 2489 1854 Christiana
2540 1777 2680 1834 bene
2711 1778 2959 1834 mercudi
2989 1777 3231 1834 studium
3263 1778 3404 1851 aequi
3451 1772 3610 1836 boni-

261 1864 678 1919 contemnendae
727 1866 991 1924 doctrina:
1020 1869 1294 1938 homines,
1353 1886 1418 1927 ac
1477 1871 1873 1943 Hieronymum
1908 1867 1953 1928 Β
1983 1886 2089 1942 quc
2113 1869 2409 1928 consulite.

253 1946 529 2023 iuniorem
560 1958 830 2027 appellare
861 1975 969 2016 non
1005 1961 1274 2020 dubitent.
1306 1962 1512 2022 Omitto
1545 1965 1600 2022 in
1624 1981 1865 2038 praesen—

258 2139 3602 2209 Μ

983 2354 1160 2506 Β.
1290 2359 1873 2513 ΡΕΤΒῙ
1983 2364 2740 2524 DAMIAN
2749 2371 2816 2524 Ι

321 2632 628 2694 SANCTAS
667 2637 982 2700 IlOMAN/E
1036 2645 1401 2705 ECCLESIIE
1441 2651 1881 2721 CARDlNALIS,
1917 2654 2228 2748 EPISCOPI
2265 2660 2656 2731 OSTIENSIS,
2697 2663 2980 2725 Olimle
3013 2666 3070 2726 S.
3117 2666 3511 2740 BENEDICTI,

1155 2849 2647 3019 SEBMONES

1229 3143 1537 3208 ORDiNE
1573 3145 1944 3211 MENSIUM
1982 3150 2363 3214 SEllVATO
2403 3155 2564 3238 (109)

723 3513 859 3584 1-2
902 3513 1156 3577 IANUA
1170 3515 1370 3579 lliUS.

245 3619 352 3682 Vl.
396 3617 614 3683 Sermo
653 3617 721 3678 in
741 3617 1112 3698 Epiphania
1136 3618 1416 3682 Domini.

243 3720 418 3784 XIV.
463 3718 675 3806 Sermo
728 3719 802 3779 de
851 3718 1274 3782 translatione
1313 3721 1381 3784 S.
1420 3720 1674 3785 Hilarii
1719 3727 1861 3806 epi-

247 3840 252 3845 ·
319 3823 500 3901 scopi
528 3797 945 3882 Pictaviensis
983 3828 1040 3882 et
1067 3823 1470 3902 confessoris.
1847 3875 1852 3884 ,

243 3921 456 3985 XXII.
500 3921 713 3984 Sermo
778 3919 852 3982 de
919 3914 984 3984 S.
1026 3921 1364 3986 Anastasio
1429 3924 1734 3989 monacho
1802 3935 1856 3990 et

323 4030 621 4105 martyre.

768 4125 1004 4183 SERMO
1044 4127 1326 4185 PRIMUS.

581 4236 634 4277 IN
673 4236 958 4276 utrumn
999 4236 1188 4278 DOMINI
1230 4224 1306 4294 (vt
1345 4228 1508 4298 ηιμ).
1571 4261 1578 4269 ι

320 4333 336 4366 ι
372 4311 506 4369 Cum
563 4320 724 4368 natus
771 4322 919 4369 esset
944 4312 1103 4370 Jesus
1155 4315 1208 4370 in
1239 4315 1561 4374 Bethlehem
1591 4319 1745 4377 Iudae
1797 4322 1852 4379 in

235 4404 429 4461 diebus
457 4401 687 4458 Herodis
713 4404 877 4476 regis,
907 4420 1036 4460 ecce
1060 4407 1202 4478 magi
1236 4407 1305 4462 ab
1331 4409 1547 4466 oriente
1583 4424 1856 4470 venerunt

236 4494 699 4567 Hierosolymam,
732 4496 978 4554 dicentes
1005 4516 1017 4552 :
1056 4498 1156 4556 Ubi
1189 4511 1293 4568 est,
1321 4503 1416 4574 qui
1447 4514 1608 4562 natus
1636 4518 1721 4564 est
1754 4524 1850 4565 rex

230 4586 589 4660 Judaeorum?
629 4589 876 4645 Vidimus
912 4591 1059 4647 enim
1099 4593 1314 4649 stellam
1358 4594 1476 4665 ejus
1524 4598 1576 4652 in
1616 4601 1849 4670 oriente,

230 4691 288 4739 et
312 4681 560 4739 venimus
580 4691 698 4737 cum
723 4685 1026 4740 muneribus
1053 4687 1284 4745 adorare
1313 4704 1437 4746 eum
1467 4691 1683 4764 (Matth.
1715 4697 1799 4768 ιι).
1827 4716 1844 4751 ι

236 4793 256 4826 σ
299 4773 540 4830 Landate
582 4775 900 4840 Dominum,
937 4794 1131 4836 omnes
1178 4791 1398 4852 gentes,
1444 4793 1499 4840 et
1543 4787 1850 4847 collaudato

226 4880 354 4921 eum
383 4880 573 4921 omnes
618 4868 798 4936 populi
850 4867 1023 4939 (Psal.
1064 4871 1232 4943 cxvt).
1270 4892 1288 4926 ι
1341 4875 1478 4930 Nam
1509 4893 1634 4932 cum
1669 4881 1846 4937 omni-

227 4965 424 5026 potens
464 4971 647 5012 sermo
684 4959 926 5015 nondum
964 4977 994 5015 a
1027 4963 1304 5034 rega!ibus
1352 4967 1572 5024 sedibus
1619 4970 1846 5028 descen-

227 5047 400 5104 dlssct
453 5068 471 5100 ι
511 5058 564 5105 et
601 5066 704 5106 nox
752 5051 806 5106 in
859 5068 957 5110 suo
1005 5070 1171 5111 cursu
1220 5057 1458 5113 medimn
1510 5059 1614 5116 iter
1658 5074 1846 5134 ageret

228 5138 383 5211 (δίῳ.
414 5144 594 5213 xvnt),
633 5163 651 5196 ι
680 5145 909 5215 papulas
936 5147 1179 5218 gentium
1209 5151 1530 5208 ambulabat
1586 5155 1640 5210 in
1697 5165 1845 5212 tene-

227 5231 346 5288 bris
379 5232 532 5303 (lsai.
594 5236 697 5307 ix),
747 5238 876 5307 quia
929 5257 948 5292 t
1002 5239 1314 5298 dilexerunt
1363 5247 1538 5315 magis
1587 5251 1843 5304 tenebras

227 5339 392 5394 quam
427 5325 599 5382 lucent
633 5328 815 5399 (Joan.
849 5331 954 5402 ιιι),
995 5351 1011 5384 ι
1067 5335 1358 5406 variosque
1390 5340 1565 5394 secuti
1600 5358 1841 5410 errores,

233 5434 253 5470 ι
309 5417 362 5472 in
401 5421 631 5476 circuitu
681 5422 831 5495 impii
879 5426 1234 5484 ambulabant
1279 5427 1455 5502 (Psal.
1484 5433 1546 5503 ι),
1581 5454 1599 5486 ι
1648 5445 1844 5493 euntes

227 5514 628 5585 unusquisque,
685 5535 703 5568 ι
741 5516 880 5574 alius
906 5519 975 5574 ad
1003 5520 1212 5588 villam,
1245 5521 1388 5579 alius
1419 5524 1485 5580 ad
1519 5529 1843 5598 negotiatio-

301 5644 450 5728 (lQ9)
479 5643 928 5741 lnterse|rmones
953 5657 1281 5740 quos'insua
1307 5657 1839 5741 Caiet;.tti{etlitionis

227 5721 514 5773 recusione
535 5721 956 5790 complexus'est
973 5721 1312 5784 novissimus
1339 5721 1517 5787 editor
1545 5721 1834 5804 Bassmms,

227 5789 519 5834 nnnnnllm
582 5806 775 5834 Immnn
812 5811 956 5834 curm
1027 5797 1061 5834 0
1109 5799 1165 5834 Η
1239 5801 1309 5834 cn
1357 5802 1427 5834 qn
1491 5804 1562 5834 οη
1629 5807 1696 5834 ρο
1756 5811 1814 5834 η.

225 5789 540 5852 nonnullos,
582 5789 703 5845 nem
747 5809 775 5846 e
812 5811 977 5850 serm.
1027 5797 1081 5860 9,
1109 5799 1195 5863 tt,
1239 5801 1447 5864 23,26.
1491 5804 1582 5866 ει.
1629 5789 1834 5875 28,746;

223 5857 319 5928 ts,
349 5859 440 5932 ιι,
467 5859 558 5932 t7,
588 5860 678 5933 52,
711 5809 808 5934 ξι,
830 5865 920 5937 56,
944 5866 1034 5940 57,
1058 5869 1150 5942 59,
1179 5871 1274 5944 oo,
1296 5874 1386 5943 δι,
1417 5874 1509 5946 63,
1537 5877 1625 5946 τι),
1677 5881 1836 5941 beato

1887 3505 1934 3567 C

1968 3558 2092 3602 nem
2144 3560 2299 3603 suam
2335 3547 2558 3620 (Matth.
2586 3550 2762 3624 un);
2816 3562 2874 3612 et
2919 3555 3276 3617 obscuratum
3325 3571 3413 3620 est
3460 3564 3598 3625 insl-

1965 3639 2126 3710 piens
2178 3655 2278 3696 cor
2323 3641 2522 3699 eorum
2555 3643 2733 3716 (Rom.
2771 3647 2840 3721 ι),
2875 3670 2894 3704 ι
2951 3651 3082 3722 quia
3139 3654 3462 3716 incurvatus
3512 3669 3600 3720 est

1965 3732 2346 3805 unusquisque
2371 3734 2441 3791 ad
2467 3751 2605 3809 opus
2633 3754 2897 3796 manuum
2924 3758 3175 3801 suarum.
3207 3746 3400 3808 Patras
3426 3753 3597 3812 etiam

1962 3821 2036 3878 illi
2065 3825 2296 3896 gantiqui
2338 3841 2532 3883 omnes
2559 3830 2662 3885 sub
2692 3830 2839 3888 nube
2891 3833 3115 3892 fuerunt
3163 3837 3216 3910 (1
3245 3839 3374 3898 Cor.
3411 3843 3490 3917 ι),
3521 3859 3590 3903 eo

1963 3914 2109 3985 quod
2140 3916 2482 3987 aspiciebant
2515 3919 2568 3975 in
2600 3921 2719 3977 visu
2758 3925 2961 3992 noctis,
3001 3942 3106 3984 nec
3137 3914 3455 3988 claritatem
3479 3935 3598 3992 vul—

1962 4014 2050 4062 tus
2076 4007 2245 4080 Moysi
2273 4017 2530 4082 poterant
2557 4013 2756 4071 intueri
2784 4015 2986 4087 (Exod.
3015 4035 3213 4090 xxxiv;
3245 4022 3308 4078 II
3326 4023 3453 4083 Cor.
3483 4033 3592 4102 ιιι),

1960 4097 2090 4170 quia
2119 4099 2369 4157 velamen
2402 4113 2526 4159 erat
2548 4107 2789 4176 positum
2819 4123 2988 4181 super
3013 4127 3111 4168 cor
3139 4129 3357 4183 eorum,
3385 4128 3441 4175 et
3471 4097 3595 4180 erat

1962 4208 2101 4264 aqua
2149 4197 2440 4254 tenebrosa
2495 4199 2547 4254 in
2592 4202 2832 4259 nubibus
2880 4205 3026 4263 aeris
3060 4207 3238 4280 (Psal.
3272 4214 3430 4286 xvtl),
3463 4230 3590 4272 cum

1957 4289 2217 4346 videlicet
2246 4290 2342 4348 lilii
2377 4291 2508 4351 Sion
2553 4295 2743 4370 inclyti
2773 4301 3026 4360 conversi
3060 4313 3189 4360 sunt
3218 4306 3271 4363 in
3311 4323 3439 4364 vasa
3473 4317 3587 4367 tes-

1961 4393 2079 4449 tea,
2136 4400 2273 4456 opus
2340 4403 2601 4446 manumn
2653 4392 2842 4465 ﬁguli;
2899 4396 3133 4476 dispersi
3191 4411 3320 4458 sunt
3374 4403 3586 4476 lapides

1959 4478 2258 4534 sanctuarii
2301 4479 2354 4535 in
2388 4483 2568 4552 capite
2611 4487 2859 4543 omnium
2900 4475 3249 4562 platearum;
3299 4509 3590 4572 argentum

1957 4584 2148 4626 eorum
2197 4587 2420 4630 versum
2471 4585 2556 4632 est
2607 4578 2661 4633 in
2713 4584 2976 4649 scoriam,
3018 4600 3084 4641 eo
3112 4590 3259 4658 quod
3307 4606 3589 4665 caupone.

1957 4677 2148 4718 eorum
2181 4664 2486 4723 miscebant
2532 4684 2730 4740 aquam
2779 4672 2938 4741 vino;
2976 4679 3196 4746 quando
3227 4664 3588 4743 obscuratum

1956 4764 2042 4809 est
2073 4771 2286 4819 aurum,
2324 4768 2568 4816 mutatus
2598 4773 2686 4817 est
2745 4765 2898 4820 color
2927 4768 3170 4837 optimus
3201 4770 3426 4841 (Thmt.
3470 4777 3585 4850 tv);

1961 4862 2063 4902 nec
2094 4857 2215 4902 erat
2243 4849 2309 4904 de
2339 4850 2422 4906 eis
2472 4853 2564 4921 qui
2606 4854 2814 4913 faceret
2859 4858 3086 4927 bonum,
3141 4879 3246 4920 nec
3293 4867 3460 4926 etiam
3493 4849 3588 4929 tti-

1958 4959 2064 5015 que
2102 4948 2170 5002 ad
2199 4965 2362 5004 unum
2395 4948 2569 5022 (Ptol.
2602 4954 2744 5027 xm).
2778 4955 2932 5013 Tunc
2961 4975 3094 5032 ergo
3134 4964 3380 5022 tenebras
3424 4967 3608 5028 facta

1956 5048 2082 5094 sunt
2134 5056 2299 5111 super
2348 5045 2659 5102 universam
2713 5057 2915 5106 terram
2950 5052 3170 5123 (Matth.
3205 5060 3400 5130 xxvn),
3453 5065 3584 5135 quia

1953 5129 2173 5189 Judatns
2220 5147 2271 5190 et
2325 5138 2544 5207 gentilis
2591 5141 2643 5195 in
2699 5143 2945 5199 tenebris
3002 5158 3322 5206 straverunt
3362 5129 3582 5214 leciutn

1953 5244 2153 5294 suum,
2203 5231 2517 5290 habitantes
2568 5215 2622 5290 iii
2671 5238 2979 5296 tenebrosis
3038 5252 3094 5298 et
3141 5245 3333 5303 umbra
3383 5251 3582 5309 mortis

1955 5322 2109 5391 (Luc.
2141 5322 2201 5393 ι).
2233 5325 2371 5392 Quia
2417 5327 2584 5396 igitur
2631 5339 2763 5386 tunc
2799 5348 2904 5388 nox
2950 5339 3257 5407 praecessit,
3293 5357 3422 5400 ecce
3459 5344 3580 5403 dies

1953 5418 2415 5488 appropinquavit
2447 5420 2628 5490 (llam.
2660 5425 2805 5497 xm),
2830 5435 2886 5482 et
2920 5426 3105 5485 lumen
3141 5432 3353 5491 refulsit
3386 5437 3439 5492 in
3471 5437 3577 5494 ba-

1952 5510 2192 5569 bitaculo
2223 5515 2464 5572 carceris
2497 5519 2695 5586 nostri,
2725 5535 2794 5577 ex
2822 5535 2889 5577 eo
2934 5525 3081 5594 quod
3129 5537 3382 5585 exortum
3406 5541 3491 5587 est
3521 5533 3576 5588 in

1953 5669 2116 5748 gctro
2167 5672 2431 5748 Dauniauo
2480 5675 2874 5742 abjudicandos
2921 5692 2978 5738 et
3027 5681 3254 5744 Nicolao
3304 5691 3577 5748 monacho

1951 5743 2377 5826 Claraevallensi,
2411 5748 2518 5803 divi
2549 5749 2808 5826 Bel-nardi
2860 5753 2928 5808 ab
2955 5743 3242 5826 epistolis,
3273 5743 3575 5820 result—Ira:-

1949 5816 2046 5903 dos
2076 5825 2282 5903 monet,
2314 5824 2875 5903 quurum_unicuique
2925 5816 3400 5903 idcoasteriscum
3433 5816 3573 5903 prte-

1948 5887 2222 5958 tigcudutn
2257 5887 2490 5949 curavit.
2525 5893 2679 5953 llunc
2710 5887 3018 5970 scqttimur.
3054 5900 3217 5959 Ευιτ.
3252 5887 3568 5971 Pnao'noq.

4219 87 4244 96 ’.-
4327 95 4360 102 -
4533 87 4536 90 ’

4209 101 4254 116 “
4269 105 4306 122 -'
4337 105 4368 114 θ’
4547 85 4810 132 L""-

4313 123 4424 132 οι-
4437 119 4584 132 ..--α.
4601 127 4610 130 -

4313 123 4424 132 σει-
4437 119 4610 134 ,σε-...Ἴ
