5428 6564
256 310 357 377 509

1760 279 2000 343 SERMO
2024 278 2065 335 l.

3475 252 3586 315 ειιο

259 375 518 490 tildentes
544 427 600 485 in
619 413 871 483 dianibns
893 413 1400 492 vestris(erc.xn).
1429 430 1449 468 ι
1478 408 1628 485 (HO)
1651 406 1858 464 Lucer-
1964 393 2221 455 inuam“
2251 407 2351 492 Ρεξ
2377 389 2625 492 “ﬂama
2646 382 2981 492 ηυξ

258 488 372 602 tias
404 522 607 596 quippe
656 517 914 575 ardentes
960 514 1015 570 in
1068 488 1325 568 manibus
1367 512 1654 579 portamus
1672 542 1700 602 ,Α
1731 512 1858 602 eum
1888 488 1901 502 ’

255 592 524 696 pmitintis
546 592 759 669 nostris
788 624 889 682 per
922 605 1174 678 exempla
1211 606 1365 658 bona:
1395 594 1734 696 operationis
1776 592 1862 696 lu—

258 684 470 771 cemud,
500 702 800 763 utetil‘tina
839 699 1110 757 cortinam
1143 696 1359 759 trahat;
1418 710 1437 745 ι
1472 699 1528 746 et
1553 689 1644 760 qui
1686 684 1858 751 audit,
1896 754 1899 755 ν

260 802 442 858 dicat:
469 785 605 853 Veni
635 795 819 869 (Apoc.
850 793 1024 862 nn);
1056 810 1074 841 ι
1105 798 1158 845 et
1178 808 1198 840 ‹
1235 786 1314 843 sic
1340 785 1522 841 luceat
1552 782 1645 836 lux
1673 786 1859 834 vestra

259 892 453 948 corth
494 886 828 948 hominibus,
882 891 940 937 ut
986 881 1233 935 videntes
1275 892 1441 947 Opera
1485 882 1670 929 vestra
1712 871 1859 926 bona

257 978 571 1055 glerillcent‘
595 977 840 1042 Patrem,
866 973 962 1045 qui
998 972 1051 1028 in
1076 970 1233 1028 caelis
1258 977 1344 1026 est
1372 966 1590 1041 (Matth.
1622 962 1700 1035 v),
1739 982 1752 1015 :
1807 969 1863 1018 et

255 1078 489 1134 currant
534 1068 689 1126 multi
737 1068 791 1123 in
826 1062 1054 1127 edem
1091 1068 1493 1136 unguentorum
1543 1060 1859 1114 nostrorum

258 1166 437 1241 (Cum.
467 1163 529 1236 ι).
1354 1222 1357 1225 η

329 1255 498 1313 Stella
525 1254 670 1309 lucet
695 1250 946 1308 etiamin
974 1256 1153 1315 nocte,
1188 1255 1243 1304 et
1268 1261 1391 1313 nos,
1424 1244 1645 1308 fratres,
1677 1243 1731 1297 in
1760 1254 1863 1295 no-

256 1356 346 1406 ete
378 1347 542 1419 huius
586 1344 769 1402 saeculi
820 1342 1123 1407 luceamus,
1176 1339 1475 1397 secundum
1527 1334 1672 1405 quod
1721 1332 1863 1388 scri-

250 1451 407 1517 ptlm
432 1449 550 1497 cs1:
587 1456 609 1492 r
638 1438 783 1495 inter
812 1451 949 1507 quos
977 1434 1209 1499 lucetis,
1227 1430 1386 1503 quasi
1424 1426 1718 1484 luminaria
1752 1423 1861 1480 fixa

256 1533 317 1589 in
348 1531 693 1589 ﬁrmamento
737 1526 907 1599 (Phil.
937 1525 1022 1599 ιι).
1067 1545 1084 1579 ι
1120 1524 1329 1582 Contra
1360 1520 1744 1577 haereticorum
1778 1524 1862 1572 tc-

258 1626 459 1681 nebras
506 1620 791 1694 sapientia:
842 1619 1048 1675 lumine
1091 1617 1500 1688 splendeamus,
1550 1612 1678 1683 quia
1725 1609 1864 1667 scri-

251 1722 403 1787 ptum
430 1721 550 1769 est:
579 1731 597 1765 ι
625 1711 817 1783 Capite
848 1710 1007 1766 nobis
1036 1708 1370 1780 vulpeculae,
1399 1722 1522 1778 qua:
1550 1700 1851 1761 demolien-

1962 465 2343 547 venerunt'ad
2382 480 2725 539 adorandum
2742 465 2971 543 Solem;
3005 485 3241 544 quorum
3268 477 3422 544 gesta
3464 467 3589 526 dili-

1964 592 2157 658 genter
2180 578 2394 653 singula
2426 575 2797 647 attendamus,
2822 568 3109 626 Venerunt
3128 580 3261 636 ergo
3284 564 3353 620 ab
3374 562 3590 621 oriente

1965 656 2400 748 Hierosolymam
2428 712 2443 737 ,
2494 676 2550 724 et
2602 662 3085 731 «invenissent,
3137 656 3585 748 inquisiverunt:

1969 788 1989 822 ι
2028 746 2129 825 Ubi
2154 774 2240 822 est
2266 764 2357 835 qui
2388 769 2549 817 natus
2597 768 2682 815 est
2708 758 2804 811 litis
2830 754 3146 811 Iudaeorum
3175 747 3399 822 (Matth.
3424 746 3533 821 n)?
3561 762 3584 802 ι

1963 859 2102 918 Cum
2135 857 2517 931 pervenissent
2543 853 2611 907 ad
2643 852 2846 924 locum,
2879 845 3271 918 prociderunt;
3306 855 3436 897 cum
3462 853 3592 912 pro-

1901 938 1915 965 ’
1964 930 2267 1019 eluissent,
2301 950 2701 1012 adoraverunt;
2759 944 2885 1013 eum
2947 930 3318 1003 adorasscnt'}
3360 950 3591 993 macra

1964 1048 2297 1105 obtulerunt.
2329 1043 2621 1099 Venerunt
2643 1048 2777 1111 ergo
2808 1032 3147 1106 infatigabili
3170 1031 3381 1095 labore,
3408 1026 3595 1100 inqui-

1965 1143 2212 1198 siverunt
2234 1136 2461 1209 provida
2488 1130 2876 1195 sollicitudine,
2904 1126 3260 1199 prociderunt
3282 1120 3465 1209 debita
3491 1121 3597 1177 hu-

1964 1201 2290 1294 manus,
2340 1228 2715 1282 adoravcrunt
2753 1218 2959 1277 mentis
2989 1201 3315 1282 devotione:
3361 1212 3593 1271 numera

1965 1325 2285 1381 obtulerunt
2313 1323 2526 1393 integra
2552 1318 2677 1374 fidei
2709 1315 3002 1387 religione;
3048 1332 3067 1365 ι
3106 1318 3165 1366 et
3191 1307 3511 1366 obtulerunt
3538 1306 3595 1363 ei

1967 1438 2182 1489 aurum,
2234 1422 2362 1478 thus
2409 1428 2464 1474 et
2508 1408 3043 1491 myrrhaaulbid.).
3083 1425 3103 1461 ι
3139 1405 3285 1464 Ecce
3334 1401 3598 1476 primitiat

1966 1516 2209 1590 gentium
2256 1513 2438 1586 primo
2479 1524 2674 1581 puram
2700 1498 2791 1562 ’e‘i’
2836 1504 3106 1575 integram
3140 1493 3593 1590 ildempﬂerunt.

1965 1588 2295 1663 Cbtulerunt
2322 1603 2470 1660 enim
2500 1601 2627 1656 thus
2648 1598 2785 1663 Deo,
2813 1595 3097 1667 myrrham
3129 1588 3369 1655 mortali,
3395 1600 3596 1643 aurum

1963 1701 2103 1774 regi.
2136 1698 2287 1755 Thus
2314 1711 2413 1768 per
2453 1694 2617 1750 ﬁdem
2664 1687 2969 1748 divinitatis
2992 1727 3007 1752 ,
3056 1682 3347 1757 myrrham
3392 1693 3493 1751 per
3525 1676 3595 1733 li-

252 1778 345 1869 tor
366 1810 578 1867 vineam
610 1778 1029 1879 Dominiwam.
1064 1778 1149 1877 ιι).
1187 1824 1206 1857 ι
1238 1805 1473 1876 Propter
1500 1802 1644 1873 quod
1674 1798 1860 1856 Domi-
1890 1783 1937 1846 Β
1965 1795 2088 1851 dem
2139 1786 2503 1849 humanitatis
2527 1828 2543 1853 ,
2592 1778 3135 1879 ,siveﬁmortalitati-s
3159 1816 3176 1844 ,
3238 1787 3437 1879 aurum
3496 1785 3599 1842 per
3626 1822 3629 1825 .

254 1917 359 1959 nus
400 1901 615 1971 inquit:
647 1918 666 1952 ι
701 1898 891 1955 Estote
934 1896 1235 1969 prudentes
1280 1895 1423 1952 sicut
1466 1901 1771 1965 serpentes,
1798 1897 1861 1947 et

253 1974 529 2067 simplices
553 1990 697 2047 sicut
724 1987 991 2046 columba
1021 1987 1240 2059 (Matth.
1266 1986 1346 2058 ι).
1382 2005 1403 2039 ι
1444 1986 1539 2041 Sic
1560 1999 1713 2056 ergo,
1742 1982 1857 2038 fra-

248 2090 381 2150 tres,
414 2084 483 2139 ad
508 2096 698 2138 verum
730 2080 900 2137 solem
926 2078 1230 2151 poterimus
1254 2079 1563 2152 pervenire,
1598 2077 1645 2133 si
1674 2075 1856 2145 Virgi-

250 2174 340 2231 nis
372 2184 429 2231 et
456 2174 628 2230 stella
657 2181 861 2229 nostra
885 2172 1116 2244 vestigia
1146 2171 1410 2228 fuerimus
1437 2166 1653 2227 imitati.

323 2266 382 2321 In
409 2265 525 2322 sole
555 2273 737 2321 autem
769 2265 1011 2336 quinque
1046 2263 1425 2336 principaliter
1472 2263 1853 2318 attenduntur.

251 2346 346 2414 Sol
392 2356 855 2412 incommutabilis
896 2364 983 2413 est
1027 2357 1086 2412 in
1130 2371 1229 2421 se,
1277 2372 1403 2412 eum
1454 2355 1580 2411 luna
1627 2353 1858 2427 singulis

249 2446 528 2504 mensibus
553 2455 936 2503 commutatur.
964 2447 1022 2502 In
1050 2446 1165 2503 sole
1187 2456 1273 2504 est
1294 2446 1437 2503 nulla
1467 2428 1702 2519 macula,
1731 2460 1856 2501 cum

248 2551 464 2609 semper
494 2539 705 2595 macula
733 2539 807 2595 sit
840 2540 895 2595 in
936 2539 1087 2594 luna.
1123 2538 1219 2595 Sol
1247 2539 1414 2595 habet
1458 2539 1855 2611 plenitudinem

247 2634 491 2705 luminis,
526 2652 556 2691 a
589 2652 698 2707 quo
733 2644 790 2691 et
830 2635 936 2691 alia
985 2636 1274 2692 luminaria
1324 2635 1507 2692 lumen
1558 2636 1855 2709 accipiunt.

249 2727 342 2785 Sol
389 2729 515 2784 licet
555 2729 629 2783 sit
667 2728 1050 2793 immutabilis,
1094 2728 1367 2784 interdum
1420 2738 1602 2785 tamen
1651 2729 1860 2800 patitur

250 2820 530 2893 eclypsim.
582 2820 673 2875 Sol
705 2836 919 2891 semper
947 2820 999 2892 ⁵
1026 2820 1169 2876 lueet
1200 2820 1253 2875 in
1281 2821 1389 2876 die.
1439 2819 1547 2876 Sed
1577 2821 1769 2877 eadem
1802 2822 1856 2877 in

249 2931 380 2972 vero
409 2914 529 2973 sole
552 2923 747 2971 nostro
771 2913 1004 2969 sollicite
1034 2914 1447 2985 investigemus.
1480 2912 1574 2969 Sol
1599 2914 1653 2969 in
1685 2928 1745 2969 se
1776 2915 1859 2969 in-

249 3006 743 3092 commutabilisest
767 3014 821 3060 et
840 3006 953 3076 ipse
967 3003 1219 3060 Christus
1233 3005 1532 3061 secundum
1552 3006 1855 3063 divinitatis

1965 1887 2129 1944 ﬁdem
2160 1885 2324 1956 regite
2369 1879 2675 1953 dignitatis.
2723 1875 2857 1932 Fuit
2906 1872 3054 1929 enim
3088 1870 3235 1927 Deus
3286 1876 3342 1924 et
3393 1866 3596 1935 homo,

1963 1977 2311 2043 Emmanuel,
2345 1974 2619 2031 nobiscum
2646 1970 2828 2036 Deus,
2862 1982 2986 2023 eum
3017 1964 3198 2019 factus
3224 1968 3309 2017 est
3340 1956 3510 2015 simul
3540 1957 3596 2014 in

1940 2086 2131 2131 .nnum
2150 2071 2312 2126 dives
2338 2075 2394 2123 et
2419 2076 2645 2138 pauper,
2680 2061 2897 2132 fuitque
2928 2072 2995 2115 ex
3022 2055 3173 2127 regia
3200 2052 3372 2119 tribu,
3402 2065 3599 2106 secun-

1964 2166 2091 2222 dum
2128 2162 2272 2235 quod
2305 2162 2358 2216 in
2397 2159 2515 2229 ejus
2569 2154 2890 2230 genealogia
2944 2148 3278 2206 describitur
3315 2164 3328 2199 :
3376 2163 3394 2197 ι
3430 2142 3600 2199 Liber

1964 2255 2335 2331 generationis
2370 2251 2502 2309 Jesu
2524 2248 2734 2309 animi
2781 2245 2881 2302 filii
2923 2241 3135 2308 David,
3185 2236 3285 2295 lilii
3312 2235 3597 2308 Abraham

1964 2349 2187 2426 (Matth.
2215 2352 2281 2414 l),
2322 2366 2341 2399 ι
2376 2352 2485 2401 etc.

2039 2440 2133 2497 Vel
2161 2438 2477 2496 obtulerunt
2504 2434 2624 2491 haec
2647 2431 2753 2487 tria
2780 2424 3113 2485 humanitati
3137 2420 3370 2485 Christi,
3396 2431 3594 2484 aruum

1964 2536 2097 2609 regi,
2133 2531 2405 2589 sacerdoti
2440 2529 2587 2595 thus,
2613 2524 2898 2600 myrrham
2930 2518 3169 2577 mortali.
3194 2516 3325 2573 Fuit
3353 2512 3503 2609 enim
3526 2526 3598 2609 ex

1963 2603 2111 2702 regia
2156 2637 2213 2683 et
2257 2621 2591 2682 sacerdotali
2622 2620 2791 2676 tribu.
2836 2614 2963 2671 Fuit
2995 2628 3115 2677 rex,
3150 2610 3281 2682 quia
3315 2604 3511 2702 habuit
3540 2603 3597 2659 in

1962 2700 2325 2784 vestimento,
2372 2727 2430 2773 et
2476 2716 2531 2771 in
2578 2713 2789 2770 femore
2817 2724 2920 2766 suo
2949 2706 3219 2778 scriptum
3254 2720 3268 2757 :
3308 2721 3326 2753 ι
3360 2700 3479 2756 lies
3510 2712 3598 2755 rec

1962 2826 2114 2887 gum,
2161 2820 2219 2867 et
2266 2794 2531 2865 Dominus
2578 2802 2980 2861 dominantium
3010 2797 3200 2870 (Apoc.
3234 2794 3376 2887 ιιι).
3416 2790 3598 2887 il'uit

1961 2884 2025 2963 et
2046 2905 2305 2961 sacerdos
2345 2890 2648 2957 secundum
2678 2895 2930 2953 ordinem
2973 2886 3373 2948 Melchisedech
3406 2884 3592 2960 (Patri.

1962 2985 2076 3069 crit)
2130 2996 2281 3068 regis
2327 2991 2552 3058 Salem’,
2609 2989 2703 3061 qui
2751 2985 3011 3045 sacerdos
3069 2984 3176 3041 fuit
3231 2982 3328 3039 Dei
3383 2980 3589 3037 summi

240 3099 539 3171 potentiam
565 3076 780 3168 semper
812 3070 1274 3160 incommutabilis
1319 3107 1657 3166 perseverat.
1700 3097 1927 3179 Undqh
1965 3086 2177 3160 (Germ.
2204 3101 2333 3151 XIV;
2362 3083 2528 3179 Htlfr-
2558 3074 2839 3179 "Omnia
2870 3092 2977 3133 non
3002 3091 3102 3148 per
3116 3074 3457 3179 sanguinem
3480 3070 3598 3132 hir-

242 3164 359 3261 ipse
402 3192 477 3246 ait
510 3209 524 3247 :
560 3208 580 3242 ι
616 3164 728 3261 Ego
759 3204 881 3245 sum
915 3188 1080 3254 Deus,
1108 3196 1163 3243 et
1192 3203 1301 3243 non
1320 3164 1511 3243 mutor
1541 3187 1700 3260 (Mal.
1728 3187 1813 3260 tu)
1834 3164 1929 3254 ς’(ἒ
1962 3194 2172 3244 conm),
2210 3188 2304 3235 aut
2335 3176 2655 3241 vitulorum,
2689 3173 2786 3230 sed
2814 3186 2913 3242 per
2942 3169 3228 3243 proprium
3261 3166 3595 3261 sanguinem
3642 3187 3657 3205 ο

239 3284 385 3361 apud
415 3298 577 3352 quem
610 3299 717 3343 non
745 3290 830 3338 est
858 3281 1283 3345 transmutatio,
1316 3296 1419 3341 nec
1459 3281 1855 3343 vicissitudinis

240 3376 588 3432 obdmbratio
614 3374 757 3447 (Jac.
794 3374 859 3447 ι).
901 3394 921 3428 ι
973 3375 1032 3430 In
1068 3373 1182 3429 sole
1212 3374 1357 3429 nulla
1386 3383 1467 3430 est
1517 3374 1767 3439 macula;
1796 3381 1857 3429 et

241 3469 363 3538 ipse
376 3476 483 3531 ut,
512 3468 603 3537 qui
636 3465 991 3537 singulariter
1018 3466 1304 3537 ingressus
1328 3474 1411 3521 est
1445 3468 1707 3521 mundum
1738 3465 1856 3521 sine

239 3560 452 3615 macula
486 3578 504 3610 ι
544 3560 634 3629 qui
664 3565 952 3628 peceatum
983 3572 1092 3612 non
1126 3557 1277 3622 fecit,
1330 3572 1431 3613 nec
1478 3558 1732 3613 inventus
1771 3566 1853 3613 est

240 3648 398 3704 dolus
427 3650 479 3704 in
505 3664 615 3734 ore.
631 3649 750 3720 ejus
783 3647 945 3721 (Isai.
979 3646 1121 3721 LIII).
1164 3667 1182 3700 ι
1220 3647 1313 3703 Sol
1356 3648 1526 3704 habet
1555 3648 1853 3718 plenitudi-

239 3750 365 3797 nem
399 3741 653 3807 luminis;
686 3750 742 3795 et
764 3741 819 3795 in
845 3755 912 3796 eo
936 3740 1207 3817 habitavit
1236 3740 1519 3811 plenitudo
1548 3741 1855 3797 divinitatis

240 3832 602 3903 corporaliter
632 3831 769 3904 (Col.
797 3836 882 3902 ιι),
912 3831 1003 3888 cui
1044 3846 1159 3889 non
1184 3840 1274 3889 est
1320 3832 1481 3889 datus
1516 3832 1754 3905 Spiritus
1785 3833 1855 3889 ad

238 3938 552 3982 mensuram
586 3925 918 3996 (leonum),
949 3927 1060 3982 imo
1078 3925 1149 3993 de
1178 3926 1518 3997 plenitudine
1545 3928 1667 3999 ejus
1692 3942 1851 3984 acce-

241 4019 421 4091 pimus
438 4034 627 4075 omnes
642 4019 875 4089 gratiam
901 4034 1001 4090 pro
1021 4018 1399 4092 gratiauoan.
1427 4020 1490 4091 l),
1516 4021 1735 4091 quando
1756 4032 1857 4076 tm-

239 4121 500 4182 guentum
529 4127 559 4165 a
584 4112 761 4181 capite
788 4111 1073 4168 descendit
1107 4122 1287 4182 usqu
1313 4112 1385 4167 ad
1420 4111 1651 4168 barbam
1678 4153 1692 4179 ,
1735 4122 1791 4169 et
1823 4128 1853 4168 a

235 4204 407 4261 barba
440 4203 669 4260 stillavit
696 4190 927 4260 in‘oram
952 4203 1264 4261 vestimenti
1295 4204 1470 4276 (Paul.
1497 4205 1737 4276 cum):
1761 4189 1854 4262 Sol

236 4298 511 4354 interdum
534 4298 740 4369 patitur
762 4297 1024 4376 eclypsim
1049 4315 1063 4365 ;
1093 4308 1149 4353 et
1176 4299 1293 4369 ipse
1315 4298 1568 4355 Christus
1588 4298 1851 4372 et-lypeim

234 4392 429 4448 mortis
460 4407 652 4463 passus
674 4400 760 4449 est
780 4393 834 4447 in
858 4392 1133 4463 passione;
1155 4393 1376 4464 quando
1399 4395 1628 4452 recessit
1657 4394 1855 4451 Pastor

235 4484 421 4540 ovium
446 4526 459 4548 ,
503 4500 713 4553 ponens
760 4485 999 4539 animam
1028 4474 1133 4556 pro
1155 4483 1359 4543 ovibus
1392 4489 1507 4544 suis
1550 4488 1739 4561 (John.
1767 4490 1847 4561 ι),

238 4592 261 4628 ι
296 4583 353 4630 et
393 4576 673 4641 inclinat.
701 4577 882 4648 capite
908 4577 1095 4634 emisit
1125 4574 1379 4649 spiritum
1426 4579 1608 4651 (lauri.
1641 4584 1777 4652 xix).
1825 4601 1842 4634 ι

232 4666 328 4726 Sol
363 4662 579 4739 semper
612 4670 756 4726 lucet
784 4671 836 4726 in
866 4672 983 4740 die;
1014 4681 1071 4729 et
1100 4673 1217 4745 ipse
1246 4672 1531 4742 Dominus,
1558 4685 1847 4747 postquam

234 4762 572 4833 resurgendo
603 4765 944 4836 consumpsit
974 4765 1228 4821 tenebras
1249 4774 1452 4823 nostrae
1476 4764 1849 4835 mortalitatis,

236 4876 255 4909 ι
300 4871 589 4926 resurgens
622 4873 690 4912 ex
722 4857 1090 4927 mortuisjam
1132 4874 1239 4914 nou
1286 4861 1539 4929 moritur,
1587 4872 1740 4917 mors
1771 4861 1846 4917 illi

230 4948 375 5003 ultra
405 4963 511 5003 non
543 4950 910 5005 dominabitur
936 4944 1110 5022 (Roth.
1140 4956 1241 5023 Vl).
1279 4972 1296 5004 ι
1336 4947 1442 5008 Sed
1466 4958 1646 5009 lucem
1682 4952 1841 5009 habi-

232 5046 317 5093 tat
344 5040 775 5096 inaeccssibilem
810 5041 861 5111 (1
896 5041 1032 5097 Tim.
1060 5044 1159 5115 vt),
1195 5054 1251 5099 et
1278 5046 1331 5099 in
1363 5059 1429 5101 eo
1461 5044 1699 5100 tenebrae
1731 5058 1836 5100 non

231 5141 364 5188 sunt
391 5132 510 5188 ulla:
541 5134 595 5205 (Ι
616 5135 777 5190 Joan.
809 5137 872 5206 ι).
912 5135 1069 5193 llune
1095 5137 1247 5194 solus
1278 5138 1458 5208 aquila
1494 5138 1736 5195 Joannes
1767 5140 1841 5194 ir-

230 5226 598 5282 reverberatis
654 5228 950 5295 luminibus
999 5229 1235 5285 intuitus
1282 5239 1367 5286 est
1418 5232 1472 5286 in
1529 5242 1648 5287 rota
1706 5247 1839 5297 sua,

227 5319 450 5387 quando
482 5320 617 5374 adeo
645 5320 750 5375 alte
776 5319 976 5375 volavit
999 5362 1013 5387 ,
1058 5324 1205 5392 quod
1236 5324 1281 5379 si
1310 5323 1470 5394 paulo
1495 5323 1660 5380 altius
1704 5325 1839 5380 luto-

228 5411 472 5479 nuisset,
523 5422 664 5470 totus
714 5414 945 5471 mundus
989 5431 1113 5472 eum
1159 5434 1359 5489 capere
1406 5436 1512 5475 non
1552 5416 1839 5491 potuisset,

225 5505 483 5575 inquiens
520 5526 531 5562 :
575 5527 594 5559 ι
630 5508 686 5564 in
716 5509 985 5580 principio
1033 5518 1154 5565 erat
1198 5508 1471 5579 Verbum,
1518 5522 1573 5568 et
1603 5514 1843 5570 Verbum

223 5607 350 5658 erat
393 5602 533 5670 apud
582 5602 748 5658 Deum
778 5644 793 5666 .
824 5603 1049 5674 egDeus’
1080 5613 1199 5659 erat
1238 5603 1475 5660 Verbum
1504 5606 1685 5677 (Joan.
1714 5608 1779 5679 ι).
1818 5629 1836 5663 ι

305 5691 441 5765 Magi
475 5708 605 5765 ergo
632 5696 917 5751 illuminati
952 5711 980 5751 a
1013 5694 1125 5751 sole
1155 5697 1379 5753 veniunt
1410 5698 1478 5755 ad
1509 5698 1715 5769 Solem,
1744 5702 1838 5775 qui

302 5806 451 5881 (HO)
479 5806 674 5882 ϐιρδς
698 5807 883 5865 homil.
912 5807 978 5865 l3
1009 5808 1061 5866 in
1091 5807 1296 5887 Evang.

1960 3272 2209 3331 introivit
2255 3269 2428 3327 semel
2472 3269 2527 3325 in
2580 3275 2771 3324 sancta
2797 3306 2812 3331 ,
2851 3273 3056 3319 attenta
3091 3262 3470 3332 redemptione
3503 3260 3595 3316 in-

1959 3375 2122 3422 venta
2162 3363 2351 3436 (Hebr.
2383 3362 2487 3435 ult
2523 3358 2841 3417 t‘Conversi
2879 3358 3026 3414 enim
3060 3370 3253 3412 sumus
3294 3354 3366 3410 ad
3411 3362 3597 3426 pasto-

1959 3475 2075 3515 rem
2099 3468 2153 3514 et
2173 3457 2493 3527 episcopum
2517 3453 2829 3508 animarum
2852 3457 3174 3511 nustnsrum
3197 3444 3249 3519 (1
3272 3442 3422 3503 Patr.
3448 3444 3536 3517 ιι).
3567 3463 3588 3500 ι

1959 3550 2088 3607 Fuit
2112 3550 2280 3604 etiam
2305 3547 2364 3619 θ
2384 3542 2657 3609 mortalis,
2682 3538 2811 3613 qui!
2828 3558 2859 3593 ,ι
2890 3553 3021 3595 vere
3046 3537 3342 3610 languores
3371 3543 3594 3593 nostros

1961 3642 2077 3711 ipse
2106 3639 2248 3706 tulit,
2273 3647 2329 3694 et
2354 3636 2573 3692 dolores
2598 3642 2818 3689 nostros
2846 3631 2964 3702 ipse
2984 3627 3222 3711 portam
3244 3625 3532 3701 (Ιαιιιι)
3566 3646 3588 3681 ι

1961 3734 2015 3789 in
2044 3745 2273 3801 corpore
2301 3744 2401 3785 suo
2431 3741 2598 3799 super
2628 3724 2860 3797 lignum.
3046 3702 3070 3727 τ
3176 3734 3179 3741 ’

2032 3822 2377 3880 Ηωσιθωεηι
2407 3822 2524 3892 ipsa
2554 3816 2763 3891 Virgo.
2810 3812 2970 3871 stella
3007 3812 3199 3879 maris,
3232 3810 3432 3876 obtulit
3476 3809 3593 3868 Soli

1959 3926 2091 3972 nato
2131 3930 2230 3971 suo
2259 3914 2315 3969 in
2341 3926 2583 3985 persona
2610 3926 2728 3965 sua.
2768 3907 2982 3966 Obtulit
3008 3906 3160 3962 enim
3193 3920 3389 3961 aurum
3423 3904 3593 3977 regite

1958 4007 2261 4080 dignitatis,
2296 4006 2423 4075 quia
2452 4002 2558 4059 fuit
2603 4004 2721 4073 ipsa
2767 4001 2837 4057 de
2878 3998 3025 4070 regia
3060 3998 3253 4089 .tribu,
3288 3999 3593 4055 secundum

1957 4101 2105 4172 quod
2160 4100 2213 4155 in
2267 4100 2415 4155 dicta
2444 4095 2765 4170 genealogis
2814 4093 3069 4167 legitur:
3113 4111 3132 4146 ι
3170 4089 3345 4150 Jacob
3401 4093 3594 4163 genuit

1956 4192 2161 4264 Ioseph
2189 4193 2370 4256 virs.
2397 4190 2603 4262 Maria,
2634 4190 2701 4245 de
2727 4202 2838 4260 qua
2862 4195 3025 4244 natus
3052 4194 3139 4242 est
3158 4184 3343 4251 Jesus,
3375 4185 3470 4255 qui
3499 4200 3591 4241 vo-

1957 4295 2112 4343 catur
2165 4284 2421 4342 Gbristus
2470 4278 2693 4357 (Hatth.
2723 4282 2787 4352 I).
2831 4300 2849 4333 ι
2892 4278 3106 4337 Obtulit
3150 4278 3317 4333 etiam
3368 4278 3499 4334 thus
3531 4286 3592 4335 et

1960 4379 2272 4452 myrrham;
2302 4377 2444 4431 unde
2472 4376 2526 4430 in
2557 4375 2789 4434 Cantico
2832 4372 3039 4429 amoris
3081 4372 3202 4428 htec
3242 4371 3351 4426 duo
3381 4370 3436 4426 in
3465 4370 3586 4442 ipsa

1951 4474 2277 4547 junguntur,
2309 4470 2402 4527 ubi
2432 4470 2636 4527 dicitur
2662 4487 2677 4525 :
2714 4487 2731 4521 t
2766 4467 2900 4538 Quae
2922 4476 3009 4523 est
3032 4467 3157 4532 ista,
3189 4480 3313 4539 quae
3339 4464 3592 4522 ascendit

1955 4581 2056 4639 per
2083 4565 2361 4621 desertum
2390 4563 2536 4619 sicut
2565 4560 2777 4635 virgula
2812 4559 2949 4617 fumi
2972 4576 3037 4617 ex
3063 4558 3406 4617 aromatibus
3434 4574 3590 4633 myr-

1957 4659 2089 4723 rhte,
2155 4667 2223 4712 et
2275 4657 2470 4720 thuris,
2542 4655 2784 4711 universi
2847 4652 3089 4725 pulveris
3124 4650 3521 4725 pigmentarii?
3561 4671 3582 4706 ι

1957 4750 2139 4823 (Cant.
2163 4748 2273 4821 nt.)
2291 4750 2513 4822 Myrrha
2537 4757 2685 4806 arcet
2709 4761 2929 4803 vermes
2945 4744 3315 4817 acorporibus
3344 4751 3591 4820 mqrtuo-

1959 4858 2079 4899 ram
2103 4885 2116 4907 ,
2143 4852 2201 4899 et
2223 4843 2336 4913 ipsa
2362 4855 2592 4913 corpora
2622 4848 2916 4917 conservat
2952 4854 2983 4894 a
3011 4837 3370 4910 corruptione
3396 4878 3412 4906 ,
3453 4854 3587 4909 pro-

1957 4934 2265 5007 pter'quod
2312 4933 2645 4989 Nicodetnus
2675 4932 2861 4987 attulit
2902 4931 3192 4988 misturam
3246 4930 3486 5002 myrrha:
3531 4940 3589 4988 et

1948 5029 2103 5084 aloes
2136 5026 2321 5099 (Joan.
2349 5027 2490 5096 xu),
2521 5035 2583 5082 ut
2603 5024 2857 5083 condiret
2878 5038 3081 5096 corpus
3108 5023 3261 5080 Jesu.
3298 5024 3403 5081 Per
3430 5039 3588 5095 myr-

1952 5122 2104 5175 rham
2137 5136 2268 5192 ergo
2300 5120 2485 5176 carnis
2535 5118 2823 5189 integritas
2873 5116 3196 5189 designatur
3217 5155 3233 5183 ,
3291 5116 3418 5172 titus
3449 5131 3585 5175 vero

1953 5216 2155 5270 mentis
2204 5214 2468 5286 exprimit
2510 5211 2886 5269 devotionem.
2926 5210 3076 5268 Bene
3122 5226 3255 5283 ergo
3318 5212 3403 5268 ba
3464 5211 3588 5269 duae

1952 5308 2166 5377 species
2203 5308 2256 5361 in
2289 5306 2468 5371 stella,
2497 5314 2553 5361 et
2578 5306 2729 5379 virga
2772 5313 2962 5361 nostra
2994 5298 3335 5377 junguntur,
3368 5304 3495 5375 quia
3530 5305 3585 5361 in

1958 5399 2168 5471 virgine
2202 5398 2369 5454 Maria
2420 5398 2607 5455 carnis
2653 5398 2978 5469 integritas,
3029 5406 3085 5453 et
3117 5399 3322 5455 mentis
3363 5398 3585 5455 devotio

1956 5511 2174 5567 semper
2238 5495 2469 5551 indivisa
2524 5503 2871 5551 manserunt.
2927 5494 2997 5550 Et
3050 5494 3249 5551 merito
3313 5494 3581 5552 additur:

1960 5605 1980 5639 ι
2018 5588 2259 5644 universi
2286 5588 2527 5658 pulveris
2549 5587 2930 5660 pigmentarii;
2970 5606 2987 5640 ι
3019 5588 3146 5659 quia
3176 5588 3293 5660 ipsa
3318 5587 3456 5643 adeo
3480 5587 3584 5644 fuit

1952 5682 2110 5741 donis
2138 5682 2379 5756 Spiritus
2423 5682 2601 5741 sancti
2633 5680 2879 5754 referta,
2930 5690 2992 5749 ιιι
3040 5682 3235 5741 audire
3269 5682 3580 5744 meruerit:
