5428 6606
1855 330 1957 391 ΙΝ
2415 326 2470 380 S.
2510 323 2709 380 PETRI
2749 323 3027 380 DAIIANI
3065 321 3214 379 OPP.
3259 315 3434 374 PARS
3474 316 3602 372 SEU
3647 316 3881 376 TOIUS
3921 317 3980 374 ll.
4015 348 4081 362 —-
4122 315 4511 376 BMONES.
5013 316 5116 375 ιη

1860 465 1884 504 s
1911 448 2044 509 Ave,
2076 449 2247 515 gratia
2279 439 2468 510 plena,
2512 438 2768 494 Dominus
2807 447 3015 504 tecum,
3062 434 3339 492 benedicta
3373 441 3428 486 tu
3459 433 3507 493 Α
3537 442 3748 488 tuerunt
3799 433 3981 504 (Prov.
4043 435 4213 504 xrtv).
4283 453 4300 485 ι
4361 431 4564 490 Statuit
4610 445 4849 504 namque
4905 432 5118 506 loyc-

1854 537 1912 594 in
1966 531 2309 606 mulieribus,
2332 601 2337 608 _
2361 539 2416 584 et
2464 529 2779 585 benedictus
2832 528 3039 586 fructus
3091 525 3292 581 ventris
3349 525 3426 579 tui
3534 529 3788 583 terminos
3825 538 4016 582 contra
4043 537 4282 582 montem
4316 524 4489 592 Sinai,
4523 539 4633 597 quo
4662 525 4978 592 tum
5010 540 5120 583 In

1857 627 2010 699 (Lac.
2039 624 2100 694 l).
2145 643 2162 674 ι
2192 621 2447 692 Sicergo,
2474 620 2686 684 fratres,
2710 621 3017 676 obtulerunt
3042 619 3202 690 magi,
3230 617 3428 672 obtulit
3532 621 3725 676 licebat
3757 619 3952 684 (Exod.
3985 621 4120 684 ιιι).
4169 618 4234 673 Et
4265 620 4472 673 utinam
4516 619 4652 674 istos
4694 617 4964 673 ter-inus
4987 616 5120 673 εὖ

1851 716 2084 786 at-virgo
2112 713 2278 775 laria
2314 714 2465 770 stella
2497 723 2702 795 nostra.
2735 713 2801 769 Et
2828 713 2951 781 quia
2980 711 3224 781 empla
3265 710 3428 766 dede-
3531 712 4014 781 transgrediantur,
4066 709 4307 780 alioquin
4342 708 4614 780 lapidibus
4641 717 4806 765 erunt
4831 708 5009 781 tibi.
5043 708 5118 766 ιι

1851 816 1978 866 runt
2006 808 2180 871 nobis,
2208 822 2336 878 ergo
2361 815 2415 861 et
2444 821 2543 861 sos
2572 803 2645 861 ιιι
2676 804 2954 860 faciamus.
3356 847 3363 858 .
3531 806 3630 861 hac
3674 805 3906 873 pendent
3949 803 4120 874 clypei
4150 801 4318 868 ille,
4349 801 4617 872 perfectio
4647 800 4908 858 videlicet
4930 811 5142 858 auctor

1925 897 2202 954 Venerunt
2231 897 2389 967 magi,
2426 896 2703 950 veniamus
2746 903 2799 948 et
2843 909 2958 956 nos,
3007 893 3128 962 quia
3166 893 3426 963 scriptum
3531 898 3770 958 rituum,
3803 911 3921 964 qna-
3952 905 4034 950 est
4058 895 4124 948 ad
4155 895 4550 950 munimentum
4578 893 4768 964 ipsius.
4797 893 4926 952 ﬂat:
4952 895 5122 952 turb

1802 1040 1808 1047 .
1851 999 1935 1048 est
1965 1010 1977 1044 :
2013 1008 2032 1042 ι
2063 988 2259 1058 (Venite
2288 989 2355 1043 ad
2383 1003 2491 1051 me,
2516 1001 2704 1042 omnes
2739 988 2829 1056 qui
2862 985 3117 1040 laboratis
3142 996 3196 1038 et
3219 984 3429 1041 onerati
3530 991 3746 1061 ponitur
3793 998 3978 1043 contra
4035 988 4358 1043 Damascu
4380 1027 4396 1051 ,
4451 985 4661 1042 scilicet
4708 995 4902 1042 contra
4953 985 5124 1042 rubr

1852 1083 2025 1148 estis,
2071 1091 2125 1137 et
2166 1096 2266 1152 ego
2316 1079 2553 1136 reiciam
2585 1095 2678 1135 vos
2709 1078 2920 1148 (lana.
2948 1081 3048 1144 ιι).
3098 1099 3115 1129 ι
3153 1078 3217 1132 Et
3263 1078 3425 1134 alibi:
3530 1083 3928 1138 haereticorum.
3955 1081 4108 1136 Aliud
4149 1080 4563 1140 funda-cntum
4588 1078 4917 1146 albam
4941 1087 5125 1147 potat

1858 1192 1880 1229 ι
1915 1172 2104 1230 Venite
2131 1173 2198 1228 ad
2227 1189 2329 1238 me,
2358 1173 2446 1243 qui
2475 1172 2852 1240 concupiscitis
2879 1186 2965 1226 me
2991 1169 3180 1238 (Eun.
3207 1174 3376 1240 xxiv).
3406 1191 3424 1223 ι
3529 1189 3748 1243 ponere,
3775 1183 3967 1242 praeter
4000 1173 4051 1226 iil
4080 1173 4222 1240 quod
4254 1172 4490 1241 positum
4512 1179 4620 1233 est,
4648 1171 4794 1240 quod
4818 1172 4908 1227 est
4929 1168 5121 1226 Chris-

1851 1260 2219 1338 lnquisiérunt
2241 1268 2401 1338 magi,
2430 1267 2766 1336 inquiramus
2788 1275 2842 1321 et
2868 1281 2986 1328 nos,
3015 1266 3140 1334 quia
3161 1267 3428 1336 ‘ptum
3533 1275 3615 1320 tus
3641 1264 3798 1318 ιε-ευε
3826 1265 3876 1332 (l
3904 1265 4022 1319 Cor.
4055 1266 4158 1332 ιιι),
4186 1265 4235 1318 id
4258 1273 4344 1319 est
4372 1264 4695 1335 mysterium
4725 1261 4954 1318 Christi.

1848 1368 1934 1416 est
1957 1377 1976 1413 ι
2005 1376 2024 1409 ι
2064 1356 2298 1424 Οιιετίιε
2350 1358 2668 1421 Dominum,
2722 1359 2847 1413 dum
2897 1358 3123 1413 inveniri
3176 1369 3369 1429 potest.
3406 1381 3423 1413 ι
3601 1356 3873 1410 lmmobile
3899 1355 4143 1425 profecto
4169 1363 4223 1409 et
4255 1353 4593 1408 immutabile
4622 1363 4708 1409 est
4735 1353 4947 1410 Christi
4975 1368 5125 1426 lyp

1847 1448 2206 1524 Prociderunt
2233 1451 2398 1520 magi,
2427 1449 2774 1521 plurimus
2796 1459 2850 1505 et
2874 1466 2991 1513 nos,
3020 1451 3144 1521 quia
3171 1453 3428 1520 scriptum
3532 1449 3745 1510 torium,
3791 1448 3916 1516 quia
3951 1447 4231 1516 multiplex
4276 1445 4466 1501 habuit
4495 1433 4894 1502 testimouim.
4925 1445 5126 1504 Habuit

1845 1552 1966 1600 est:
1997 1562 2016 1595 ι
2054 1543 2268 1607 Venite,
2298 1543 2644 1604 adoremut‘?
2659 1551 2713 1595 et
2739 1542 3078 1611 procidamus
3107 1551 3229 1596 ante
3259 1540 3425 1594 Deum
3528 1542 3670 1597 enim
3696 1542 4061 1596 testimonium
4087 1541 4388 1603 hominum,
4407 1539 4780 1596 testimonium
4803 1540 5121 1608 mulierum,

1840 1633 2014 1704 (Paul.
2049 1634 2215 1704 xcw).
2251 1623 2278 1684 ἰ
2317 1632 2699 1706 Adoraverunt
2726 1632 2886 1702 magi,
2914 1631 3200 1685 adoremus
3225 1639 3278 1684 et
3307 1645 3423 1693 nos,
3533 1635 3894 1687 testimonium
3919 1633 4187 1694 virorum,
4222 1632 4592 1687 testimonium
4615 1645 4831 1695 unum,
4866 1632 5124 1687 testimo-

1839 1727 1971 1798 quia
1996 1727 2256 1796 scriptum
2297 1734 2381 1780 est
2429 1743 2440 1778 :
2495 1743 2513 1775 t
2567 1725 2804 1779 Adorate
2861 1721 3143 1777 Dominum
3206 1724 3256 1777 in
3306 1721 3425 1776 aula
3457 1793 3480 1798 _
3533 1727 3678 1780 nium
3729 1735 4093 1784 terrenoruin,
4148 1723 4517 1777 testimonium
4548 1721 4839 1786 celerum,
4877 1725 5124 1780 testimo-

1839 1793 2021 1872 sancta
2059 1793 2174 1884 ejus
2210 1815 2381 1886 (Paul.
2417 1815 2637 1883 xxvm).
2677 1834 2696 1868 ι
2734 1813 3054 1872 Obtulerunt
3086 1813 3259 1884 magi,
3290 1813 3432 1872 oﬂes
3457 1793 3503 1854 Β
3532 1820 3674 1871 nium
3691 1811 5120 1884 gentilium,testimoniumhdmnrumJestimouium

1839 1923 2023 1964 ramus
2066 1917 2120 1964 et
2166 1922 2284 1970 nos,
2313 1907 2442 1977 quia
2491 1907 2756 1976 scriptum
2804 1916 2886 1961 est
2921 1925 2930 1958 :
2972 1926 2988 1957 ι
3021 1904 3260 1960 Obsecro
3303 1922 3418 1968 vos,

1841 1999 2057 2064 fratres,
2092 2010 2149 2054 ut
2175 2001 2480 2055 exhibeatis
2509 2014 2740 2069 corpora
2777 2008 2954 2054 vestra
2981 2000 3209 2053 hostiam
3235 1998 3418 2052 viven-

1841 2098 1969 2154 tem,
1994 2099 2257 2155 sanctam,
2284 2090 2392 2145 Deo
2409 2090 2736 2160 placentem,
2761 2088 3082 2144 rationabile
3103 2088 3420 2159 obsequium

1837 2191 2078 2239 vestrum
2120 2181 2299 2252 (Rom.
2345 2185 2466 2250 ιιι).
2515 2201 2534 2235 ι
2576 2180 2878 2237 Οσεηιιιιιι
2923 2191 2980 2236 et
3019 2195 3119 2235 nos
3156 2179 3242 2234 illa
3287 2183 3421 2245 tria,

1836 2290 1959 2348 quae
2000 2275 2306 2331 obtulerunt
2342 2274 2502 2345 magi,
2537 2274 2697 2329 aliter
2743 2283 2920 2328 tamen
2962 2287 3126 2342 quam
3155 2272 3253 2326 illi.
3279 2272 3419 2327 Olfe-

1841 2381 2026 2422 ramus
2079 2366 2354 2438 myrrham
2403 2364 2873 2429 mortlﬂcationis,
2931 2373 2989 2418 ut
3029 2364 3420 2418 mortificantes

1837 2468 2066 2526 corpora
2096 2462 2300 2519 nostra,
2346 2469 2466 2524 quae
2506 2462 2635 2508 sunt
2679 2467 2841 2524 super
2892 2463 3092 2508 terram
3138 2452 3274 2522 (Col.
3312 2457 3416 2520 ιιι),

1837 2545 2018 2602 urnis
2064 2559 2246 2602 curam
2276 2559 2383 2600 non
2429 2543 2699 2600 faciamus
2747 2544 2799 2598 in
2846 2543 3150 2608 desideriis,
3203 2544 3418 2597 cruciﬁ-

1835 2646 2028 2710 gentes
2045 2639 2279 2707 corpora
2306 2645 2492 2692 nostra
2517 2652 2640 2692 cum
2674 2636 2853 2701 vitiis,
2886 2645 2942 2691 et
2965 2635 3421 2704 concupiscentiis

1838 2726 2089 2800 (Gnl.'v);
2123 2737 2176 2785 et
2209 2729 2263 2784 in
2295 2729 2379 2786 bis
2404 2739 2585 2785 tamen
2611 2728 2861 2783 omnibus
2893 2727 3214 2783 rationabile
3240 2728 3332 2792 sit,
3365 2737 3422 2782 ut

1840 2822 2045 2878 dictum
2074 2830 2179 2888 est,
2210 2821 2528 2891 obsequium
2571 2828 2813 2875 nostrum
2843 2817 3023 2889 (Rom.
3059 2821 3177 2886 ιιι).
3203 2818 3412 2876 Odera-

1839 2929 1962 2972 mus
2006 2914 2130 2970 thus
2159 2914 2364 2971 devotae
2400 2911 2691 2978 orationis,
2734 2912 3030 2968 secundum
3069 2912 3212 2982 quod
3268 2913 3414 2982 Apo-

1847 3007 2023 3064 stolus
2043 3005 2120 3062 ait
2151 3026 2162 3060 :
2193 3024 2211 3058 t
2240 3004 2419 3062 Ornbo
2436 3003 2836 3076 spiritu,orabo
2863 3012 2918 3058 et
2948 3011 3164 3067 mente;
3193 3002 3418 3073 psallam

1835 3098 2046 3172 spiritu,
2082 3097 2309 3168 psallam
2349 3096 2417 3168 et]
2443 3086 2716 3165 mente?!
2747 3094 2870 3150 Cor.
2905 3096 3048 3162 xlv),
3098 3115 3118 3149 ι
3154 3105 3232 3159 ut,
3269 3114 3289 3146 ι
3325 3097 3406 3150 di-

1837 3147 2046 3263 rigatur
2068 3147 2243 3245 oratio
2281 3147 2567 3243 meajsicut
2605 3147 2883 3242 incensum
2922 3187 2972 3240 in
3000 3196 3290 3255 conspectu
3315 3186 3420 3243 Do-
3446 3147 3493 3212 ε

1837 3279 1971 3337 mini
1993 3277 2162 3348 (Psal.
2190 3269 2352 3346 (ιιι).
2378 3297 2396 3330 ι
2431 3275 2732 3334 Olennius
2760 3285 2815 3333 et
2838 3292 3051 3339 aurum,
3081 3277 3420 3347 splendorem

1839 3372 2150 3444 sapientiae;
2213 3386 2403 3426 aurum
2466 3384 2702 3441 namque
2769 3370 3090 3440 sap'entiam
3144 3369 3422 3441 designat,

1843 3461 1996 3537 quta
2025 3461 2153 3528 illud
2188 3481 2200 3516 :
2240 3481 2256 3514 ι
2297 3461 2608 3517 Thesaurus
2630 3460 3007 3517 desiderabilis
3047 3461 3339 3531 requiescit
3369 3464 3422 3516 in

1842 3567 1940 3610 ore
1983 3551 2240 3623 sapientis
2289 3549 2470 3620 (Prae.
2507 3550 2656 3617 ιιι),
2688 3570 2706 3602 ι
2741 3559 2802 3604 ιιι
2845 3551 3014 3606 simus
3056 3553 3230 3620 parati
3277 3553 3422 3607 omni

1842 3645 2082 3718 [insonti
2111 3639 2296 3708 de'ea,
2330 3659 2450 3714 quae
2485 3643 2536 3696 in
2587 3641 2742 3697 nobis
2771 3650 2872 3705 est,
2924 3641 3049 3704 fide,
3075 3652 3129 3696 et
3160 3658 3255 3713 spe
3304 3644 3424 3697 red-

1842 3736 1972 3795 dere
2003 3719 2302 3799 rationem,
2322 3744 2376 3790 et
2423 3733 2711 3805 splendore
2758 3733 3038 3804 sapientia
3092 3732 3419 3805 fulgeanius,

1841 3841 1898 3890 et
1922 3824 2106 3888 contra
2129 3829 2505 3885 haereticorum
2529 3826 2784 3884 tenebras
2804 3825 3056 3895 intrepidi
3079 3825 3418 3892 dimicemns,

1843 3933 2003 3995 atque
2034 3923 2213 3978 dicere
2241 3921 2510 3992 possimus
2545 3936 2559 3972 :
2599 3935 2618 3969 ι
2664 3917 2868 3973 Bonum
2900 3916 3031 3971 mibi
3075 3915 3161 3971 lex
3190 3916 3302 3971 oris
3346 3917 3423 3973 tul

1845 4032 2010 4086 super
2039 4016 2202 4072 millia
2225 4015 2342 4086 auri
2371 4023 2427 4070 et
2464 4011 2672 4084 argenti
2711 4007 2883 4082 (Psal.
2912 4009 3125 4078 cxvm).
3165 4028 3184 4062 i
3210 4009 3276 4065 Et
3310 4009 3422 4064 nti-

1844 4125 1968 4168 nam
2008 4125 2113 4166 non
2157 4109 2390 4180 possetis
2439 4106 2620 4162 dicere
2652 4105 2828 4176 potius
2861 4118 2876 4158 :
2915 4103 3124 4160 Bonum
3157 4103 3286 4158 mihi
3335 4102 3420 4160 lex

1848 4203 1961 4261 oris
1979 4201 2266 4259 Iustiniani
2288 4217 2452 4270 super
2466 4198 2629 4254 millia
2647 4196 2827 4268 auri']
2851 4196 3152 4266 etargenti,
3172 4216 3190 4246 v
3219 4195 3420 4251 Narra-

1840 4287 2034 4355 verunt
2053 4296 2181 4350 milii
2204 4295 2371 4363 iniqui
2395 4291 2769 4350 fabulationes,
2785 4289 2877 4344 sed
2900 4302 3007 4344 non
3025 4288 3098 4342 ita
3113 4295 3172 4342 ut
3191 4287 3274 4344 lex
3301 4295 3416 4354 tua,

1841 4389 2067 4447 Domine
2095 4385 2324 4460 (Ibid.);
2359 4404 2376 4436 ι
2424 4403 2444 4436 ι
2477 4380 2881 4450 dereliquerunt
2913 4393 3109 4434 venam
3147 4393 3413 4449 aquarum

3526 1911 3896 1975 antiquorum,
3956 1907 4324 1962 testimonium
4388 1906 4808 1970 modem".
4857 1909 5113 1963 testimo-

3526 2003 3671 2055 nium
3709 2001 3868 2060 lucis,
3905 2000 4271 2053 testimonium
4310 1998 4690 2062 tenebraru,
4723 1997 5109 2054 testimonium

3527 2093 3688 2162 legis,
3725 2092 4094 2146 testimonium
4138 2091 4558 2161 prophetarum,
4601 2091 4987 2146 testimonium
5037 2105 5124 2146 re-

3528 2201 3673 2254 gum,
3706 2184 4072 2237 testimonium
4105 2182 4408 2246 turbarum,
4443 2181 4816 2238 testimonium
4843 2183 5115 2248 vivorum,

3527 2277 3894 2331 testimonium
3947 2285 4315 2340 mortuorum,
4366 2274 4736 2330 ιιιιιίιιοιιι
4789 2274 5116 2340 bruma,

3528 2367 3898 2420 testiinonium
3932 2367 4086 2426 solis,
4140 2365 4513 2420 testimonium
4546 2353 4976 2421 eletaéutorum.
5013 2364 5122 2420 ﬂa-

3525 2458 3640 2512 buit
3669 2457 4030 2511 testimonium
4067 2457 4377 2520 hominum,
4413 2457 4537 2527 quia
4581 2464 4829 2527 pastores
4864 2469 5032 2512 erant
5059 2457 5114 2513 ia

3529 2552 3746 2618 regione
3794 2549 3912 2610 illa,
3955 2549 4044 2616 qui
4096 2548 4374 2604 venimus
4429 2548 4751 2603 iam
4795 2547 4865 2602 de
4905 2548 5113 2612 verbo,

3527 2642 3664 2695 sicut
3689 2641 3888 2692 dictum
3912 2648 4028 2692 erat
4046 2639 4110 2692 ad
4134 2653 4226 2694 eos
4255 2638 4322 2693 de
4343 2654 4509 2709 puero
4533 2637 4686 2708 (ιιι.
4712 2636 4798 2708 ιι).
4833 2635 5114 2696 ται-ο-

3526 2735 3672 2787 nium
3710 2732 4053 2799 angelorum,
4098 2732 4188 2801 qui
4228 2731 4450 2803 angelus
4503 2730 4718 2787 Domini
4768 2732 4922 2788 stetit
4954 2731 5114 2800 juxta

3527 2826 3664 2886 illos,
3699 2835 3752 2879 et
3782 2825 3918 2878 dixit
3950 2828 4027 2878 eis
4055 2842 4066 2876 :
4103 2844 4119 2875 ι
4152 2824 4291 2878 Ecce
4323 2823 4637 2894 evangelise
4667 2823 4822 2879 vobis
4849 2823 5114 2896 pudu-

3527 2932 3802 2986 magnum,
3834 2917 3958 2984 quia
3987 2924 4144 2969 natus
4172 2923 4254 2969 est
4294 2914 4453 2970 hodie
4485 2913 4738 2970 Salvator
4765 2916 4983 2980 mundi.
5018 2916 5115 2987 φὶ

3526 3020 3608 3065 est
3643 3009 3893 3064 Christus
3946 3007 4203 3062 Dominus
4240 3007 4293 3062 in
4345 3007 4564 3062 civitate
4615 3007 4782 3064 [κῆαι
4821 3005 5042 3080 (ιιι).
5091 3027 5112 3063 ι

3527 3100 3594 3155 Et
3637 3100 3779 3156 facta
3811 3109 3893 3155 est
3941 3115 4062 3154 cum
4116 3099 4309 3169 angelo
4347 3090 4634 3155 multitudo
4667 3101 4908 3158 edulia
4951 3116 5120 3160 el.-

3525 3194 3689 3258 cltus,
3724 3193 4056 3248 laudantium
4081 3192 4281 3262 Deum.
4311 3201 4366 3250 et
4391 3193 4690 3250 dicentium
4719 3212 4732 3247 :
4767 3213 4788 3246 ι
4831 3191 5028 3250 Gloria
5062 3195 5118 3251 ll

3524 3291 3754 3346 excelsis
3794 3289 3931 3352 Deo,
3966 3298 4020 3345 et
4053 3289 4106 3344 in
4148 3299 4292 3345 terra
4334 3303 4436 3360 pax
4476 3288 4792 3344 hominibus
4827 3287 4994 3345 bona
5019 3303 5120 3346 ve-

3525 3382 3746 3437 luntatis
3793 3380 4004 3450 (Ibit).
4059 3399 4076 3433 i
4117 3379 4318 3436 Habuit
4367 3380 4736 3438 testimouiuta
4781 3380 5116 3450 mlum,

3526 3475 3650 3542 quia
3697 3475 3846 3526 Anna
3895 3472 4235 3540 prophetissa
4289 3469 4397 3526 ﬁlia
4447 3469 4690 3527 Phanuel
4738 3471 5112 3530 «suam

3526 3563 3774 3625 Domino,
3800 3572 3853 3617 et
3887 3562 4207 3631 loquebatur
4243 3562 4308 3617 de
4353 3560 4444 3616 illo
4474 3560 4729 3617 omnibus
4760 3562 4854 3632 qui
4883 3576 5122 3634 exspue-

3528 3656 3711 3709 tabant
3762 3655 4186 3725 redemptionem
4235 3653 4397 3709 Israel
4439 3653 4651 3724 (Ibit).
4705 3651 4908 3725 [hbuit
4960 3657 5120 3711 tuti-

3526 3748 3765 3800 monium
3815 3722 4075 3808 virorum,
4117 3745 4242 3815 quia
4276 3760 4384 3800 uno
4420 3745 4507 3799 die
4550 3722 4801 3800 convt'irsi
4851 3755 4983 3800 sunt
5013 3747 5124 3804 tri

3523 3835 3711 3897 millia,
3739 3844 3793 3889 et
3818 3834 3923 3887 alio
3949 3834 4192 3903 quinque
4224 3815 4393 3889 milia
4422 3834 4560 3904 (Act.
4593 3849 4659 3896 tt;
4693 3833 4790 3900 tv),
4815 3833 4908 3902 qui
4964 3835 5122 3890 tati-

3523 3926 3765 3981 monium
3811 3923 4262 3993 perhibebantb
4297 3923 4446 3980 Jesu.
4497 3925 4694 3980 llabuit
4742 3926 5122 3982 Iesu-suain

3521 4034 3733 4083 senum,
3761 4018 3884 4088 quia
3926 4019 4180 4087 antiquus
4219 4017 4306 4073 ille
4327 4018 4538 4073 dierum
4573 4018 4814 4082 Simeon,
4839 4017 4999 4086 cuius
5029 4034 5124 4074 ca-

3522 4111 3629 4182 pilli
3659 4123 3818 4166 erant
3846 4112 3986 4166 sicut
4001 4110 4122 4166 lus
4149 4110 4396 4181 alba,qui
4423 4121 4708 4182 acceperat
4733 4127 5063 4182 responsum
5087 4129 5120 4168 a

3522 4203 3730 4275 Spiritu
3769 4213 3961 4260 sancto
3985 4218 4093 4259 non
4120 4204 4362 4258 visurum
4394 4219 4451 4259 se
4484 4212 4711 4257 mortem
4767 4202 4872 4258 nisi
4904 4203 5124 4260 videret

3519 4295 3794 4353 Christum
3821 4295 4057 4358 Domini,
4082 4294 4355 4366 accipiens
4373 4309 4496 4349 eum
4522 4295 4574 4348 in
4599 4293 4756 4351 ulnas
4773 4308 4922 4356 suas.
4941 4294 5120 4350 ﬁxit:

3525 4408 3545 4442 v
3578 4388 3730 4445 Nunc
3763 4389 3992 4443 dimittis
4033 4403 4250 4443 servum
4283 4395 4431 4442 tuum
4455 4427 4470 4451 ,
4509 4385 4761 4450 Domine,
4809 4389 5122 4444 secundum

1838 4480 2132 4538 viventium
2169 4476 2455 4533 Dominum
2481 4473 2616 4567 (Jer.
2651 4471 2835 4542 xvu),i
2867 4480 2932 4567 ut
2956 4471 3153 4567 merito
3184 4470 3309 4541 ipsa
3331 4484 3420 4524 sa-
3443 4505 3496 4567 υ
3521 4482 3935 4545 "mmmam,
3959 4481 3982 4536 ί]

2981 4471 3153 4567 ηετίιο
3184 4470 3309 4541 in“
3331 4484 3420 4524 η·
3443 4505 3496 4567 D
3521 4482 3935 4545 verbumtuum,
3959 4481 4011 4536 in
4035 4480 4323 4551 pace,quia
4349 4479 4596 4535 viderunt
4618 4480 4676 4550 θ
4693 4479 4957 4534 oculimei
4981 4479 5125 4537 salu-

1843 4571 2046 4644 pientia
2089 4577 2458 4641 conqueratur
2487 4607 2501 4630 ,
2540 4566 2766 4619 dicens:
2806 4581 2824 4614 ι
2867 4562 3283 4632 Dereliqnerunt
3330 4577 3418 4618 me
3443 4562 3482 4567 ⁷
3524 4571 3980 4640 “minuma”.

2975 4562 3283 4632 eliqnernnt
3330 4577 3418 4618 me
3443 4562 3482 4567 ⁷
3524 4582 3644 4630 tare
3659 4582 3808 4628 tuum
3828 4571 3980 4640 (Luc.
3999 4575 4080 4634 ιι).
4097 4591 4114 4623 ι
4135 4569 4717 4632 Habuittestimonium
4737 4571 5118 4640 parvulorum,

1841 4661 2040 4718 fontem
2082 4675 2235 4730 aquae
2283 4659 2417 4713 viva:
2443 4655 2578 4727 (Jer.
2608 4656 2688 4727 ιι).
2725 4675 2742 4709 ι
2776 4653 2910 4709 Nam
2950 4655 3003 4709 bi
3034 4654 3126 4723 qui
3164 4653 3215 4708 in
3247 4653 3420 4724 legem

1844 4751 2052 4810 Domini
2091 4750 2285 4805 debent
2320 4746 2567 4802 meditari
2595 4745 2681 4802 die
2721 4761 2785 4801 ac
2827 4753 2986 4800 nocte
3012 4759 3042 4798 a
3081 4745 3308 4800 veritate
3353 4743 3423 4801 ad

1842 4842 2050 4900 fabulas
2097 4847 2416 4897 convertunt
2467 4837 2729 4891 auditum.
2771 4835 3038 4893 Custodes
3073 4852 3202 4908 ergo
3254 4851 3424 4908 super

1843 4952 2025 4994 muros
2065 4933 2305 4990 ecclesiae
2341 4928 2619 4986 constituti
2664 4928 2950 4999 vigilantes
2977 4929 3106 4992 sint,
3137 4945 3203 4986 ne
3227 4931 3418 5001 vulpes

1841 5026 2118 5084 Samsonis
2148 5023 2438 5080 incendant
2467 5030 2680 5092 segetes
2722 5030 2939 5077 nostras
2979 5020 3180 5090 (ladic.
3211 5027 3336 5094 xv);
3363 5033 3420 5080 et

1842 5127 2074 5192 ponatur
2109 5118 2274 5171 turris
2304 5113 2466 5170 David
2500 5127 2620 5168 cum
2653 5111 3070 5185 propugnaculis
3099 5124 3287 5171 contra
3313 5115 3420 5170 Da-

1842 5225 2105 5275 mascum,
2131 5224 2192 5264 ex
2217 5222 2321 5278 qua
2345 5205 2872 5277 dependeantclypei
2891 5203 3041 5260 mille
3057 5202 3284 5274 (Canitie.
3313 5208 3415 5279 Iv);

1840 5305 2008 5361 turris
2049 5314 2280 5370 namque
2327 5297 2622 5353 fortissima
2671 5311 2865 5351 nomen
2899 5294 3155 5361 Domini;
3184 5298 3250 5351 ad
3295 5313 3416 5353 eam

1841 5396 2110 5468 confugiet
2137 5395 2314 5466 justus
2333 5403 2387 5447 et
2410 5389 2739 5446 exaltabitur
2762 5387 2949 5460 (Ργσιι.
2976 5389 3156 5460 amt).
3188 5388 3312 5445 [hec
3338 5399 3422 5445 est

1841 5491 2134 5560 scriptura,
2164 5477 2251 5544 ubi
2275 5502 2470 5543 nomen
2500 5484 2716 5542 Domini
2752 5483 3058 5547 invocatur,
3088 5482 3142 5537 in
3166 5496 3272 5552 qua
3299 5497 3425 5553 pro-

1841 5582 2140 5656 pugnacula
2173 5590 2299 5636 sunt
2326 5579 2532 5651 praelati
2561 5587 2724 5650 atque
2751 5576 3025 5639 doctores,
3055 5575 3146 5646 qui
3169 5576 3287 5646 ejus
3317 5584 3424 5630 ter-

1845 5675 2021 5731 minos
2045 5675 2240 5731 debent
2263 5673 2560 5739 custodire,
2589 5671 2656 5729 de
2685 5670 2884 5742 quibus
2909 5667 3169 5725 scribitur
3197 5687 3210 5724 :
3250 5685 3270 5722 ι
3307 5666 3426 5725 Non

1845 5767 2260 5842 transgredieris
2290 5766 2572 5837 terminos,
2602 5779 2741 5840 quos
2773 5761 2869 5823 tibi
2893 5769 3083 5840 patres
3111 5760 3190 5818 tui
3218 5760 3424 5821 consti-

3527 4664 3649 4734 quia
3676 4662 4000 4719 Innocentes
4027 4662 4122 4724 illi,
4148 4676 4272 4717 eum
4301 4662 4546 4730 quamvis
4569 4677 4675 4715 non
4689 4661 4984 4730 loquendo,
5005 4679 5126 4720 Ino-

3527 4754 3716 4812 riendo
3738 4765 3919 4811 tamen
3959 4753 4194 4809 confessi
4226 4762 4349 4808 sunt
4391 4753 4608 4822 (Matth.
4652 4755 4733 4822 ιι).
4778 4753 4980 4808 [inlusit
5013 4766 5122 4811 tes-

3527 4849 3813 4904 timonium
3859 4854 4231 4909 terrenarum,
4262 4844 4389 4915 quia
4435 4860 4536 4916 pax
4566 4843 4709 4900 facta
4737 4855 4825 4899 est
4875 4845 4930 4898 in
4968 4855 5118 4901 terra

3525 4941 3836 4999 hominibus
3883 4940 4038 4994 bona
4087 4937 4406 5004 voluntatis;
4449 4947 4622 5002 tanta,
4665 4948 4724 4993 ut
4768 4939 4836 4992 ab
4875 4955 4990 4994 uno
5019 4942 5120 4996 bo-

3527 5033 3672 5088 mine
3726 5030 3940 5085 C:esare
3995 5031 4241 5101 Augusto
4299 5037 4445 5083 totus
4503 5029 4654 5084 orbis
4708 5029 5122 5086 describeretur

3528 5123 3688 5195 (Luc.
3741 5123 3852 5192 ιι);
3902 5120 4154 5189 decnjus
4204 5120 4601 5191 tranquillitate
4658 5119 4824 5176 Isaias
4891 5122 5114 5191 inquit:

3533 5234 3550 5266 ι
3588 5211 3906 5268 Conﬂabunt
3955 5211 4164 5282 gladios
4207 5227 4336 5267 suos
4377 5212 4429 5266 in
4469 5226 4746 5272 vomeres.
4785 5220 4840 5264 et
4891 5210 5120 5269 lanceas

3527 5319 3656 5360 suas
3685 5304 3736 5357 iu
3767 5303 3928 5357 falces
3959 5301 4093 5370 (lsa.
4125 5301 4208 5370 ιι).
4251 5322 4267 5353 ι
4307 5301 4504 5357 Habuit
4543 5302 4913 5358 testimonium
4947 5303 5118 5358 colo-

3527 5413 3669 5459 rum,
3705 5398 3829 5466 quia
3859 5395 3978 5450 caeli
4017 5395 4280 5449 miserunt
4318 5407 4512 5452 novam
4548 5394 4784 5458 stellam,
4808 5397 5114 5450 secundum

3522 5489 3664 5559 quod
3726 5487 4010 5541 habuimus
4062 5487 4114 5540 in
4169 5484 4505 5557 Evangelia:
4556 5504 4576 5537 ι
4635 5485 4700 5540 Et
4743 5499 4874 5540 ecce
4921 5487 5114 5549 stella.

3523 5593 3688 5649 quam
3737 5577 3982 5631 viderant
4035 5576 4176 5647 magi
4222 5576 4550 5640 in‘oriente,
4607 5574 4968 5631 antecedelnt
5020 5591 5117 5632 eus

3526 5683 3696 5737 usque
3753 5667 3882 5723 dum
3926 5669 4148 5723 veniens
4195 5675 4368 5722 staret
4419 5682 4583 5738 supra
4610 5708 4624 5732 ,
4669 5666 4758 5722 ubi
4807 5679 4930 5722 erat
4970 5665 5118 5723 Puer

3528 5760 3745 5834 (Matth.
3781 5765 3861 5832 ιι).
3915 5781 3932 5814 ι
3982 5761 4180 5822 Habuit
4225 5761 4598 5819 testimonium
4634 5759 4938 5834 gentilium,
4983 5763 5110 5834 quia
