5428 6564
253 392 366 451 515

1765 366 2004 428 SEHHO
2040 367 2103 425 ll.

3479 355 3586 417 διε

257 505 407 580 magi
436 476 1181 569 venientesHierosol'ymam
1221 472 1521 550 dixerunt:
1561 505 1582 542 ι
1617 486 1721 545 Ubi
1753 493 1860 552 est,
1893 490 1943 551 Α
1973 481 2259 580 timonium
2306 478 2584 553 perhibuit
2629 493 2770 553 aqua
2791 482 3108 580 ,‘quando‘
3141 475 3589 580 siccisqpedibus

267 601 365 675 qui
392 607 555 655 natus
581 605 666 654 est
689 586 1355 662 rex-JudaaorumWatth.
1381 585 1465 660 ιι).
1505 603 1524 639 ι
1557 582 1759 640 Habuit
1789 591 1871 639 te-

259 683 580 751 slimonium
603 689 935 752 Judaaorum,
961 683 1090 755 quia
1116 679 1362 737 Herodes
1383 676 1660 748 principes
1681 689 1870 731 sacer-

258 782 451 838 dotum
497 787 553 835 ct
596 775 806 834 scribas
851 771 1035 845 populi
1069 767 1427 833 conveniens,
1482 763 1873 820 sciscitabatur

261 873 336 929 ab
371 872 452 928 eis
501 870 593 926 ubi
639 867 893 925 Christus
938 872 1290 929 nasceretur;
1358 869 1414 917 et
1461 859 1537 915 illi
1569 858 1866 914 dixerunt:

268 983 287 1018 ι
327 964 383 1020 In
415 962 733 1020 Bethlchem
761 959 914 1016 ludas
943 955 1153 1031 (lbid.).
1207 974 1240 1035 :_
1265 950 1871 1034 llabuit‘testimonium

261 1057 640 1128 antiquorum,
677 1053 807 1125 quia
837 1052 892 1107 in
917 1048 1172 1105 manibus
1213 1045 1609 1118 prophetarum
1657 1040 1874 1098 assimi-

260 1148 409 1207 latas
437 1157 523 1205 est
548 1145 695 1220 (ore.
723 1145 825 1217 xu)
855 1161 870 1210 ;
904 1144 1024 1214 ipso
1046 1143 1194 1198 enim
1217 1128 1302 1196 est
1331 1140 1521 1209 Agnus
1558 1136 1777 1193 occisus
1802 1134 1872 1190 ab

259 1240 475 1313 origine
520 1237 710 1294 mundi
773 1235 960 1308 (Apoc.
1013 1232 1162 1304 xm).
1227 1229 1430 1286 Habuit
1493 1227 1871 1283 testimonium

261 1314 672 1396 modernorum,
703 1328 847 1384 unde
862 1335 919 1382 et
945 1325 1061 1396 ipse
1090 1320 1373 1401 discipulis
1403 1319 1580 1401 inquit
1599 1335 1624 1406 ,ε
1659 1335 1676 1368 ι
1706 1315 1876 1372 Erilis

259 1425 399 1481 mihi
425 1433 592 1481 testes
629 1422 684 1478 in
699 1418 1071 1485 Hierusalem,
1102 1427 1160 1473 et
1190 1416 1244 1472 in
1280 1413 1430 1470 omni
1453 1413 1666 1496 Judrea,
1694 1420 1746 1466 et
1770 1409 1872 1466 Sa-

261 1506 437 1573 maria
461 1524 517 1572 et
547 1527 719 1586 usque
745 1512 816 1568 ad
841 1509 1092 1588 ultimum
1123 1518 1286 1564 terra:
1326 1506 1468 1578 (Act.
1500 1503 1563 1575 ι).
1607 1523 1626 1556 ι
1672 1501 1876 1558 llabuit

263 1592 633 1662 testimonium
676 1602 854 1670 lucis,
908 1587 1038 1672 quia
1093 1598 1320 1655 claritas
1371 1595 1467 1650 Dei
1508 1591 1876 1650 eircumfulsit

261 1705 514 1769 pastores
556 1692 712 1768 (Luc.
748 1693 836 1765 ιι),
873 1675 930 1747 et
959 1690 1184 1746 claritas
1215 1685 1386 1744 stella:
1439 1684 1733 1741 illustravit
1759 1698 1868 1738 ma-

261 1802 364 1863 gos
413 1788 632 1861 (Matth.
679 1791 741 1858 ιι)
804 1771 1203 1842 Testimonium
1257 1781 1609 1836 tenebrarum
1657 1777 1783 1848 quia
1818 1778 1874 1832 in

1976 575 2281 634 ambulavit
2338 589 2502 644 super
2557 589 2729 646 aquas
2784 571 2978 645 (Joan.
3029 572 3137 642 vt).
3189 567 3591 626 Testimonium

1977 667 2257 741 perhibuit
2285 682 2403 734 aer,
2434 667 2655 738 quando
2685 667 2857 722 nubes
2891 664 3134 734 suscepit
3165 676 3289 718 eum
3319 662 3388 718 ab
3415 659 3596 718 oculis

1975 776 2202 828 eorum,
2232 761 2445 818 scilicet
2477 758 2874 832 discipulorum
2917 757 3054 830 (Act.
3085 757 3144 838 ι).
3191 753 3595 811 Testimonium

1975 855 2252 925 perhibuit
2291 853 2454 926 ignis,
2496 852 2718 924 quando
2763 850 2994 919 angelus
3049 847 3265 904 Domini
3315 845 3602 902 descendit

1977 948 2045 1003 de
2100 946 2241 1003 cceio
2270 971 2300 1012 ,’
2345 955 2402 1002 et
2443 946 2784 1018 resplenduit
2829 944 3000 1000 facies
3041 943 3160 1015 ejus
3212 941 3359 998 sicut
3408 939 3596 1013 fulgur

1976 1040 2196 1113 (Matth.
2224 1039 2458 1112 xxviii);
2493 1039 2676 1112 fulgur
2721 1039 2868 1093 enim
2903 1037 3074 1110 ignea:
3106 1043 3322 1090 natum
3350 1042 3458 1090 est.
3498 1060 3502 1065 λ

2050 1129 2188 1198 Quia
2220 1146 2373 1202 ergo,
2404 1127 2622 1198 fratres,
2650 1128 2980 1202 mysterium
3002 1127 3182 1184 crucis
3212 1125 3406 1182 habuit
3431 1123 3590 1183 testi-

1977 1223 2221 1279 monium
2265 1209 2519 1279 omnium
2574 1223 2988 1294 prmdiCtorum,
3037 1203 3600 1278 erubescatdudasus

1978 1314 2190 1387 infelix,
2220 1301 2315 1385 qui
2346 1323 2511 1385 negat
2538 1314 2820 1370 Christum
2843 1313 2912 1372 de
2950 1313 3172 1387 Virgine
3205 1320 3435 1381 natum;
3467 1310 3600 1385 quia

1976 1395 2226 1483 pastores
2269 1408 2444 1466 Judaei
2496 1410 2826 1467 invenerunt
2881 1409 3026 1466 sicut
3061 1409 3282 1466 dictum
3319 1408 3451 1465 erat
3490 1405 3603 1463 illis

1981 1504 2156 1577 (Luc.
2213 1501 2309 1578 ι).’
2352 1504 2733 1585 confundatur
2775 1503 3026 1584 gentilis,
3060 1502 3173 1576 'qui
3216 1503 3358 1584 dicit
3396 1495 3548 1577 ligno
3580 1495 3602 1558 ἐ

1985 1615 2004 1648 ι
2060 1591 2206 1654 Deus
2233 1589 2401 1653 meus
2430 1612 2490 1652 es
2515 1613 2530 1662 ;
2577 1605 2634 1652 et
2664 1585 2890 1668 lapidi:
2945 1586 3164 1653 Τιι””ιιιθ
3191 1595 3430 1668 genuisti
3460 1591 3601 1668 (lor.

1980 1676 2136 1769 11);!»
2173 1690 2300 1762 quia
2325 1691 2468 1760 magi
2495 1689 2728 1762 gentiles
2756 1670 2945 1760 ipsum
2965 1690 3354 1746 adoraverunt.
3388 1686 3598 1745 Obmu-

1981 1767 2154 1861 tescat
2179 1782 2490 1864 litcrcticus,
2523 1782 2614 1853 qui
2643 1778 2912 1853 mysterio
2938 1769 3294 1838 contradicit.
3327 1780 3398 1836 Et
3415 1777 3601 1838 omni!

273 1891 454 1940 morte
481 1883 599 1954 ejus
647 1864 898 1936 tenebrae
955 1877 1295 1953 factmusunt
1345 1888 1509 1944 super
1539 1864 1872 1926 universam
1906 1888 1953 1948 Β
1981 1877 2166 1949 lingua
2195 1875 2527 1933 confiteatur
2549 1875 2678 1946 quia
2714 1874 3217 1930 Dominns'noster
3245 1871 3410 1929 Jesus
3441 1871 3619 1931 Cbri~'

274 1988 480 2036 terram
506 1976 726 2049 (Matth.
750 1959 933 2052 iuvit;
967 1972 1257 2038 Marc.xv;
1291 1967 1640 2042 Latagum).
1673 1965 1878 2022 Habuit

268 2069 641 2126 testimonium
666 2065 823 2139 legis,
844 2065 971 2135 quia
1000 2063 1212 2134 Moyses
1241 2060 1463 2133 dixitjin
1492 2060 1611 2130 lege
1639 2077 1650 2113 :
1685 2077 1701 2109 t
1741 2054 1882 2114 Pro-'

227 2218 232 2223 .
262 2144 486 2234 phetam
516 2158 807 2216 suscitabit
849 2143 1011 2235 vobis.
1052 2140 1312 2235 Deus'de
1343 2152 1604 2208 fratribus
1642 2150 1841 2206 vestris
1857 2145 1885 2217 ;‘

265 2251 443 2325 ipsqu
469 2261 728 2322 tanquam
752 2263 842 2305 me
867 2234 1101 2303 audietis
1132 2245 1313 2318 (Deut.
1346 2244 1526 2316 xvm).
1568 2264 1586 2296 ι
1615 2243 1681 2297 Ει
1712 2241 1839 2298 alibi
1858 2234 1880 2296 ε’

272 2361 296 2397 ι
334 2343 403 2399 Ει
429 2343 534 2400 erit
559 2343 670 2398 vita
704 2349 791 2397 tua
833 2327 1158 2412 pendens-in
1182 2338 1326 2409 ligno
1355 2355 1368 2404 ;
1403 2338 1645 2402 videbis,
1682 2345 1737 2392 et
1765 2337 1876 2393 non

269 2413 572 2506 cognosces
613 2433 794 2505 (Deut.
832 2421 1104 2501 xxviii).‘»
1150 2430 1549 2487 Testimonium
1581 2430 1880 2501 pr0pbeta-

266 2513 420 2591 rum,
463 2525 594 2598 quia
632 2525 800 2580 Isaias
825 2525 943 2578 ait:
984 2542 1004 2576 ι
1047 2510 1373 2595 Egredietur
1401 2524 1553 2594 virga
1592 2523 1659 2578 de
1693 2522 1878 2578 radice

267 2605 446 2687 Iesse,
476 2629 531 2698 et
552 2618 671 2698 llos
696 2619 763 2675 de
793 2619 976 2674 radice
1006 2611 1134 2688 ejus
1163 2617 1451 2683 ascendet,
1482 2625 1538 2672 et
1566 2617 1879 2687 requiescet

268 2728 436 2786 super
462 2728 587 2770 eum
609 2713 836 2782 spiritus
861 2711 1074 2766 Domini
1099 2709 1234 2782 (Ira.
1263 2709 1326 2782 ι).
1359 2729 1377 2762 ι
1406 2710 1474 2764 Ει
1497 2710 1626 2765 alibi
1655 2725 1708 2763 ε(
1734 2711 1876 2766 Ecce

268 2805 422 2878 virgo
451 2805 744 2874 concipiet,
772 2811 828 2858 et
852 2789 1030 2874 pariet
1057 2802 1252 2865 tilium,
1282 2796 1339 2856 et
1365 2801 1652 2857 vocabitur
1677 2791 1878 2858 nomen

270 2895 390 2968 ejus
415 2892 736 2952 Emmanuel
754 2892 889 2966 (Ira.
915 2891 1070 2964 vn).i
1092 2892 1306 2948 Baruch
1334 2902 1520 2948 autem
1550 2911 1562 2946 :
1585 2892 1715 2949 Post
1736 2891 1881 2962 hare,

268 2976 470 3061 inquit,
503 2989 559 3044 in
586 2988 750 3044 terris
776 2987 930 3042 visus
953 2974 1124 3042 estet
1153 3000 1277 3042 cum
1294 2974 1611 3042 hominibus
1641 2978 1877 3043 conver-i

271 3091 423 3141 satus
459 3093 544 3138 est
575 3081 832 3153 (Baruch.
873 3079 1000 3152 ιιι).
1025 3066 1281 3134 Ezechiel
1316 3080 1370 3133 in
1408 3077 1525 3146 ejus
1556 3072 1879 3136 testimonio

271 3179 416 3236 ﬁlius
460 3158 764 3252 appellatus
807 3184 891 3231 est
914 3165 1246 3246 (smmi).
1280 3173 1469 3229 Daniel
1512 3174 1590 3228 ait
1627 3191 1639 3228 ε
1680 3191 1699 3225 ε
1738 3154 1874 3251 οωτῆ

1983 1979 2102 2028 stus
2145 1971 2198 2025 in
2235 1969 2408 2042 gloria
2442 1979 2524 2025 est
2557 1969 2652 2048 Dei
2700 1967 2883 2048 Patris
2917 1966 3141 2042 (Philip.
3188 1967 3273 2041 ιι).
3320 1968 3404 2025 Ad
3433 1983 3604 2040 quam

1981 2063 2212 2134 gloriam
2265 2079 2366 2120 nos
2405 2046 2670 2135 perducat
2715 2046 2832 2134 ipse
2875 2053 3144 2120 Dominus
3190 2061 3377 2120 noster
3419 2061 3600 2131 lenus,

1981 2154 2076 2225 qui
2126 2169 2249 2210 cum
2290 2154 2363 2210 sit
2409 2153 2674 2227 splendor
2720 2142 3016 2221 luminum,
3067 2152 3168 2210 flos
3211 2153 3434 2222 florum,
3485 2153 3602 2210 vita

1982 2262 2221 2316 morum,
2239 2247 2423 2305 schola
2447 2248 2738 2315 virtutum,
2754 2257 2811 2305 et
2831 2247 3035 2304 corona
3066 2233 3410 2314 sanctorum,
3436 2262 3603 2320 super

1985 2341 2188 2419 choros
2243 2323 2566 2410 angelorum
2626 2351 2826 2412 regnat
2875 2340 2933 2396 in
2987 2341 3187 2398 saecula
3248 2339 3603 2397 saeculorum.

1981 2432 2176 2491 Amen.

2623 2544 2863 2604 SERMO
2893 2546 2959 2603 ll.

1985 2627 2052 2694 be
2084 2653 2491 2695 TBANSLATIONE
2518 2653 2565 2695 s.
2599 2654 2810 2694 ιιιιηιι
2851 2651 3094 2694 ιεριεοοιη
3127 2651 3505 2697 rtcnvtansts
3533 2652 3608 2697 ιτ

2445 2725 2800 2766 conrassonts
2825 2711 2942 2782 (xiv
2970 2711 3135 2781 mm).

1990 2819 2006 2825 ’
2055 2802 2428 2869 Gaudeamus,
2458 2813 2514 2859 et
2552 2803 2913 2869 exsultemns,
2949 2803 3317 2871 dilectissimi,
3357 2805 3491 2861 dum
3535 2805 3607 2862 ad

1985 2895 2277 2952 recolenda
2325 2895 2472 2950 beati
2517 2894 2713 2950 Hilarii
2745 2895 3003 2951 sublimia
3051 2897 3251 2952 merita
3283 2895 3609 2955 solemniter

1960 2981 2366 3044 convenimus.
2408 2986 2529 3057 Ipsa
2558 2988 2760 3059 quippe
2808 2988 2910 3044 nos
2959 2988 3191 3059 insignis
3222 2989 3478 3046 vocabuli
3528 2990 3608 3047 di-

1984 3080 2169 3152 gnitas
2201 3088 2484 3151 provocat,
2537 3085 2597 3135 ut
2645 3087 2803 3137 mens
2851 3091 3042 3138 nostra
3094 3083 3370 3152 spirituali
3412 3083 3606 3140 latitia

1985 3171 2182 3228 affecta
2226 3172 2589 3244 plansibillter
2633 3172 2950 3230 hilarescat.
2998 3172 3367 3231 Nihilominus
3402 3184 3458 3230 et
3500 3175 3609 3232 hoc

269 3246 513 3329 veneritw-
533 3246 769 3326 Sanctus
823 3276 1162 3334 sanctorum,
1195 3255 1434 3323 cesSabit
1463 3257 1650 3323 unctio
1689 3246 1879 3324 vestra
1909 3263 1954 3326 C
1987 3262 2210 3334 dignum
2253 3275 2341 3317 οδε
2377 3273 2460 3328 ιη.
2503 3262 2630 3320 dum
2679 3263 2826 3318 beali
2857 3263 2961 3319 Viri
3007 3265 3429 3321 lranslalionem
3472 3265 3610 3323 coli-

271 3361 438 3436 (Dan.
473 3361 575 3426 rx).
610 3382 630 3416 ι
658 3361 829 3420 Oseas
858 3362 912 3416 in
937 3357 1054 3429 cjus
1074 3359 1388 3437 tesrimonio
1409 3359 1622 3428 accepit
1650 3373 1880 3415 uxorem
1912 3357 1919 3366 ’

271 3455 626 3515 fornicariam
655 3455 806 3529 (Ore.
841 3457 905 3527 ι).
937 3453 1196 3510 Habacue
1224 3454 1357 3509 dicit
1387 3471 1463 3521 :_t
1501 3451 1721 3531 Cornua
1753 3461 1883 3508 sunt

273 3550 333 3607 in
359 3549 613 3606 manibus
643 3547 762 3618 ejus
789 3531 1166 3618 (Habaciii).
1210 3566 1228 3599 ι
1258 3545 1426 3602 Jonas
1463 3544 1518 3600 in
1553 3553 1742 3600 ventre
1773 3545 1879 3601 ceti

271 3640 391 3714 ejus
424 3641 795 3698 testimonium
833 3648 1067 3696 testatus
1096 3648 1176 3694 est
1211 3638 1358 3709 (Ion.
1386 3640 1469 3709 ιι).
1507 3638 1573 3693 Et
1603 3639 1734 3709 quid
1766 3639 1878 3694 dis-

272 3752 489 3794 curram
521 3752 620 3808 per
676 3734 938 3806 singula?
974 3733 1165 3790 Nullus
1195 3733 1586 3805 prophetarum
1625 3726 1878 3800 exstitit,

272 3831 366 3901 qui
403 3830 454 3885 ei
507 3829 881 3885 testimonium
934 3841 1042 3902 non
1084 3825 1445 3897 perhiberet,
1474 3824 1878 3882 Testimonium

263 3904 497 3996 gregum;
528 3921 672 3998 unde
701 3917 868 3975 David
897 3933 994 3998 rex
1023 3934 1054 3996 ε.
1073 3935 1108 4000 ι.
1133 3902 1305 3974 Terra
1336 3926 1524 3974 nostra
1583 3919 1732 3975 dabit
1762 3919 1878 3972 fru-

274 4023 423 4070 ctum
463 4027 624 4070 suum
649 4001 830 4081 (Ριαιξ
856 4012 1103 4083 uxxtv).
1154 4029 1174 4063 ι
1211 4010 1279 4066 Ει
1315 4010 1448 4080 alibi,
1479 4029 1493 4066 :
1527 4001 1553 4063 ι
1588 4010 1883 4082 Apcriatur

277 4112 444 4171 terra,
476 4113 531 4160 et
557 4103 829 4172 germinet
863 4101 1208 4158 Salvatorem
1239 4098 1416 4171 (Pral.
1446 4103 1596 4173 xcv).
1633 4121 1651 4154 ›
1687 4096 1883 4177 EtSa-

274 4195 455 4253 lomon
487 4213 500 4250 :
532 4181 556 4249 ἰ
611 4194 1028 4272 Οεευιειιιτιιιθ
1060 4193 1250 4249 osculo
1290 4195 1406 4249 oris
1445 4193 1554 4259 sui,
1605 4193 1732 4264 quia
1762 4180 1880 4248 tne-

275 4287 408 4345 liora
438 4296 585 4366 sunt
638 4288 805 4343 ubera
855 4294 961 4350 tua.
1004 4278 1173 4354 vino,
1220 4285 1523 4358 fragrantia
1585 4289 1883 4366 unguentis

276 4364 516 4451 optimis.
541 4399 560 4434 ι
589 4389 646 4436 et
677 4368 691 4434 ε
727 4399 744 4432 ‹
780 4379 916 4435 Dum
948 4387 1094 4435 esset
1119 4394 1214 4434 rex
1244 4380 1296 4433 in
1320 4379 1573 4436 accubitu
1608 4395 1726 4445 suo,
1754 4364 1882 4438 nar-

277 4471 376 4528 dus
403 4457 520 4528 mea
567 4470 719 4527 dedit
744 4461 971 4528 odorem
1015 4487 1172 4527 suum
1221 4460 1401 4542 (Cant.
1443 4470 1507 4542 ι).
1535 4489 1567 4545 ¹ι
1605 4455 1884 4531 Testimd-

277 4561 428 4617 nium
457 4555 764 4628 turbarum,
792 4563 942 4640 unde.
971 4553 1227 4618 dixerunt
1258 4562 1313 4641 in
1351 4561 1648 4635 Evangelio
1683 4583 1695 4619 :
1734 4583 1753 4618 ι
1773 4563 1881 4641 Υἱ-

1988 3373 2134 3424 mus,
2177 3346 2279 3429 ipsi
2306 3345 2536 3430 quoque
2555 3345 2773 3415 mentes
2796 3367 3018 3415 nostras
3051 3374 3082 3414 a
3117 3361 3357 3418 terrenis
3387 3360 3608 3420 deside-

1986 3451 2086 3506 riis
2117 3450 2183 3506 ad
2214 3449 2458 3507 coelestia
2489 3448 2915 3517 transferamus,
2948 3461 3028 3519 ut,
3067 3455 3194 3508 dum
3234 3453 3450 3524 glebam
3483 3469 3610 3510 cor-

1983 3539 2306 3615 poris‘ejus
2355 3530 2687 3613 tenuemque
2742 3532 3112 3613 pulvisculutn
3162 3554 3317 3600 tanto
3357 3546 3608 3617 prtel'erri

1982 3632 2128 3709 apud
2167 3637 2416 3695 homines
2443 3637 2654 3694 honore
2682 3625 3073 3709 conspicimus,
3109 3649 3378 3709 quantum
3410 3628 3604 3711 gloriae

1986 3728 2200 3798 pondus
2230 3717 2284 3788 in
2314 3727 2630 3790 coelestibus
2654 3730 2951 3798 possideat,
2983 3731 3074 3785 ubi
3099 3746 3286 3799 verus,
3318 3741 3375 3788 et
3396 3732 3603 3790 incum;

1987 3816 2248 3891 parabilis
2289 3820 2466 3875 honor
2513 3829 2624 3882 est.
2677 3837 2833 3877 mens
2884 3832 3070 3878 nostra
3114 3825 3443 3894 perpendat.
3497 3824 3608 3884 Sed

1983 3911 2121 3967 libet
2161 3912 2276 3982 jam
2325 3911 2720 3968 translationis
2763 3912 2926 3982 hujus
2977 3915 3271 3971 historiam
3326 3918 3610 3976 succincte

1988 4000 2388 4067 transcurrere,
2451 4012 2511 4058 ut
2562 4005 2694 4059 nulli
2748 3997 3011 4075 deinceps
3061 4008 3128 4062 de
3178 4008 3457 4078 praeclarae
3517 4024 3610 4066 so-

1988 4096 2288 4153 letnuitalis
2330 4097 2494 4168 hujus
2526 4097 2741 4170 origine,
2767 4113 2998 4169 prorsus
3030 4099 3289 4170 expediat
3321 4102 3601 4160 dubitare.

2060 4188 2232 4271 Porro
2274 4194 2456 4244 autem
2504 4189 2634 4244 dum
2686 4188 2972 4246 confessor
3026 4191 3232 4253 Christi
3279 4192 3608 4252 Fredelinus

1988 4281 2132 4336 beati
2161 4281 2353 4335 llilarii
2380 4281 2804 4348 monasterium,
2839 4283 2987 4354 quod
3018 4284 3074 4338 in
3103 4283 3446 4342 Pictaviensi
3477 4287 3604 4344 sub-

1968 4373 2149 4430 .urbio
2180 4370 2344 4429 Situm
2388 4384 2498 4440 est,
2548 4373 2904 4430 laudabiliter
2938 4387 3157 4447 regeret
3185 4377 3610 4448 ibiquegsancla

1989 4465 2449 4532 conversationis,
2494 4465 2804 4536 insignibus
2873 4466 3184 4537 disciplinis
3232 4477 3288 4523 et
3337 4465 3608 4543 praedura

1974 4567 2223 4612 'morum'
2253 4557 2540 4633 honestate
2575 4557 2826 4628 polleret,
2877 4557 3073 4613 beatus
3121 4557 3364 4616 Hilarius
3395 4559 3472 4616 illi
3504 4574 3606 4633 per

278 4652 455 4709 dimus
485 4654 758 4711 mirabilia
808 4637 967 4732 hodie
1010 4652 1164 4725 (Luc.
1191 4640 1267 4724 v);
1312 4672 1330 4706 ι
1373 4653 1475 4708 Et:
1512 4631 1533 4706 ξ
1573 4654 1688 4711 Nisi
1733 4634 1880 4713 egse.
1909 4639 1960 4700 D
1987 4647 2251 4704 visionem
2282 4631 2609 4705 manifestus
2626 4651 2901 4721 apparuit.
2932 4660 2988 4706 et
3024 4653 3169 4707 inter
3198 4651 3304 4707 alia
3339 4631 3608 4730 nonnulla

279 4745 420 4813 nica
448 4747 581 4812 Deo,
614 4734 720 4802 non
735 4755 917 4817 posset
943 4745 1121 4802 facere
1146 4744 1290 4816 quod
1307 4743 1438 4800 facit
1482 4745 1669 4817 (.loan.
1699 4748 1809 4818 ix):
1835 4769 1872 4834 ι»

277 4847 500 4912 propter
533 4839 677 4909 quod
711 4839 1000 4894 voluerunt
1031 4839 1194 4894 etiam
1214 4855 1339 4895 cum
1371 4855 1586 4911 rapere,
1611 4849 1665 4896 et
1693 4856 1878 4912 regem

279 4931 460 4988 facere
504 4929 688 5003 (Joan.
736 4932 838 5001 vr).
883 4931 1280 4986 Testimonium
1330 4932 1600 4997 vivorum,
1639 4933 1767 5003 quia
1803 4932 1878 4987 illi

279 5027 406 5092 duo,
428 5025 523 5097 qui
552 5026 705 5082 ibant
744 5025 796 5079 in
828 5025 1107 5091 Emmaus,
1138 5035 1409 5080 venerunt
1433 5035 1489 5081 et
1515 5016 1880 5082 narraverunt

275 5121 458 5176 omnia
487 5136 608 5191 qua:
629 5120 708 5176 eis
735 5121 1049 5191 acciderant
1082 5118 1234 5190 (an.
1268 5120 1445 5191 xxiv).
1479 5119 1877 5176 Testimonium
1925 5133 1932 5139 ’

281 5225 641 5284 mortuorum,
693 5217 817 5287 quia
857 5237 874 5269 ‹
911 5217 1078 5272 multa
1112 5233 1342 5288 corpora
1385 5227 1730 5284 sanctorum,
1787 5220 1880 5289 qui

281 5309 660 5376 dormierant,
731 5319 1090 5365 surrexerunt
1151 5320 1207 5366 et
1256 5302 1633 5380 apparuerunt
1695 5310 1883 5366 multis

284 5399 502 5472 (Matth.
531 5400 725 5471 xxvn).
765 5420 783 5452 ›
811 5399 1211 5456 Testimonium
1242 5402 1554 5468 brutorum,
1578 5403 1705 5473 quia
1740 5420 1759 5454 ι
1790 5417 1884 5459 co-

283 5475 467 5567 gnovit
517 5494 617 5550 bos
661 5508 1033 5565 possessorem
1075 5509 1254 5559 suum,
1311 5504 1366 5549 et
1423 5495 1611 5551 asinus
1638 5508 1884 5566 praesepe

284 5584 497 5641 Domini
527 5587 609 5642 sui
642 5584 778 5654 (Ira.
814 5587 874 5656 ι).
917 5605 935 5637 ι
967 5584 1366 5641 Testimonium
1395 5585 1452 5657 9
1481 5585 1633 5651 solis,
1665 5585 1887 5656 quando

284 5678 400 5753 ipse
443 5679 768 5736 obseuratns
803 5691 887 5734 ρει
920 5677 1074 5750 (ιιιρ.
1107 5679 1290 5746 χχιιι).
1330 5675 1727 5758 Testimonium
1770 5679 1884 5734 ele-

285 5783 617 5838 mentorum,
641 5771 764 5840 quia
796 5772 1165 5844 testimonium
1196 5770 1889 5844 perhibuitterra,quando

285 5875 628 5934 lcrrmnrotus
670 5880 896 5938 magnus
954 5865 1130 5922 fartus
1159 5874 1242 5923 est
1271 5864 1489 5938 (Matth.
1531 5869 1727 5941 xxvu).
1755 5869 1891 5925 Tes-

1990 4743 2095 4797 hoe
2131 4742 2205 4797 illi
2233 4745 2472 4813 quadam
2514 4743 2722 4798 vivacis
2759 4744 2978 4814 imperii
3012 4745 3347 4801 auctoritate
3376 4745 3607 4820 manda-

1966 4837 2090 4905 vit,
2117 4846 2178 4892 ut
2203 4837 2459 4894 videlicet
2503 4839 2618 4908 ipse
2647 4837 2808 4893 simul
2839 4848 2896 4894 et
2923 4837 3290 4894 Pictaviensis
3314 4839 3609 4911 episcopus

1969 4931 2056 4986 'ad
2095 4937 2278 5004 regem
2305 4929 2674 4996 Francorum,
2704 4933 2797 5001 qui
2831 4940 2960 4987 tunc
2993 4939 3178 4986 rerum
3208 4914 3605 4990 moderabatur

1970 5025 2257 5092 habenas,
2291 5022 2680 5080 incunctanter
2707 5023 3058 5090 accederent,
3105 5034 3160 5080 et
3200 5035 3454 5096 sumptus
3505 5025 3610 5082 im-

1964 5115 2169 5185 ‘peudi,
2201 5115 2402 5186 quibus
2429 5116 2682 5184 ampliari
2709 5123 2785 5189 get
2828 5116 3118 5186 augustius
3148 5115 3276 5192 fieri
3322 5098 3608 5183 monaste-

1963 5205 2129 5260 rium
2169 5216 2374 5275 posset,
2421 5206 2756 5262 fiducialiter
2784 5208 3150 5277 postularent.
3183 5207 3394 5276 Quibus
3420 5210 3610 5268 verbis

1989 5300 2216 5372 insuper
2258 5300 2472 5357 addidit
2509 5311 2591 5368 ut,
2638 5302 2950 5359 instaurate
2997 5304 3216 5360 noviter
3248 5306 3608 5373 monasterio,

1989 5393 2168 5450 locum
2218 5396 2322 5451 sibi
2365 5396 2592 5452 sanctus
2618 5397 2790 5453 abbas
2821 5402 3129 5470 ceugruum
3161 5401 3502 5470 provideret,
3553 5401 3608 5457 in

1991 5503 2103 5559 quo
2145 5503 2346 5561 corpus
2389 5489 2528 5560 ejus,
2581 5489 2728 5546 facta
2785 5491 3167 5558 translatione,
3220 5493 3608 5552 recondereut.

1993 5581 2143 5650 Quos
2175 5583 2434 5637 nimirum
2471 5581 2646 5637 felicis
2688 5583 2900 5638 oraculi
2944 5582 3221 5656 legatione
3267 5585 3610 5657 perfunctos,

1993 5694 2088 5733 rex
2112 5678 2420 5733 clementer
2454 5692 2518 5732 ac
2563 5677 2798 5750 benigne
2843 5681 3090 5750 suscepit
3118 5680 3310 5752 eisque
3346 5681 3456 5753 lo
3497 5697 3614 5740 ma-

1960 5784 1964 5788 '
1993 5773 2192 5846 gallica
2227 5771 2768 5845 regimliberalitatis
2803 5790 3033 5830 munera
3057 5775 3315 5831 contulit.

2067 5869 2108 5924 A
2141 5866 2515 5926 fundamentis
2547 5883 2677 5942 ergo
2707 5870 3107 5927 monasterium
3137 5884 3237 5943 per
3260 5868 3524 5940 latomos,
3549 5883 3615 5928 ac
