5428 6574
279 396 386 456 817
1793 392 2031 458 SERNO
2065 394 2152 455 111.

1793 392 2031 458 SERNO
2065 394 2152 455 111.
3498 399 3607 462 518

281 517 405 583 hac,
430 515 743 586 condasque
769 515 821 570 in
852 515 1103 588 sepulcro
1135 515 1406 587 majorum
1436 532 1684 574 meorum
1717 515 1874 591 (Gen.
1910 520 1962 581 Α
1992 518 2155 576 tionis
2178 516 2358 575 erexit
2383 516 2601 590 (Matth.
2632 516 2710 589 κ),
2739 526 2800 573 ιιι
2825 517 3058 589 idipsnm
3091 519 3444 588 postmodum
3468 535 3601 576 con-

249 613 474 688 ﬁxit).
516 632 533 664 ι
575 610 684 666 Cur
715 620 897 666 autem
941 611 1008 666 ad
1035 611 1424 668 conﬁrmanda:
1453 614 1765 684 sponsionis
1796 617 1882 668 in-

275 679 506 767 fidi—cium,
539 702 706 758 Jacob
748 718 969 758 manum
1016 703 1109 758 ﬁlii
1154 705 1381 775 supponi
1423 706 1537 761 suis
1584 706 1885 762 femoribus

279 798 453 870 petiit,
480 796 586 851 nisi
620 796 746 867 quia
780 797 954 863 illum,
996 797 1088 867 qui
1133 814 1348 853 summa
1385 799 1487 868 12
1537 800 1742 855 veritas
1776 809 1878 865 est,

279 889 347 945 de
369 888 589 959 proprio
611 889 819 944 semine
849 890 1260 961 propagandum
1293 904 1414 946 esse
1447 892 1739 962 cognovit?
1772 892 1881 948 Illis

277 980 450 1052 igitur
480 989 640 1036 terrae
679 980 878 1036 ﬁnibus
904 982 1050 1037 beati
1078 982 1178 1036 viri
1203 983 1317 1054 jam
1363 985 1679 1040 medullitus
1715 986 1882 1057 aggli-

257 1073 524 1137 'scebant,
556 1088 718 1142 quam
749 1087 847 1143 per
873 1073 1127 1143 spiritum
1163 1072 1279 1142 jam
1304 1077 1608 1131 cernebant
1633 1077 1874 1133 Salvato-

273 1163 353 1219 ris
381 1164 620 1234 vestigiis
643 1153 826 1230 atteri,
861 1181 1025 1236 quam
1067 1165 1120 1221 in
1157 1167 1518 1224 interioribus
1557 1155 1730 1226 oculis
1760 1172 1878 1242 jam

272 1259 534 1316 videbant
571 1261 812 1333 pretioso
847 1262 1116 1318 Dominici
1165 1265 1410 1335 corporis
1443 1267 1710 1337 sanguine
1743 1283 1876 1338 pur-

273 1352 482 1422 purari,
525 1361 584 1407 ut
630 1352 739 1408 illic
781 1368 970 1408 eorum
1009 1369 1239 1426 corpora
1288 1371 1441 1412 suam
1493 1368 1878 1428 exspectarent

272 1449 758 1520 mirrectionem,
805 1449 894 1504 ubi
942 1462 1382 1508 resurrecturum
1416 1469 1538 1510 esse
1585 1470 1877 1526 cognosce-

271 1537 405 1594 bant
430 1540 606 1610 ipsum
635 1541 810 1598 beata:
833 1545 1256 1601 resurrectionis
1280 1557 1580 1603 auctorem.

345 1630 428 1686 Ad
471 1632 615 1688 hunc
649 1643 702 1690 et
739 1649 866 1700 nos,
898 1634 1260 1704 dilectissimi,
1298 1639 1639 1709 perspicuam
1671 1650 1874 1698 nostra:

271 1725 474 1780 mentis
501 1727 676 1781 aciem
705 1728 1030 1798 dirigamus.
1057 1731 1142 1786 Ad
1165 1731 1330 1798 hunc,
1355 1734 1481 1788 dum
1513 1737 1710 1805 pedum
1746 1752 1870 1806 pro-

268 1817 546 1885 gressione
588 1833 694 1872 non
749 1834 1060 1890 possumus,
1110 1825 1397 1880 aestuantis
1431 1826 1685 1882 desiderii
1714 1827 1868 1884 festi-

1989 621 2201 668 stantcr
2235 621 2549 668 astruereut
2581 613 2722 682 quod
2752 612 3120 666 anxiabantur
3165 621 3322 668 antea
3352 612 3597 679 crudeli-

1987 713 2072 761 ter
2098 704 2443 776 impugnare.
2478 703 2633 771 Quod
2665 703 2878 776 Moyses
2907 712 3034 759 tunc
3063 705 3293 776 mystice
3320 705 3596 778 ﬁguravit,

1987 812 2111 853 cum
2140 796 2409 868 arripiens
2439 797 2668 851 vitulum
2699 813 2952 862 aureum,
2985 797 3110 869 igne
3151 797 3481 864 combussit,
3527 797 3598 855 ad

1986 887 2263 961 pulverem
2305 903 2478 960 usque
2507 888 2770 945 contrivit
2796 885 3163 958 ﬂuctibusque
3194 903 3595 974 conspergens,

1983 983 2341 1039 lsraeliticnm
2368 998 2434 1038 ex
2461 1000 2526 1039 eo
2548 983 2805 1055 populum
2831 983 3139 1053 propinavit
3163 982 3363 1056 (Exod.
3393 981 3592 1052 xxx").

1989 1076 2090 1147 13
2122 1075 2260 1144 Quid
2304 1086 2388 1130 est
2425 1077 2570 1130 enim
2616 1090 2712 1146 per
2752 1075 2985 1146 ﬁguram
3018 1073 3220 1129 vitulus
3257 1073 3347 1128 ille
3389 1072 3598 1129 conﬂa-

1985 1170 2113 1236 tilis,
2149 1169 2255 1224 nisi
2285 1184 2484 1238 corpus
2519 1168 2744 1232 diaboli,
2788 1168 3042 1222 homines
3087 1167 3298 1222 scilicet
3331 1167 3382 1220 in
3418 1166 3598 1223 omni-

1982 1262 2086 1316 bus
2115 1263 2370 1332 gentibus
2421 1261 2688 1330 perﬁdiae,
2727 1259 2891 1315 simul
2941 1269 2996 1314 et
3040 1259 3361 1314 idololatrim
3406 1272 3600 1314 errore

1981 1355 2194 1424 decepti
2247 1370 2310 1409 ac
2361 1355 2462 1409 sub
2503 1355 2620 1424 ipso
2669 1369 2767 1408 suo
2798 1351 3062 1424 pestifero
3110 1354 3291 1422 capite
3335 1363 3599 1423 tanquam

1981 1447 2197 1503 diversa
2243 1447 2490 1504 membra
2521 1445 2792 1514 sacrilega
2828 1446 3240 1515 conspiratione
3281 1443 3599 1513 conjuncti?

1981 1537 2157 1607 Super
2205 1554 2343 1609 quos
2395 1538 2655 1592 nimirum
2706 1537 2796 1592 ille
2846 1537 3108 1608 nequitiae
3147 1538 3392 1606 spiritus,
3446 1536 3597 1593 velut

1978 1637 2170 1684 auctor
2206 1629 2527 1699 praesidens,
2580 1628 2882 1684 insolenter
2924 1629 3180 1698 erigitur,
3229 1637 3282 1682 et
3335 1637 3596 1699 tanquam

1978 1731 2140 1790 caput
2168 1735 2267 1790 per
2321 1721 2669 1791 tyrannidem
2703 1736 2802 1776 suo
2834 1721 3049 1791 corpori
3100 1720 3434 1775 dominatur.
3478 1721 3593 1775 Au-

1978 1828 2102 1867 reus
2129 1823 2312 1868 autem
2353 1814 2560 1868 vitulus
2607 1813 2773 1868 fuisse
2814 1815 3164 1892 describitur,
3217 1816 3341 1884 quia
3378 1816 3596 1870 videtur

266 1908 490 1963 natione
518 1910 826 1976 tendamus,
861 1923 917 1968 et
959 1915 1087 1968 dum
1136 1925 1451 1971 sanctorum
1500 1919 1872 1987 quorumlibet
1903 1899 1949 1958 Β
1981 1907 2302 1962 ίάοιοιελιτίω
2330 1908 2410 1960 νίν

1500 1919 1872 1987 quorumlibet
1903 1899 1949 1958 Β
1981 1907 2302 1962 idololatrias
2330 1908 2468 1962 ritus
2496 1906 2642 1962 velut
2673 1923 2703 1960 a
2729 1908 3076 1977 sapientibus
3107 1908 3414 1964 institutus.
3441 1907 3595 1965 ΑιιιῸ

267 1999 512 2071 reliquiis
558 2004 733 2073 dignae
771 2005 1077 2061 devotionis
1117 2010 1481 2062 reverentiam
1523 2010 1868 2078 exhibemus,

263 2089 334 2146 ad
380 2091 528 2146 illum
575 2109 746 2148 unum
789 2103 844 2150 et
887 2097 1166 2167 singulare
1193 2114 1392 2170 corpus
1434 2111 1635 2156 nostra:
1667 2104 1870 2158 mentis

256 2180 565 2253 dirigamus
615 2186 891 2253 obtutum,
944 2189 1114 2260 quod-
1155 2192 1209 2245 in
1261 2201 1504 2261 paternze
1563 2193 1869 2264 majestatis

262 2270 434 2342 gloria
460 2275 732 2331 credimus
759 2278 1110 2336 ineﬂabiliter
1135 2281 1512 2338 sublimatum,

334 2363 427 2419 illa
473 2367 729 2423 nimirum
772 2378 858 2426 est
890 2380 1033 2428 terra
1064 2375 1152 2428 cui
1200 2383 1313 2428 tum
1345 2377 1492 2430 beati
1534 2377 1868 2446 patriarcha:

261 2461 425 2524 atque
465 2458 744 2528 propheta:
783 2463 1155 2531 suspirabant,
1203 2464 1347 2521 lacte
1375 2467 1596 2524 scilicet
1624 2478 1680 2522 et
1710 2469 1866 2525 melle

259 2549 525 2604 mnanti.
558 2541 967 2622 Lac.siquidem
996 2556 1062 2611 de
1102 2558 1286 2612 carnis
1332 2559 1592 2615 uberibus
1624 2560 1863 2631 proﬂuit,

261 2642 366 2696 mel
407 2645 640 2715 veroz'xie
685 2647 1063 2716 superioribus
1094 2650 1263 2706 venit.
1300 2650 1364 2704 Et
1391 2651 1519 2722 quia
1555 2653 1864 2709 substantia

257 2733 527 2791 Dominici
582 2740 829 2808 corporis
877 2754 943 2793 ex
992 2739 1232 2812 Virginis
1283 2743 1589 2799 visceribus
1634 2746 1860 2815 prodiit,

259 2826 518 2884 divinitas
577 2839 759 2886 autem
811 2848 878 2888 ex
931 2843 1156 2902 paterna
1215 2835 1501 2903 majestate
1556 2840 1860 2907 descendit,

261 2931 408 2977 recte
448 2939 645 2994 corpus
694 2925 995 2983 Salvatoris
1047 2937 1191 2982 terra
1241 2930 1442 2986 dicitur
1474 2933 1858 3002 repromissio-

257 3012 363 3068 nis.
395 3014 525 3082 Quas
549 3017 806 3073 nimirum
831 3027 980 3074 terra
1007 3021 1167 3088 lacte,
1216 3023 1380 3078 simul
1406 3039 1470 3082 ac
1501 3026 1657 3080 melle
1692 3027 1860 3083 ﬂuere

247 3109 474 3178 dieitur,
504 3113 630 3182 quia
662 3115 713 3168 in
738 3114 1119 3186 Redemptoris
1149 3119 1323 3173 nostri
1357 3135 1608 3190 corpore,
1641 3129 1698 3176 et
1728 3122 1860 3176 sub-

257 3202 457 3256 stantia
489 3218 614 3258 vere
659 3213 715 3259 et
746 3206 976 3262 dulcedo
1008 3218 1094 3264 est
1137 3208 1433 3264 ineﬂabilis
1464 3212 1701 3266 deitatis.
1742 3229 1760 3262 ι
1799 3210 1854 3265 In

1977 2000 2176 2069 quippe
2219 1999 2490 2069 sapientia
2539 1999 2882 2070 designatur,
2915 2001 3059 2056 sicut
3091 2017 3188 2070 per
3236 2000 3594 2056 Salomonem

1981 2095 2184 2148 dicitur
2216 2115 2228 2149 :
2263 2113 2281 2146 ι
2314 2093 2631 2150 Thesaurus
2679 2095 3061 2151 desiderabilis
3111 2097 3166 2150 in
3203 2112 3299 2152 ore
3328 2097 3596 2168 sapientis

1976 2186 2162 2257 (Prov.
2197 2189 2335 2258 XXI).
2362 2206 2379 2238 ι
2407 2187 2625 2242 Aureus
2651 2187 2836 2258 itaque
2865 2189 2967 2242 fttit
2991 2189 3214 2255 vitulus,
3247 2192 3372 2260 quia
3399 2192 3594 2248 mundi

1973 2280 2250 2348 sapientes
2298 2288 2425 2334 ante
2456 2293 2610 2334 novae
2639 2281 2874 2351 gratiam
2919 2281 3044 2337 ﬁdei
3091 2284 3440 2340 dremoniacze
3479 2285 3594 2342 cul-

1973 2378 2109 2425 tura:
2147 2369 2318 2425 fuisse
2344 2369 2646 2441 probantur
2677 2380 2954 2438 auctores,
2983 2373 3051 2428 de
3095 2374 3295 2444 quibus
3327 2376 3588 2432 nimirum

1972 2468 2102 2524 dicit
2147 2468 2442 2539 Apostolus
2488 2487 2500 2523 :
2537 2486 2555 2520 ι
2591 2469 2728 2536 Quia
2783 2485 2906 2523 cum
2956 2469 3348 2541 cognovissent
3392 2457 3588 2537 Deum,

1971 2578 2079 2618 non
2132 2563 2274 2618 sicut
2329 2563 2498 2617 Deum
2554 2562 3021 2634 gloriﬁcaverunt,
3076 2570 3170 2617 aut
3211 2562 3417 2632 gratias
3470 2577 3594 2634 ege-

1969 2667 2128 2722 runt;
2183 2658 2276 2711 sed
2325 2665 2667 2712 evanuerunt
2719 2658 2774 2711 in
2829 2656 3258 2728 cogitationibus
3324 2657 3475 2721 suis,
3532 2664 3588 2712 et

1968 2749 2320 2804 obscuratum
2353 2757 2436 2804 est
2477 2748 2742 2819 insipiens
2774 2765 2870 2805 cor
2913 2765 3131 2815 eorum,
3160 2749 3411 2804 dicentes
3438 2749 3589 2804 enim

1968 2855 2027 2894 se
2054 2854 2174 2895 esse
2206 2839 2499 2910 sapientes,
2551 2839 2704 2896 stulti
2752 2840 2882 2896 facti
2929 2848 3090 2906 sunt;
3133 2848 3190 2895 et
3231 2846 3593 2896 mutaverunt

1965 2930 2196 3002 gloriam
2226 2931 2657 3001 incorruptibilis
2685 2931 2778 2986 Dei
2814 2933 2867 2986 in
2915 2931 3332 2986 similitudinem
3381 2930 3585 3002 imagi-

1967 3027 2051 3080 nis
2096 3027 2470 3098 corruptibilis
2517 3027 2779 3094 hominis,
2806 3037 2862 3082 et
2916 3027 3221 3092 volucrum,
3257 3035 3311 3082 et
3339 3025 3582 3084 quadru-

1963 3117 2162 3187 pedum
2196 3129 2253 3173 et
2301 3119 2639 3189 serpentium
2691 3118 2873 3190 (liam.
2906 3122 2969 3189 ι).
3003 3139 3020 3171 ι
3055 3119 3162 3174 Per
3212 3119 3352 3175 hanc
3391 3119 3576 3189 itaque

1965 3223 2182 3264 vesana:
2206 3210 2490 3278 sapientiae
2512 3211 2812 3273 vanitatem
2846 3222 3020 3281 poetae
3047 3211 3374 3282 philosophi,
3407 3211 3574 3283 magi,

256 3295 374 3366 ipso
397 3298 561 3364 enim,
595 3299 736 3354 sicut
761 3301 1058 3371 Apostolus
1079 3304 1177 3370 ait,
1213 3305 1430 3360 habitat
1460 3305 1638 3360 onmis
1680 3305 1853 3375 pleni-
1884 3291 1929 3355 C
1963 3301 2204 3357 siderum
2231 3302 2526 3357 rimatores
2547 3304 2906 3373 omniumque
2938 3305 3351 3374 disciplinarum
3382 3304 3582 3362 libera-

255 3387 386 3466 tudo
438 3388 744 3446 divinitatis
792 3393 1152 3462 corporaliter
1203 3393 1484 3467 (€01.11):
1539 3415 1557 3448 ›
1598 3407 1654 3452 et
1705 3397 1853 3462 alibi,

260 3499 280 3535 ι
338 3485 481 3540 Deus
530 3496 649 3540 erat
694 3488 746 3541 in
792 3489 1014 3544 Christo
1039 3491 1304 3545 mundum
1340 3493 1704 3548 reconcilians
1750 3493 1851 3549 sibi

253 3575 341 3649 (II
373 3578 498 3633 Cor.
525 3581 601 3647 v).
627 3574 772 3636 ιω
804 3582 946 3637 hanc
974 3583 1270 3638 viventium
1299 3595 1501 3642 terram
1529 3587 1619 3642 ille
1645 3603 1746 3642 nos
1776 3588 1858 3643 di-

252 3679 449 3736 gnetur
478 3670 759 3735 inducere,
788 3673 880 3740 qui
910 3683 1068 3729 terra:
1100 3683 1303 3729 nostra:
1336 3677 1588 3731 mortalia
1625 3695 1731 3733 non
1765 3679 1857 3733 de-

249 3757 506 3831 dignatus
528 3773 610 3818 est
634 3763 887 3828 tolerare,
909 3775 1180 3833 quatenus
1210 3767 1288 3822 sic
1313 3768 1386 3822 ibi
1417 3769 1555 3824 lacte
1599 3780 1652 3825 et
1695 3771 1857 3826 melle
1907 3803 1910 3806 ~

249 3865 538 3908 vescamur
591 3864 649 3908 ut
685 3854 984 3910 Salvatoris
1022 3861 1200 3914 nostri
1247 3864 1538 3930 praesentia
1588 3874 1641 3918 et
1679 3864 1855 3919 melli-

248 3942 356 3999 ﬂua
409 3944 711 4000 divinitatis
747 3946 864 4015 ejus
918 3949 1204 4005 dulcedine
1252 3954 1536 4008 satiemr.
1581 3957 1683 4022 Qui
1729 3973 1854 4012 cum

249 4039 362 4094 Deo
391 4038 572 4104 Patre,
619 4048 673 4093 et
716 4037 923 4109 Spiritu
970 4052 1162 4098 sancto
1207 4044 1361 4110 vivit,
1413 4055 1466 4101 et
1517 4056 1708 4118 regnat
1753 4063 1854 4118 per

245 4133 428 4188 onmia
458 4133 658 4202 saecula
687 4132 1032 4189 saeculorum.
1065 4134 1263 4191 Amen.

875 4246 1108 4303 SERMO
1136 4248 1223 4302 lll.

385 4348 450 4390 at:
487 4351 690 4393 smcro
727 4341 1018 4480 amazt‘sto
1060 4355 1308 4481 nou3cno
1349 4357 1418 4397 ετ
1459 4359 1715 4400 ιιΑκτγιιι

879 4426 968 4464 xxi
1010 4426 1178 4466 nam.
1215 4452 1227 4465 .

879 4426 968 4464 ιιι
1010 4426 1227 4466 IABTJ.

319 4501 397 4555 Ad
429 4501 741 4572 pulchrum,
777 4501 979 4560 fratres
1007 4505 1338 4571 charissimi,
1366 4509 1718 4564 convenimus
1750 4509 1850 4566 ho-

242 4593 436 4648 dierua
456 4591 754 4649 festivitate
772 4595 1163 4664 spectaculum,
1189 4613 1311 4652 cum
1331 4599 1626 4656 viderimus
1655 4617 1842 4658 verum

239 4687 412 4743 David
461 4698 707 4744 nostrum
755 4691 995 4759 praedam
1027 4692 1093 4748 de
1129 4694 1341 4749 cruenti
1388 4694 1562 4752 leonis
1599 4697 1845 4755 faucibus
1871 4666 1927 4729 Β

239 4783 541 4851 rapientem
588 4781 641 4851 (Ι
686 4781 817 4854 Reg.
865 4786 1024 4857 xvn),
1066 4786 1175 4843 into
1221 4803 1348 4843 cum
1379 4788 1521 4845 lasso
1562 4806 1732 4862 puero
1777 4794 1844 4850 de

238 4873 663 4930 Amalecitarum
723 4877 917 4932 cuneis
989 4879 1348 4935 invictissime
1407 4883 1839 4952 triumphantem

239 4965 294 5037 (Ι
326 4965 450 5040 Reg.
480 4969 591 5026 xvi.
624 4968 826 5025 Beatus
865 4971 1012 5026 enim
1057 4974 1404 5040 Anastasius,
1435 4984 1497 5030 ut
1525 4975 1642 5045 ejus
1669 4989 1842 5035 testa-

240 5065 329 5114 tur
354 5058 598 5122 bistoria,
647 5063 787 5132 magi
822 5064 1036 5119 exstitit
1064 5065 1226 5130 ﬁlius,
1261 5078 1317 5123 et
1340 5071 1585 5138 paternis
1615 5072 1842 5144 insuper

237 5148 418 5214 fuerat
448 5152 752 5225 sacrilegiis
794 5155 1100 5212 institutus.
1131 5158 1334 5216 Leonis
1379 5161 1545 5233 igitur
1589 5162 1840 5222 faucibus

239 5243 543 5310 tenebatur,
573 5260 697 5301 cum
729 5248 1009 5320 sacrilegae
1051 5251 1187 5306 artis
1217 5254 1512 5325 praestigiis
1550 5266 1833 5326 uteretur;

237 5335 332 5392 sed
362 5334 557 5392 fortior
602 5340 994 5410 superveniens
1039 5343 1171 5398 vicit
1214 5344 1519 5412 inimicum,
1565 5358 1620 5404 et
1651 5352 1835 5406 omnia

233 5430 484 5493 arma,‘in
509 5431 706 5501 quibus
721 5433 1051 5515 conﬁdebat,
1070 5436 1296 5493 abstulit
1317 5436 1471 5507 (Luc.
1501 5443 1580 5512 xi)
1609 5460 1620 5495 :
1646 5443 1835 5515 sicque

234 5533 391 5576 ovem
419 5533 692 5578 errantem
733 5525 800 5579 ad
827 5526 970 5582 ovile
997 5512 1278 5599 proprium
1311 5537 1612 5603 reportavit
1644 5512 1828 5608 (Joun.

231 5611 316 5685 κ).
342 5613 517 5670 Stulta
545 5615 767 5686 quidem
793 5619 979 5673 mundi
1005 5620 1168 5693 elegit
1201 5623 1364 5690 Deus,
1392 5635 1449 5680 ut
1475 5627 1837 5685 confunderet

234 5705 509 5776 sapientes
546 5706 598 5779 (ι
642 5707 765 5763 Cor.
807 5709 847 5780 ι)
876 5727 890 5766 :
924 5714 1018 5768 sed
1046 5723 1102 5769 et
1129 5717 1173 5770 si
1203 5733 1342 5788 quos
1375 5721 1579 5789 reperit
1609 5723 1833 5793 sapien-

234 5805 340 5864 tes,
370 5798 522 5870 prius
540 5815 636 5856 eos
667 5817 696 5856 a
720 5817 864 5858 vano
891 5805 1140 5876 superbae
1167 5810 1451 5880 sapientiae
1475 5827 1587 5870 suae
1622 5823 1835 5872 tumore

231 5889 446 5965 deiecit,
476 5909 543 5953 ac
565 5893 820 5968 deinceps
849 5897 900 5954 iu
930 5901 1315 5962 auctoritatem
1343 5906 1533 5965 liberae
1557 5908 1826 5982 praedica-

1963 3409 2083 3448 rum
2127 3394 2384 3450 instructi
2422 3395 2639 3464 peritia,
2690 3395 3002 3465 prodigiosa
3053 3394 3303 3452 solebant
3344 3397 3581 3453 adorare

1961 3483 2217 3557 ﬁgmenta
2250 3476 2667 3542 daamoniorum.
2715 3487 2774 3540 ln
2808 3487 2980 3543 vitulo
3010 3487 3174 3559 igitur
3205 3488 3576 3560 signiﬁcatum

1960 3584 2046 3632 est
2079 3586 2250 3632 totum
2290 3594 2511 3649 corpus,
2564 3579 2616 3632 id
2658 3587 2744 3634 est
2785 3580 2965 3634 omnis
2998 3581 3237 3635 societas
3285 3581 3579 3652 gentilium

1961 3669 2283 3726 idololatria
2331 3673 2662 3726 deditorum.
2711 3673 2926 3744 Moyses
2973 3674 3157 3743 itaque
3187 3675 3415 3730 vitulum
3451 3676 3576 3747 igne

1961 3763 2300 3819 combussit:
2333 3766 2460 3834 quia
2514 3765 2848 3836 Redemptor
2893 3777 3112 3831 noster,
3166 3784 3328 3838 quem
3375 3770 3463 3826 ille
3502 3773 3582 3829 si-

1960 3864 2246 3923 gnaverat,
2297 3857 2436 3912 male
2468 3857 2783 3927 conspirata
2812 3850 2982 3914 corda
3017 3861 3306 3930 gentilium
3329 3860 3573 3921 .ﬂamma

1958 3961 2071 4000 sure
2105 3947 2391 4003 charitatis
2441 3950 2712 4004 accendit.
2755 3949 2914 4024 Unde
2939 3963 2995 4007 et
3025 3953 3142 4022 ipse
3173 3954 3250 4008 ait
3283 3971 3295 4008 :
3335 3974 3353 4006 ι
3385 3954 3574 4026 ignem

1957 4041 2082 4096 veni
2119 4042 2339 4098 mittere
2363 4043 2420 4104 in
2453 4054 2676 4111 terram,
2717 4056 2773 4101 et
2802 4048 2931 4116 quid
2961 4048 3103 4114 volo,
3141 4050 3248 4105 nisi
3277 4060 3336 4106 ut
3365 4067 3569 4108 accen-

1957 4135 2154 4189 datur?
2185 4134 2339 4204 (Luc.
2366 4139 2490 4207 xu.)
2531 4157 2549 4190 ι
2587 4139 2649 4193 Et
2675 4138 2948 4210 Propheta
2980 4159 2991 4196 :
3029 4161 3047 4194 ι
3082 4141 3199 4197 Νοη
3229 4153 3332 4211 est,
3369 4146 3568 4216 inquit,

1955 4227 2047 4297 qui
2100 4243 2159 4282 se
2215 4231 2514 4286 abscondat
2563 4248 2590 4285 a
2633 4234 2814 4288 calore
2863 4235 2983 4305 ejus
3010 4234 3188 4308 (Psal.
3242 4239 3423 4310 xvut).
3459 4259 3477 4291 ι
3511 4239 3571 4298 In

1954 4327 2137 4373 mente
2186 4335 2317 4389 ergo
2345 4321 2627 4392 gentilium
2667 4334 2897 4395 repente
2938 4327 3160 4384 divinus
3188 4330 3329 4401 ignis
3372 4347 3574 4388 accen-

1955 4412 2123 4477 ditur,
2165 4423 2224 4468 ut
2274 4416 2328 4470 in
2373 4416 2455 4472 eis
2516 4417 2913 4475 irrationabilis
2958 4421 3283 4480 idololatriae
3319 4425 3569 4485 bestialis

1952 4504 2128 4561 forma
2156 4507 2424 4564 solvatur.
2454 4507 2652 4565 Totum
2685 4511 2880 4569 deinde
2905 4529 3108 4584 corpus
3138 4516 3290 4572 vituli
3324 4517 3484 4588 hujus
3515 4519 3569 4577 in

1955 4600 2236 4670 pulverem
2289 4604 2705 4682 comniiqtiitur,
2737 4608 2865 4677 quia
2915 4610 3139 4680 gentilis
3191 4610 3280 4666 illa
3332 4615 3573 4671 societas

1957 4693 2241 4749 diabolicae
2276 4696 2701 4766 conspirationis
2733 4698 2786 4752 in
2830 4716 2999 4756 unum
3041 4712 3160 4757 artc
3200 4702 3457 4771 conﬂata,
3498 4705 3570 4762 ad

1955 4787 2246 4840 adventum
2297 4785 2503 4843 Christi
2552 4791 2788 4858 quodam
2839 4792 2988 4848 velut
3030 4795 3226 4850 malleo
3264 4795 3569 4856 salutifera

1955 4881 2321 4951 correptionis
2351 4891 2545 4937 extusa
2596 4892 2763 4952 atque
2805 4901 2834 4938 a
2885 4885 3088 4956 rigoris
3131 4888 3214 4943 sui
3248 4888 3449 4944 duritia
3482 4891 3570 4948 di-

1952 4973 2064 5027 vini
2093 4975 2243 5029 verbi
2281 4989 2367 5031 ρει
2394 4977 2594 5031 virtute
2630 4979 2885 5033 contrita.
2923 4980 3005 5034 Ad
3036 4981 3261 5037 verbum
3290 4985 3569 5055 siquidem

1952 5065 2200 5120 veritatis
2227 5067 2525 5123 salubriter
2565 5071 2984 5138 comminuitur,
3015 5089 3156 5144 quas.
3178 5074 3320 5130 male
3351 5077 3566 5150 integra

1953 5159 2007 5214 in
2051 5160 2320 5230 superbia:
2368 5160 2546 5217 forma
2597 5164 2995 5221 insensibiliter
3039 5178 3190 5223 stare
3250 5170 3560 5228 videbatur.

1951 5252 2158 5308 Deinde
2191 5253 2246 5308 in
2287 5269 2487 5325 aquam
2522 5257 2826 5326 spargitur,
2880 5268 2941 5314 ut
2990 5259 3327 5320 lsraeliticus
3377 5281 3445 5321 ex
3492 5281 3560 5327 eo

1949 5347 2179 5419 populus
2197 5349 2367 5405 bibat.
2393 5351 2775 5408 Comminutus
2797 5354 3036 5424 denique
3053 5357 3258 5414 vitulus
3275 5359 3329 5414 in
3353 5376 3556 5431 aquam

1950 5441 2207 5506 mittitur,
2258 5443 2386 5514 quia
2435 5445 2756 5502 humiliatus
2786 5447 3008 5516 gentilis
3042 5451 3293 5520 populus,
3342 5452 3563 5510 lavacro

1948 5536 2213 5593 salutiferi
2255 5538 2422 5596 fontis
2455 5557 2682 5599 necesse
2729 5555 2815 5599 est
2853 5545 3126 5601 abluatur.
3163 5547 3337 5616 Quem
3387 5549 3564 5618 proti-

1947 5649 2051 5688 nus
2078 5632 2336 5688 lsraeliue
2360 5636 2570 5701 bibunt,
2600 5637 2728 5708 quia
2761 5641 2937 5696 sancti
2964 5641 3356 5711 praedicatores
3379 5642 3560 5699 Evan-

1945 5726 2093 5797 gelii,
2135 5727 2226 5797 qui
2259 5728 2374 5784 veri
2420 5728 2687 5786 Israelita;
2731 5741 2879 5799 sunt,
2917 5749 3058 5805 quos
3093 5734 3164 5788 ad
3205 5734 3555 5794 Dominicutn

1943 5831 2165 5892 corpus,
2199 5820 2456 5892 quodest
2485 5821 2772 5891 Ecclesia,
2795 5827 3137 5884 transferunt
3164 5828 3218 5883 in
3253 5843 3354 5885 sua
3386 5844 3558 5887 mem-

1943 5913 2044 5972 bra
2076 5914 2427 5990 suscipiendo
2461 5917 2618 5991 quasi
2655 5918 2898 5980 bibendo
2925 5930 3277 5983 convertunt.
3303 5923 3552 5995 Quorum

4295 65 4328 80 AL

4277 103 4328 112 *-
