5428 6536
597 6299 624 6306 .-

595 6311 641 6319 μ-

1837 362 1943 424 διο
2399 355 2457 413 8.
2497 352 2698 414 PETRI
2735 350 3018 412 DAMIANl
3045 348 3197 408 OPP.
3240 347 3422 407 PARS
3461 344 3588 405 εει]
3621 342 3856 403 ’1³031υὸ
3897 342 3958 398 ll.

2960 350 3018 408 Nl
3045 348 3197 408 OPP.
3240 347 3422 407 PARS
3461 344 3588 405 εει]
3621 342 3856 403 ’1³031118
3897 342 3958 398 ll.
3995 374 4060 384 —
4093 336 4488 397 SlZRllO-NBS.
5005 334 5104 389 ’ΒΟ

1846 467 2099 528 videlicet
2123 463 2490 527 lsraelitarum
2519 465 2695 536 primo
2725 464 2927 520 dictum
2960 471 3079 518 est:
3117 482 3134 514 ι
3164 459 3336 516 laeta
3359 471 3414 516 et
3445 467 3486 523 Α
3520 459 3754 513 surrexit
3779 471 3920 512 verte
3955 456 4072 509 fidei
4097 453 4462 514 Christianus,
4497 457 4756 520 tantoque
4782 448 4957 504 sancti
4984 447 5106 518 Spio

1844 560 2102 619 manduca
2133 557 2271 628 (Act.
2304 557 2379 626 ι).
2414 576 2432 610 i
2461 556 2615 623 Quod
2654 555 2986 610 tantumdem
3017 561 3100 608 est
3132 567 3196 606 ac
3243 553 3286 605 si
3331 552 3413 605 di-

1843 661 2055 708 ceretur
2079 667 2091 702 :
2121 648 2262 705 Tere
2287 658 2343 704 et
2366 649 2508 703 bibe.
2540 647 2653 710 Sic,
2678 648 2756 702 sic
2787 645 2872 701 ille
2901 645 3095 699 vitulus
3117 659 3211 714 per
3235 644 3411 712 ignem

1843 740 1965 807 zeli,
2009 749 2066 797 et
2108 740 2279 795 aciem
2312 739 2460 794 verbi
2508 754 2810 809 aquamque
2851 737 3188 805 baptismatis
3239 735 3303 788 ab
3332 737 3412 788 eis

1840 831 2021 902 potius
2066 831 2352 901 abaorptus
2393 839 2477 886 est
2516 846 2648 900 quos
2692 837 2917 884 conatus
2950 836 3034 882 est
3080 827 3410 888 absorbere;

1844 922 1903 979 in
1936 938 2032 979 eos
2057 923 2169 994 ipse
2204 920 2507 978 transfusus
2536 933 2618 977 est
2663 936 2797 989 quos
2827 921 2880 974 in
2909 935 3025 983 sua,
3057 919 3157 973 hoc
3184 928 3267 971 est
3297 918 3411 970 dia-

1839 1013 2365 1080 bolica,"tentaverat
2386 1017 2622 1070 membra
2653 1012 2972 1069 transferre.
3006 1013 3411 1072 Verumtamen,

1839 1103 1968 1175 quia
2017 1103 2226 1176 loyses
2276 1118 2386 1158 non
2430 1104 2480 1156 in
2507 1105 2853 1158 hoc.metam
2916 1102 3132 1155 ultionis
3181 1101 3316 1162 ﬁxit,
3357 1111 3416 1153 ut

1843 1192 2045 1250 idolum
2076 1189 2335 1249 dmaat
2364 1191 2700 1263 infringeret,
2742 1195 2834 1248 sed
2872 1195 3088 1262 insuper
3125 1192 3327 1246 addidit
3358 1202 3416 1246 ut

1838 1293 1894 1342 α
1933 1286 2123 1357 viginti
2183 1287 2284 1341 tria
2327 1286 2492 1340 millia
2543 1289 2816 1341 hominum
2879 1287 3172 1339 trucidaret
3211 1285 3410 1354 (Exod.

1838 1376 2038 1447 xxxii),
2059 1377 2285 1447 mystice
2306 1377 2488 1432 docuit
2513 1392 2846 1446 nequaquam
2869 1375 2973 1447 ιι
2988 1375 3251 1440 sulllcere,
3286 1377 3326 1428 si
3349 1376 3416 1429 ab

1836 1466 2154 1524 idololatria-
2192 1468 2371 1533 cultu,
2405 1467 2489 1522 vel
2536 1469 2798 1536 pravitate
2850 1470 2973 1520 vitae
3001 1468 3232 1537 quisque
3281 1482 3412 1520 con-

1834 1559 2084 1621 vertitur,
2118 1559 2220 1613 nisi
2250 1568 2311 1614 et
2346 1559 2559 1628 propria
2591 1560 2714 1611 vitia
2754 1559 2931 1628 gladio
2983 1560 3204 1628 spiritus
3233 1557 3414 1610 morti-

1837 1649 1997 1706 ficare
2023 1660 2268 1705 conetur.
2303 1649 2452 1704 Unde
2479 1659 2533 1703 et
2561 1650 2882 1718 pmdicator
2911 1651 3159 1719 egregius
3192 1666 3201 1699 :
3236 1665 3251 1696 ι
3279 1646 3414 1700 Mor-

1837 1741 2056 1808 ticate,
2091 1743 2285 1814 inquit,
2319 1743 2559 1796 membra
2584 1753 2785 1806 vestra,
2823 1758 2940 1811 qua:
2972 1751 3095 1794 sunt
3123 1757 3282 1811 super
3308 1751 3414 1793 ter-

3517 552 3651 604 ritus
3682 551 3803 618 igne
3829 563 4118 604 succensus
4149 557 4251 608 est,
4281 559 4336 599 ut
4364 547 4414 600 in
4448 546 4564 614 ipso
4589 558 4708 596 mos
4741 557 4854 597 sua!
4879 551 5110 598 colu»

3517 643 3684 696 sionis
3723 643 3948 696 exordio
3995 641 4242 708 protinus
4277 639 4599 708 martyrium
4650 635 4848 690 anxius
4898 646 5110 702 quare-

3519 743 3620 794 ret,
3655 732 3720 786 ad
3751 733 3998 800 martyrii
4029 741 4301 784 certamen
4336 730 4464 781 totis
4493 728 4793 781 visceribus
4823 733 5106 779 aestuaret.

3517 827 3650 892 Quid
3677 825 3865 894 plura?
3895 823 4135 878 Tandem
4162 822 4227 875 ad
4248 821 4486 889 iudicem
4514 828 4743 880 tractus,
4774 817 4935 870 modo
4961 817 5113 870 blan-

3516 915 3662 968 ditiis
3699 923 4020 976 attentatur,
4073 913 4231 966 modo
4260 913 4529 964 minarum
4583 909 4984 980 asperitatibus
5015 907 5110 962 de-

3519 1016 3790 1066 terretur;
3829 1005 3918 1058 sed
3973 1005 4124 1058 miles
4155 1005 4378 1068 Christi,
4427 1003 4516 1073 qui
4547 1017 4708 1071 supra
4751 1002 4972 1055 firmam
5013 1017 5108 1072 pe-

3518 1107 3654 1149 tram
3693 1097 3813 1148 fidei
3843 1111 3952 1148 sua:
3983 1095 4328 1148 fundamenta
4371 1088 4648 1163 posuerat}
4682 1089 4823 1145 inter
4865 1093 5112 1146 minaces

3516 1187 3707 1240 fluctus
3752 1197 3805 1240 et
3853 1186 4215 1256 procellarum
4261 1185 4822 1240 circumfrementium
4865 1186 5112 1240 turbines

3517 1281 3806 1335 immobilis
3831 1282 4176 1350 persisteliat,
4219 1280 4520 1349 eodemque
4553 1280 4734 1334 animo
4761 1289 4812 1334 et
4837 1279 5110 1346 despicie-

3516 1372 3604 1426 bat
3636 1388 3892 1442 prospera
3918 1383 3970 1426 et
4000 1365 4246 1427 calcabat
4275 1373 4539 1435 adversa;
4566 1385 4738 1442 eoque
4761 1372 4924 1424 modo
4943 1369 5116 1428 Ull-

3517 1476 3602 1518 tor
3631 1477 3883 1519 strenuus
3929 1465 4162 1535 pellebat
4206 1480 4235 1518 a
4282 1466 4605 1535 pavidorum
4636 1473 4817 1519 mente
4865 1463 5114 1517 formidi-

3517 1565 3662 1618 nem,
3711 1566 3765 1610 et
3799 1555 3958 1609 rudes
4005 1565 4254 1624 tyronum
4303 1557 4514 1609 animos
4546 1554 4614 1608 ad
4661 1569 4891 1625 agonem
4941 1554 5116 1608 divini

3518 1646 3834 1698 certaminis
3861 1647 4214 1699 accendebat.
4241 1645 4394 1711 Quod
4425 1645 4590 1698 etiam
4620 1658 4715 1714 per
4759 1643 4862 1714 ιδ
4887 1642 5118 1714 onael

3520 1740 3571 1789 in
3621 1738 3735 1806 lege
3787 1747 4114 1806 praccptum
4154 1745 4236 1790 est
4271 1753 4284 1788 :
4322 1754 4338 1785 t
4369 1735 4870 1806 Appropinquante,
4909 1734 5118 1804 inquit,

1835 1852 1973 1902 rain,
2017 1838 2455 1900 fornicationem,
2500 1838 2919 1900 immunditiam,
2956 1836 3249 1900 luxuriam,
3290 1849 3416 1888 con-
3447 1829 3624 1896 Βλέπω
3655 1829 3840 1898 prtlio
3866 1829 3979 1881 stult

2978 1837 3249 1900 ιιιητίειηι,
3290 1849 3416 1888 con.
3447 1835 3491 1896 Β
3513 1829 3624 1895 jam
3655 1829 3840 1898 praelia
3866 1829 4032 1881 stabit
4064 1828 4319 1882 sacerdos
4350 1837 4473 1882 ante
4504 1828 4701 1894 aciem,
4731 1841 4787 1885 et
4814 1831 4898 1885 sic
4925 1830 5117 1902 loque-

1836 1924 2218 2000 cupiscentiam
2247 1929 2443 1982 malam
2473 1939 2520 1982 et
2556 1930 2866 1990 avaritiam,
2898 1943 3014 1998 qua:
3045 1937 3124 1981 cst
3157 1927 3417 1979 idolorum

1835 2020 2067 2075 servitus
2087 2017 2223 2088 (Col.
2256 2021 2358 2087 Ill).
2395 2039 2412 2069 ι

1904 2107 1971 2162 Et
1997 2108 2287 2163 natandum
2322 2108 2446 2177 quia
2488 2108 2626 2161 sicut
2675 2107 2760 2160 hic
2789 2107 2917 2160 vitia
2962 2108 3202 2161 membra
3236 2117 3416 2159 nostra

1838 2215 1960 2256 esse
1987 2201 2261 2260 dicuntur,
2293 2203 2361 2253 ita
2394 2210 2447 2253 et
2487 2201 2616 2262 illic,
2643 2201 2904 2269 perempti
2936 2208 3079 2260 sunt,
3108 2216 3228 2253 cum
3255 2201 3418 2253 inter

1836 2290 2130 2347 feetoribus
2174 2292 2288 2344 suis
2332 2292 2748 2359 propinquitatis
2795 2291 3414 2359 necessitudinejunge-

1836 2381 2049 2438 bantur.
2087 2381 2238 2436 Sicut
2271 2398 2367 2452 per
2411 2381 2627 2452 Moysen
2677 2384 2878 2437 dictum
2907 2392 3027 2437 est:
3073 2403 3090 2433 ι
3125 2383 3246 2437 Hrrc
3291 2387 3418 2438 dicit

1837 2474 2098 2529 Dominus
2145 2473 2284 2529 Dens
2335 2473 2496 2529 Israel
2546 2493 2557 2525 :
2608 2475 2776 2527 Ponat
2827 2475 2910 2528 vir
2964 2475 3199 2544 gladium
3261 2491 3418 2545 super

1841 2567 2020 2622 femur
2039 2551 2191 2621 suum
2217 2584 2230 2632 ;
2269 2568 2360 2630 ite,
2393 2576 2444 2621 et
2471 2568 2640 2620 redite
2667 2569 2732 2620 de
2759 2578 2909 2637 porta
2936 2584 3100 2636 usque
3130 2569 3180 2620 in
3208 2580 3418 2637 portam

1838 2673 1935 2730 per
1961 2658 2194 2714 medium
2217 2665 2549 2721 castrorum,
2582 2666 2634 2711 et
2659 2660 2876 2712 occidat
2913 2663 3281 2728 unusquisque
3310 2660 3419 2712 fra-

1839 2759 1997 2812 trem,
2024 2758 2076 2804 ct
2100 2750 2330 2803 amicum
2353 2759 2406 2803 et
2427 2749 2728 2818 proximum
2753 2764 2910 2804 suum
2935 2749 3135 2818 (Exod.
3166 2757 3357 2818 xxxii).
3391 2769 3409 2802 ι

1839 2839 1897 2897 Si
1940 2854 2098 2912 quem
2135 2855 2265 2911 ergo
2303 2840 2531 2895 deleCtat
2566 2841 2618 2892 in
2673 2856 2823 2893 arma
2869 2856 3216 2911 consurgere,
3266 2843 3416 2911 quis-

1837 2932 1958 3002 quis
2005 2931 2221 2986 anhelat
2277 2932 2536 2984 adversus
2584 2931 2819 2985 hostium
2861 2946 3062 2986 cuneos
3118 2933 3420 2998 dimicare,

1731 3022 1734 3026 ’
1835 3031 2011 3077 vertat
2039 3037 2229 3076 manus
2262 3021 2314 3075 in
2342 3036 2422 3084 se,
2452 3031 2508 3074 et
2544 3021 2653 3075 illic
2683 3021 2864 3089 plures
2888 3022 3126 3077 inveniet
3156 3024 3419 3077 adversa-

1837 3113 1948 3170 rios
1985 3114 2424 3178 obtutus-nudos,
2480 3113 2620 3167 unde
2667 3112 2917 3167 videlicet
2966 3122 3087 3182 post
3137 3114 3416 3167 victoriam

3527 1932 3610 1974 tur
3643 1923 3707 1973 ad
3733 1921 3984 1990 populum
4017 1940 4027 1970 :
4057 1922 4215 1984 Audi,
4248 1921 4432 1974 Israel.
4468 1919 4574 1976 Vos
4603 1921 4763 1977 hodie
4785 1933 4982 1977 contra
5017 1923 5118 1975 ini.

3525 2014 3690 2064 miros
3719 2023 3927 2065 vestros
3972 2026 4201 2080 pugnam
4229 2012 4590 2076 committitis,
4621 2025 4728 2067 non
4761 2015 5122 2083 pertimescat

3524 2119 3620 2156 cor
3668 2114 3929 2166 vestrum,
3985 2105 4150 2158 nolite
4205 2113 4469 2168 metuere,
4521 2104 4688 2160 nolite
4744 2106 4966 2170 cedere,
5021 2119 5118 2162 nec

3523 2196 3824 2250 formidetis
3867 2211 3979 2260 eos,
4014 2199 4136 2266 quia
4173 2196 4432 2252 Dominus
4467 2197 4606 2253 Deus
4636 2206 4816 2252 vester
4847 2200 4902 2252 in
4935 2202 5120 2254 modio

3522 2293 3684 2344 vestri
3719 2300 3799 2342 est
3828 2300 3879 2342 et
3908 2305 4004 2358 pro
4034 2291 4186 2343 vobis
4213 2299 4399 2343 contra
4428 2289 4773 2348 adversarios
4803 2291 5116 2354 dimicauit.

3523 2393 3577 2436 ut
3609 2393 3767 2436 eruat
3807 2399 3899 2436 tos
3928 2383 3991 2434 de
4025 2382 4264 2451 periculo
4293 2380 4471 2448 (Deut.
4502 2381 4614 2450 ιι).
4657 2400 4676 2433 s

3595 2477 3659 2529 Et
3709 2479 4000 2529 notandum
4029 2476 4168 2543 quod
4221 2475 4495 2536 sacerdos,
4529 2475 4619 2544 qui
4657 2476 4980 2529 imminente
5005 2476 5118 2546 jam

3524 2567 3662 2621 bello
3703 2570 4076 2628 cont-iuuatur,
4121 2579 4225 2620 non
4260 2565 4406 2627 alibi,
4443 2563 4535 2620 sed
4580 2574 4706 2620 ante
4759 2565 4936 2622 aciem
4971 2575 5120 2622 ιιιη

3521 2661 3847 2729 prtecipitur,
3877 2670 3932 2711 ut
3963 2659 4212 2712 videlicet
4247 2673 4342 2712 eos
4372 2657 4438 2712 ad
4467 2672 4724 2730 pugnam,
4750 2673 4891 2730 quos
4919 2658 5122 2715 adh?-

3522 2752 3813 2804 tationibus
3842 2763 4120 2819 provocat,
4155 2752 4266 2818 ipse
4290 2763 4505 2820 quoque
4535 2750 4770 2820 pravius
4800 2751 5118 2810 antecedat.

3522 2858 3590 2896 ne
3620 2841 3746 2894 dum
3795 2841 3927 2895 alios
3964 2842 4031 2896 ad
4064 2840 4261 2895 bellum
4305 2842 4584 2911 impellere
4633 2843 4843 2906 nititur,
4877 2844 4997 2912 ipse
5027 2844 5120 2898 de-

3523 2934 3706 3003 generi
3762 2935 3993 3002 torporis
4049 2935 4162 2987 otio
4223 2949 4318 3003 per
4363 2933 4744 3005 negligentiam
4787 2934 5116 2990 resolvatur.

3524 3026 3676 3079 Sicut
3708 3027 3771 3078 de
3810 3024 4130 3092 quibusdam
4174 3040 4367 3095 magna
4398 3026 4618 3096 quidem
4666 3025 5116 3096 meditantibus,

3523 3118 3616 3172 sed
3661 3117 3929 3172 desidiose
3970 3118 4296 3180 viventibus,
4350 3133 4446 3186 per
4487 3117 4816 3188 Prnpbetam
4861 3117 5071 3172 dicitur
5105 3133 5119 3170 :

1837 3205 2259 3262 n'otrhomicidtn
2289 3204 2488 3259 ftedum
2517 3218 2710 3258 nomen
2739 3204 2996 3266 incurrat,
3029 3204 3123 3258 sed
3151 3203 3414 3273 gloriosus
3444 3191 3488 3253 C
3526 3228 3542 3259 ε
3579 3207 3695 3260 Filii
3733 3209 3963 3276 Ephrem
4015 3209 4355 3263 intendentes
4399 3223 4585 3262 arcum
4615 3218 4670 3264 et
4702 3210 4987 3264 mittentes
5037 3223 5124 3263 sa-

1835 3299 2013 3371 potius
2043 3292 2402 3366 triumphator
2444 3304 2722 3365 appareat,
2773 3295 2913 3349 unde
2953 3303 3101 3350 certe
3150 3311 3253 3350 non
3294 3312 3416 3350 san-

1835 3387 2032 3444 ctuarii
2058 3397 2329 3442 mercatur
2371 3386 2582 3442 excludi
2616 3385 2912 3450 liminibus,
2950 3386 3045 3441 sed
3090 3401 3418 3442 consecrans

1839 3477 2184 3549 semetipsum
2219 3477 2469 3541 Domino,
2495 3477 2692 3532 divina:
2722 3478 2912 3548 gratia
2951 3477 3420 3534 benedictionibus

1821 3567 2132 3644 augeatur;
2162 3572 2303 3628 sicut
2333 3578 2385 3625 et
2432 3571 2536 3625 illis
2565 3570 2770 3626 dictum
2819 3578 2901 3625 est
2927 3589 2938 3622 :
2970 3589 2988 3621 ι
3019 3569 3417 3637 Consecrastis,

1839 3662 2038 3734 inquit,
2069 3676 2264 3718 manus
2292 3673 2502 3718 vestras
2539 3663 2698 3718 hodie
2743 3662 2989 3728 Domino,
3047 3666 3419 3735 unusquisque

1840 3752 1898 3810 in
1956 3751 2068 3808 ﬁlio
2119 3762 2174 3810 et
2227 3751 2393 3808 fratre
2443 3767 2564 3823 suo;
2607 3762 2666 3808 ut
2714 3754 2873 3810 detur
2909 3756 3062 3809 vobis
3116 3757 3419 3811 benedictio

1841 3843 2053 3919 (ΝΜ).
2083 3863 2103 3899 i
2137 3845 2292 3912 Quod
2335 3827 2518 3912 autem
2545 3845 2580 3900 ii
2605 3839 2699 3916 qui
2750 3846 2874 3901 caesi
2923 3857 3050 3901 sunt
3096 3848 3284 3918 viginti
3317 3850 3419 3902 tria

1845 3937 2016 3993 millia
2070 3935 2240 3992 ﬁnisse
2281 3936 2654 4007 perhibentur,
2708 3939 3161 3996 numeruurium
3196 3927 3421 3992 millium

1840 4036 2242 4100 peremptorum
2273 4027 2536 4098 triplicem
2563 4026 2792 4083 formam
2819 4028 3020 4083 ln’dicat
3047 4039 3417 4098 peccatorum.

1841 4116 2022 4176 Omne
2049 4119 2254 4190 quippe
2290 4128 2568 4188 peccatum
2621 4129 2715 4173 aut
2762 4117 2932 4184 facto,
2971 4129 3062 4173 aut
3113 4120 3295 4184 verbo,
3328 4130 3422 4176 aut

1841 4209 2169 4280 cogitatione
2206 4209 2618 4263 committimus.
2673 4208 2781 4263 Sed
2812 4209 3066 4278 quoniam
3100 4209 3206 4264 illic
3233 4220 3291 4264 et
3328 4213 3420 4265 dc-

1843 4301 2030 4357 narius
2050 4316 2307 4356 numerus
2329 4301 2659 4372 geminatur,
2689 4301 2848 4354 datur
2874 4301 3095 4372 intelligi
3111 4303 3258 4370 quia,
3284 4303 3424 4357 sicut

1844 4389 2166 4463 Decalogum
2190 4400 2587 4461 praeceptorum
2631 4389 2784 4461 culpa
2813 4392 2995 4446 carnis
3019 4392 3178 4446 simul
3220 4402 3273 4448 et
3303 4395 3420 4447 ani-

1844 4500 1947 4542 ma
1974 4492 2192 4540 servare
2211 4484 2656 4553 contempsimus,
2683 4485 2760 4538 sic
2789 4485 2954 4558 etiam
2983 4486 3265 4555 utriusque
3297 4486 3421 4540 vitia

1843 4579 2103 4635 virtutum
2137 4577 2300 4633 armis
2329 4586 2565 4632 atterere
2591 4585 2646 4632 et
2660 4577 3008 4634 .mortiflcare
3035 4578 3314 4634 debemus.

1914 4668 2110 4726 Beatus
2156 4668 2316 4740 igitur
2357 4669 2681 4725 Anastasius
2721 4677 2849 4725 tunc
2888 4685 3109 4742 magus,
3165 4683 3420 4744 tanquam

1848 4758 2044 4818 aureus
2072 4761 2274 4816 vitulus
2295 4764 2560 4818 contritus
2589 4772 2674 4819 est
2708 4763 2901 4820 malleo
2927 4766 3327 4835 praedicationis
3370 4776 3425 4820 et

1847 4852 2152 4910 transfusus
2179 4861 2262 4908 est
2287 4853 2339 4908 in
2376 4855 2621 4908 membra
2641 4856 2886 4925 corporis
2913 4857 3136 4922 Christi,
3175 4874 3297 4913 mox
3329 4875 3425 4913 au-

1846 4951 1954 5000 tem
1982 4952 2040 4998 ut
2065 4942 2231 4998 divini
2257 4941 2600 5014 baptismatis
2627 4943 2855 5014 adeptus
2893 4955 2976 5000 est
3001 4961 3419 5015 sacramentum,

1843 5035 2126 5098 continuo,"
2165 5035 2312 5106 juxta
2361 5035 2703 5104 Apostolum,
2736 5052 2840 5092 non
2877 5041 3144 5107 acquievit
3178 5045 3328 5098 carni
3367 5055 3417 5098 et

1844 5127 2093 5198 sanguini
2124 5123 2320 5197 (Galat.
2354 5127 2416 5197 ι),
2467 5127 2561 5183 sed
2608 5126 2823 5184 fervens
2851 5130 2903 5183 in
2953 5130 3160 5200 Spiritu
3208 5145 3417 5199 sancto,

1842 5232 1974 5276 vere
2003 5219 2056 5273 in
2099 5219 2159 5274 se
2187 5219 2596 5273 resurrectionis
2648 5219 2877 5290 insignia
2912 5221 3135 5277 mutatis
3182 5227 3420 5280 moribus

1842 5309 2183 5369 ostendebat.
2217 5309 2323 5365 Nec
2355 5310 2575 5365 mirum.
2615 5309 2765 5365 Sicut
2789 5313 2932 5367 enim
2965 5313 3118 5378 Setli,
3149 5318 3238 5383 qui
3276 5318 3420 5370 vide-

1846 5404 1973 5460 licet
2002 5403 2160 5475 primi
2191 5403 2363 5458 fuerat
2409 5403 2646 5458 hominis
2696 5404 2835 5458 filius
2864 5403 3015 5474 ((ἱεη.
3055 5407 3127 5476 v),
3159 5406 3420 5462 llebraicc

1846 5497 2151 5550 resurrectio
2199 5495 2429 5559 dicitur;
2460 5496 2531 5548 ita
2579 5504 2632 5549 et
2676 5496 2994 5552 Anastasius
3043 5498 3107 5552 de
3149 5498 3336 5552 Graeca
3370 5500 3420 5552 in

1845 5588 2085 5640 nostram
2117 5584 2372 5655 linguam,
2401 5588 2800 5639 resurrettiouis
2841 5585 2984 5652 ﬁlius
3017 5587 3418 5657 interpretatur.

1843 5676 2240 5732 Convenienter
2292 5679 2474 5748 itaque
2531 5676 2671 5732 ﬁlius
2716 5679 3131 5732 resurrectionis
3185 5681 3419 5744 dicitur,

1843 5767 1969 5837 quia
2005 5774 2354 5824 inortuusest
2385 5769 2437 5823 in
2464 5781 2530 5824 eo
2560 5784 2747 5840 magus
2776 5777 2936 5837 atque
2978 5769 3294 5840 sacrilegus,
3325 5785 3422 5840 pro

3521 3297 3682 3365 gittas
3706 3313 3829 3350 suas
3847 3298 4090 3352 conversi
4116 3307 4241 3352 sunt
4264 3299 4318 3352 in
4333 3298 4557 3354 diebelli
4579 3296 4807 3368 (Paulus.
4825 3303 5066 3370 usus).
5097 3320 5114 3350 ι

3522 3389 3622 3453 Qui
3655 3391 3798 3442 enim
3841 3391 4100 3442 adversus
4147 3389 4406 3443 vitiorum
4460 3391 4786 3444 tentationes
4820 3391 4892 3443 ad
4926 3389 5123 3444 conli-

3523 3487 3671 3531 ctum
3703 3478 3837 3531 alios
3859 3488 4175 3546 provocant.
4202 3480 4295 3534 sed
4323 3477 4734 3550 eonlligeroipi
4760 3479 4862 3534 sub
4895 3481 5120 3550 ignobili

3522 3568 3742 3621 desidia:
3791 3569 4046 3639 languore
4093 3570 4423 3636 detrectant,
4477 3571 4520 3625 ii
4573 3572 4832 3625 nimirum
4885 3573 5123 3640 sagittas

3521 3660 3738 3727 quidem
3767 3660 4024 3730 dirigunt,
4053 3660 4147 3715 sed
4192 3670 4314 3730 pou
4359 3671 4510 3732 terga
4555 3663 4824 3726 conversi,
4858 3678 5122 3718 consun-

3523 3762 3680 3806 niata:
3709 3754 3946 3806 victoria:
3979 3753 4161 3810 titulos
4182 3769 4290 3810 non
4319 3764 4630 3820 merentur;
4661 3770 4761 3810 nec
4786 3756 4868 3810 eis
4889 3757 5124 3827 pudeat

3523 3844 3666 3912 quod
3696 3843 3834 3898 bene
3870 3853 4171 3913 ceperant,
4199 3848 4324 3915 quia
4366 3861 4474 3901 non
4503 3862 4676 3917 usque
4705 3848 4771 3901 ad
4803 3847 4973 3902 finem
5007 3865 5124 3904 ua-

3523 3933 3852 4002 gaanimiter
3892 3947 4267 4000 persuerant.
4303 3933 4456 3991 Unde
4496 3944 4552 3991 et
4597 3936 4664 3991 de
4707 3935 4811 3991 illis
4863 3939 5124 4007 protinus

3523 4025 3804 4092 sequitur:
3845 4041 3861 4073 i
3899 4023 4011 4078 Non
4057 4025 4430 4081 custodiant
4485 4035 4870 4082 testamentum
4923 4027 5023 4083 Dei
5071 4039 5126 4084 et

3525 4115 3575 4168 in
3611 4115 3726 4184 lege
3751 4113 3868 4181 ejus
3911 4117 4203 4170 noluerunt
4242 4116 4521 4171 ambulare
4554 4115 4764 4187 (Mitt).
4801 4137 4818 4169 i
4853 4118 4938 4175 Ac
4968 4121 5018 4174 si
5044 4121 5128 4174 di-

3525 4215 3691 4270 ceret,
3733 4217 4089 4274 susceperunt
4133 4207 4354 4276 quidem
4404 4215 4815 4270 testamentum,
4864 4212 4966 4264 sed
5014 4227 5128 4265 non

3525 4298 3930 4360 custodierunt;
3965 4306 4259 4367 posuerunt
4287 4299 4338 4351 in
4371 4297 4488 4368 lege
4522 4299 4713 4369 pedem
4749 4312 4846 4367 per
4877 4299 5124 4364 initium,

3526 4391 3620 4444 sed
3657 4406 3764 4444 non
3797 4400 4082 4444 tenuerunt
4111 4391 4533 4460 perseveuantic
4555 4406 4822 4462 gressum.

3597 4484 3850 4552 Quisquis
3875 4499 4002 4554 ergo
4032 4484 4097 4538 ad
4126 4484 4406 4554 spirituale
4444 4494 4721 4539 certamen
4753 4485 4892 4540 alios
4919 4503 5124 4558 provo-

3447 4548 3500 4610 Ῑ)
3527 4548 3636 4634 cat,
3667 4548 3909 4642 quisquis
3939 4548 4007 4627 ad
4038 4548 4250 4627 forti-ter
4279 4574 4543 4644 agendum
4571 4548 4948 4646 proximorum
4975 4596 5126 4633 men-

3529 4678 3608 4722 tes
3638 4668 3876 4736 instigat,
3905 4667 4060 4722 debet
4087 4669 4272 4737 utique
4301 4669 4465 4721 vitam
4489 4671 4823 4724 concordare
4851 4687 4981 4725 cn
5021 4675 5128 4727 lin-

3527 4777 3650 4830 gua,
3692 4776 3779 4824 ne,
3813 4762 3937 4812 dum
3968 4760 4087 4813 aliis
4119 4759 4372 4828 proponit
4407 4759 4642 4825 excelsa,
4685 4761 4798 4830 ipse
4828 4773 5124 4817 contentus

3529 4855 3649 4906 imis
3687 4865 3961 4922 prematur
4001 4853 4213 4905 inertia.
4252 4849 4386 4905 Hinc
4430 4861 4514 4906 est
4552 4851 4695 4922 quod
4727 4855 4779 4908 in
4823 4857 4946 4925 lege
4985 4871 5122 4925 prac-

3527 4947 3812 5014 cipiturzt
3847 4944 3958 4996 Non
4007 4943 4236 5006 habetis,
4289 4943 4485 5012 inquit,
4534 4943 4588 4996 in
4633 4942 4850 4997 ηραῆο
4904 4945 5122 5000 diversa

3526 5041 3786 5108 pondera,
3829 5036 4020 5104 majus,
4055 5044 4107 5087 et
4159 5037 4367 5099 minus;
4415 5050 4517 5090 nec
4565 5035 4672 5089 erit
4721 5036 4772 5089 iit
4823 5037 4992 5090 domo
5032 5049 5120 5091 tua

3530 5129 3742 5182 modius
3776 5129 3966 5197 major,
4000 5135 4054 5178 et
4082 5125 4294 5184 minor;
4330 5125 4541 5194 pondus
4589 5124 4798 5179 habetis
4820 5126 5036 5193 justam
5069 5139 5120 5180 et

3529 5235 3736 5280 verum,
3775 5230 3828 5272 et
3860 5219 4070 5271 modius
4115 5216 4336 5285 aequalis
4366 5225 4418 5270 et
4445 5232 4605 5271 verus
4648 5219 4753 5271 erit
4800 5219 4898 5270 tibi
4937 5220 5116 5284 (Deut.

3529 5319 3677 5382 xxv).
3713 5334 3729 5365 ι
3767 5314 4056 5366 Enimvero
4108 5321 4231 5365 tunc
4270 5312 4323 5365 in
4369 5312 4584 5364 sacculo
4616 5313 4828 5365 diversa
4875 5315 5116 5382 pondera

3527 5421 3633 5458 non
3676 5408 3956 5466 lmlmnns,
3991 5406 4030 5456 si
4059 5405 4195 5456 intra
4227 5388 4500 5456 secretum
4539 5404 4886 5458 conscienti:
4917 5415 5118 5459 ηαυι

3530 5515 3633 5550 non
3669 5499 3822 5550 aliter
3852 5500 3914 5548 dc.
3965 5497 4116 5548 nolns
4144 5505 4304 5564 atque
4341 5493 4498 5548 aliter
4542 5495 4608 5550 ὼ
4636 5497 4756 5548 aliis
4777 5495 5114 5560 iudicantes,

3528 5591 3742 5645 easdem
3796 5590 4044 5656 legalium
4097 5598 4490 5658 praeceptorum
4541 5602 4826 5642 mensuras
4857 5591 5114 5659 appendi-

3527 5699 3667 5737 mns.
3703 5683 3987 5740 Maurum,
4023 5691 4078 5734 ut
4125 5697 4228 5732 non
4259 5681 4377 5733 aliis
4407 5680 4642 5748 regulam
4667 5685 4934 5734 districta-
4968 5695 5114 5734 seve-

3529 5777 3705 5830 ritatis
3735 5775 3997 5838 indicere,
4030 5775 4387 5842 nosmetipsos
4417 5789 4545 5828 vero
4579 5774 4896 5830 studeamus
4929 5788 5118 5828 retuss-
