4020 6312
281 388 383 445 εὶί

1694 372 1924 429 ΞΕΒΜΟ
1961 371 2047 425 iV.

3461 364 3573 419 ω

272 500 441 557 sioris
488 498 843 570 indulgentize
879 497 994 568 lege
1044 505 1301 551 tractare.
1352 493 1428 548 De
1472 509 1578 563 qua
1624 492 1878 545 videlicet
1905 499 1949 555 Α
1980 494 2067 539 ι·ιο
2097 492 2349 552 peccator
2387 484 2547 537 homo
2577 481 2886 552 pertingere
2916 494 2974 535 se
3000 495 3161 552 posse
3192 481 3259 535 ad
3290 481 3569 551 praemium

269 585 467 646 fra'nde
499 601 557 645 et
588 589 846 644 Salomon
879 588 1011 641 dicit
1042 604 1055 640 :
1091 606 1109 637 ι
1142 584 1489 641 Abominatio
1527 592 1609 637 est
1641 582 1867 636 Domino
1926 622 1929 625 .

268 679 487 750 pondus
529 680 725 750 duplex
761 688 817 733 et
855 687 1059 733 statera
1106 678 1292 733 dolosa
1339 673 1521 745 (Prov.
1566 675 1679 744 sx).
1710 694 1728 725 ι
1766 674 1868 729 Ne-

268 782 429 823 cesse
477 778 565 824 est
614 782 744 837 ergo
786 766 970 838 fruges
1018 767 1191 831 verbi,
1230 781 1570 835 nequaquam
1611 765 1864 828 diversis,

262 860 367 914 sed
400 860 611 914 eisdem
648 858 829 912 metiri
858 856 1215 927 ponderibus.
1258 850 1329 909 ιη’
1353 870 1473 925 qua:
1511 854 1632 907 aliis
1661 853 1865 921 agenda

266 948 664 1016 pra-cipimus,
723 947 823 1017 ipsi
870 949 1035 1001 etiam
1080 945 1218 1001 vivis
1265 945 1522 1016 Operihus
1573 942 1865 998 eﬂicaciter

258 1040 625 1110 impleamus.
650 1039 805 1107 Quod
828 1038 1074 1111 profecto
1103 1040 1294 1094 beatus
1320 1048 1523 1108 martyr
1546 1036 1866 1091 Anastasius

262 1128 622 1186 laudabiliter
677 1131 827 1197 fecit,
886 1132 1011 1201 quia
1068 1132 1195 1185 dum
1240 1130 1377 1186 alios
1420 1131 1737 1185 adhortatur
1797 1130 1863 1184 ad

256 1234 534 1289 pugnant,
568 1221 684 1291 ipse
714 1223 864 1291 prior
906 1236 1059 1275 arma
1102 1220 1384 1288 corripuit,
1416 1228 1471 1274 et
1511 1220 1562 1273 in
1604 1220 1774 1289 ipsam
1804 1234 1865 1275 se

256 1314 513 1384 oonstipa
523 1322 589 1368 ta:
611 1313 839 1385 legionis
857 1314 1028 1369 aciem
1051 1313 1215 1369 lorica
1235 1313 1357 1369 lidei
1381 1313 1618 1367 miniitus
1637 1312 1861 1367 immer-

250 1403 365 1467 sit;
393 1403 640 1472 dumque
661 1404 783 1458 aliis
800 1403 1184 1471 congrediendi
1209 1404 1417 1472 praebet
1435 1402 1758 1473 exemplum,
1776 1401 1862 1456 illa

254 1493 495 1549 sortitur
542 1509 608 1548 ex
664 1494 877 1549 devicto
923 1494 1078 1549 hoste
1134 1494 1493 1564 triumphum;
1546 1503 1748 1563 atque,
1804 1500 1865 1546 ut

248 1584 336 1638 ita
369 1583 590 1655 loquar,
612 1584 744 1639 dum
772 1584 1125 1653 sequentibus
1147 1583 1343 1638 sternit
1371 1582 1475 1637 iter
1500 1583 1568 1636 ad
1600 1596 1859 1653 pugnam,

241 1673 379 1743 ipse
430 1688 561 1728 mox
605 1681 831 1744 peracta
861 1673 1089 1729 victoria
1122 1674 1436 1745 perducitur
1471 1674 1540 1729 ad
1576 1687 1856 1728 coronam.

330 1764 489 1820 Hunc
523 1765 733 1835 itaque,
765 1764 1120 1829 dilectissimi,
1167 1778 1459 1834 sequamur
1491 1762 1856 1818 fortissimum

1976 584 2190 643 Sperat,
2240 572 2340 626 nisi
2383 572 2534 641 prius
2568 572 2711 625 hunc
2763 570 3041 637 patientia:
3090 570 3241 624 labor
3284 575 3573 627 exerceat?

1973 662 2162 718 Omnis
2195 663 2358 731 igitur
2382 662 2583 723 anima,
2617 675 2738 729 quae
2763 660 2846 713 his
2872 660 3103 724 duabus,
3134 660 3400 715 cliaritate
3421 660 3573 716 scili-

1970 763 2057 806 cet
2085 762 2141 807 et
2185 752 2475 822 patientia,
2509 751 2656 805 velut
2686 736 3014 819 quihusdam
3042 751 3427 807 sustentaculis
3456 768 3566 806 non

1971 842 2240 905 innititur,
2276 842 2517 895 funditus
2559 840 2789 904 labitur‘,
2830 840 3042 895 etiamsi
3088 842 3302 895 castoris
3358 842 3568 897 virtuti-

1970 932 2070 987 bus
2093 931 2269 987 fulciri
2324 932 2592 987 videatur.
2643 930 2850 998 Quibus
2911 932 3168 985 nimirum
3227 932 3569 1001 virtutibus,

1967 1025 2042 1078 ita
2090 1025 2177 1079 hic
2225 1025 2615 1079 invictissimus
2671 1032 2881 1094 martyr
2928 1024 3153 1089 enituit,
3198 1034 3254 1079 et
3310 1034 3568 1095 tanquam

1966 1116 2197 1184 geminis
2238 1116 2475 1171 libratus
2524 1116 2650 1179 alis,
2694 1129 2816 1169 sese
2863 1115 2930 1168 ad
2971 1113 3215 1170 cmlcstia
3265 1117 3566 1184 appetenda

1964 1206 2267 1275 suspendit,
2325 1216 2380 1261 ut
2433 1222 2531 1276 per
2577 1206 2899 1260 charitatcm
2944 1205 3041 1260 Dei
3084 1205 3315 1260 visibilia
3367 1216 3565 1261 cuncta

1965 1295 2289 1363 despiceret,
2336 1310 2433 1365 per
2470 1295 2795 1365 patientiam
2838 1308 2967 1349 vero
3010 1309 3149 1349 nova
3193 1303 3247 1348 et
3291 1296 3566 1364 exquisita

1968 1393 2363 1440 tormentorum
2412 1402 2610 1456 genera
2658 1402 2766 1441 non
2814 1387 3048 1442 timeret.
3082 1386 3188 1442 Per
3233 1388 3563 1443 cbaritatem

1960 1475 2124 1546 plane
2168 1478 2523 1548 semetipmim
2575 1478 2683 1533 Deo
2733 1478 3019 1533 suavitatis
3065 1478 3297 1533 hostiam
3333 1478 3561 1543 obtulit;

1965 1582 2061 1636 per
2097 1568 2415 1637 patientiam
2445 1577 2626 1623 autent
2669 1569 2932 1639 quidquid
2979 1570 3273 1633 minarum,
3301 1569 3563 1641 quidquid

1963 1672 2269 1726 poenarum,
2310 1660 2576 1731 quidquid
2635 1660 2963 1723 exitiorum,
3012 1660 3273 1729 quidquid
3326 1660 3563 1729 denique

1965 1748 2220 1802 martium
2249 1749 2352 1803 sibi
2388 1759 2613 1804 cruenta
2634 1751 3082 1820 persequentium
3114 1746 3295 1804 rabies
3327 1750 3510 1804 intulit
3537 1790 3557 1814 ,

244 1855 513 1910 videlicet
532 1854 776 1911 cmlestis
797 1854 1003 1911 militia:
1021 1855 1362 1921 bellatorem,
1387 1864 1447 1909 ut
1466 1854 1719 1909 vitiorum
1733 1870 1837 1909 cer

1968 1838 2056 1892 hic
2091 1837 2359 1894 indefessa
2401 1840 2723 1894 constantia:
2769 1839 3217 1910 magnanimitate
3259 1840 3555 1909 percurrit.

245 1954 439 2001 temus
478 1958 700 2016 semper
735 1945 995 2003 edomare
1036 1944 1373 2016 tyrannides,
1406 1946 1514 2017 ιθ
1544 1954 1599 1999 ιιι
1624 1946 1752 1999 rebe
1778 1946 1856 2001 les

244 2035 645 2091 illecebrarum
678 2035 981 2091 carnalium
1022 2037 1299 2092 enitamur
1326 2050 1676 2107 compescere
1703 2038 1855 2092 volu-

232 2135 463 2195 ptates,
495 2136 556 2180 ut
592 2125 793 2183 nobilis
823 2126 1039 2181 animus
1081 2126 1313 2181 summis
1342 2140 1560 2197 semper
1584 2126 1849 2194 intentus,

242 2216 515 2273 caelestia
552 2216 795 2272 fervidus
835 2225 1085 2287 appetat,
1137 2225 1351 2274 terrena
1398 2228 1739 2286 contemnat,
1795 2232 1855 2277 ut

239 2307 487 2363 adversa
528 2308 738 2376 perpeti
770 2323 879 2378 pro
905 2308 1137 2364 veritate
1186 2324 1293 2365 non
1333 2310 1545 2376 timeat,
1579 2320 1638 2366 ut
1680 2313 1851 2367 solani

227 2394 540 2471 creatoris
572 2397 656 2450 sui
692 2397 924 2467 gratiam
961 2399 1261 2467 promereri
1300 2400 1608 2457 medullitus
1645 2417 1850 2459 concu-

229 2488 451 2559 piscat.
482 2487 623 2543 llinc
657 2489 804 2543 enim
835 2489 918 2544 vir
946 2490 1157 2545 Domini
1189 2492 1381 2548 beatus
1407 2496 1751 2560 Anastasius,
1792 2508 1850 2552 ut

236 2578 313 2632 de
343 2576 599 2647 pluribus
638 2592 813 2647 pauca
844 2580 1237 2648 perstringam,
1280 2597 1528 2637 carceres
1561 2584 1848 2640 horriﬁcos

231 2666 502 2739 pertulit,
549 2666 734 2733 famis,
766 2670 907 2735 sitis,
944 2668 1166 2741 frigoris
1212 2674 1565 2744 omniumque
1609 2679 1847 2733 necessi-

236 2768 425 2814 tatum
476 2760 717 2830 inopiam
766 2762 1041 2827 toleravit,
1090 2764 1316 2819 verbera
1344 2770 1693 2838 contempsit,
1728 2780 1849 2825 tan-

233 2848 487 2917 demque
526 2858 651 2918 post
694 2851 951 2905 inunania
1001 2866 1307 2922 pmnarum,
1344 2856 1844 2929 suppliciorumque

223 2946 549 3004 tormenta,
584 2940 638 2993 in
682 2939 903 2997 ﬂumine
954 2952 1179 2999 necatus
1216 2944 1492 3009 occubuit,
1543 2951 1843 3017 eodemque

220 3031 521 3085 elemento
568 3031 735 3085 vitam
787 3033 972 3089 carnis
1012 3035 1197 3089 amisit
1233 3051 1342 3105 quo
1382 3036 1636 3091 videlicet
1681 3050 1840 3093 antea

228 3121 371 3174 vita:
418 3129 641 3175 materna:
682 3130 1026 3177 sacramenta
1067 3132 1414 3194 perceperat.
1468 3125 1614 3181 Bene
1657 3127 1841 3196 itaque

229 3227 457 3281 magus,
492 3213 620 3282 quia
664 3213 719 3267 iu
752 3215 923 3284 magis
957 3217 1148 3271 mundi
1190 3217 1519 3288 Redemptor
1543 3220 1837 3277 adveniens
1866 3224 1915 3288 C

224 3303 366 3357 ﬁdei
398 3317 512 3357 sua:
551 3303 825 3371 primitias
846 3304 1136 3361 dedicavit.

306 3389 625 3473 Notandum
652 3404 857 3458 autem,
900 3395 1261 3462 dilectissimi,
1290 3398 1416 3467 quia
1467 3408 1610 3455 inter
1638 3411 1833 3457 caetera

223 3482 607 3551 spiritualium
636 3483 780 3538 dona
808 3484 1066 3540 virtutum
1116 3489 1481 3555 qumrentihus
1523 3490 1688 3546 Deum
1718 3494 1835 3548 dua:

222 3572 561 3643 propensius
591 3574 914 3629 necessaria:
938 3577 1242 3644 probantur
1266 3592 1389 3634 esse
1421 3581 1673 3649 virtutes,
1697 3585 1831 3639 cha-

224 3664 373 3717 ritas
415 3663 673 3719 videlicet
699 3680 763 3719 ac
787 3668 1072 3735 patientia,
1108 3677 1169 3722 ut
1216 3684 1313 3739 per
1341 3686 1463 3740 qua:
1493 3677 1831 3733 reconciliati

216 3768 429 3809 sumus
458 3755 698 3824 gratuito
727 3756 925 3811 divinae
949 3759 1345 3815 misericordia:
1372 3777 1616 3826 munere.
1645 3782 1742 3837 per
1764 3782 1828 3822 ea

217 3842 583 3912 potissimum
613 3858 1057 3899 consummemur
1084 3862 1150 3901 ex
1186 3851 1398 3920 proprii
1435 3868 1652 3923 quoque
1682 3857 1827 3911 arbi-

218 3936 321 3990 trii
352 3935 630 3990 libertate.
666 3937 772 3989 Per
824 3938 1146 3994 eharitatem
1189 3944 1388 4013 quippe
1432 3946 1524 4001 Dei
1557 3947 1729 4004 Filius
1758 3950 1825 4005 ad

214 4033 421 4080 nostra
477 4026 787 4091 descendit;
837 4042 934 4098 per
981 4031 1297 4099 patientiam
1334 4050 1464 4092 vero
1513 4052 1821 4111 susceptam

220 4124 433 4170 nostra
462 4117 782 4172 substantia:
812 4119 1097 4174 veritatem
1142 4124 1349 4180 calcato
1376 4130 1567 4184 mortis
1595 4132 1823 4201 imperio

217 4209 291 4263 ad
320 4217 611 4277 paternam
640 4208 869 4279 gloriam
905 4211 1238 4270 sublimavit.
1271 4216 1331 4271 Et
1358 4220 1485 4287 quia
1515 4236 1611 4290 per
1639 4225 1822 4279 chari-

220 4306 395 4352 tateni
446 4299 515 4352 ad
547 4313 647 4353 nos
686 4301 1167 4360 consubstantialis
1212 4304 1391 4365 Patris
1429 4310 1597 4367 Filius
1634 4317 1819 4372 venire

214 4390 485 4459 dignatus
514 4400 617 4453 est,
651 4390 847 4446 sunicit
881 4408 1046 4448 unum
1077 4394 1301 4451 Joannis
1348 4406 1676 4473 exemplum,
1709 4422 1817 4476 quo

210 4480 343 4534 ait:
375 4498 395 4530 ι
427 4479 483 4533 In
530 4480 637 4533 hoc
685 4483 935 4550 apparuit
978 4486 1218 4540 ctiaritas
1269 4487 1361 4543 Dei
1406 4491 1457 4545 in
1487 4496 1643 4547 nobis
1681 4512 1814 4565 quo—

214 4572 373 4627 niam
412 4570 611 4625 Filium
659 4588 817 4626 suum
862 4576 1011 4629 misit
1055 4577 1121 4631 in
1163 4581 1442 4646 mundum,
1482 4594 1540 4636 ut
1570 4587 1813 4642 vivamus
1844 4570 1893 4629 D

210 4678 320 4733 per
346 4676 473 4716 eum
503 4660 553 4732 (I
587 4662 750 4717 Joan.
782 4664 876 4734 iv).
908 4686 929 4717 ι
961 4668 1113 4733 Quod
1139 4681 1319 4724 autem
1350 4671 1513 4727 homo
1542 4675 1717 4731 factus
1748 4680 1813 4731 ad

210 4756 445 4809 Patrem
480 4768 579 4822 per
614 4755 933 4824 patientiam
982 4760 1161 4826 rediit,
1196 4770 1304 4816 tota
1349 4764 1681 4833 dispensatio
1709 4769 1810 4823 hu-

210 4846 511 4901 inanitatis
556 4856 854 4918 assumpta:
892 4848 1096 4919 liquido
1134 4855 1443 4909 conﬁtetur.
1474 4859 1611 4923 Quid
1640 4862 1807 4927 enim,

211 4948 273 4993 ut
304 4952 337 4989 a
362 4936 637 5008 principio
662 4949 928 5008 repetam,
961 4941 1105 4996 aliud
1145 4942 1245 4999 luit
1295 4946 1347 4999 in
1383 4947 1623 5017 virginali
1658 4960 1815 5005 utero

210 5029 458 5095 concipi,
492 5036 677 5081 natum
716 5028 768 5081 in
800 5031 1063 5099 praesepio
1094 5034 1365 5100 reclinari,
1396 5037 1590 5091 vilibus
1618 5041 1811 5107 pannis

210 5118 444 5182 involvi,
486 5118 803 5189 parentibus
834 5121 1109 5176 humiliter
1136 5124 1315 5187 subdi.
1355 5130 1695 5183 contumeliis
1730 5130 1810 5182 af-

210 5214 327 5276 fici,
366 5222 647 5282 postremo
690 5212 931 5283 crucifigi
961 5224 1015 5267 et
1060 5218 1232 5270 mori?
1262 5217 1418 5283 Quid,
1470 5222 1711 5290 inquam,
1751 5224 1805 5278 in

210 5305 302 5359 his
330 5303 612 5365 omnibus,
662 5302 764 5357 nisi
815 5303 1075 5373 maiestas
1120 5308 1334 5363 invictae
1384 5314 1658 5381 patientiae
1695 5316 1805 5370 ela-

210 5395 352 5457 ruit,
394 5407 491 5460 per
534 5407 697 5462 quam
745 5393 949 5449 Auctor
990 5399 1113 5452 vita:
1163 5402 1398 5457 moriens
1432 5408 1624 5459 mortis
1656 5410 1803 5476 prin-

206 5489 393 5559 cipem
448 5487 845 5555 triumphavit?
904 5490 962 5543 Si
1023 5506 1153 5560 ergo
1208 5494 1299 5548 Dei
1373 5494 1642 5562 Verbum,
1706 5517 1803 5569 per

207 5579 360 5649 quod
393 5577 538 5632 facta
575 5588 701 5633 sunt
742 5580 921 5633 omnia
948 5580 1127 5651 (Joan.
1160 5586 1225 5653 t),
1256 5588 1464 5641 unitum
1495 5590 1594 5642 sibi
1631 5592 1803 5646 homi—

209 5683 362 5733 nem,
386 5678 683 5737 antequam
726 5680 893 5722 totum
937 5674 1207 5738 patientia:
1250 5678 1483 5731 stadium
1522 5696 1800 5749 percurre

206 5770 315 5830 ret,
349 5763 557 5819 intrare
582 5764 634 5817 in
667 5778 817 5817 sitam
845 5765 1068 5835 gloriam
1102 5788 1206 5824 nnn
1259 5774 1525 5843 permisit,
1560 5794 1666 5846 quo
1702 5796 1795 5849 pa-

622 5878 893 5936 Pt'ruut..
940 5885 1210 5946 CXLIV.

2028 1928 2333 2000 Seqnamur
2358 1932 2559 2001 itaque,
2589 1929 2963 1993 dilectissimi,
3006 1930 3150 1983 hunc
3175 1929 3553 1985 admirabilem

1955 2019 2131 2075 virum
2167 2062 2183 2089 ,
2228 2022 2456 2093 ejusque
2509 2024 2757 2092 vestigia,
2816 2022 2868 2076 in
2913 2030 3173 2092 quantum
3228 2036 3550 2092 possumus,

1954 2110 2251 2178 imitemur,
2292 2123 2586 2185 quatenus,
2615 2115 2741 2169 dum
2790 2114 2937 2168 hunc
2969 2113 3125 2167 nobis
3151 2114 3312 2167 modo
3348 2129 3550 2183 propo-

1954 2188 2135 2258 nimus
2176 2204 2245 2259 ad
2288 2204 2619 2274 exemplum,
2681 2202 2798 2272 ejus
2844 2205 3186 2273 postmodmn
3239 2204 3342 2275 17
3382 2205 3550 2276 parti-

1948 2292 2152 2363 cipium
2206 2296 2466 2366 appellari
2525 2312 2833 2352 mereamur
2878 2296 2942 2350 ad
2993 2298 3296 2366 praemium,
3352 2308 3411 2353 ut
3455 2298 3547 2369 qui

1951 2384 2155 2440 sanctis
2213 2388 2547 2456 martyribus
2596 2388 2837 2443 reddidit
2877 2388 3087 2459 justitia
3151 2389 3393 2446 dictante
3446 2406 3543 2445 co-

1951 2488 2183 2540 ronam,
2234 2476 2391 2531 nobis
2439 2479 2819 2547 peccatoribus
2874 2479 3063 2534 saltem
3112 2480 3229 2534 solo
3276 2496 3387 2535 sua:
3445 2482 3549 2534 mi-

1949 2562 2263 2619 sericordiae
2316 2581 2542 2622 munere
2602 2569 2933 2639 propitiatus
2993 2569 3271 2639 indulgeat
3332 2570 3546 2624 veniam

1942 2648 2105 2706 Iesus
2146 2651 2399 2709 Christus
2427 2654 2692 2711 Dominus
2742 2666 2947 2722 noster.
3000 2661 3091 2728 qui
3128 2674 3250 2713 cum
3287 2657 3449 2718 Patre
3487 2668 3546 2713 et

1949 2736 2156 2807 Spiritu
2182 2754 2374 2798 sancto
2400 2744 2533 2799 vivit
2556 2756 2614 2801 et
2640 2757 2832 2818 regnat
2855 2748 2997 2803 Deus
3016 2763 3117 2820 per
3136 2750 3320 2805 omnia
3337 2748 3541 2806 mula

1945 2830 2292 2889 saeculorum.
2316 2835 2513 2890 Amen.

2475 3039 2682 3100 FEBR
2692 3040 2791 3102 UA
2802 3040 3001 3103 MUS.

1938 3130 1995 3190 L
2033 3132 2251 3196 Sermo
2277 3134 2356 3196 de
2379 3137 2448 3199 5.
2497 3139 2720 3201 Severo
2756 3142 3050 3223 episcopo
3102 3143 3452 3205 Ravennate
3480 3152 3538 3205 ει

2024 3234 2397 3314 con/cssore.

2016 3331 2230 3394 Sermo
2261 3335 2570 3398 secundus
2592 3336 2665 3399 ds
2688 3338 2924 3402 eodem.

1939 3430 2113 3493 XIV.
2158 3434 2371 3495 Sermo
2427 3433 2500 3496 (Ic
2522 3438 2591 3498 S.
2638 3438 3025 3504 Eleiwhadio
3078 3445 3371 3526 episcopo
3412 3447 3531 3509 Ra-

2018 3540 2273 3593 vennate
2301 3542 2356 3594 et
2386 3537 2759 3615 con/more.

2538 3635 2777 3695 SERMO
2814 3640 2898 3695 IV.

1936 3736 1971 3774 l.
2017 3736 2085 3775 DE
2113 3737 2159 3776 8.
2197 3740 2400 3780 SEVERO
2431 3742 2679 3783 EPISCOPO
2720 3747 3034 3791 ΙίΑὶἘΝΝΔῙΈ
3063 3754 3133 3793 ΕΤ
3172 3756 3520 3799 οοιιεεςεοιιι.

2587 3808 2624 3865 (l
2657 3809 2837 3873 renti.)

2001 3880 2264 3948 Gloriam,
2296 3896 2355 3940 et
2383 3886 2645 3944 honorem
2682 3891 2788 3947 Deo
2819 3905 3028 3963 nostro,
3053 3902 3349 3957 secundum
3377 3904 3529 3961 Psal-

1930 3972 2191 4038 mistam,
2236 3974 2375 4031 laetis
2426 3981 2698 4035 mentibus
2746 3982 3040 4043 aﬂerimus
3083 3988 3255 4061 (Paul.
3306 3999 3524 4067 xxvrn),

1929 4062 2130 4119 fratres
2172 4067 2503 4135 citarissimi,
2537 4074 2663 4141 quia
2705 4074 2832 4128 dum
2883 4078 3175 4137 oblationis
3228 4062 3525 4144 Dominicie

1925 4156 2330 4213 celeberrimam
2352 4175 2730 4231 exspectamus
2751 4168 3173 4239 solemnitatem,
3188 4177 3243 4231 in
3269 4184 3520 4247 presenti

1923 4244 2088 4299 etiam
2125 4247 2180 4302 ll.
2224 4248 2412 4304 Severi
2460 4257 2659 4325 egregii
2693 4260 2993 4316 sacerdotis
3026 4244 3389 4325 venerabilem
3427 4288 3519 4329 co-

1919 4336 2080 4393 limus
2129 4345 2574 4411 assnmptionem.
2633 4351 2873 4407 Delectet
2929 4357 3092 4410 corda
3152 4358 3505 4422 festivitatem

1918 4427 2195 4486 celebrare
2221 4445 2539 4500 przcsentem
2558 4478 2572 4501 ,
2600 4451 2921 4509 eXSpeetare
2960 4447 3126 4502 etiam
3156 4450 3413 4509 alacriter
3450 4458 3515 4511 li-

1920 4516 2043 4571 beat
2074 4519 2458 4578 imminentem.
2490 4527 2583 4582 illa
2614 4546 2713 4585 nos
2751 4531 3021 4590 festivitas
3042 4537 3391 4611 Redemptori
3417 4563 3507 4602 no-

1918 4619 2033 4663 stro
2062 4610 2267 4667 referre
2289 4617 2491 4685 gratias
2516 4619 2738 4683 doceat;
2769 4624 2870 4678 ista
2896 4642 3024 4682 vero
3056 4630 3121 4683 ad
3147 4610 3387 4688 amorem
3415 4652 3513 4692 nos

1916 4699 2111 4766 patria:
2148 4703 2692 4764 ccelestisaccendat.
2751 4711 2804 4765 In
2834 4715 2929 4769 illa
2986 4717 3259 4776 discamus
3310 4738 3512 4794 quanta

1918 4789 2060 4846 Deus
2090 4808 2189 4861 pro
2232 4797 2453 4853 homine
2504 4803 2755 4869 pertulit;
2811 4807 2864 4861 in
2920 4810 3022 4864 ista
3081 4789 3509 4883 perpendamus.

1919 4880 2081 4937 homo
2114 4900 2209 4953 per
2259 4886 2426 4941 Deum
2474 4890 2540 4944 ad
2589 4903 2850 4962 quantum
2905 4880 3243 4959 celsitudinis
3292 4880 3507 4964 culmen

1919 4975 2181 5028 ascendit.
2240 4976 2294 5030 ln
2327 4979 2415 5031 illa
2466 4982 2665 5052 quippe
2702 4984 3000 5045 festivitate
3050 4993 3359 5061 unigenitus
3409 4999 3503 5056 Dei

1918 5062 2086 5119 Filius
2114 5067 2165 5120 in
2198 5070 2394 5137 templo
2424 5086 2506 5127 est
2557 5077 2830 5133 humiliter
2875 5094 3265 5152 prmsentatus;
3295 5086 3347 5142 in
3402 5091 3504 5147 ista

1916 5154 2258 5213 beatissimus
2286 5159 2402 5227 eius
2433 5164 2664 5220 famulus
2693 5170 2759 5221 ad
2802 5172 2923 5226 caeli
2962 5174 3219 5242 palatium
3253 5187 3335 5231 est
3376 5196 3499 5235 cum

1914 5244 2081 5313 gloria
2134 5249 2473 5306 sublimatus.
2532 5254 2589 5309 lu
2632 5258 2720 5310 illa
2782 5257 3199 5332 Redempeorem
3252 5278 3500 5326 nostrum

1912 5347 2163 5403 parentes
2193 5339 2310 5408 ejus
2338 5344 2388 5399 iu
2419 5343 2779 5412 Hierusalem.
2810 5360 2868 5405 ut
2914 5354 3171 5410 sisterent
3212 5372 3338 5413 enm
3394 5363 3495 5416 Do.

1912 5424 2079 5488 niino,
2112 5427 2421 5484 detulerunt
2448 5432 2597 5501 (Luc.
2634 5436 2725 5506 ιι);
2777 5440 2829 5495 in
2859 5441 2959 5495 ista
3014 5444 3311 5500 beatissimi
3359 5465 3492 5505 eon-

1910 5512 2129 5567 fessoris
2181 5520 2436 5583 animam,
2489 5535 2543 5574 ut
2590 5541 2706 5578 eam
2746 5526 2941 5582 divina:
2985 5531 3279 5599 inajestatis
3326 5538 3491 5593 γυλιιὶ

1908 5616 2319 5671 pra'scntarent,
2352 5612 2417 5663 ad
2446 5614 2719 5668 cmlcstcm
2748 5615 3088 5675 Hierusalem
3114 5625 3283 5677 sancti
3315 5630 3491 5695 angeli

1904 5706 2276 5763 portaverunt.
2312 5702 2366 5754 ln
2402 5704 2487 5757 illa
2517 5707 2860 5763 solemnitate
2894 5710 3157 5769 Mi-dizitor
3190 5718 3277 5768 Dei
3315 5729 3369 5771 et
3397 5720 3488 5771 lio-

1905 5788 2129 5846 ntinnnt.
2164 5792 2373 5861 abjecto
2395 5794 2504 5863 jam
2554 5800 2733 5851 Cztt'nit
2776 5807 3061 5870 prcrputio,
3112 5808 3366 5875 parvulus
3400 5822 3483 5867 ω

2900 5916 2969 5975 17
