5428 6560
281 1229 296 1240 ε

285 1379 290 1386 ι

283 1497 296 1504 ι.

387 1549 418 1558 .1-

283 1567 292 1580 I

373 1659 388 1668 ι.

274 1740 281 1747 .
289 1739 294 1744 .

272 1852 273 1859 γ
285 1841 292 1852 Ι

1850 385 1957 439 ως

2496 380 2551 435 S.
2596 378 2797 435 PETRI
2838 376 3122 434 DAIIANI
3145 376 3294 433 OPP.
3325 376 3504 434 PARS
3542 374 3668 432 SEU
3702 372 3937 432 TOIIUS
3976 376 4035 430 ll.
4071 404 4135 416 —
4172 375 4560 433 SERMONES.

4998 379 5091 436 ευ

1850 500 2062 556 oblatus
2116 497 2169 552 in
2226 494 2513 566 templum;
2567 496 2621 549 in
2672 496 2773 550 ista
2838 493 3117 549 confessor
3171 494 3419 564 egregius
3445 500 3495 557 Α
3524 493 3765 562 inopem,
3796 492 4054 546 virtutum
4087 492 4292 545 divitiis
4335 491 4678 562 locupletem.
4724 492 4967 551 Audistis
5008 496 5092 551 bo-

1850 589 2091 660 deposito
2124 588 2322 643 terreni
2368 586 2613 655 corporis
2642 584 2880 655 pondere
2918 584 3055 638 liber
3080 584 3321 638 ascendit
3365 584 3417 637 in

1851 680 2067 733 cetum.
2106 678 2163 732 In
2197 678 2285 732 illa
2319 678 2365 731 is
2398 676 2488 745 qui
2517 676 2619 747 legi
2646 675 2775 729 nihil
2800 675 3029 730 debebat
3063 673 3194 742 legis
3220 672 3417 726 tributa

1848 767 2131 837 persolvit;
2157 768 2211 821 in
2241 768 2340 822 ista
2370 766 2530 820 morti
2556 764 2819 819 obnoxius
2847 763 2970 832 jura
3001 762 3194 815 mortis
3220 762 3414 815 evasit.

1847 856 1940 912 ille
1969 858 2033 913 de
2060 867 2233 913 matre
2259 857 2530 912 nascendo
2555 857 2806 925 dignatus
2832 863 2916 909 est
2957 868 3077 908 esse
3133 855 3412 918 mortalis;

1848 946 1951 1001 iste
1980 962 2141 1001 carne
2172 946 2455 1000 moriendo
2507 943 2624 998 fieri
2673 943 2868 997 meruit
2919 942 3261 996 immortalis.
3314 940 3413 995 Ve-

1847 1040 2043 1093 niendo
2069 1037 2211 1093 Deus
2239 1037 2292 1091 in
2336 1036 2595 1091 mundum
2626 1033 2877 1089 servilem
2924 1032 3096 1086 induit
3144 1031 3410 1100 speciem;

1852 1127 2151 1183 recedeudo
2187 1126 2422 1181 Severus
2467 1125 2535 1179 de
2575 1123 2773 1183 mundo
2815 1121 2881 1175 ad
2934 1122 3235 1191 angelicam
3291 1136 3413 1189 pro-

1844 1227 2031 1274 vectus
2058 1227 2144 1273 est
2196 1217 2531 1288 dignitatem.
2584 1212 2692 1268 Sed
2737 1213 2838 1267 nisi
2892 1212 2982 1266 ille
3025 1212 3408 1273 descendisset,

1841 1311 1948 1363 iste
1999 1306 2704 1363 nnllatenus'ascendisset.
2758 1302 2871 1359 Nisi
2926 1303 3068 1359 Deus
3119 1305 3409 1357 humanam

1838 1401 2140 1469 susciperet
2169 1399 2434 1463 formam,
2481 1411 2759 1466 nunquam
2806 1395 2970 1450 homo
3018 1394 3084 1447 ad
3135 1394 3409 1447 cirlestem

1836 1492 2168 1561 pertingeret
2197 1487 2441 1560 gloriam.
2494 1485 2607 1541 Nisi
2654 1486 2793 1540 Deus
2841 1484 3219 1539 humiliaretur
3267 1482 3407 1536 infra

1834 1597 1923 1647 se,
1955 1596 2294 1653 nequaquam
2322 1581 2484 1636 homo
2513 1577 2845 1635 exaltaretur
2869 1592 3027 1645 super
3076 1591 3154 1630 sc.
3185 1575 3249 1629 Et
3280 1574 3407 1643 quid

1834 1674 2066 1743 amplius
2092 1672 2304 1728 dicam?
2346 1669 2460 1724 Nisi
2486 1669 2646 1741 paulo
2686 1668 2864 1723 minus
2895 1668 2963 1721 ab
2992 1666 3199 1736 angelis
3231 1665 3405 1718 mino-

1832 1772 1986 1819 ratus
2012 1772 2157 1819 esset
2188 1762 2330 1818 Deus
2353 1760 2514 1816 homo
2541 1756 2715 1827 (Pul.
2738 1765 2880 1821 vin),
2910 1771 3185 1825 nunquam
3225 1769 3405 1823 aqua-

3520 585 3718 642 minem
3742 584 3881 651 apud
3911 584 4157 637 homines
4188 583 4239 636 in
4277 583 4460 637 humili
4491 584 4612 640 loco
4650 585 4912 655 positum.
4958 592 5092 667 apd

3523 676 3689 731 Deum
3722 690 3851 729 vero
3891 677 3943 729 in
3981 676 4163 729 ardua
4210 674 4561 731 sublimitatis
4612 691 4737 731 arce
4786 680 5091 733 subnisa.

3516 766 3758 819 Audistis
3792 766 3963 817 virum
4009 765 4265 833 pannosis
4318 766 4538 835 quidem
4589 768 4831 822 vestibus
4871 766 5089 823 fedum.

3516 857 3609 911 sed
3658 856 3912 924 pra-clara
3960 872 4168 909 morum
4218 856 4502 912 honestate
4551 860 4924 929 conspicuum.
4997 858 5090 914 l’bi

3514 956 3639 1001 sunt
3673 946 3744 999 illi
3777 946 3865 1014 qui
3900 944 4083 999 dicunt
4113 965 4123 997 :
4158 944 4264 1001 Nos
4296 946 4389 1001 Dei
4418 958 4685 1019 praerepta
4728 964 4953 1004 servare
4990 964 5091 1003 non

3512 1047 3816 1102 possumus.
3849 1034 3973 1101 quia
4011 1043 4280 1088 terrenam
4308 1036 4666 1091 substantiam
4715 1038 4782 1092 ad
4828 1054 4960 1092 usus
4998 1053 5090 1092 no

3512 1126 3780 1177 msarios
3812 1141 3915 1177 non
3946 1124 4240 1179 habemus?
4274 1125 4373 1182 Ubi
4401 1136 4548 1191 sunt,
4582 1128 4821 1198 inquam.
4849 1130 4945 1198 qui
4968 1129 5092 1183 dum

3512 1210 3821 1263 hominibus
3854 1226 3912 1265 se
3944 1228 4209 1267 excusare
4254 1214 4518 1277 nituntur,
4566 1215 4676 1270 Deo
4703 1231 4763 1271 se
4791 1218 4966 1271 multo
4999 1218 5089 1272 dco

3512 1304 3681 1356 terius
3734 1304 4129 1359 incaeusabilea
4172 1306 4440 1361 reddunt?
4486 1306 4764 1362 Accedant
4806 1318 4865 1363 et
4910 1324 4979 1363 ea
5030 1307 5089 1362 Β.

3514 1392 3699 1450 Severi
3738 1399 4052 1463 magisterio
4092 1400 4236 1453 veris
4284 1401 4565 1455 abundare
4612 1401 4817 1458 divitiis
4858 1401 5089 1465 discant.

3512 1500 3598 1549 ne,
3623 1487 3745 1539 dum
3784 1490 3943 1541 rebus
3968 1499 4093 1543 sunt
4121 1491 4295 1553 vacui,
4322 1492 4432 1545 sint
4471 1492 4615 1546 vitiis
4667 1492 4810 1561 pleni
4863 1504 4919 1549 ct
4964 1510 5095 1564 pau-

3509 1580 3736 1646 pertatis
3771 1582 4015 1635 caminus
4043 1582 4086 1634 si
4113 1597 4218 1635 non
4246 1584 4499 1637 vitiorum
4527 1583 4827 1655 rubiginem
4878 1596 5090 1657 purgat,

3510 1668 3761 1719 vitio-uin
3794 1670 4067 1722 metallum
4093 1670 4158 1723 ad
4197 1671 4373 1727 inanis
4412 1674 4600 1727 acori:
4629 1672 4910 1743 fuliginem
4969 1690 5091 1729 ver-

3508 1762 3604 1807 tat.
3640 1754 3776 1808 Ecce
3805 1760 3946 1810 enim
3980 1760 4326 1813 beatissimus
4366 1761 4466 1813 iste
4513 1760 4594 1814 vir
4620 1763 4721 1817 sub
4752 1766 5095 1833 paupertatis

1829 1854 1900 1910 lis
1944 1855 2149 1925 angelis
2189 1855 2340 1908 lleret
2374 1866 2541 1921 purus
2591 1851 2771 1904 homo.
2820 1849 2989 1916 Quam
3038 1848 3404 1917 aequalitatem
3436 1828 3481 1888 Β
3513 1860 3621 1896 sur
3657 1860 3820 1899 onere
3847 1848 4053 1915 ρωίιυς
4102 1859 4157 1903 et
4197 1852 4391 1905 divina:
4440 1850 4569 1922 legis
4620 1864 4891 1924 prter-pta
4938 1858 5089 1911 sum.

1827 1959 1926 2015 per
1953 1944 2295 2014 semetipsam
2321 1943 2373 1998 in
2401 1942 2694 2013 Evangelia
2737 1941 3001 2012 promittit
3046 1941 3277 2005 Veritas,
3328 1940 3407 1995 di-

1826 2052 1961 2092 cens
1992 2053 2007 2093 :
2051 2054 2071 2088 ι
2114 2036 2172 2092 ln
2203 2037 2602 2091 resurrectione
2635 2044 2818 2089 autem
2862 2048 3037 2103 neque
3084 2034 3284 2087 nubent
3314 2048 3405 2086 ne-

1827 2142 1939 2199 que
1963 2128 2257 2191 nuhentur,
2287 2128 2381 2183 sed
2427 2127 2533 2199 ιθ
2568 2138 2733 2182 erunt
2779 2125 2919 2180 sicut
2973 2124 3146 2195 angeli
3200 2124 3292 2178 Dei
3353 2123 3403 2176 in

1827 2219 2205 2289 colowault.
2231 2220 2350 2288 an).
2388 2236 2409 2271 ι
2459 2219 2541 2274 Ad
2590 2219 2752 2288 hujus
2778 2215 3102 2272 felicissime
3130 2216 3406 2285 dignitatis

1825 2310 2061 2375 culmen,
2101 2324 2135 2364 o
2166 2309 2347 2372 homo.
2377 2308 2423 2362 si
2458 2316 2509 2362 te
2535 2307 2814 2361 desideras
2839 2306 3084 2375 provehi,
3118 2306 3244 2358 totis
3272 2306 3403 2355 nisi-

1823 2400 1927 2454 bus
1946 2407 2139 2469 satage-
2158 2411 2299 2452 vera:
2322 2395 2647 2451 humilitatis
2676 2395 2982 2465 dejectione
3022 2392 3290 2463 [ποειεωί
3314 2407 3326 2453 ;
3358 2390 3400 2443 si

1824 2489 2051 2547 exaltari
2073 2488 2304 2559 cttpisin
2324 2487 2561 2549 Christo.
2587 2485 2819 2555 dejicere
2842 2488 2990 2557 prius
3018 2487 3070 2539 in
3096 2486 3400 2554 tcmetipso,

1825 2580 2072 2651 deprime
2092 2577 2417 2648 superbiam
2471 2577 2703 2641 carnis,
2753 2585 2811 2630 et
2847 2576 2913 2630 ad
2953 2575 3294 2628 altitudinem
3352 2583 3402 2625 te

1823 2671 2044 2727 subleva
2083 2667 2381 2733 Creatoris,
2422 2666 2615 2722 cohibe
2641 2666 2905 2737 quidquid
2934 2666 3199 2719 tumidum
3233 2664 3402 2734 surgit

1822 2764 1880 2817 in
1916 2770 1988 2825 te,
2015 2767 2070 2817 et
2101 2774 2225 2814 mox
2280 2757 2510 2828 erlgeris
2561 2756 2712 2812 valde
2765 2757 2979 2811 eminus
3025 2756 3163 2810 ultra
3205 2764 3276 2810 te.
3335 2753 3399 2808 Et

1797 2858 1975 2907 'certe
2002 2849 2145 2905 altus
2169 2857 2252 2904 est
2281 2848 2442 2913 Deus,
2478 2847 2586 2901 imo
2632 2847 2945 2901 altissimus.
2992 2846 3099 2901 Sed
3142 2848 3186 2901 si
3243 2856 3292 2901 te
3344 2846 3398 2899 in

1811 2950 2032 2995 tantum
2058 2938 2356 2993 tetenderis
2376 2944 2433 2989 ut
2460 2936 2623 2991 etiam
2657 2951 2893 3005 rumpas.
2934 2936 3036 2991 hoc
3069 2947 3244 2990 tanien
3294 2951 3387 3004 pa-

1817 3039 1911 3085 eto
1939 3028 2006 3083 ad
2041 3028 2161 3097 ejus
2193 3026 2571 3083 celsitudinem
2613 3041 2719 3081 non
2767 3028 3008 3096 aspiras;
3058 3028 3165 3080 imo
3196 3042 3303 3094 quo
3348 3035 3399 3078 te

1820 3121 2042 3194 propius
2078 3118 2375 3177 accendere
2416 3117 2676 3181 aestimas,
2708 3131 2775 3172 eo
2804 3120 2870 3171 ad
2898 3115 3151 3171 inferiora
3182 3114 3395 3185 propul-

3508 1936 3713 1988 cienter
3738 1938 4005 2004 implevit;
4037 1949 4113 1999 et.
4140 1942 4265 2009 quia
4295 1942 4440 1997 aliud
4467 1959 4573 1997 non
4612 1944 4866 2006 habebat.
4917 1963 5095 2003 acac-

3510 2028 3704 2092 tipsum
3754 2030 3805 2081 in
3846 2045 3937 2082 ara
3983 2044 4183 2085 sanet:
4215 2034 4594 2101 simplicitatis,
4643 2038 4787 2090 velut
4838 2054 5092 2109 magan

3506 2120 3740 2187 aliquam
3773 2122 4100 2187 columbam,
4120 2126 4585 2194 opulentissimum
4620 2126 4728 2182 Deo
4757 2132 5092 2186 sacriﬁcium

3505 2210 3727 2269 Obtulit;
3756 2222 3830 2269 et.
3863 2216 3984 2279 quia
4014 2216 4064 2266 iu
4095 2216 4336 2269 moribus
4376 2216 4621 2271 columba
4650 2218 4771 2283 fuit,
4824 2222 5092 2277 columba

3505 2312 3701 2351 munus
3730 2301 3976 2368 accipere
4009 2304 4226 2357 meruit.
4268 2304 4539 2375 Egestatia
4578 2309 4778 2379 quippe
4823 2324 5089 2381 angusta-

3507 2396 3590 2442 tus
3621 2390 3821 2457 inopia,
3849 2409 3954 2445 non
3992 2395 4057 2447 ad
4088 2394 4491 2464 obsequendum
4534 2402 4820 2468 cujuslibet
4867 2404 5091 2457 όοιιιιιι

3505 2468 3739 2546 potentis
3768 2482 4005 2541 intravit,
4047 2499 4153 2535 non
4180 2486 4385 2540 adulari
4420 2487 4695 2553 divitibus,
4727 2489 4836 2560 ιθ
4874 2502 4934 2545 ut
4978 2509 5095 2549 mea

3504 2579 3587 2621 est
3632 2575 4210 2638 pauperumstuduit.
4239 2591 4344 2630 non
4388 2578 4671 2632 ambitiosa
4718 2584 5093 2651 negotiatione

3505 2671 3700 2725 augere
3729 2662 3984 2726 pecunias
4024 2662 4318 2728 anhelavit,
4360 2679 4466 2720 non
4514 2667 4829 2736 periculosa:
4883 2674 5094 2727 militia

3502 2762 3619 2815 qua:
3663 2750 3779 2801 sine
3833 2763 4057 2819 petcato
4107 2754 4331 2822 hajulari
4387 2772 4493 2811 non
4547 2770 4723 2827 potest
4758 2764 5091 2832 stipendium

3502 2840 3810 2907 concupivit
3834 2882 3845 2897 .
3882 2844 3973 2893 sed
4010 2844 4258 2898 muliebri
4303 2857 4588 2904 contentus
4623 2850 4806 2905 ofﬁcio
4832 2896 4846 2915 ,
4879 2856 5093 2925 simpli-

3502 2940 3617 2977 cem
3654 2940 3849 2979 victum
3888 2944 4048 2982 manu
4094 2940 4146 2985 et
4190 2944 4307 2989 arte
4355 2939 4755 3004 qutercbat,ct.
4783 2946 5093 2999 secundum

3501 3014 3799 3071 Psalinistaz
3824 3035 4029 3085 vocem,
4061 3021 4272 3077 labores
4294 3041 4549 3081 manuum
4573 3044 4795 3084 suarum
4828 3034 5095 3090 innocens

3503 3112 4055 3177 maniltttabaHPsuI.
4100 3124 4326 3179 ειινιι).
4381 3120 4482 3186 Qui
4530 3121 4733 3177 idcirco
4775 3124 5093 3194 hujnuuodi

1820 3180 1972 3269 battis
1993 3208 2214 3280 elongas
2245 3225 2261 3263 :
2294 3207 2432 3261 Audi
2461 3207 2587 3276 quid
2612 3180 2897 3261 Psaltnista
2922 3206 3065 3261 dicat
3097 3226 3110 3261 :
3150 3180 3395 3264 i'Eacel-
3423 3180 3468 3240 (ἶ
3502 3211 3674 3253 πιθίη
3700 3201 3925 3269 elegisse
3963 3258 3964 3267 χ

2946 3206 3065 3260 um
3097 3226 3110 3261 ς
3150 3180 3395 3264 enim]-
3423 3180 3468 3240 (ἶ
3502 3211 3674 3253 artem
3700 3201 3925 3269 elegisse
3963 3219 4072 3273 pra:
4099 3210 4310 3260 czteris
4356 3210 4768 3265 non-immerito
4818 3216 5090 3277 creditur,

1818 3316 1915 3356 sus
1948 3298 2208 3354 Dominus
2264 3296 2486 3352 humilia
2516 3295 2756 3365 respicit,
2784 3304 2840 3350 et
2862 3294 2970 3350 alta
3011 3314 3041 3349 a
3090 3296 3249 3368 longe
3305 3314 3393 3353 co-

1822 3389 2037 3461 gnoscit
2081 3387 2255 3460 (Paul.
2306 3386 2573 3457 csxxvn).
2611 3404 2630 3438 ι
2665 3386 2893 3441 Attende
2939 3387 3105 3442 etiam
3160 3389 3395 3457 qualiter

1822 3480 1951 3535 huic
2001 3479 2284 3534 sententia:
2320 3477 2533 3532 Veritas
2568 3477 2683 3547 ipsa
2734 3478 3023 3533 concordat
3057 3495 3073 3532 :
3114 3499 3132 3530 ‹
3187 3478 3394 3544 Omnis,

1820 3568 2021 3639 inquit,
2049 3568 2139 3636 qui
2167 3581 2225 3622 se
2254 3565 2905 3633 exaltat,humiliabitur;
2937 3576 2990 3622 et
3022 3568 3113 3637 qui
3145 3569 3397 3624 aehumi-

1822 3656 1939 3721 liat,
1971 3655 2297 3712 exaltabitur
2320 3654 2473 3725 (Luc.
2510 3657 2694 3725 vvttt).
2741 3675 2760 3709 ι

1890 3746 2028 3803 Hinc
2054 3756 2161 3811 est,
2188 3746 2330 3817 quod
2360 3747 2551 3801 beatus
2597 3748 2699 3802 iste
2742 3756 2798 3802 et
2837 3749 3085 3820 egregius
3130 3751 3391 3820 pontifex,

1817 3835 1974 3906 cuius
2018 3837 2180 3892 hodie
2222 3837 2452 3907 gloriosa
2498 3837 2757 3892 solemnia
2809 3838 3154 3908 frequentare
3198 3844 3397 3911 gaude-

1817 3943 1959 3993 mus,
1986 3936 2041 3983 et
2070 3928 2123 3982 in
2164 3928 2263 3982 hac
2294 3928 2401 3981 vita
2448 3926 2630 3981 sedem
2682 3928 2881 3983 meruit
2909 3930 3269 3998 episcopalem
3299 3947 3391 3985 su-

1819 4020 2057 4089 sciperc,
2090 4027 2145 4074 et
2175 4028 2295 4088 post
2321 4017 2531 4073 felicem
2562 4018 2769 4073 obitum
2792 4020 2945 4090 regni
2975 4021 3218 4076 etelestis
3252 4023 3392 4076 atria

1814 4118 2122 4178 penetrare.
2161 4107 2290 4173 Sed,
2322 4118 2382 4162 ut
2417 4108 2587 4163 virtus
2636 4109 2967 4166 humilitatis
3016 4111 3135 4180 ejus
3189 4112 3394 4169 clarius

1816 4199 2139 4263 innotescat,
2171 4198 2378 4269 aliquid
2424 4214 2492 4254 ea
2525 4200 2639 4268 ipsa
2680 4210 2954 4269 gestorum
2985 4202 3128 4257 illius
3160 4203 3389 4258 historia

1816 4292 1974 4348 nobis
2002 4290 2281 4361 prclihore
2329 4306 2436 4347 non
2470 4292 2664 4361 pigeat.
2688 4290 2912 4362 Legitur
2939 4293 3079 4347 enim
3111 4296 3235 4363 quia
3257 4310 3393 4366 qua-

1822 4379 1945 4434 dam
1972 4379 2079 4443 die,
2113 4379 2237 4434 dum
2279 4378 2545 4436 lanisterii
2572 4390 2716 4436 esset
2741 4391 3036 4451 occupatus
3076 4381 3252 4437 ofﬁcio
3273 4425 3288 4447 ,
3318 4384 3393 4439 ait

1816 4470 1893 4524 ad
1938 4468 2220 4539 conjugem
2252 4487 2265 4524 :
2304 4469 2530 4534 Vadam,
2559 4479 2615 4524 et
2644 4472 2837 4527 videbo
2862 4472 3123 4527 visionem
3168 4474 3385 4529 mirahio

3503 3300 3559 3341 ut
3592 3292 3730 3343 inter
3770 3308 3992 3346 uxorein
4048 3304 4101 3348 et
4136 3298 4308 3350 virum
4340 3301 4513 3370 major
4542 3314 4741 3357 mutua
4796 3305 5095 3361 clsaritatis

3499 3382 3711 3433 occasio
3752 3384 4103 3449 puebi-retur,
4133 3402 4219 3449 ne,
4260 3390 4302 3441 si
4326 3390 4631 3444 essetinter
4664 3407 4759 3447 eos
4802 3395 5091 3466 inaequali-

3505 3478 3587 3523 tas
3638 3471 3965 3537 Olﬁtlonlln,
4017 3477 4321 3548 subriperet
4374 3482 4737 3554 (subreperet)
4791 3490 5095 3558 aliquando

3500 3564 3662 3617 etiam
3696 3566 3976 3622 diversitas
4008 3571 4335 3638 animorum,
4376 3588 4430 3629 ct
4470 3590 4533 3631 ea
4580 3582 4713 3633 artis
4766 3586 5095 3638 exercenda

3505 3654 3759 3707 distantia
3795 3658 4031 3713 oriretur
4062 3660 4288 3717 forsitan
4330 3668 4381 3719 in
4412 3668 4704 3723 domestica
4729 3685 4867 3741 pace
4888 3678 5093 3729 scissu-

3497 3758 3578 3807 ra,
3613 3746 3704 3797 sed
3746 3749 3869 3800 dum
3900 3750 3987 3803 uni
4036 3754 4182 3820 operi
4214 3755 4495 3826 uniusque
4540 3761 4895 3815 exhiberetur
4930 3768 5091 3820 indu-

3496 3836 3655 3899 stria,
3688 3852 3812 3889 vere
3841 3852 3983 3893 esset
4009 3844 4061 3897 in
4108 3853 4356 3914 utroijue,
4387 3850 4528 3902 sicut
4564 3850 4628 3904 de
4659 3856 4941 3919 prituitiva
4988 3858 5095 3913 ες.

3496 3926 3657 3979 clesia
3689 3928 3883 3997 legitur
3914 3952 3923 3983 :
3962 3951 3979 3981 ι
4007 3932 4111 3986 Cor
4142 3950 4325 3999 unum.
4358 3948 4411 3992 et
4441 3944 4617 3995 anima
4642 3962 4745 3998 una
4775 3950 4919 4013 (Act.
4944 3966 5081 4019 ιδῃ..

3494 4014 3631 4070 Hinc
3676 4030 3759 4072 est
3783 4022 3967 4083 etiam,
4013 4028 4154 4091 quod
4186 4027 4311 4081 dum
4344 4030 4433 4084 illa
4483 4033 4859 4090 beatissimum
4904 4014 5091 4097 virum

3493 4106 3823 4179 objurgaret.
3861 4113 4131 4179 irriilcret,
4162 4119 4339 4173 verbis
4369 4124 4714 4180 mordacibus
4744 4128 5093 4201 increparet,

3494 4197 3584 4249 ille
3614 4200 3759 4253 mitis
3790 4217 3851 4254 ac
3878 4202 4117 4271 placidus
4140 4210 4322 4261 nonin
4349 4210 4482 4263 iram
4516 4218 4781 4284 prorupit,

3493 4291 3772 4343 tumeliosa
3807 4298 3967 4347 verba
3995 4312 4035 4347 rt
4056 4300 4412 4365 spondit,non
4444 4304 4510 4357 ad
4533 4308 4903 4363 ulciscendum
4938 4330 5004 4367 se
5036 4320 5089 4369 in

3494 4384 3823 4452 uaorcmjus
3845 4387 4038 4441 debita:
4078 4394 4362 4457 potestatis
4384 4402 4650 4451 exercuit.
4680 4399 4923 4458 Seruus
4959 4409 5093 4463 illud

3494 4472 3735 4541 Apostoli
3769 4493 3781 4527 :
3822 4494 3839 4526 ι
3882 4475 4028 4543 Viri,
4058 4480 4263 4549 diligite
4308 4500 4504 4540 uxores
4548 4498 4772 4551 vestras.
4804 4504 4861 4545 et
4918 4499 5095 4553 nolite

1812 4555 1944 4621 lem,
1968 4533 2224 4612 videlicet
2264 4533 2531 4627 quomodo
2562 4558 2806 4616 columba
2836 4562 2900 4616 de
2943 4562 3079 4618 caelo
3107 4563 3306 4628 veniat,
3332 4574 3388 4620 et
3420 4533 3468 4595 θ
3492 4533 3665 4616 amari
3696 4580 3813 4619 esse
3838 4569 3905 4620 ad
3942 4533 4059 4624 illas
4102 4533 4258 4639 (ςῖιί
4285 4533 4897 4648 etquis—io;

1818 4660 1982 4717 super
2032 4646 2190 4703 electi
2233 4657 2399 4719 caput
2426 4648 2585 4703 solito
2634 4664 2785 4704 more
2822 4651 3122 4708 consideat.
3172 4652 3383 4724 Conjux

1814 4750 1944 4793 vero
1970 4736 2086 4805 ejus
2129 4740 2293 4809 erepit
2323 4752 2449 4797 eum
2479 4740 2813 4797 subsannare
2854 4750 2909 4796 et
2941 4744 3244 4816 increpare,
3303 4747 3387 4801 di-

1816 4843 1987 4884 cens:
2020 4827 2125 4884 Sed
2164 4830 2251 4885 hic
2278 4829 2483 4896 labora,
2514 4832 2619 4888 noli
2647 4835 2853 4891 otiosus
2880 4844 3046 4892 stare.
3077 4837 3203 4894 Sive
3241 4840 3386 4896 enim

1816 4919 1965 4985 leris,
1995 4919 2110 4975 sive
2134 4935 2238 4975 non
2262 4920 2413 4984 ieris,
2440 4929 2491 4975 te
2535 4922 2841 4991 pontiﬁcem
2872 4926 3100 4996 pOpulus
3147 4944 3252 4984 non
3298 4946 3388 4986 or-

1815 5008 2040 5065 dinabit.
2074 5009 2140 5065 Et
2169 5010 2259 5066 ille
2294 5028 2308 5065 :
2342 5010 2472 5066 Sine
2507 5028 2614 5078 me,
2656 5014 2849 5083 inquit,
2878 5025 2937 5068 ut
2972 5017 3185 5074 vadam.
3238 5019 3389 5077 Tunc

1815 5099 1907 5160 illa
1948 5101 2163 5156 mentiri
2197 5117 2255 5157 se
2283 5113 2503 5173 putans,
2533 5103 2625 5157 sed
2672 5104 2984 5176 ignoranter
3013 5124 3140 5163 vera
3186 5110 3387 5169 denuno

1814 5191 1983 5256 tians,
2007 5192 2118 5247 ait:
2152 5193 2317 5259 Vade,
2340 5195 2466 5263 quia
2496 5211 2599 5265 qua
2637 5196 2767 5253 hora
2804 5198 2952 5264 ieris,
2995 5203 3178 5257 statim
3208 5205 3386 5272 ponti-

1816 5282 1907 5338 fex
1932 5283 2293 5339 ordinaberis.
2325 5284 2389 5339 Et
2433 5286 2589 5355 paulo
2615 5297 2734 5357 post
2776 5290 3022 5346 subditur
3053 5310 3067 5347 :
3115 5295 3241 5363 quia
3291 5311 3388 5366 pro

1820 5373 2165 5431 deformitate
2201 5377 2429 5446 squalidi
2462 5380 2788 5446 vestimenti,
2832 5397 2937 5451 quo
2981 5394 3099 5440 erat
3146 5388 3384 5453 indutus,

1814 5465 2098 5524 abscondit
2132 5481 2192 5521 se
2220 5480 2340 5538 post
2372 5466 2591 5537 januam
2617 5470 2785 5539 ipsius
2807 5470 2931 5535 loci,
2960 5475 3046 5531 ubi
3073 5487 3228 5532 erant
3272 5495 3387 5533 om.

1815 5567 2142 5613 ncsorantes
2158 5576 2173 5625 ;
2188 5559 2460 5630 etespleta
2475 5562 2742 5629 oratione,
2765 5564 2947 5619 statim
2974 5568 3116 5622 venit
3136 5570 3383 5627 columba

1816 5655 1874 5703 et
1896 5649 2155 5717 requievit
2183 5664 2348 5720 super
2373 5663 2532 5721 caput
2559 5652 2675 5723 ejus
2701 5664 2821 5724 post
2844 5654 3066 5724 januam
3098 5659 3380 5717 latitantis.

1886 5738 2148 5809 Audistis,
2180 5737 2375 5798 fratres
2402 5742 2734 5812 charissimi,
2764 5747 2928 5803 vitam
2960 5748 3195 5809 hominis
3224 5753 3382 5811 rebus

3488 4654 3778 4724 Apostolus
3820 4678 3831 4711 ε
3886 4680 3903 4711 t
3950 4660 4043 4715 Vir
4092 4681 4198 4719 non
4247 4666 4407 4722 habet
4454 4682 4776 4739 potestatem
4833 4692 5093 4746 corporis

3488 4750 3595 4809 sui.
3620 4750 3715 4804 sed
3743 4753 3933 4807 mulier
3956 4754 4006 4823 (1
4042 4756 4165 4809 Cor.
4196 4762 4321 4827 vn);
4360 4780 4379 4813 ι
4412 4763 4581 4819 donec
4603 4767 4673 4821 ab
4702 4784 4763 4821 ea
4798 4770 5089 4826 licentiam

3490 4854 3603 4896 suae
3630 4844 3909 4911 petitionis
3957 4850 4214 4911 extorsit.
4246 4852 4324 4906 ire
4350 4868 4415 4907 ea
4449 4858 4665 4927 propria
4703 4860 4995 4919 voluntate
5026 4868 5091 4919 ad

3492 4931 3813 4987 miraCulttm
3855 4951 3959 4989 non
3986 4942 4344 5009 prtsutupsil.

3562 5022 4037 5086 Pensate.fratrcs
4084 5032 4207 5095 mei,
4263 5034 4481 5102 quando
4508 5045 4611 5091 tsle
4664 5054 4717 5093 m
4772 5045 5093 5111 quemlibet

3494 5125 3671 5164 virum
3703 5128 3819 5167 esse
3861 5128 4147 5172 contumax
4194 5125 4387 5191 potuit,
4417 5127 4509 5195 qui
4560 5138 4614 5181 et
4652 5131 4915 5199 subjecta:
4968 5153 5089 5190 mu—

3492 5205 3611 5259 lieri
3655 5217 3761 5262 tam
3792 5210 4071 5269 humiliter
4101 5218 4373 5271 obediiit?
4402 5222 4617 5289 quando
4661 5226 5087 5285 adversantibus

3494 5298 3729 5353 inimicis
3758 5304 3955 5357 malum
3982 5322 4079 5374 pro
4116 5308 4256 5361 malo
4280 5312 4530 5376 reddidit,
4563 5316 4655 5383 qui
4690 5326 4743 5370 et
4788 5334 4907 5375 sua
4957 5340 5087 5375 uso-

3494 5390 3569 5443 ris
3595 5388 3815 5456 injurias
3852 5406 3957 5448 tam
3991 5399 4366 5465 mquanimiter
4389 5402 4678 5459 toleravit?
4702 5408 4809 5460 Aut
4858 5414 5087 5479 quando

3488 5482 3572 5534 vir
3626 5482 3724 5534 iste
3754 5488 4107 5541 contumelias
4159 5492 4406 5558 proximo
4440 5500 4787 5566 praesumpsit
4844 5502 5079 5563 inferre.

3487 5572 3577 5640 qui
3604 5584 3657 5626 et
3686 5574 3884 5629 illatam
3913 5580 4036 5642 sibi,
4071 5594 4191 5635 eum
4224 5583 4411 5652 utique
4443 5586 4721 5653 patuisset.
4758 5592 4931 5645 uoluit
4958 5598 5083 5647 vir-

3486 5663 3703 5717 dicarc?
3732 5686 3749 5716 ι
3780 5665 3974 5723 Beatus
4006 5668 4269 5739 siquidem
4295 5675 4398 5739 vir,
4429 5677 4518 5745 qui
4544 5680 4717 5747 potuit
4742 5688 5081 5754 tranqraﬁ.

3486 5763 3663 5810 etnon
3679 5768 3757 5811 est
3783 5770 4173 5830 transgressus.
4198 5760 4378 5821 facere
4399 5767 4560 5833 mala,
4578 5780 4631 5824 et
4648 5788 4753 5825 non
4768 5772 4927 5839 fecit;
4956 5778 5083 5832 ideo
