5428 6600
242 448 326 504 εἱὶῖἲ
1707 409 1942 475 SERMO
1979 406 2069 465 iV.

1707 409 1942 475 SERMO
1979 406 2069 465 tv.
3430 399 3534 457 δια

240 558 434 619 stabilita
460 565 588 613 sunt
633 553 773 610 bona
798 552 943 608 illius
974 550 1026 606 in
1067 546 1299 605 Domino
1325 542 1515 611 (Ercli.
1561 539 1739 611 xxxx).
1781 554 1800 585 ι
1838 542 1884 602 Α
1918 524 2072 619 unde
2101 535 2514 619 εθθπθεὲθτδῖθ
2535 519 2774 578 insumi“
2798 519 3041 619 dolorem
3068 519 3377 619 V"l'_‘°""mv
3410 520 3540 619 “'33

296 652 382 709 Sed
393 648 517 722 quid
536 647 756 712 esthoc,
778 644 977 700 fratres
992 640 1120 708 mei,
1137 640 1281 711 quod
1293 637 1643 708 omnipotens
1667 632 1813 688 Deus

235 748 405 803 electos
431 756 579 805 suos,
612 756 748 811 quos
779 748 889 793 tam
932 737 1129 792 charos
1159 733 1263 789 sibi
1296 732 1350 786 in
1383 738 1647 785 aeternum
1675 741 1809 783 con-

236 835 383 908 spicit,
411 843 522 888 tam
560 831 912 887 vehementer
940 826 1098 898 quasi
1132 823 1439 893 despiciens
1466 819 1692 891 aliligit?
1745 817 1815 874 Et

234 924 440 996 nudique
512 923 567 978 in
621 922 725 978 hoc
778 918 977 976 saeculo
1027 916 1421 973 adversitatum
1488 910 1812 966 verberibus

231 1013 393 1085 cingit,
426 1028 565 1084 quos
594 1020 723 1067 ante
768 1009 965 1066 smcula
1005 1008 1073 1064 ad
1105 1005 1382 1063 ineffabile
1427 1003 1685 1076 gaudium
1720 1016 1811 1058 su-

231 1120 385 1177 perna:
409 1103 681 1160 felicitatis
701 1101 897 1174 elegit?
922 1100 1036 1155 Nisi
1066 1100 1169 1155 hoc
1192 1097 1337 1169 quod
1356 1094 1548 1167 pietati
1574 1092 1813 1148 fidelium

231 1205 374 1268 patet,
397 1197 650 1266 quoniam
679 1193 881 1249 idcirco
907 1193 989 1248 sic
1010 1206 1105 1248 eos
1129 1190 1330 1262 premit
1358 1188 1411 1242 in
1435 1185 1663 1251 inlimis,
1683 1184 1815 1255 quia

230 1290 357 1343 videt
380 1287 647 1357 quomodo
678 1294 988 1341 remuneret
1015 1284 1068 1339 in
1092 1282 1363 1339 suminis?
1387 1280 1454 1337 Et
1475 1278 1611 1335 foris
1637 1290 1814 1348 usque

230 1384 292 1439 ad
316 1382 557 1452 despecta
590 1379 808 1450 dejicit,
840 1380 967 1449 quia
992 1378 1143 1434 intus
1169 1390 1345 1448 usque
1396 1376 1465 1430 ad
1499 1374 1813 1442 incompre-

229 1473 770 1544 hensibiliaperducit.
788 1471 927 1528 ilinc
948 1486 1101 1542 ergo,
1126 1470 1253 1525 hinc
1276 1460 1649 1538 unusquisque
1665 1464 1818 1520 colli-

227 1574 308 1636 gat
349 1566 471 1636 quid
533 1564 608 1620 illi
656 1574 783 1620 sunt
842 1563 1061 1634 passuri
1110 1577 1248 1635 quos
1304 1561 1581 1633 reprobat,
1639 1559 1686 1615 si
1729 1559 1818 1615 hic

228 1664 358 1709 tanta
383 1656 672 1711 severitate
690 1655 903 1709 cruciat
925 1669 1064 1724 quos
1087 1662 1253 1709 amat.
1280 1652 1422 1708 Ecce
1456 1651 1603 1707 enim
1627 1651 1821 1706 beatus

225 1742 435 1801 Severus
479 1746 642 1801 rebus
666 1747 989 1803 necessariis
1012 1746 1349 1810 destituitur,
1376 1742 1639 1799 deformis
1661 1742 1820 1799 indu—

225 1836 639 1907 mentisqualore
658 1836 912 1901 foedatur.
939 1837 1063 1893 vilis
1087 1836 1352 1893 lanisterii
1378 1836 1567 1891 labore
1595 1834 1820 1890 confici-

1916 618 1998 676 eis
2047 628 2239 674 contra
2268 617 2625 687 semetipsum
2673 614 2917 687 suggerit
2949 628 3103 669 arma
3135 614 3419 669 virtutum.
3454 612 3541 668 Ex

1914 710 2098 767 verbis
2129 717 2310 764 autem
2341 707 2485 764 male
2528 707 2878 778 corripientis
2915 705 3104 761 uxoris
3130 745 3146 773 ,
3194 704 3543 762 dilectissimi

1917 803 2141 871 fratres,
2193 801 2427 859 solerter
2473 801 2739 857 debemus
2798 799 3072 871 inspicere
3100 800 3247 871 quod
3280 800 3542 870 antiquus

1916 895 2267 952 adversarius
2295 909 2403 949 non
2426 893 2603 950 solum
2634 905 2736 971 per
2764 890 3143 962 semetipsum,
3185 892 3281 948 sed
3305 906 3407 963 per
3444 907 3543 949 eos

1916 989 2082 1046 etiam
2133 988 2227 1060 qui
2280 988 2439 1044 nobis
2465 987 2773 1051 adhaerent,
2824 995 3030 1042 statum
3081 986 3285 1058 satagit
3334 996 3542 1043 nostrae

1920 1084 2121 1140 mentis
2172 1082 2455 1139 inclinare.
2503 1080 2639 1138 Cum
2672 1081 2823 1136 enim
2871 1094 2967 1136 cor
2994 1088 3242 1135 nostrum
3292 1079 3542 1137 lubricus

1920 1191 2148 1249 serpens
2175 1190 2274 1232 sua
2324 1174 2683 1246 persuasione
2714 1188 2823 1229 non
2872 1173 3111 1240 subruit,
3145 1174 3212 1229 ad
3243 1174 3350 1229 hoc
3382 1174 3551 1230 nimi-

1922 1284 2044 1324 rum
2112 1283 2212 1339 per
2256 1266 2471 1338 linguas
2519 1265 2916 1322 adluerentium
2969 1266 3129 1337 repit.
3187 1265 3328 1322 iiinc
3396 1267 3548 1323 enim

1922 1358 2190 1428 scriptum
2221 1365 2345 1413 est:
2376 1374 2395 1408 ι
2415 1355 2603 1411 Atiliis
2635 1356 2741 1411 tuis
2755 1370 2909 1423 cave,
2942 1366 2995 1412 et
3028 1371 3058 1412 a
3088 1357 3409 1414 domesticis
3439 1358 3549 1414 tuis

1924 1450 2145 1505 attende
2196 1448 2391 1522 (Eccli.
2455 1448 2682 1521 xxx"):
2714 1448 2857 1505 Hinc
2904 1464 3004 1520 per
3044 1450 3365 1520 prophetam
3410 1452 3549 1509 dici—

1925 1551 2047 1598 tur:
2071 1562 2089 1595 ι
2112 1540 2503 1614 Unusquisque
2533 1558 2593 1599 se
2618 1558 2648 1598 a
2679 1543 2931 1614 proximo
2958 1558 3058 1599 suo
3086 1545 3379 1611 custodiat,
3405 1556 3463 1601 et
3491 1548 3546 1602 in

1924 1635 2260 1691 omnifratre
2286 1650 2387 1692 suo
2410 1650 2518 1692 non
2541 1636 2743 1693 habeat
2770 1636 3030 1692 fiduciam
3053 1637 3187 1708 (Jer.
3228 1638 3328 1710 ix).
3354 1659 3371 1692 ι
3406 1639 3550 1695 Hinc

1928 1745 2148 1785 rursum
2169 1730 2434 1802 scriptum
2449 1739 2534 1787 est
2551 1749 2564 1786 :
2595 1750 2614 1783 ι
2635 1729 2847 1787 Inimici
2867 1730 3105 1788 hominis
3118 1731 3405 1789 domestici
3428 1732 3550 1803 ejus

1929 1820 2121 1892 (uidi.
2142 1836 2246 1889 vn;
2269 1821 2462 1877 Matth.
2479 1820 2558 1895 x).
2578 1842 2599 1876 δ
2619 1822 2905 1895 improbus
2926 1838 3168 1896 namque
3193 1826 3550 1883 adversarius

219 1928 545 1998 tur,etquod
565 1928 819 1984 omnibus
848 1938 933 1985 est
959 1928 1394 1993 intolerabilius,
1422 1926 1815 1983 subsannantis
1847 1925 1892 1987 Β
1915 1928 2047 1969 cm“
2094 1929 2127 1968 ³
2168 1914 2363 1969 bono"

1422 1926 1815 1983 subsannamis
1847 1925 1892 1987 Β
1915 1928 2047 1969 eum
2094 1929 2127 1968 a
2168 1914 2439 1969 bonorum
2491 1915 2750 1972 cordibus
2779 1915 2965 1987 repelli
3014 1932 3074 1972 se
3103 1918 3397 1989 conspicit,
3429 1933 3548 1987 eos.

219 2018 388 2074 uxoris
403 2019 766 2075 derisionibus
786 2030 1131 2091 perurgetur.
1156 2020 1429 2091 Antiqnus
1442 2022 1587 2075 enim
1613 2018 1805 2086 hostis,

218 2126 364 2180 quem
415 2126 520 2167 non
550 2113 616 2168 de
646 2113 984 2183 paupertatis
1010 2112 1218 2184 inOpia,
1256 2129 1364 2168 non
1396 2112 1462 2167 de
1493 2112 1696 2168 assidui
1725 2111 1807 2167 la-

214 2198 355 2257 boris
388 2199 697 2269 afflictione,
724 2204 909 2259 nonde
937 2204 1353 2260 inhonestarum
1371 2204 1604 2260 vestium
1628 2203 1811 2258 defor-

214 2292 392 2347 mitate
418 2310 721 2365 provocare
744 2296 811 2349 ad
865 2296 1264 2367 impatientiam
1308 2296 1518 2366 potuit,
1573 2297 1641 2351 ad
1670 2296 1811 2352 irro-

212 2388 433 2457 gandani
467 2389 758 2443 verborum
801 2388 1189 2443 contumeliam
1219 2400 1458 2443 mentem
1502 2388 1689 2443 uxoris
1721 2403 1813 2445 ac-

214 2476 405 2543 cendit,
430 2488 485 2531 et
520 2475 637 2552 ejus
668 2478 906 2551 linguam
945 2479 1012 2534 ad
1037 2479 1292 2549 injuriam
1322 2481 1598 2536 mordacis
1625 2479 1813 2550 objur-

213 2569 437 2640 gationis
467 2571 724 2637 exacuit;
764 2586 867 2627 eor
922 2571 1169 2627 mulieris
1218 2573 1501 2628 consuetis
1532 2588 1644 2628 sua:
1686 2588 1813 2646 sng—

211 2661 462 2731 gestionis
557 2662 761 2717 aculeis
831 2663 1044 2730 incitat,
1113 2673 1169 2719 et
1258 2664 1496 2737 linguam
1564 2663 1685 2733 ejus
1756 2665 1813 2721 in

211 2752 487 2809 audaciam
569 2754 713 2811 male
783 2756 968 2811 liberie
1040 2758 1488 2829 prrcsumptiunis
1552 2757 1811 2826 ell‘renat,

208 2852 474 2912 quatenus
521 2844 692 2900 virilis
722 2846 960 2906 animus.
1020 2848 1112 2917 qui
1173 2849 1241 2902 ad
1290 2849 1691 2919 impatientiam
1746 2866 1814 2905 ex

208 2934 392 2989 mundi
426 2935 761 2991 adversitate
812 2953 917 2991 non
970 2935 1228 2998 ﬂectitur.
1261 2940 1453 2994 saltem
1511 2954 1579 2995 ex
1628 2941 1816 2997 uxoris

208 3020 402 3090 injuria
422 3025 496 3077 ad
521 3025 861 3081 iracundiam
898 3038 1245 3098 provocetur,
1280 3030 1391 3101 2ο
1418 3039 1473 3086 et
1515 3033 1817 3089 munitissi-

206 3128 353 3167 mum
412 3112 614 3171 Christi
672 3116 911 3183 vallum,
971 3124 1115 3188 quod
1181 3119 1517 3175 circumfusa
1579 3122 1817 3179 hostium

207 3204 497 3261 multitudo
541 3224 647 3262 non
689 3218 964 3279 penetrat,
1027 3220 1220 3266 exorta
1261 3211 1593 3269 intrinsecus
1622 3215 1820 3270 seditio

1910 2006 2005 2077 qui
2028 2005 2098 2060 ab
2114 2004 2561 2062 illisfamiiiarius
2577 2006 3179 2081 diliguntur,eanirit,
3203 2019 3260 2067 et
3283 2028 3378 2069 eos
3404 2028 3550 2085 szepe

1911 2098 1979 2154 ad
2007 2096 2350 2154 inferendam
2367 2096 2623 2168 iniuriam
2646 2099 2907 2165 concitat,
2928 2109 3199 2171 qua-tenus
3211 2104 3388 2159 sancti
3416 2105 3549 2160 viri.

1911 2191 2042 2247 dum
2071 2207 2285 2257 eorum,
2301 2207 2332 2247 a
2345 2192 2549 2264 quibus
2563 2192 2803 2249 maxime
2820 2197 3071 2251 venerari
3085 2195 3409 2259 debuerant,
3429 2213 3551 2268 per-

1911 2286 2173 2341 versitate
2202 2284 2520 2341 lacerantur
2541 2325 2558 2353 ,
2582 2301 2773 2343 eorum
2835 2302 2993 2344 mens
3020 2289 3317 2361 proclivius
3347 2290 3417 2345 ad
3444 2292 3551 2345 ira-

1912 2376 2165 2432 cundiam
2200 2388 2551 2448 provocetur.
2586 2377 2695 2435 Sed
2742 2394 2873 2437 ecce
2922 2381 3145 2453 iniquus
3188 2382 3366 2439 hostis
3428 2384 3523 2440 ubi

1913 2483 2021 2538 que
2053 2466 2347 2541 frangitur,
2380 2471 2585 2542 uhique
2616 2482 2910 2543 superatur
2942 2492 2956 2528 :
2988 2474 3369 2547 ,Bellatoribus
3394 2476 3545 2533 enim

1915 2559 2123 2618 Christi
2158 2576 2256 2631 per
2282 2568 2482 2617 cuncta
2519 2560 2637 2631 jam
2664 2564 3032 2619 tentationum
3067 2577 3391 2639 argumenta
3416 2583 3542 2624 suc-

1916 2651 2127 2718 cubuit,
2182 2653 2276 2723 qui
2322 2653 2457 2709 illud
2503 2670 2664 2710 suum
2692 2656 2967 2712 familiare
2998 2658 3255 2714 solatium
3276 2660 3451 2716 etiam
3483 2661 3551 2717 de

1918 2743 2149 2798 muliere
2192 2742 2496 2801 frustratus
2538 2747 2743 2802 amisit.
2778 2745 2871 2803 Sic
2923 2750 3070 2805 enim
3110 2760 3169 2807 et
3219 2753 3420 2809 beatus
3443 2753 3549 2811 Joh

1917 2846 2208 2904 postquam
2238 2848 2435 2891 cuneta
2468 2850 2592 2906 qure
2642 2840 2966 2909 possederat
2997 2842 3343 2909 abstulisset,
3396 2854 3525 2915 post

1919 2939 2082 2994 quam
2116 2924 2294 2994 ipsum
2340 2923 2464 2993 ejus
2512 2943 2715 2999 corpus
2747 2931 2903 3001 gravi
2944 2932 3129 2989 ulcere
3178 2934 3550 3003 vulnerasset,

1920 3014 2049 3083 quia
2101 3014 2423 3071 vulneribus
2472 3020 2656 3075 carnis
2698 3022 2766 3077 ad
2804 3024 3006 3079 mentis
3040 3025 3231 3080 vulnus
3260 3029 3553 3098 pervenire

1922 3118 2029 3157 non
2056 3104 2247 3171 valuit,
2279 3107 2447 3161 etiam
2474 3109 2783 3179 ceiijunctae
2804 3112 3054 3170 mulieris
3083 3115 3320 3187 linguam
3345 3122 3551 3189 quazsi-

1921 3194 2023 3261 vit,
2056 3204 2110 3251 et
2137 3197 2268 3268 quia
2301 3210 2495 3270 aperto
2539 3205 2842 3262 certamine
2892 3212 3139 3277 superari
3168 3226 3229 3267 se
3257 3212 3453 3281 doluit,
3485 3217 3554 3272 de

202 3297 381 3353 civilis
432 3300 687 3369 aperiat;
737 3301 881 3371 quod
912 3302 1215 3358 obsidentis
1258 3304 1536 3359 exercitus
1597 3305 1819 3375 impacti
1849 3294 1893 3357 C
1926 3304 2024 3344 οτο
2074 3292 2324 3363 coniugis

1406 3304 1536 3359 είιυε
1597 3294 1893 3375 ίηιραειίο
1926 3304 2024 3344 ore
2074 3292 2324 3363 conjugis
2375 3291 2618 3362 jaculuin
2678 3301 2835 3369 quasi
2904 3302 2972 3358 de
3024 3304 3242 3361 insidiis
3304 3310 3550 3368 intorsit.

202 3390 408 3446 arietes
466 3391 686 3447 diruere
717 3404 1016 3465 nequeunt,
1052 3396 1356 3451 domestica
1395 3398 1638 3451 scissura
1673 3413 1819 3467 pra:-

203 3482 369 3538 hente
406 3484 613 3539 aditum
645 3487 916 3558 capiatur.
968 3490 1025 3543 lu
1081 3488 1193 3545 alto
1241 3490 1443 3561 quippe
1482 3492 1567 3545 vir
1595 3499 1822 3547 sanctus

204 3577 409 3632 mentis
428 3576 725 3633 aedilicium
758 3580 975 3644 lixerat,
1007 3592 1062 3635 et
1109 3581 1314 3637 idcirco
1345 3583 1472 3637 illuc
1512 3582 1821 3653 irrumpere

202 3666 435 3723 hostiles
486 3668 727 3739 impetus
772 3685 878 3726 non
930 3670 1201 3727 valebant.
1246 3672 1521 3740 Quaeritur
1573 3688 1705 3743 ergo
1752 3675 1821 3729 ab

198 3756 547 3825 adversario,
572 3762 700 3831 quia
741 3762 857 3817 haec
876 3765 1093 3819 excelsa
1125 3766 1358 3821 munitio
1380 3766 1821 3839 inexpugnaliilis

196 3850 474 3919 cernitur,
500 3853 697 3923 quibus
725 3853 793 3909 ad
820 3866 940 3907 eam
967 3854 1226 3924 gradih'us
1250 3856 1598 3911 ascendatur.
1628 3857 1821 3913 Vicina

194 3952 289 3999 est
314 3957 500 3999 autem
547 3960 678 4000 vero
730 3944 927 4001 mulier
953 3954 1119 4017 atque
1150 3946 1461 4016 subjuncta.
1494 3947 1603 4004 Cor
1655 3950 1822 4021 igitur

194 4034 454 4090 mulieris
486 4036 679 4102 tenuit,
733 4046 791 4092 et
820 4038 978 4107 quasi
1036 4039 1269 4104 scalam,
1330 4055 1437 4110 qua
1478 4040 1544 4095 ad
1594 4055 1691 4096 cor
1719 4042 1821 4097 viri

191 4128 507 4183 ascendere
556 4129 851 4200 potuisset,
935 4133 1148 4186 nvenit.
1205 4130 1510 4203 Occupavit
1574 4132 1819 4188 animum

191 4216 457 4289 conjugis
483 4220 628 4274 scala
676 4222 858 4277 mariti
887 4240 900 4288 ;
934 4224 1029 4279 sed
1074 4223 1206 4279 nihil
1237 4224 1343 4281 hac
1368 4233 1488 4281 arte
1511 4225 1821 4296 praevaluit,

190 4308 333 4377 quia
394 4309 480 4364 vir
528 4308 685 4367 fortis
750 4314 1027 4384 patientia:
1084 4324 1299 4371 scutum
1352 4317 1645 4372 verborum
1700 4318 1822 4375 telis

186 4399 482 4471 opposuit,
522 4410 578 4458 et
608 4418 671 4458 ea
700 4418 803 4475 pro
841 4405 1012 4461 nihilo
1065 4408 1355 4478 deputans,
1402 4410 1551 4465 velut
1593 4410 1824 4469 audiens

186 4504 309 4544 non
339 4490 549 4547 audivit
607 4493 839 4565 Dignum
882 4509 1078 4567 nempe
1102 4508 1228 4553 erat
1278 4508 1340 4554 ut
1374 4500 1623 4557 mulieris
1655 4505 1822 4560 verba

184 4584 384 4639 virilis
444 4586 660 4641 animus
711 4603 820 4642 non
882 4588 1217 4657 admitteret,
1277 4606 1403 4647 cum
1449 4594 1703 4664 profecto
1750 4597 1816 4653 de

1923 3378 2074 3468 Dixit
2114 3383 2263 3437 enim
2291 3384 2424 3439 illa:
2480 3405 2499 3437 σ
2529 3389 2723 3447 Adhuc
2746 3408 3044 3461 permanes
3087 3397 3140 3451 in
3192 3399 3552 3471 simplicitate

1925 3465 2030 3543 21
2074 3476 2205 3530 tua?
2255 3476 2493 3536 Benedic
2541 3481 2674 3549 Deo,
2725 3492 2782 3538 et
2835 3502 3052 3544 morere
3080 3490 3216 3563 (Job
3267 3465 3363 3566 ii).
3399 3515 3417 3548 ι
3458 3496 3552 3554 Sic

1924 3575 1980 3620 et
2011 3567 2207 3623 beatus
2257 3567 2456 3627 Tobias
2507 3584 2801 3645 postquam
2854 3580 2921 3634 ad
2968 3584 3153 3639 nimia:
3199 3593 3547 3659 paupertatis

1924 3674 2253 3728 aerumnam,
2280 3662 2393 3719 Deo
2436 3665 2786 3738 disponente,
2816 3669 3060 3741 devenit,
3096 3688 3388 3750 postquam
3414 3701 3547 3741 ecu-

1924 3749 2102 3806 lornm
2136 3752 2320 3809 lumen
2347 3756 2560 3823 amisit,
2622 3762 2749 3829 quia
2787 3760 2938 3817 illum
2986 3749 3261 3839 malignus
3308 3774 3543 3843 spiritus

1924 3840 2063 3896 vidit
2085 3858 2354 3914 corporeo
2372 3845 2585 3903 lumine
2614 3865 2721 3905 non
2748 3852 3053 3922 \idcntem,
3110 3859 3298 3916 divino
3338 3840 3543 3924 autem

1926 3935 2217 4005 splendore
2246 3940 2481 3998 interius
2506 3956 2914 4016 coruscantem,
2940 3948 3077 4008 foris
3108 3956 3272 4012 rebus
3288 3974 3541 4023 vacuum,

1924 4026 2261 4089 intrinsecus
2306 4034 2417 4091 Deo
2447 4035 2692 4107 plenum,
2724 4040 2791 4096 ad
2816 4042 2979 4099 solita
3012 4062 3166 4103 arma
3195 4057 3441 4108 cucurrit
3491 4070 3547 4113 ct

1927 4124 2116 4179 uxoris
2147 4124 2390 4197 linguam
2429 4131 2496 4184 ad
2538 4130 2885 4191 inferendum
2921 4140 3421 4203 vehementissimae
3452 4151 3551 4207 oh-

1918 4211 2253 4306 jurgationis
2278 4221 2635 4291 opprobrium
2653 4229 2970 4287 concitavit.
2998 4232 3129 4306 Qu:e
3144 4234 3315 4293 dixit:
3354 4260 3372 4293 ι
3411 4240 3550 4299 Vere

1927 4316 2067 4360 vana
2095 4305 2235 4362 facta
2259 4318 2344 4364 est
2370 4324 2497 4381 spes
2516 4321 2636 4380 tua,
2667 4316 3033 4394 eleemosynte
3062 4335 3170 4381 tuae
3194 4330 3357 4386 modo
3380 4348 3551 4404 appa-

1926 4411 2157 4503 ruerunt
2184 4400 2349 4503 (Tali.
2384 4420 2421 4460 ιι
2436 4414 2482 4477 ).
2520 4427 2541 4461 ι
2580 4407 2649 4464 Et
2698 4412 2843 4469 sicut
2874 4416 2994 4473 ista;
3024 4434 3295 4489 perversa:
3326 4400 3546 4503 eonjngi

1928 4491 2065 4592 nihil
2086 4497 2391 4592 respondit,
2425 4502 2521 4556 sed
2547 4500 2748 4573 injecto
2778 4507 2881 4563 sibi
2915 4511 3202 4572 diabolica:
3237 4491 3547 4592 suggestio-

1928 4583 2016 4639 nis
2061 4585 2189 4652 telo,
2224 4604 2350 4644 mox
2396 4591 2465 4646 ad
2498 4596 2766 4653 orationis
2816 4615 3006 4670 arma,
3058 4583 3541 4679 Scripturautcste.

1452 4658 1468 4664 _
2993 4658 3005 4670 .
3064 4658 3178 4663 ηη
3225 4658 3343 4666 -κ---
3386 4658 3541 4678 mw.

181 4674 321 4747 ipso
390 4678 573 4747 primo
637 4680 790 4751 lapsu
860 4681 1081 4737 humani
1146 4685 1369 4755 generis
1433 4697 1617 4745 nosset
1668 4692 1813 4761 quod
1850 4658 2608 4753 D¢"°“"""(T°b-W)~Sic
2646 4697 2703 4743 οι
2751 4689 3103 4752 ῢθίιῑίεείηιυε
3155 4658 3239 4753 Vir
3293 4699 3541 4762 Severus

180 4772 407 4826 docere
438 4771 636 4828 mulier
666 4783 814 4830 recta
865 4776 1121 4831 nesciret.
1155 4778 1308 4835 Unde
1342 4779 1482 4837 bene
1522 4784 1686 4839 etiam
1720 4800 1818 4856 per

177 4860 437 4917 Paulum
492 4864 738 4919 dicitur:
803 4883 820 4917 ι
860 4865 1066 4925 Docere
1116 4880 1298 4926 autem
1356 4873 1641 4929 mulierem
1708 4891 1815 4931 non

173 4954 468 5023 permitto
495 4952 548 5025 (Ι
584 4954 719 5009 Tim.
752 4956 815 5026 ι).
852 4977 869 5011 i
899 4958 1035 5025 Quia
1072 4963 1330 5017 nimirum
1363 4964 1661 5036 aliquando
1690 4984 1815 5024 cum

174 5043 414 5109 docnit,
443 5061 473 5098 a
502 5046 785 5115 sapientia:
825 5050 1058 5111 tramitti:
1105 5052 1361 5109 deviavit.
1418 5056 1690 5128 Antiquus
1719 5059 1822 5113 ita-

171 5150 302 5205 que
389 5137 564 5193 hostis
620 5138 689 5193 ab
747 5140 919 5197 Adam
981 5144 1033 5197 in
1100 5144 1312 5201 oliicina
1372 5146 1643 5205 lanisterii
1689 5165 1815 5222 per-

168 5226 337 5280 didit
396 5228 490 5298 qui
546 5231 719 5285 Adam
784 5232 838 5289 in
895 5237 1151 5305 paradiso
1197 5242 1469 5310 superavit
1518 5239 1669 5314 (Cen.
1730 5244 1813 5315 t);

167 5328 370 5387 atque
395 5318 715 5389 adjntricem
744 5339 900 5382 suam
932 5328 1237 5397 mulierem,
1267 5334 1395 5388 dum
1422 5335 1491 5389 ad
1533 5344 1817 5392 contume-

164 5411 325 5468 liam
361 5428 569 5469 amara.-
593 5420 956 5489 correptionis
983 5424 1251 5489 ascendit,
1276 5425 1342 5480 ad
1373 5427 1687 5499 exemplum
1717 5444 1816 5500 po-

166 5500 302 5557 tius
393 5504 669 5561 discenda:
717 5510 994 5579 patientia:
1044 5516 1297 5572 nesciens
1377 5518 1709 5587 destinavit;
1765 5531 1822 5577 et

1926 4769 2259 4837 respomlere
2313 4774 2382 4827 ad
2430 4778 2620 4833 uxoris
2656 4781 2821 4838 verba
2868 4791 3235 4861 contempsit;
3273 4795 3342 4849 ad
3397 4800 3545 4855 acci~

1924 4860 2183 4930 piendum
2213 4878 2343 4920 vero
2374 4863 2435 4921 S.
2477 4867 2718 4942 Spiritus
2734 4873 2960 4944 donum,
2994 4860 3186 4937 eodem
3216 4892 3546 4959 suggerente

1926 4953 2145 5024 spiritu,
2178 4958 2438 5015 nesciens
2460 4966 2798 5033 properavit.
2832 4967 2891 5025 Si
2924 4982 3109 5029 autem
3151 4953 3353 5035 divinae
3378 4980 3543 5053 justi-

1928 5045 2017 5101 tiie
2045 5048 2293 5107 ordinem
2320 5053 2506 5109 subtili
2562 5058 2921 5120 meditatione
2976 5045 3395 5143 perpendimus,
3434 5094 3540 5135 n0u

1926 5138 2046 5194 sine
2084 5156 2251 5198 c.msa
2283 5157 2506 5205 sanctos
2548 5150 2698 5209 viros
2746 5138 2987 5216 uxorum
3026 5162 3259 5224 afﬂictos
3292 5138 3540 5229 molestia

1930 5236 2259 5324 reperimus.
2294 5238 2433 5310 Quia
2454 5244 2603 5301 enim
2634 5248 2721 5304 vir
2758 5254 2917 5309 uxori
2969 5258 3114 5314 male
3145 5267 3546 5324 consentiendo

1926 5322 2211 5386 Creatoris
2237 5334 2320 5389 sui
2341 5348 2614 5411 praecepta
2638 5353 3067 5419 contempserat,
3077 5322 3449 5431 jamdignum‘
3462 5322 3547 5419 est

1929 5429 1990 5475 ut
2017 5437 2046 5476 a
2078 5423 2195 5479 viro
2228 5427 2428 5486 mulier
2466 5433 2843 5496 dissentiendo
2900 5444 3056 5503 duris
3085 5465 3211 5507 eum
3246 5423 3538 5514 verborum

1929 5518 2277 5575 contumeliis
2329 5523 2682 5585 vehementer
2730 5532 2955 5606 afﬂigat.
2992 5539 3112 5609 Quo
3142 5546 3288 5601 enim
3326 5549 3545 5607 mulieri

160 5596 321 5651 dum
366 5596 517 5653 illam
560 5615 817 5671 perversa
870 5621 992 5675 qua:
1042 5607 1262 5665 doceret
1290 5610 1528 5678 edocuit,
1568 5615 1635 5669 ad
1670 5615 1825 5671 scho.
1932 5607 2075 5665 male
2098 5611 2362 5672 obediens
2418 5623 2622 5689 paruit,
2656 5639 2721 5680 eo
2760 5596 3047 5689 (Συῆᾱίωῆ

158 5689 303 5745 lam
349 5692 703 5748 rectitudinis
746 5695 926 5763 misit;
986 5707 1041 5755 et
1094 5716 1219 5771 qua:
1273 5705 1509 5760 excitata
1552 5707 1731 5763 fuerat
1764 5718 1825 5763 nt
1932 5698 2053 5757 ἷιιίῐρ
2088 5704 2302 5778 Scriplu

1401 5714 1509 5760 tata
1552 5707 1731 5763 fuerat
1764 5718 1825 5763 nt
1932 5698 2053 5757 fuit.
2088 5704 2365 5778 Scriptum
2391 5714 2591 5785 quippe
2625 5726 2743 5773 est:
2780 5739 2798 5771 ι
2833 5720 2985 5780 Tulit
3032 5689 3545 5793 mulier'd‘efr-u‘c'l'u

148 5782 709 5899 perderet,.ertidita
733 5796 816 5842 est
837 5804 903 5844 ne
924 5791 1149 5861 periret.
1174 5793 1283 5861 Sic,
1312 5796 1391 5852 sic
1418 5812 1450 5852 a
1482 5798 1680 5853 nostris
1695 5798 1829 5855 viris
1930 5806 1987 5852 et
2008 5803 2271 5867 comedit,
2297 5782 2557 5877 deditque
2583 5810 2701 5867 viro
2723 5828 2823 5869 suo
2843 5817 2937 5885 qui
2962 5820 3239 5890 comedit;
3272 5833 3327 5880 et
3365 5782 3542 5899 aperti

184 5876 443 5899 --_A:I-_--
510 5877 661 5899 -Α-.ε,
710 5883 935 5899 ..___,,.-.
1132 5897 1139 5899 ξ
1344 5889 1354 5896 -
1444 5889 1455 5899 ι
1622 5892 1631 5899 .
2192 5894 2225 5899 ,ξ

146 5874 447 5934 fortibus
492 5876 663 5935 hostis
708 5883 1009 5951 percutitur
1039 5928 1052 5956 ,
1088 5897 1145 5942 ut
1188 5889 1355 5944 sna‘ei
1388 5889 1489 5946 tela
1519 5892 1822 5965 rapiantur.
1933 5902 2058 5951 sunt
2088 5894 2227 5952 oculi
2258 5874 2545 5959 amborum
2576 5902 2799 5977 (Grues.
2831 5874 2948 5985 In).
2980 5932 2997 5966 ι
3046 5913 3124 5977 Ex
3170 5874 3239 5975 ea
3263 5920 3333 5992 igi
3364 5874 3541 5981 ui]:

5030 6452 5366 6600 d
