5428 6594
250 424 355 485 539
1746 426 1985 485 SERMO
2023 428 2083 484 V.
3467 416 3583 477 530

250 522 349 588 vit,
377 536 539 593 quam
591 520 939 578 nmstimahili
970 521 1055 576 sui
1108 520 1389 593 sanguinis
1423 519 1598 589 pretio
1626 534 1851 591 compa-
1884 538 1930 597 Α
1960 520 2310 578 beatissimus
2343 519 2426 576 vir
2448 519 2596 577 omni
2620 520 2846 576 carebat
2886 517 3073 574 livoris
3098 514 3488 578 amaritudine,
3520 523 3578 571 ct

249 617 409 671 ravit.
445 616 673 689 Suscipe
702 616 936 689 egregia:
971 615 1469 672 administrationis
1511 612 1772 678 oﬂiciutu,
1808 622 1865 669 ut

248 712 315 763 de
337 708 609 764 commissi
638 709 825 764 talenti
857 708 1070 763 foenore
1100 718 1323 763 auctum
1366 704 1590 762 referas
1626 706 1859 762 lucrum.

233 796 359 852 'Nec
387 813 721 870 expavescas
748 799 1111 870 ignorantiam
1148 799 1479 863 litterarum,
1510 813 1618 853 non
1648 796 1863 854 dubites

238 890 315 945 de
342 891 828 961 incompositorum
861 892 1192 967 enoorutitate
1220 905 1561 953 sermonum,
1592 890 1721 961 quia
1769 890 1860 945 ille

241 980 339 1049 qui
371 989 653 1050 promovet
684 989 757 1047 te,
787 982 905 1036 sine
933 980 1145 1053 legendi
1177 980 1365 1036 labore
1388 982 1625 1037 instruet
1646 990 1730 1047 te;
1760 981 1857 1051 qui

236 1070 342 1124 tibi
376 1072 639 1127 doctrina:
664 1073 961 1128 committit
998 1072 1257 1139 oﬂicium”,
1288 1073 1519 1129 docendi
1543 1074 1715 1129 etiam
1729 1090 1857 1146 sug-

240 1175 398 1237 geret
427 1168 846 1224 incrementum.
891 1168 1179 1224 Summum
1211 1169 1415 1240 quippe
1459 1176 1547 1224 est
1596 1169 1850 1234 verbum,

244 1258 389 1325 quod
416 1258 510 1313 tibi
535 1260 844 1315 semiuandi
876 1260 1028 1316 verbi
1058 1259 1284 1315 exhibet
1326 1259 1713 1316 ministerium.
1744 1259 1860 1315 Hoc

243 1352 468 1406 verbum
522 1353 636 1418 tibi,
687 1352 902 1423 tuisque
956 1351 1055 1425 [[2,
1125 1352 1346 1424 tuique]
1407 1351 1683 1408 similibus
1750 1366 1850 1423 per

243 1446 602 1516 semetipsum
629 1445 795 1500 dicit:
831 1465 849 1498 ι
886 1446 1020 1501 Cum
1038 1446 1303 1502 stetet'itis
1324 1454 1451 1501 ante
1483 1460 1661 1516 reges,
1689 1444 1858 1499 nolite

242 1538 486 1607 cogitare
511 1538 783 1609 quomodo
815 1546 910 1594 aut
928 1538 1410 1609 quidloquamiui;
1445 1538 1666 1593 dabitur
1707 1537 1854 1593 enim

244 1627 402 1681 vobis
430 1627 482 1683 iu
508 1628 595 1681 illa
617 1629 750 1683 hora
787 1628 921 1699 quid
974 1628 1271 1698 loquamini
1307 1628 1537 1701 (Matth.
1601 1630 1694 1697 x).
1732 1645 1753 1679 ι
1790 1626 1857 1680 Et

245 1720 484 1775 iterum:
520 1739 538 1772 ι
568 1720 687 1777 Non
715 1737 809 1777 vos
838 1722 995 1787 estis,
1020 1722 1110 1793 qui
1139 1720 1449 1792 loquimini,
1478 1720 1574 1776 sed
1614 1719 1855 1791 Spiritus

243 1810 429 1867 Patris
467 1813 653 1877 vestri,
676 1813 768 1883 qui
798 1812 1044 1882 loquitur
1077 1813 1131 1868 in
1160 1812 1316 1868 vobis
1339 1811 1518 1883 (Ibid.
1538 1811 1578 1883 ).
1618 1830 1633 1863 ι

1970 615 2024 669 in
2054 624 2244 670 sancta
2277 614 2491 671 vivebat
2519 613 2785 684 simplicis
2838 612 3005 686 animi
3036 611 3295 681 puritate.
3331 608 3473 664 Ecce
3512 607 3580 663 li-

1966 709 2132 778 quido
2164 706 2552 763 manifestatur
2578 705 2725 778 quod
2749 719 2851 777 per
2876 702 3251 776 apostolorum
3266 700 3574 772 principem

1964 800 2198 856 dicitur:
2235 820 2254 852 ι
2288 798 2427 866 Quia
2452 814 2559 855 non
2584 806 2669 853 est
2694 811 3055 868 personarum
3087 802 3345 864 acceptor
3402 791 3575 851 Deus.

1962 893 2058 949 sed
2084 892 2136 947 in
2162 891 2312 949 omni
2337 899 2518 961 gente,
2559 892 2651 961 qui
2703 889 2862 944 timet
2889 888 3067 953 iilum,
3114 896 3169 943 et
3196 882 3574 956 operaturju-

1961 986 2191 1049 stitiam,
2223 992 2482 1055 acceptus
2505 992 2590 1039 est
2620 982 2694 1038 illi
2722 980 2874 1053 (Act.
2909 980 2999 1048 ι).
3026 998 3045 1032 ›
3073 978 3207 1035 Illud
3231 977 3401 1033 etiam
3426 988 3579 1030 nunc

1962 1080 2015 1134 itt
2070 1077 2339 1134 electione
2385 1074 2691 1133 beatissimi
2725 1073 2888 1143 hujus
2932 1070 3039 1128 viri
3068 1086 3167 1142 per
3216 1067 3577 1137 semetipsum

1960 1170 2140 1227 divina
2163 1167 2503 1241 providentia
2541 1164 2841 1222 custodivit
2882 1162 3031 1235 quod
3061 1161 3193 1218 olim
3238 1174 3341 1215 nos
3381 1160 3579 1212 obser-

1961 1278 2090 1319 vare
2116 1278 2214 1333 per
2232 1261 2295 1317 B.
2329 1259 2595 1317 Jacobum
2621 1260 2852 1316 monuit.
2880 1257 2973 1312 Ait
3004 1256 3151 1312 enim
3182 1254 3325 1308 inter
3346 1258 3572 1305 caetera:

1962 1374 1984 1409 ι
2016 1355 2240 1411 Fratres
2268 1355 2398 1419 mei,
2424 1354 2594 1410 nolite
2636 1354 2690 1408 in
2718 1364 3082 1423 personarum
3119 1344 3446 1416 acceptione
3480 1342 3583 1396 ha-

1954 1448 2091 1504 bere
2114 1447 2274 1503 ﬁdem
2315 1447 2529 1502 Domini
2560 1444 2735 1502 nostri
2764 1443 2895 1499 Jesu
2922 1439 3128 1497 Christi
3184 1436 3374 1509 gloriae
3416 1431 3578 1504 (Jac.

1958 1541 2045 1613 ιι).
2072 1561 2091 1594 ι
2112 1540 2317 1596 Deinde
2343 1538 2656 1612 subjungit:
2678 1557 2699 1589 ι
2732 1536 2948 1592 Etenim
2972 1532 3020 1589 si
3050 1529 3323 1587 introierit
3354 1528 3407 1582 in
3439 1541 3576 1581 cou-

1956 1643 2179 1688 ventttm
2203 1640 2449 1688 vestrum
2481 1630 2568 1685 vir
2596 1642 2826 1684 aureum
2844 1623 3109 1681 annulum
3127 1621 3337 1677 habens
3355 1618 3409 1672 in
3426 1624 3580 1670 veste

1956 1725 2189 1783 candida
2214 1743 2227 1779 :
2254 1724 2531 1780 introierit
2562 1732 2748 1793 autem
2773 1729 2830 1777 et
2860 1734 3071 1790 pauper
3116 1718 3171 1771 in
3223 1712 3451 1769 sordido
3480 1710 3579 1764 ha—

1955 1816 2094 1883 bittt,
2125 1826 2179 1872 et
2210 1815 2509 1871 intendatis
2536 1815 2589 1869 in
2619 1828 2773 1877 eum,
2800 1811 2893 1882 qui
2919 1810 3239 1871 indutusest
3256 1813 3407 1859 veste
3436 1817 3579 1871 pra:—

238 1932 241 1933 ν
315 1901 455 1971 Quid
485 1903 674 1975 plura?
698 1904 940 1959 Tandem
970 1907 1120 1961 venit
1138 1904 1413 1970 columba,
1434 1914 1491 1961 et
1523 1903 1853 1959 mirantibus
1886 1927 1933 1988 Β
1957 1908 2128 1971 clara,
2152 1917 2211 1963 et
2232 1907 2485 1962 dixeritis
2514 1906 2598 1962 ei:
2627 1904 2709 1960 Tu
2741 1904 2873 1960 sede
2903 1902 2997 1958 hic
3024 1901 3199 1965 bene;
3227 1896 3455 1967 pauperi
3481 1909 3579 1948 au-

241 1997 455 2052 cuuctis
481 1997 737 2052 dilectum
764 1998 866 2053 sibi
896 2006 1059 2068 caput
1088 1997 1291 2053 invisit.
1316 1997 1389 2052 Et
1416 2007 1567 2053 certe
1579 1995 1694 2065 jam
1720 1996 1852 2052 olim

244 2091 300 2145 in
329 2088 445 2159 ejus
477 2099 696 2162 pectore
726 2091 1071 2147 invisibiliter
1092 2102 1234 2158 erat,
1263 2094 1316 2148 in
1340 2092 1498 2162 cujus
1540 2108 1687 2149 nunc
1726 2108 1853 2148 ver-

245 2186 407 2242 ticem
436 2186 801 2258 corporaliter
825 2187 1215 2245 descendebat.
1252 2185 1361 2243 Sed
1393 2188 1524 2258 quid
1550 2185 1665 2256 jam
1712 2186 1854 2258 fugi-

245 2277 389 2334 tivus
423 2279 517 2334 Dei
555 2278 927 2346 faceret?Quo
954 2294 1013 2335 se
1039 2278 1311 2334 verteret?
1335 2278 1489 2345 Quod
1522 2280 1625 2335 sibi
1654 2279 1855 2334 latihu-

249 2369 360 2423 lum
394 2371 561 2425 tutius
598 2371 905 2427 inveniret?
964 2372 1005 2426 Α
1064 2381 1362 2443 conspectu
1388 2372 1632 2427 omnium
1690 2371 1849 2442 fugit,

247 2458 435 2514 vales
473 2464 748 2531 opposuit,
801 2462 868 2515 ad
913 2462 1206 2517 videndum
1260 2463 1364 2517 sibi
1416 2462 1564 2516 solas
1612 2462 1849 2532 pestium

248 2546 475 2604 riinulas
505 2548 817 2619 tlereliquit.
853 2550 959 2606 Sed
990 2552 1083 2621 qui
1116 2553 1384 2607 humanos
1406 2566 1662 2624 aspectus
1689 2568 1852 2609 aver-

251 2651 367 2696 tere
387 2642 585 2710 potuit,
616 2643 911 2698 columbini
937 2658 1171 2701 acumen
1212 2646 1441 2700 intuitus
1490 2661 1599 2702 non
1650 2647 1846 2701 evasit.

248 2732 409 2788 Videt
436 2748 497 2789 se
527 2734 962 2805 deprehensum;
1023 2737 1382 2806 conqueritur
1414 2738 1557 2792 intra
1610 2752 1669 2795 se
1711 2738 1849 2793 nihil

244 2824 347 2880 sibi
375 2823 647 2894 profuisse
673 2825 1009 2898 confugium.
1044 2825 1435 2883 Verumtamen
1462 2828 1643 2885 adhuc
1671 2829 1851 2899 suspi-

243 2925 402 2971 catur
424 2916 705 2987 deceptam
736 2932 925 2973 errare
938 2917 1270 2983 columbam,
1300 2934 1403 2974 nec
1422 2934 1583 2989 posse
1612 2919 1665 2973 in
1694 2928 1845 2975 tanta

246 3009 529 3065 hominum
566 3009 913 3065 multitudine
937 3019 1147 3065 certam
1173 3010 1408 3082 eligendi
1439 3022 1630 3066 notare
1655 3027 1847 3083 perso-

245 3116 393 3155 nam.
427 3100 615 3157 Tertio
645 3101 812 3173 igitur
865 3102 933 3157 ad
965 3116 1025 3157 se
1056 3101 1375 3157 volitantem
1408 3102 1636 3174 agitatis
1674 3103 1849 3157 mani-

243 3192 347 3249 bus
376 3194 597 3263 repulit,
632 3203 686 3249 et
709 3194 792 3250 sic
824 3194 877 3248 in
915 3196 1138 3250 nomine
1162 3195 1527 3252 sanctissimae
1560 3195 1849 3252 Trinitatis

242 3282 679 3339 benedictionem
708 3264 819 3339 sum
847 3285 1281 3339 consecrationis
1309 3287 1540 3355 accepit.

312 3372 359 3429 0
394 3387 613 3439 novum,
656 3384 713 3430 et
744 3374 1048 3429 inauditum
1086 3376 1448 3446 promotionis
1501 3375 1783 3431 ordinem!
1814 3392 1848 3432 0

246 3463 622 3519 admirabilem
668 3466 872 3536 egregii
930 3465 1209 3535 pontiticis
1266 3466 1590 3539 dignitatem
1638 3468 1651 3522 !
1710 3466 1847 3523 Nam

242 3556 370 3627 quid
404 3556 547 3611 aliud
584 3556 709 3621 fuit,
740 3557 793 3610 in
847 3566 1009 3626 caput
1038 3558 1339 3613 beatissimi
1374 3559 1476 3613 viri
1528 3558 1840 3614 columbam

245 3649 407 3703 tertia
436 3646 556 3703 vice
578 3647 934 3713 descendere,
962 3648 1064 3703 nisi
1090 3658 1339 3719 patenter
1369 3650 1520 3703 illum
1544 3666 1597 3702 ιιι
1644 3648 1845 3712 Patris,

243 3748 300 3793 ct
332 3738 479 3804 Filii,
505 3749 561 3794 et
604 3738 843 3810 Spiritus
899 3740 1079 3794 sancti
1122 3740 1344 3795 nomine
1370 3739 1743 3795 consecrare?
1782 3739 1850 3794 Et

242 3832 373 3903 quid
402 3832 546 3887 aliud
573 3831 675 3887 fuit
702 3832 950 3888 eamdem
983 3832 1291 3887 columbam
1318 3848 1347 3885 a
1396 3847 1455 3887 se
1483 3833 1845 3896 exturbando,

243 3924 500 3979 manibus
532 3933 778 3994 tangere,
803 3922 904 3977 nisi
937 3922 1323 3977 ecclesiasticae
1354 3922 1717 3976 institutionis
1752 3937 1848 3976 or-

242 4014 387 4081 dine,
418 4015 472 4069 in
503 4015 637 4084 ipsis
664 4011 774 4086 24
823 4012 1076 4067 manibus
1110 4012 1289 4066 oleum
1340 4023 1544 4067 sanctae
1575 4012 1850 4067 unctionis

242 4108 528 4176 accipere?
554 4105 687 4161 Nam
724 4107 865 4178 quod
891 4106 1140 4162 columba
1173 4108 1225 4161 in
1262 4105 1596 4162 sanctiSsimi
1627 4106 1725 4159 viri
1759 4119 1851 4158 ca-

244 4211 341 4270 put
378 4200 568 4270 illapsa
619 4200 921 4265 descendit,
962 4198 1199 4255 ollicium
1244 4215 1438 4254 manus
1485 4196 1850 4268 impositiouis

245 4293 509 4363 implevit.
541 4291 696 4360 Quod
718 4300 900 4347 autem
940 4293 1112 4348 sacris
1151 4307 1211 4347 se
1237 4292 1492 4348 manibus
1536 4290 1685 4361 tangi
1726 4305 1851 4361 per-

246 4386 433 4449 misit,
488 4386 637 4456 ipsas
696 4392 892 4440 manus
945 4386 1121 4442 sancti
1169 4385 1409 4455 Spiritus
1464 4384 1723 4440 unctione
1774 4383 1879 4439 si-v

247 4477 454 4547 gnavit.

1962 2012 2071 2059 tem
2096 2002 2320 2058 dicatis:
2352 2001 2430 2057 Tu
2458 2009 2540 2057 sta
2570 1998 2699 2064 illic,
2725 1997 2811 2054 vel
2834 1997 2965 2054 sede
2984 1996 3089 2052 sub
3112 1992 3353 2050 scabello
3377 1991 3576 2063 pedum

1960 2110 2243 2161 meorum;
2276 2091 2735 2162 nounejudicatis
2764 2090 2909 2160 apud
2936 2087 3320 2155 vosmetipsos.
3349 2092 3407 2139 et
3442 2082 3575 2137 lacti

1958 2185 2094 2240 estis
2108 2184 2322 2255 judices
2341 2183 2731 2254 cogitationum
2756 2179 3068 2249 iniquarum
3094 2176 3119 2230 ?
3147 2194 3166 2227 ι
3204 2173 3381 2245 (Ibid.
3401 2170 3419 2243 )
3439 2170 3577 2225 Nam

1959 2278 2003 2333 si
2031 2277 2133 2332 hoc
2156 2277 2351 2333 beatus
2395 2274 2679 2345 apostolus
2721 2273 2789 2329 de
2830 2270 3169 2342 quotidianis
3218 2264 3576 2323 consessibus

1959 2368 2220 2438 loquitur,
2256 2367 2379 2437 quis
2402 2382 2510 2425 non
2536 2365 2605 2420 de
2632 2363 2954 2434 acceptione
2985 2373 3344 2433 personarum
3367 2358 3423 2413 in
3458 2355 3578 2413 eul-

1958 2476 2081 2532 pam
2119 2459 2419 2530 saepissime
2474 2458 2700 2522 labi-tur,
2734 2457 2838 2513 nisi
2889 2472 3015 2512 cum
3047 2453 3189 2524 apud
3214 2452 3577 2523 semetipsum

1960 2553 2187 2608 forsitan
2223 2554 2294 2607 ita
2337 2552 2565 2623 judicat,
2621 2559 2681 2605 ιιι
2732 2550 2847 2615 ille,
2883 2548 2971 2605 cui
3016 2548 3279 2603 honorem
3322 2545 3570 2606 exhibet.

1959 2656 2110 2702 tanto
2139 2648 2187 2701 ei
2222 2645 2436 2711 melior,
2458 2656 2667 2715 quanto
2703 2652 2761 2698 et
2790 2642 2956 2697 ditior
2980 2641 3233 2695 videatur
3261 2639 3285 2692 ?
3317 2637 3424 2693 Sed
3458 2638 3577 2691 hmo

1956 2738 2255 2810 apostolica
2318 2735 2589 2792 sententia
2625 2746 2757 2789 tunc
2788 2733 2995 2788 rectius
3029 2730 3373 2799 intelligitur,
3406 2726 3451 2783 si
3482 2726 3573 2780 illa

1956 2827 2178 2883 sedendi
2204 2842 2268 2883 ac
2288 2825 2470 2882 standi
2496 2824 2761 2881 distantia
2790 2823 2858 2878 ad
2894 2822 3135 2878 honores
3159 2818 3575 2875 ecclesiasticos

1956 2920 2249 2974 referatur.
2283 2915 2402 2972 Non
2440 2916 2589 2971 enim
2620 2915 2739 2970 leve
2758 2914 2971 2969 crimen
3003 2926 3127 2967 esse
3151 2910 3457 2982 putandum
3485 2916 3573 2966 est

1953 3008 2258 3080 quemlibet
2284 3006 2510 3062 divitem
2535 3005 2606 3060 ad
2633 3002 2996 3061 ecclesiastici
3030 3000 3313 3073 regimiuis
3354 2998 3572 3055 culmen

1953 3101 2147 3167 evehi;
2183 3113 2482 3169 paunerem
2532 3112 2665 3153 vero
2720 3094 3055 3151 sanctiorem
3090 3102 3146 3149 ct
3195 3092 3505 3148 doctiorem
3535 3106 3567 3145 a

1952 3193 2287 3264 suscipiendi
2338 3192 2564 3247 honoris
2612 3190 2881 3262 dignitate
2915 3187 3129 3259 repelli.
3179 3184 3336 3241 Fecit
3383 3184 3572 3253 itaque

1874 3290 1920 3353 (ζ
1954 3274 2219 3340 mirabilis
2272 3284 2326 3338 in
2377 3283 2586 3340 sanctis
2637 3283 2752 3336 suis
2802 3280 3154 3350 omnipotens
3184 3278 3329 3333 Deus
3379 3272 3573 3348 (Psal.

1952 3393 2098 3441 vau
2116 3380 2158 3445 ),
2182 3377 2328 3447 quod
2362 3375 2477 3431 fieri
2503 3375 2704 3430 debere
2726 3388 2826 3445 per
2848 3370 3155 3443 apostolum
3179 3384 3337 3425 suum
3363 3367 3573 3429 docuit,

1952 3468 2173 3540 quando
2214 3467 2417 3538 spretis
2470 3466 2733 3521 divitibus
2787 3476 3046 3534 maguum
3096 3462 3241 3515 hunc
3271 3471 3581 3529 pauperem

1953 3560 2217 3631 squalidis
2274 3560 2524 3613 indutum
2560 3556 2805 3611 vestibus
2845 3554 2912 3607 ad
2956 3550 3326 3623 episcopalem
3380 3549 3571 3605 cathe-

1956 3652 2109 3707 .lram
2137 3648 2466 3704 mirabiliter
2490 3646 2830 3703 sublimavit.
2858 3644 2963 3712 Qui
2992 3650 3253 3713 suscepto
3276 3639 3572 3711 pontifica-

1954 3756 2042 3800 tus
2069 3741 2261 3798 olIicio
2275 3756 2383 3796 non
2422 3741 2597 3811 magis
2619 3756 2688 3793 ex
2725 3738 2919 3793 ordine.
2954 3736 3349 3792 ecclesiasticae
3388 3733 3574 3804 digni-

1954 3836 2084 3891 tatis
2106 3834 2357 3891 ascendit
2384 3848 2550 3904 quam
2574 3832 2629 3887 in
2651 3845 2839 3887 arcem
2881 3842 3110 3901 quoque
3163 3841 3397 3883 summae
3448 3840 3578 3881 san-

1953 3930 2165 3985 ctitatis
2180 3927 2447 3982 excrevit.

2024 4020 2278 4077 Nonnulli
2302 4020 2450 4075 enim
2479 4032 2606 4074 cum
2632 4015 2918 4088 "egiminis
2939 4029 3130 4071 curam
3148 4010 3480 4082 suscipiunt,
3508 4007 3576 4063 ad

1954 4114 2280 4170 lacerandos
2306 4113 2559 4169 subditos
2595 4111 2851 4181 protinus
2882 4108 3262 4171 inardescunt,
3304 4117 3575 4160 terrorem

1952 4204 2819 4280 potestatisexhibent,etquihus
2834 4203 3096 4274 prodesse
3110 4202 3434 4263 debuerant,
3457 4212 3576 4251 ma-

1954 4298 2038 4369 gis
2070 4306 2287 4361 nocent,
2305 4304 2362 4351 et
2388 4294 2515 4365 quia
2534 4293 2826 4349 charitatis
2857 4292 3067 4347 viscera
3104 4291 3157 4345 in
3183 4289 3326 4345 lilios
3348 4304 3458 4343 non
3478 4288 3579 4342 ha-

1954 4394 2108 4454 bent,
2138 4388 2345 4445 domini
2379 4388 2553 4443 videri
2582 4395 2865 4458 appetunt,
2896 4395 3083 4456 patres
3105 4401 3165 4441 se
3196 4399 3319 4439 esse
3351 4383 3581 4437 minime

1956 4479 2483 4554 recognoscuntzs
2504 4479 2832 4535 humilitatis
2854 4478 3035 4533 locum
3065 4478 3119 4533 in
3152 4476 3447 4533 elationem
3481 4475 3582 4530 do-

317 4566 438 4621 .lam
468 4582 599 4622 vero
630 4565 757 4621 illud
786 4578 1007 4637 quanta:
1030 4566 1243 4637 gratim,
1273 4574 1600 4636 quanta:th
1625 4577 1711 4620 est
1754 4579 1881 4619 «ξι-ι·
1956 4572 2277 4628 miuationis
2300 4569 3206 4640 immutant,etsemetipsosquasi
3240 4568 3466 4637 quidam
3493 4576 3580 4639 ty-

248 4656 535 4723 εεηεηιίω.
569 4656 831 4728 ὃνίτίιυηι
857 4666 1106 4713 Sanctum
1139 4658 1194 4711 in
1229 4657 1319 4712 illi!
1350 4658 1522 4729 “8"”
1550 4652 1933 4727 SHSCiPCI‘es-D
1959 4664 2742 4737 ranniinsuperhitecornibus
2757 4661 3588 4732 exaltantetsiquaudoextriu-

247 4750 303 4804 iu
332 4764 436 4818 qua
460 4756 675 4803 coiistat
704 4763 869 4818 super
897 4750 1071 4818 ipsum
1102 4749 1389 4804 Dominum
1429 4758 1698 4815 nostrum,
1729 4748 1853 4805 Me-

247 4841 513 4896 diatorem
572 4841 827 4897 videlicet
872 4842 967 4897 Dei
1015 4850 1071 4896 et
1111 4842 1416 4909 hominum,
1448 4842 1847 4897 descendisse?

248 4932 478 4998 (Matth.
512 4933 631 5004 tu.)
677 4934 741 4988 Et
790 4943 942 4990 certe
982 4949 1310 5005 quocunque
1357 4936 1519 4990 modo
1580 4934 1847 5004 Spiritum

249 5040 495 5083 sanctum
527 5028 652 5098 quis
677 5028 931 5098 accipiat,
962 5028 1144 5097 magni
1176 5028 1469 5084 admodum
1499 5026 1677 5083 meriti
1729 5035 1846 5093 est;

249 5118 411 5198 iu‘illa
442 5130 624 5174 autem
656 5118 854 5191 figura,
884 5121 1067 5188 inqua
1094 5129 1152 5175 et
1174 5121 1288 5190 ipse
1318 5122 1632 5192 unigenitus
1669 5120 1849 5175 Patris

247 5212 440 5277 Filius,
464 5213 712 5282 accipere
741 5211 1007 5284 Spiritum
1038 5222 1314 5281 sanctum,
1338 5229 1567 5270 summa:
1594 5223 1680 5270 est
1718 5230 1849 5269 san-

248 5306 452 5363 ctitatis
501 5305 781 5362 indicium.
836 5305 1016 5377 Super
1068 5307 1217 5377 ipsos
1283 5323 1521 5379 namque
1576 5308 1854 5377 apostolos

250 5397 487 5470 Spiritus
512 5408 735 5455 sanctus
763 5399 816 5453 in
846 5399 1018 5470 igneis
1048 5399 1252 5469 linguis
1281 5401 1564 5471 apparuit(
1588 5402 1705 5455 Act.
1738 5416 1776 5455 ιι
1800 5403 1852 5470 );

249 5507 410 5563 super
440 5490 657 5547 beatum
680 5505 811 5547 vero
834 5490 1096 5547 Severum
1112 5508 1217 5548 nou
1235 5492 1287 5547 in
1302 5493 1442 5564 ignis
1474 5492 1854 5564 itnagiue,non

248 5585 303 5639 in
334 5585 636 5656 linguarum
660 5584 975 5640 diversitate
998 5602 1013 5651 ;
1035 5587 1152 5651 sed,
1170 5586 1311 5641 sicut
1337 5602 1500 5657 super
1522 5587 1857 5657 baptizatum

252 5676 565 5741 Dominum,
595 5676 651 5730 in
678 5675 944 5732 columbze
981 5677 1134 5733 visus
1159 5687 1245 5735 est
1267 5679 1451 5748 specie
1479 5677 1711 5749 (Matth.
1737 5693 1796 5733 ιιι
1815 5679 1856 5749 );

248 5774 308 5821 ιιι
334 5764 578 5837 profecto
600 5766 911 5824 ostenderet
934 5768 1062 5838 quia
1090 5771 1233 5826 sicut
1250 5772 1337 5827 col
1360 5773 1503 5830 .mba
1530 5770 1760 5841 simplex
1779 5780 1863 5829 est

250 5858 453 5915 animal
499 5857 1150 5931 atqueabamaritudiue
1202 5862 1343 5921 fellis
1390 5865 1656 5933 alienum,
1688 5866 1760 5921 ita
1805 5874 1863 5922 et

1949 4756 2513 4829 secusohlandiuntur,
2548 4755 2881 4809 intrinsecus
2896 4754 3148 4810 saeviunt.
3182 4752 3471 4822 Dequibus
3489 4769 3590 4824 per

1949 4848 2301 4919 semetipsam
2336 4848 2554 4905 Veritas
2574 4849 2705 4905 dicit
2738 4867 2752 4904 :
2791 4869 2809 4901 ι
2842 4848 3083 4905 Veniunt
3108 4849 3177 4904 ad
3200 4864 3298 4905 vos
3330 4848 3385 4903 iu
3413 4850 3591 4904 vesti-

1955 4941 2156 4996 mentis
2187 4940 2394 5007 ovium,
2439 4941 2772 4997 intrinsecus
2811 4951 2994 4997 autem
3034 4951 3162 4996 sunt
3193 4941 3303 5013 lupi
3351 4956 3592 5012 rapaces

1956 5030 2174 5104 (Matth.
2213 5031 2333 5102 vn).
2371 5051 2389 5083 ι
2429 5033 2487 5087 In
2518 5034 2866 5090 vestimentis
2891 5034 3094 5105 quippe
3118 5034 3302 5089 ovium
3328 5034 3587 5092 veniunt.

1956 5125 2087 5195 quia
2118 5124 2293 5180 vellus
2322 5123 2546 5195 quidem
2577 5125 2903 5182 innocentia:
2938 5128 2990 5182 iu
3024 5127 3317 5198 superﬁcie
3342 5135 3587 5198 praten-

1956 5217 2120 5281 dunt,
2152 5215 2248 5271 sed
2272 5215 2383 5286 lupi
2416 5232 2641 5288 rapaces
2672 5227 2801 5272 sunt
2821 5258 2838 5284 ,
2869 5219 3000 5289 quia
3027 5218 3247 5274 malitia:
3273 5233 3495 5274 morsus
3529 5216 3580 5272 in

1958 5306 2175 5362 occulto
2198 5307 2382 5363 cordis
2419 5318 2715 5371 exacuunt,
2742 5324 2849 5365 non
2882 5309 3229 5365 attendentes
3258 5308 3409 5365 iliud
3431 5310 3582 5381 quod

1962 5399 2229 5454 Dominus
2278 5397 2566 5469 discipulis
2617 5400 2732 5455 suis
2764 5398 2897 5455 dicit
2932 5416 2945 5454 :
2979 5418 2998 5452 ι
3041 5400 3201 5467 Ecce,
3245 5399 3453 5472 inquit,
3481 5416 3584 5472 ego

1962 5495 2123 5550 mitto
2166 5510 2267 5551 vos
2308 5496 2453 5551 sicut
2495 5511 2667 5567 agnos
2711 5496 2855 5551 inter
2908 5497 3063 5569 lupos
3112 5496 3268 5566 (Luc.
3306 5499 3385 5568 ι).
3422 5517 3441 5550 ι
3474 5499 3577 5565 Qui

1964 5588 2109 5642 enim
2139 5586 2319 5642 locum
2349 5585 2759 5655 praedicationis
2784 5590 3035 5659 suscipit,
3061 5589 3206 5645 mala
3238 5590 3444 5646 inferre
3474 5606 3583 5646 non

1965 5680 2145 5744 debet,
2178 5678 2271 5733 sed
2318 5677 2575 5745 tolerare,
2632 5690 2691 5735 ut
2732 5693 2796 5734 ex
2848 5682 2965 5752 ipsa
3018 5696 3115 5738 sua
3163 5688 3577 5740 mansuetudine

1968 5771 2107 5827 iram
2142 5772 2485 5828 saevientium
2519 5774 2752 5845 mitiget,
2799 5785 2855 5830 et
2885 5786 3239 5847 peccatorum
3272 5778 3499 5835 vulnera
3536 5784 3603 5833 in

1970 5865 2091 5925 aliis
2120 5867 2237 5939 ipse
2258 5866 2652 5925 alllictionibus
2696 5869 3016 5927 vulneratus
3045 5883 3223 5928 sanet.
3258 5872 3431 5940 Quem
3467 5886 3519 5931 et
3550 5888 3577 5929 δ
