5428 6610
344 1426 379 1541 Ξ

1829 368 1923 425 551
2459 374 2517 429 S.
2553 374 2752 431 PETRI
2794 374 3073 431 DAHIANI
3114 372 3263 430 OPI‘.
3293 371 3469 428 ΡΜιὸ
3498 372 3625 428 δερ
3662 372 3894 428 τοηιδ
3919 374 3973 428 ΙΙ.

2941 374 3073 430 l.\.\'l
3114 372 3263 430 OPI‘.
3293 371 3469 428 ΡΑιιε.
3498 372 3625 428 δερ
3662 372 3894 428 T0lll'5
3919 374 3978 428 ΙΙ.
4024 404 4084 415 -
4130 371 4521 430 δειυιοκεε.
4984 370 5079 426 55!

1828 485 2040 553 quando
2083 485 2229 540 zelus
2258 486 2595 543 rectitudinis
2632 488 2802 561 exigit
2844 496 2904 544 ut
2952 505 3079 561 erga
3130 490 3398 557 subjectos
3430 494 3473 554 Α
3503 488 3701 557 apertis
3734 486 3951 541 vocibus
3972 486 4207 541 clamant
4238 496 4496 555 quantum
4522 484 4761 555 priorem
4790 482 4953 537 \itam
4980 498 5078 538 me

1826 573 2028 635 mviat,
2063 573 2212 628 furor
2236 576 2346 645 ipse
2376 576 2441 630 de
2472 591 2655 633 amore
2682 579 2788 641 sit.
2827 594 2931 633 non
2957 580 3022 634 de
3055 582 3393 643 crudelitate.

1825 673 2089 731 quatenus
2110 663 2298 733 etjnra
2322 665 2617 734 disciplinte
2630 668 2903 729 exhibeat,
2929 681 2980 723 et
3009 671 3151 724 intus
3172 681 3391 740 paterna

1826 755 2021 820 pietate
2072 753 2258 824 diligat
2307 770 2444 824 quos
2494 755 2624 811 foris
2668 760 2820 827 quasi
2886 761 3229 829 insequendo.
3266 764 3390 833 [sre-

1831 840 2040 913 viendo]
2069 845 2317 915 castigat.
2350 844 2468 898 Mali
2493 856 2670 901 autem
2702 859 2943 918 pastores
2966 866 3069 903 non
3101 852 3239 905 sicut
3268 856 3389 923 agni

1826 932 1963 983 inter
1993 932 2177 1000 lupos,
2226 935 2318 988 sed
2359 937 2539 1005 potius
2564 938 2703 992 sicut
2745 939 2848 1007 lupi
2883 940 3021 993 inter
3043 956 3209 1007 agnos
3246 955 3385 1007 sunt,

1822 1020 1967 1087 quia,
2000 1023 2123 1075 dum
2152 1037 2181 1075 a
2220 1024 2449 1079 subditis
2494 1026 2594 1079 sibi
2646 1026 2846 1080 nullum
2892 1028 3209 1100 plerumque
3253 1050 3389 1087 moro

1819 1127 1934 1165 sunt
1972 1113 2204 1170 lzesionis
2224 1118 2533 1187 excipiunt,
2564 1118 2658 1187 ipsi
2687 1118 2737 1173 in
2766 1136 2860 1176 eos
2893 1123 3091 1192 rapina
3122 1140 3232 1179 sine
3252 1126 3383 1180 den-

1821 1211 1897 1255 tes
1928 1204 2219 1259 crudeliter
2243 1207 2428 1277 ﬁgunt.

1885 1293 2132 1349 Nonnulli
2160 1314 2280 1351 vero
2300 1310 2583 1369 antequam
2614 1302 2772 1358 oﬂicii
2803 1306 3146 1361 sacerdotalis
3174 1308 3382 1363 eulmeu

1813 1388 2095 1455 attingant,
2130 1390 2287 1445 mites
2310 1408 2367 1446 se
2397 1401 2447 1447 et
2479 1394 2708 1449 humiles
2737 1397 2787 1450 in
2823 1400 3073 1453 omnibus
3100 1399 3381 1465 exhibent,

1810 1492 2125 1534 excrescere
2174 1480 2227 1534 in
2286 1484 2576 1539 virtutibus
2627 1486 2881 1551 student,
2932 1490 3088 1544 bonis
3145 1493 3382 1547 motibus

1813 1566 2033 1633 pollent,
2068 1579 2121 1623 et
2169 1570 2220 1624 in
2256 1574 2399 1625 omni
2442 1589 2499 1628 se
2548 1575 2825 1631 honestate
2867 1589 3068 1635 sancta:
3100 1596 3380 1635 cooversa-

1813 1654 1975 1707 tionis
1997 1667 2272 1721 exercent,
2307 1660 2445 1713 mala
2473 1664 2599 1716 nulli
2629 1664 2915 1735 aliquando
2944 1669 3203 1733 inferunt,
3234 1673 3375 1724 illata

1804 1757 1931 1799 vero
1959 1747 2225 1814 patienter
2250 1749 2452 1815 ferunt,
2485 1767 2704 1808 carnem
2733 1771 2881 1810 suam
2924 1758 3135 1811 assidue
3158 1762 3375 1827 jejuuiis

3500 584 3598 634 rita
3634 582 3931 647 posteriora
3968 580 4370 634 transcendant.

3570 670 3699 723 Nam
3734 688 3894 739 quam
3930 672 4244 738 prxclarum
4268 712 4281 731 .
4314 669 4651 725 dilectissimi
4699 668 4903 723 fratres
4958 670 5076 729 turi,

3496 778 3653 830 quam
3698 764 4019 831 stupendum
4051 761 4148 814 fuit
4181 762 4307 815 illud
4337 762 4547 831 insigne
4592 760 4914 815 miraculum
4937 800 4949 821 ,
4978 774 5079 827 quia

3498 854 3742 905 videlicet
3770 858 3909 907 inter
3935 856 4047 923 ipsa
4080 854 4366 905 missarum
4398 853 4657 905 solemnia
4685 852 4874 907 subito
4908 852 4960 903 in
4990 864 5079 903 ea-

3496 944 3646 993 Lisim
3687 952 3889 1009 raptus,
3936 958 4030 1010 per
4072 942 4318 1007 spiritum
4355 940 4657 994 Mutinense
4696 942 4957 1010 oppidum
4986 954 5075 1007 pe-

3493 1032 3595 1089 tiit,
3629 1032 3863 1081 i'efunrti
3904 1032 4082 1081 fratris
4110 1041 4159 1081 et
4193 1030 4494 1099 coepiscopi
4527 1029 4634 1083 Deo
4664 1032 4902 1083 animant
4926 1044 5075 1082 com-

3491 1122 3783 1183 mendavit,
3820 1136 4015 1187 corpus
4051 1122 4100 1171 in
4134 1120 4384 1185 sepulcro
4409 1121 4607 1189 posuit.
4640 1130 4693 1173 et
4722 1134 4887 1173 omne
4920 1118 5073 1171 fune-

3489 1210 3661 1260 brium
3688 1210 4067 1275 exsequiarum
4095 1208 4713 1281 oﬂii-iumqperordiuem
4740 1208 5072 1261 celebravit!

3484 1300 3527 1353 Ο
3559 1318 3719 1368 quam
3752 1317 3945 1352 novum
3980 1300 4344 1367 spectaculum
4374 1309 4687 1369 quantaque
4716 1300 5077 1351 admiratione

3483 1393 3882 1459 dignissimum,
3916 1396 3957 1445 si
4000 1402 4169 1445 totum
4206 1392 4334 1445 illud
4377 1391 4537 1445 simul
4586 1388 4834 1443 mortalis
4882 1403 5076 1455 capere

3482 1486 3743 1552 potui~wt
3774 1486 4027 1535 intuitus!
4060 1486 4256 1535 Aderat
4290 1484 4553 1552 siquidem
4580 1482 4925 1549 congregatis
4949 1480 5075 1534 lde-

3482 1578 3622 1630 ilil'lS
3661 1580 3877 1635 alueus,
3908 1578 4096 1629 aberat
4142 1592 4270 1627 vero
4313 1591 4571 1644 purse-ns.
4625 1574 4890 1627 Nimirum
4928 1590 4958 1626 a
4990 1588 5074 1626 se-

3480 1670 3709 1734 πιννὶιοκο
3756 1672 3916 1719 σιῐὴλιιι
3968 1668 4124 1729 longe
4170 1666 4398 1735 pesitns,
4446 1664 4531 1718 hic
4594 1666 4903 1715 viventibus
4954 1662 5075 1715 ﬁliis

3481 1760 3781 1806 t‘ntttttitsmt'
3836 1758 4121 1824 pdslnrnits
4171 1772 4313 1807 cura:
4366 1753 4621 1805 reddebat
4654 1752 4920 1809 tlcliilttm,
4966 1752 5074 1801 illic

1805 1844 1853 1889 ei
1889 1839 2218 1894 orationibus
2256 1841 2531 1905 edomant,
2576 1854 2631 1897 et
2675 1858 2893 1900 cunctos
2927 1849 2976 1901 in
3019 1865 3075 1903 se
3126 1852 3374 1905 vitiorum
3414 1854 3449 1909 lt
3484 1850 3527 1896 di
3554 1850 3657 1897 lum
3686 1860 3733 1897 to
3764 1850 3911 1913 li._itti
3942 1848 4036 1913 pic
4066 1845 4414 1898 humanitatis
4445 1842 4785 1910 itnpenilcbat
4808 1839 5069 1891 ofﬁcium.

1807 1938 1983 1983 motus
2005 1944 2230 1985 censura
2265 1932 2450 2002 rigidze
2493 1937 2801 1991 severitatis
2843 1939 3075 1992 frenant.
3110 1940 3213 1992 Sed
3256 1958 3379 1996 cum

1811 2022 2094 2089 pastoralis
2113 2026 2373 2079 custodia
2394 2026 2522 2095 jura
2542 2030 2862 2097 suscipiunt,
2900 2032 3156 2098 quidquid
3184 2036 3383 2085 sancti-

1803 2112 1929 2164 tatis
1955 2111 2271 2179 habuerant,
2301 2123 2359 2168 ut
2379 2115 2477 2179 ita,
2506 2118 2640 2184 proh
2669 2118 2855 2171 dolor!
2900 2120 3098 2183 dicam,
3129 2137 3379 2175 concam-

1804 2202 1892 2255 bio
1926 2204 2134 2259 misera:
2160 2208 2570 2274 permutationis
2604 2210 2879 2273 amittunt,
2926 2226 3083 2266 omne
3114 2216 3253 2281 quod
3296 2218 3379 2284 pie

1803 2294 2044 2347 vixerant
2070 2296 2494 2363 obliviscuntur,
2523 2308 2577 2352 et
2601 2299 3001 2353 decurrentium
3034 2318 3183 2357 more
3209 2303 3378 2357 ﬂumi-

1803 2398 1948 2446 num,
1991 2385 2057 2437 ad
2089 2386 2194 2439 ima
2230 2385 2433 2456 absque
2479 2389 2585 2441 ullo
2631 2390 2946 2443 retentionis
2975 2391 3258 2445 obstaculo
3288 2393 3380 2447 de-

1801 2479 2110 2545 volvuntur,
2134 2490 2186 2537 et
2213 2482 2356 2536 velut
2392 2483 2515 2537 mali
2547 2486 2794 2555 remiges,
2826 2501 2945 2540 cum
2973 2489 3039 2541 ad
3071 2489 3176 2541 alta
3205 2490 3372 2559 pelagi

1796 2580 1960 2625 vento
2000 2572 2307 2642 impellente
2335 2574 2648 2639 deveniunt,
2701 2576 2916 2645 quando
2946 2579 3153 2632 scilicet
3185 2582 3372 2648 majori

1796 2664 2081 2717 conamine
2106 2678 2240 2732 opus
2261 2675 2367 2727 est,
2392 2666 2445 2717 in
2472 2679 2719 2720 somnum
2767 2682 2826 2721 se
2872 2670 3147 2722 mortifera
3177 2674 3375 2724 secini-

1797 2762 1907 2807 tatc
1936 2754 2241 2820 resolvunt;
2286 2755 2367 2810 vel
2414 2756 2594 2826 potius
2639 2772 2763 2812 cum
2816 2759 3178 2829 gubernanda:
3224 2762 3375 2814 navis

1795 2843 2007 2898 clavum
2053 2846 2377 2915 suscipiunt,
2408 2847 2498 2916 qui
2531 2848 2677 2915 prius
2721 2862 2847 2902 cum
2893 2852 3105 2904 ceteris
3156 2861 3375 2906 strenue

1794 2934 2201 3003 navigaverant,
2226 2936 2339 3005 jam
2388 2936 2440 2990 in
2490 2938 2797 3008 magisterio
2826 2939 2984 3008 positi
3021 2940 3071 2991 iu
3103 2940 3374 3010 negligen-

1793 3025 1881 3078 tia:
1911 3041 1969 3080 se
2000 3035 2218 3094 torpore
2240 3028 2528 3097 dejicinnt,
2562 3038 2617 3083 et
2643 3045 2748 3084 non
2780 3030 2957 3085 solum
2983 3032 3118 3085 alios
3144 3049 3249 3086 non
3283 3047 3373 3086 eu-

1790 3115 2053 3179 stodiunt,
2085 3117 2178 3169 sed
2214 3117 2534 3185 semetipsos
2579 3118 2741 3170 etiam
2789 3117 3078 3172 infeliciter
3118 3121 3369 3189 perdunt.

3486 1940 3586 1987 Sel
3633 1950 3681 1988 et
3729 1956 3886 2005 quini
3940 1940 4073 1995 lt-te,
4122 1952 4283 2003 quam
4334 1935 4485 1985 velox
4536 1933 4843 1984 vehiculum
4887 1944 5075 1983 uoster

3482 2034 3607 2094 cpi“
3631 2048 3759 2093 ειιιιικ
3798 2030 4003 2087 Irdmit,
4040 2030 4153 2095 qui,
4188 2043 4295 2079 non
4328 2026 4503 2077 dicam
4537 2034 4755 2092 puncto,
4802 2038 4909 2074 non
4954 2038 5069 2073 mo-

3483 2132 3682 2175 turum,
3732 2119 3820 2169 sui
3864 2120 3914 2169 in
3954 2117 4254 2167 litexissiini
4300 2113 4558 2181 temporis
4599 2112 4705 2165 ictu
4750 2121 4863 2163 tam
4914 2110 5072 2180 longa

3483 2220 3744 2259 terrarum
3774 2210 3945 2276 spatia
3974 2208 4355 2259 transuteavit?
4388 2204 4562 2257 Nescit
4593 2217 4723 2256 sane
4747 2219 4947 2255 currus
4979 2204 5069 2255 ills

3483 2300 3689 2349 viarum
3722 2298 4105 2363 asperitatibus
4138 2296 4386 2363 ri-pritni,
4454 2296 4662 2363 ignorat
4707 2293 5067 2361 appositionis

3482 2392 3780 2443 sumatinnc
3824 2389 4105 2441 retardari.
4142 2386 4521 2439 Verumtamen
4570 2386 4670 2439 hoc
4708 2394 4817 2437 tam
4866 2386 5069 2453 grande

3482 2482 3821 2541 miraculum.
3849 2496 3955 2549 quo
3980 2480 4045 2530 ali
4066 2479 4243 2546 aliquo
4270 2487 4579 2531 sanctorum
4601 2485 4879 2531 ostensum
4902 2473 5073 2528 fuisse

3480 2574 3653 2625 rarius
3698 2574 3936 2635 auditur,
3985 2588 4049 2623 eo
4094 2576 4160 2621 ali
4203 2570 4306 2631 his,
4349 2570 4439 2638 qui
4481 2584 4584 2622 nou
4612 2567 4839 2622 credunt
4886 2568 5069 2621 omnia

3478 2663 3750 2731 possibilia
3775 2678 3891 2715 esse
3918 2662 4180 2721 credenti,
4208 2662 4438 2714 fortasse
4468 2658 4742 2713 difﬁcilius
4764 2658 5033 2712 creditur.

3549 2755 3685 2818 Quid
3722 2756 3862 2805 enim
3896 2754 4090 2813 rariUs,
4116 2752 4243 2819 quid
4277 2750 4631 2804 admiratione
4655 2748 4875 2818 dignius
4902 2764 5069 2817 quam

3477 2862 3669 2915 purum
3710 2846 3957 2913 spiritum
3986 2858 4181 2913 corpus
4210 2840 4569 2911 corporaliter
4598 2838 4868 2909 sepelire’
4892 2837 4985 2901 Et,
5014 2848 5071 2891 ut

3478 2939 3546 2990 ita
3569 2938 3817 2995 dixerim,
3837 2940 4073 2988 animam
4103 2935 4385 2987 visiliiliter
4401 2932 4637 2987 animam
4660 2930 5073 2985 commendare?

3478 3025 3583 3079 Sed
3614 3028 3679 3078 ad
3710 3027 3809 3079 hoc
3837 3025 4164 3079 credendum
4192 3026 4299 3077 cito
4328 3024 4568 3078 animum
4594 3023 4866 3077 ﬂectimus
4888 3062 4904 3085 ,
4937 3024 4985 3076 si
5018 3032 5073 3074 et

3477 3118 3582 3172 alia
3612 3118 3804 3171 ditium
3832 3118 4048 3171 virtutis
4074 3130 4237 3186 opera
4262 3116 4502 3170 studiose
4535 3128 4843 3183 pensamus.
4874 3110 5069 3182 Liquet

1864 3205 1971 3260 Sed
2011 3207 2140 3275 quid
2189 3207 2291 3261 ista
2326 3208 2393 3262 de
2440 3207 2683 3276 reprobis
2722 3207 3033 3276 pastoribus
3079 3209 3367 3279 loquimur,
3398 3198 3443 3260 C
3477 3212 3719 3282 profecto
3746 3213 3867 3281 quia
3912 3210 4209 3265 mobilioris
4252 3218 4461 3263 natura
4495 3218 4581 3262 est
4606 3208 4855 3277 spiritus.
4902 3220 5069 3273 quam

1790 3314 1915 3354 cum
1941 3309 1995 3353 et
2022 3300 2122 3368 ipsi
2150 3305 2373 3355 summa
2394 3301 2698 3355 sanctitatis
2725 3301 2822 3353 viri
2845 3310 3093 3370 suscepto
3114 3316 3259 3356 cur:
3281 3317 3373 3372 pa-

1793 3392 2011 3447 storalis
2034 3393 2230 3458 oﬂicio,
2260 3402 2316 3448 et
2342 3394 2386 3448 si
2413 3393 2481 3447 ad
2518 3393 2675 3454 mala.
2707 3394 2848 3461 quod
2877 3394 3039 3455 absit,
3068 3393 3373 3449 nullatenus

1794 3494 2079 3554 proruunt,
2104 3502 2245 3556 saepe
2279 3497 2459 3541 tamen
2491 3500 2557 3541 ex
2588 3486 2699 3555 ipsa
2728 3486 2853 3540 boni
2900 3484 3255 3556 perfectione,
3282 3500 3377 3540 ne-

1796 3576 2055 3630 cessitate
2076 3586 2301 3647 cogente
2338 3575 2728 3645 aliquantulum
2754 3575 3109 3629 minuuntur?
3138 3573 3269 3628 Hinc
3293 3584 3374 3628 est

1797 3668 1939 3735 quod
1971 3666 2030 3720 Β.
2066 3682 2201 3737 papa
2250 3665 2414 3737 Greg.
2461 3666 2511 3718 in
2561 3665 2757 3736 prioris
2793 3665 2916 3719 vita:
2963 3664 3373 3719 conversatione

1764 3818 1767 3825 η
1798 3755 2031 3810 visibilia
2054 3771 2279 3826 qua-que
2307 3769 2365 3811 se
2392 3755 2788 3810 transcendisse
2815 3754 3098 3823 gloriatur,
3136 3762 3373 3823 postmo-

1799 3843 1927 3898 dum
1959 3860 2087 3899 vero
2116 3846 2261 3898 curis
2287 3842 2647 3898 exterioribus
2687 3842 2950 3913 implicari
2996 3844 3081 3910 pia
3115 3842 3373 3896 lamenta-

1797 3934 1945 3989 tione
1970 3935 2317 4004 conqueritur
2336 3933 2507 4003 (Casu
2555 3933 2606 3987 in
2627 3933 2778 4001 pref.
2807 3932 2899 3987 lib.
2924 3948 2940 3987 t
2964 3932 3219 4001 Dialog.).
3240 3932 3373 3986 lliuc

1797 4035 1881 4081 est
1910 4027 2073 4080 etiam
2102 4025 2245 4095 quod
2288 4025 2354 4080 de
2398 4023 2455 4077 Β.
2492 4023 2724 4078 Mat-tino
2771 4021 3073 4076 Turonensi
3121 4021 3375 4091 episcopo

1798 4119 2015 4189 legitur,
2045 4118 2169 4187 quia
2192 4115 2365 4185 major
2388 4116 2437 4169 ei
2457 4115 2630 4169 virtus
2657 4123 2784 4168 ante
2807 4113 3174 4184 episcopatum
3202 4110 3375 4167 fuerat

1800 4223 1961 4277 quam
1981 4216 2097 4276 post
2113 4206 2481 4275 episcopatum
2501 4202 2722 4271 (Sura.
2748 4202 2991 4266 Somn,
3016 4200 3136 4255 Vita
3159 4198 3217 4254 S.
3236 4199 3373 4254 lur-

1798 4300 1921 4365 tiui,
1944 4299 2035 4353 lib.
2069 4314 2128 4361 tt,
2157 4312 2276 4367 cap.
2305 4296 2378 4366 5).
2410 4296 2727 4363 Quanquam
2752 4295 2936 4364 procul
2964 4293 3129 4348 dubio
3149 4293 3379 4347 creden-

1792 4392 1922 4446 dum
1976 4391 2045 4447 sit
2091 4391 2216 4460 quia
2262 4388 2469 4444 sanctis
2514 4384 2955 4456 praedicatoribus
2992 4383 3252 4455 quidquid
3278 4398 3376 4454 pro

1798 4484 2030 4539 aliorum
2054 4482 2297 4538 custodia
2328 4482 2392 4535 de
2413 4480 2628 4551 propria
2660 4476 2992 4549 perfectione
3019 4477 3373 4541 subtrahitur,

1793 4574 1965 4632 multo
1993 4574 2222 4646 largius,
2255 4575 2531 4641 multoque
2560 4569 2670 4642 26
2696 4568 2914 4624 uberius
2953 4568 3004 4623 in
3034 4568 3372 4638 acquirendis

1792 4667 2129 4725 subditorum
2163 4666 2325 4721 lucris
2354 4673 2598 4735 augetur.

1862 4759 2188 4830 Perpendite
2221 4772 2380 4829 ergo,
2430 4756 2624 4810 fratres
2653 4753 2977 4813 cltarissimi,
3015 4767 3175 4821 quam
3207 4752 3366 4806 mira-

1793 4850 1917 4905 liilis
1943 4851 2027 4904 vir
2056 4851 2216 4905 fuerit
2238 4851 2429 4904 beatus
2456 4846 2692 4902 Severus
2716 4887 2729 4909 ,
2759 4845 2847 4901 cui
2875 4844 3176 4900 sanctitatis
3207 4845 3365 4899 tueri-

1798 4952 1909 4997 tum
1940 4942 2171 5011 suscepti
2197 4956 2325 4996 cura
2360 4940 2636 5009 regimiuis
2671 4936 2879 4991 addidit
2927 4935 3071 5005 quod
3110 4934 3231 4990 aliis
3277 4949 3365 4989 ex-

1792 5034 2195 5091 cellentissimis
2233 5033 2396 5087 etiam
2445 5032 2573 5086 viris
2618 5031 2861 5085 minuere
2901 5029 3200 5084 consuevit.
3230 5027 3362 5082 Nam

1794 5128 1939 5197 quod
1967 5126 2085 5180 aliis
2111 5140 2251 5195 saepe
2274 5121 2643 5177 descensionis
2666 5127 2751 5175 est
2777 5133 2962 5180 una.
2999 5118 3101 5172 hoc
3131 5117 3203 5172 illi
3240 5134 3365 5189 pro-

1799 5216 2061 5273 vectionis
2094 5216 2353 5280 probatur
2382 5212 2655 5267 exstitisse
2683 5209 2944 5272 materia;
2992 5217 3049 5262 et
3093 5209 3215 5263 inde
3259 5208 3360 5263 sibi

1797 5306 2142 5378 perfectionis
2169 5305 2378 5358 culmen
2404 5312 2487 5359 est
2513 5311 2755 5365 auctum,
2786 5300 2928 5354 unde
2947 5308 3002 5353 et
3028 5298 3359 5369 perfectissi-

1796 5400 1900 5453 tuis
1955 5396 2085 5450 viris
2138 5395 2451 5465 plerumque
2504 5409 2608 5448 non
2656 5390 2949 5460 ambigitur
2999 5389 3357 5445 imminutum.

1796 5491 1933 5545 Ecce
1963 5487 2104 5542 enim
2138 5495 2261 5541 ante
2288 5485 2589 5540 commissa:
2619 5481 2949 5553 pralationis
2995 5478 3227 5536 ol'llciutn
3256 5481 3365 5535 vir-

1796 5588 1965 5632 tutum
1995 5578 2210 5648 quidem
2243 5576 2403 5630 vitam
2433 5576 2652 5631 duxisse
2699 5574 3067 5645 cognoscitur,
3109 5572 3363 5627 virtutum

1797 5679 1975 5724 tamen
2008 5668 2158 5738 signa
2192 5680 2530 5736 nequaquam
2556 5665 2750 5722 fecisse
2775 5665 3114 5736 perhibetur,
3144 5673 3262 5733 post
3283 5681 3365 5717 or-

1795 5759 2125 5815 dlnationeut
2159 5774 2284 5815 vero
2309 5756 2446 5814 facta
2478 5775 2572 5832 per
2600 5758 2750 5815 illum
2788 5755 3169 5814 miraculorum
3210 5758 3362 5829 signa

3475 3316 3693 3370 corpus,
3743 3313 3797 3355 et
3846 3312 4017 3363 certe,
4064 3300 4347 3367 Scriptura
4390 3308 4544 3359 teste,
4588 3297 4861 3359 novimus,
4922 3296 5071 3363 quod

3474 3392 3733 3462 propheta
3769 3391 4015 3447 Habacuc
4052 3407 4117 3445 es
4143 3390 4327 3443 Judza
4359 3389 4695 3449 sublevatus.
4724 3396 4953 3456 repente
4984 3398 5073 3439 est

3478 3480 3530 3533 in
3559 3480 3861 3535 Cliald'eam
3893 3496 4014 3535 cum
4044 3481 4272 3534 prandio
4303 3479 4635 3549 deportatus.
4668 3476 4787 3542 Quo
4816 3475 5075 3529 videlicet

3476 3573 3705 3639 prandio
3736 3572 4005 3625 Danielem
4045 3571 4361 3640 prophetam
4394 3568 4603 3631 refecit,
4627 3580 4857 3636 seseque
4888 3567 4941 3621 in
4972 3565 5073 3621 Ju-

3476 3664 3587 3716 «ιτα
3623 3666 3819 3717 iterum
3868 3662 4073 3717 invenit
4122 3661 4285 3728 (Dan.
4316 3662 4449 3722 xiv).
4482 3658 4539 3714 Si
4572 3660 4733 3729 igitur
4766 3668 4876 3712 ta-
4911 3657 5075 3727 lougc

3477 3751 3728 3807 llabscue
3777 3754 3953 3822 potuit
3998 3753 4097 3806 sub
4144 3760 4418 3806 momento
4473 3748 4833 3820 corporaliter
4886 3749 4971 3803 ire
5018 3758 5077 3803 et

3478 3843 3761 3912 prandium
3806 3842 4038 3903 deferre,
4075 3842 4205 3910 quid
4253 3840 4449 3895 mirum
4498 3840 4543 3894 si
4588 3839 4780 3892 beatus
4826 3837 5075 3892 Severus

3477 3936 3728 3993 obtinuit.
3759 3945 4025 4003 quatenus
4051 3949 4147 4002 per
4166 3934 4414 4001 spiritum
4437 3933 4561 3993 iret,
4592 3939 4647 3985 et
4673 3931 4933 3985 defuncto
4962 3930 5075 3982 fra-

3479 4028 3546 4081 tri
3576 4025 3781 4079 fuueris
3810 4024 4041 4080 ofﬁcium
4078 4024 4395 4077 exhiberet?
4429 4021 4497 4078 Ut
4525 4025 4669 4077 sicut
4689 4022 4777 4076 ille
4815 4022 4886 4076 ad
4918 4021 5073 4077 defc—

3478 4121 3704 4174 rendum
3754 4120 4030 4188 prophelx‘
4073 4118 4252 4171 cibum
4282 4116 4532 4185 corporis
4553 4115 4919 4185 corporaliter
4944 4130 5073 4186 per-

3481 4211 3640 4270 rexit,
3678 4208 3749 4263 ita
3786 4210 3887 4262 iste
3942 4207 4007 4260 ad
4055 4206 4543 4261 commendandum
4600 4204 4713 4261 Deo
4758 4205 5073 4262 beatissimi

3478 4302 3713 4357 hominis
3745 4300 3991 4369 spiritum
4028 4298 4349 4368 spiritaliter
4375 4305 4645 4368 pergeret.

3550 4394 3669 4449 iam
3719 4410 3846 4447 vero
3878 4393 4003 4446 illud
4053 4401 4271 4462 quant:
4320 4392 4536 4446 virtutis
4584 4389 4705 4449 fuit.
4736 4399 5075 4460 quantaque

3483 4485 3759 4555 potentiae,
3808 4484 3950 4553 quod
3996 4484 4069 4535 illi
4114 4482 4301 4536 aridus
4346 4482 4485 4537 cinis
4510 4481 4638 4535 olim
4676 4482 4790 4551 jam
4821 4482 5075 4537 defuncti

3481 4578 3759 4633 cadaveris
3804 4576 4003 4646 paruit.
4034 4584 4085 4629 et
4115 4576 4181 4627 ad
4222 4574 4370 4629 vocis
4406 4571 4526 4641 ejus
4554 4573 4841 4641 imperium
4874 4578 5071 4627 eaani-

3481 4677 3623 4721 mata
3656 4668 3840 4720 uxoris
3871 4680 4021 4727 caro,
4067 4674 4121 4717 ut
4152 4664 4327 4719 locum
4371 4662 4494 4718 alia:
4536 4665 4773 4725 cederet,
4810 4664 4866 4717 in
4900 4681 5075 4736 angn—

3477 4774 3616 4817 stum
3657 4778 3715 4817 se
3752 4761 4041 4831 sepultura:
4094 4760 4349 4825 angulum
4399 4758 4730 4814 coarclavit?
4759 4758 4870 4827 27
4913 4756 5073 4812 Juslo

3477 4856 3663 4923 ηιιὶρρι
3722 4853 3815 4906 Dei
3851 4853 4075 4921 judicio.
4116 4851 4328 4913 mulier,
4370 4866 4490 4920 qua
4527 4848 4652 4904 olim
4696 4850 4845 4903 illum
4876 4852 4931 4904 in
4964 4852 5071 4905 hac

3479 4948 3581 4998 vita
3630 4945 4009 4999 subsannando
4056 4944 4398 5009 despexerat,
4428 4939 4565 5008 jam,
4596 4952 4801 4995 mutata
4841 4952 5071 4996 senten-

3475 5038 3567 5099 tia,
3596 5035 3714 5105 ejus
3755 5044 4021 5106 praecepta
4073 5034 4349 5089 humiliter
4392 5034 4734 5088 observabat.
4790 5032 5069 5088 Nimirum

3470 5142 3630 5195 quem
3660 5135 3881 5180 rientem
3917 5124 4149 5178 stamina
4184 5125 4235 5176 in
4267 5122 4455 5177 humili
4479 5122 4780 5191 ergasterio
4822 5137 5069 5193 pauper-

3469 5216 3650 5270 culum
3679 5224 3923 5274 noverat,
3950 5212 4063 5279 jam
4090 5223 4216 5266 tunc
4244 5212 4295 5266 iu
4320 5210 4439 5265 aula
4463 5212 4681 5282 superni
4710 5209 4875 5282 Regis
4896 5228 5067 5285 quas:

3470 5318 3697 5368 magnus
3732 5314 3948 5357 senator
3986 5311 4153 5363 esset,
4199 5302 4304 5365 his,
4346 5300 4440 5371 qui
4482 5300 4594 5354 falli
4624 5316 4731 5355 non
4780 5312 5063 5370 putaram.

3468 5393 3641 5448 oculis
3671 5394 3998 5447 attendebat.
4036 5392 4140 5447 Sed
4170 5402 4225 5447 et
4254 5393 4355 5447 hoc
4398 5392 4714 5448 incredibile
4742 5394 4871 5461 quis
4900 5393 5063 5449 torsi-

3470 5493 3558 5537 tan
3583 5482 3808 5553 iudicat,
3837 5484 4084 5551 quamvis
4121 5482 4507 5545 venerabilem,
4550 5492 4607 5537 et
4647 5486 5065 5540 sauctisaim

3468 5576 3667 5638 virum,
3690 5575 3863 5628 adhuc
3888 5584 4066 5629 tamen
4091 5576 4143 5628 iu
4175 5574 4273 5629 bac
4299 5574 4639 5644 corruptibili
4663 5590 4832 5629 carne
4850 5576 5063 5645 degen-

3468 5678 3597 5729 tem,
3651 5665 4015 5721 insensibilem
4068 5667 4305 5735 potuisse
4349 5664 4623 5736 pulverea
4674 5666 4791 5721 suis
4845 5668 5063 5733 legit-=-

3468 5756 3717 5821 snblere,
3751 5755 3905 5824 Cujus
3932 5756 4165 5813 animam
4195 5764 4408 5812 constat
4426 5754 4493 5811 ad
4511 5754 4761 5826 illudjaus
4782 5757 5061 5813 iam
