5428 6592
307 426 410 487 535

1746 419 1981 478 SERMO
2031 420 2116 476 Vl.

3521 419 3627 476 53$

303 531 567 608 judicium
620 529 1082 602 transmrgrasse?
1127 529 1239 586 lloc
1299 537 1479 583 tamen
1531 529 1694 585 etiam
1753 527 1912 586 facile
1943 537 1988 593 Α
2020 532 2086 587 de
2121 529 2364 588 fontibus
2395 528 2697 589 Salvatoris
2745 529 2884 603 (Ira.
2925 528 3047 602 xu).
3080 529 3230 587 Illam
3261 530 3537 598 videlicet,
3564 536 3631 590 de

310 627 569 692 creditur,
595 626 637 682 si
670 625 862 681 collata
889 624 1203 678 hominibus
1229 621 1411 676 divina
1440 622 1612 692 gratia
1641 619 1916 678 subtiliter

312 720 619 791 iudagctur.
651 716 906 788 Nunquid
927 716 1073 771 enim
1106 714 1303 769 Petrus
1335 714 1387 767 in
1420 713 1520 768 ista
1546 714 1725 770 adhuc
1747 729 1913 769 carne

313 826 418 868 non
447 820 585 874 erat,
617 809 706 878 qui
733 823 800 863 ex
823 823 920 863 ore
950 806 1210 862 Veritatis
1234 807 1490 860 audiebat
1522 824 1534 859 :
1572 824 1590 856 ι
1622 804 1915 872 Quodcun—

316 916 418 972 que
447 899 701 970 ligaveris
724 912 889 968 super
913 905 1114 952 terram
1145 897 1251 952 erit
1284 895 1508 966 ligatum
1544 906 1599 951 et
1629 897 1683 951 in
1712 895 1868 950 caelis
1897 914 1910 949 :

313 1002 368 1046 et
396 991 755 1062 quodcunque
783 989 1016 1045 solveris
1047 1003 1211 1060 super
1231 998 1431 1042 terram
1458 991 1565 1044 erit
1589 987 1826 1043 solutum
1863 997 1919 1044 ct

315 1083 368 1137 in
393 1082 590 1138 caelis?
620 1101 638 1133 ι
665 1081 883 1154 (Matth.
905 1083 1041 1151 xvr.)
1065 1081 1230 1149 Cujus
1255 1098 1398 1136 nuttc
1426 1082 1596 1137 vicem
1623 1084 1674 1136 in
1699 1083 1918 1153 ligando

315 1185 372 1232 et
397 1176 655 1232 solvendo
683 1177 964 1247 possident
993 1177 1304 1247 quicunque
1337 1177 1514 1231 locum
1554 1179 1729 1231 sancti
1778 1177 1920 1247 regi-

317 1264 478 1320 minis
523 1266 626 1321 liile
667 1276 723 1322 et
763 1267 1010 1321 moribus
1064 1276 1268 1321 tenent.
1313 1265 1418 1321 Sed
1451 1276 1509 1320 ut
1561 1275 1709 1319 tanta
1741 1267 1921 1320 valeat

319 1359 478 1413 homo
520 1360 587 1414 de
632 1369 796 1420 terra.
853 1360 978 1415 caeli
1010 1370 1063 1414 et
1096 1369 1256 1414 terrae
1306 1359 1570 1414 Conditor
1617 1360 1669 1414 in
1717 1371 1919 1415 terram

323 1451 464 1505 venit
488 1466 518 1506 e
543 1452 712 1516 caelo;
746 1461 910 1521 atque
949 1462 1008 1507 ut
1047 1451 1301 1520 judicare
1332 1467 1462 1506 caro
1499 1467 1605 1504 non
1639 1452 1811 1506 solum
1856 1452 1922 1507 de

318 1561 504 1611 carne,
540 1547 632 1602 scd
663 1547 830 1601 etiam
887 1548 954 1602 de
986 1547 1269 1617 spiritibus
1295 1548 1489 1616 possit,
1531 1549 1633 1602 hoc
1656 1549 1703 1602 ei
1739 1548 1922 1615 largiri

319 1639 569 1709 dignatus
598 1648 681 1694 est
710 1639 887 1694 factus
930 1655 1028 1710 pro
1070 1641 1380 1694 hominibus
1418 1641 1560 1694 Deus
1601 1655 1750 1694 caro.
1785 1640 1923 1706 Quia

322 1728 445 1784 inde
467 1731 711 1785 surrexit
737 1731 877 1784 ultra
910 1747 968 1786 se
993 1732 1285 1788 inﬁrmitas
1308 1741 1526 1798 nostra,
1564 1735 1706 1788 unde
1735 1735 1837 1790 sub
1866 1748 1926 1790 se

319 1821 588 1877 inﬁrmata
613 1833 697 1878 est
719 1822 947 1879 ﬁrmitas
974 1824 1090 1881 Dei.

2017 639 2126 692 qua
2170 623 2287 692 ipse
2320 623 2374 676 in
2423 621 2717 692 Evangelio
2759 621 2939 678 dicit:
2976 641 2995 674 t
3038 620 3140 688 Qui
3187 619 3390 678 biberit
3433 638 3634 691 aquam

2018 729 2181 783 quam
2215 728 2316 782 ego
2340 714 2426 775 do,
2462 713 2552 767 ﬁet
2580 715 2635 767 iu
2663 729 2730 768 eo
2763 711 2886 767 fons
2911 728 3070 783 aquae
3108 711 3358 768 salientis
3385 713 3437 768 in
3466 713 3634 766 vitam

2018 817 2277 860 aeternam
2308 803 2492 877 (Joan.
2522 804 2618 876 tv).
2651 825 2669 858 ι
2707 805 2772 859 ΕΙ.
2797 805 2992 859 iterum
3023 804 3226 859 clamat
3257 805 3482 860 dicens:
3522 825 3538 856 ι
3577 802 3635 858 Si

2019 898 2142 968 quis
2173 899 2308 963 sitit,
2342 899 2525 952 veniat
2565 898 2633 952 ad
2665 913 2771 963 me,
2800 907 2856 952 ct
2892 896 3064 961 bibat,
3105 907 3160 952 et
3191 898 3258 952 de
3296 909 3486 954 ventre
3517 896 3638 968 ejus

2020 992 2190 1048 ﬂuent
2223 1008 2379 1062 aqua:
2409 993 2544 1047 viva:
2587 991 2772 1062 (Joan.
2803 990 2922 1062 vtt).
2971 1009 2989 1043 ι
3032 989 3232 1057 Quanti
3275 1002 3406 1044 sunt
3452 990 3638 1052 hodie,

2021 1086 2114 1158 qui
2145 1087 2188 1140 si
2223 1094 2433 1156 petram
2468 1084 2636 1146 illam,
2669 1097 2733 1137 ex
2764 1099 2871 1154 qua
2901 1085 2954 1137 in
2994 1091 3240 1152 tempore
3266 1080 3469 1154 Μονάς
3496 1096 3641 1150 aqua

2021 1178 2286 1249 producta
2326 1187 2430 1244 est,
2465 1191 2695 1232 cernere
2722 1175 3050 1246 potuissent,
3083 1174 3305 1230 lucrum
3332 1188 3443 1227 non
3480 1173 3642 1227 mini-

2024 1287 2171 1325 mum
2203 1270 2547 1340 deputarent.
2589 1269 2680 1322 isti
2731 1268 2914 1337 itaque
2971 1282 3117 1322 nunc
3155 1267 3301 1320 beati
3336 1266 3526 1320 Severi
3560 1266 3640 1321 in-

2023 1365 2342 1436 grediantur
2373 1362 2686 1429 ecclesiam,
2714 1371 2768 1417 et
2796 1361 2865 1416 in.
2880 1361 3066 1416 multis
3101 1360 3266 1418 simul
3301 1359 3418 1414 ﬁeri
3447 1358 3640 1429 lapidi-

2024 1457 2126 1512 bus
2159 1455 2397 1516 videant,
2433 1453 2576 1523 quod
2611 1454 2667 1508 in
2699 1470 2806 1508 uno
2857 1452 3029 1509 fuisse
3065 1451 3270 1506 factum
3320 1451 3506 1506 laetitia
3540 1451 3647 1520 pitu

2026 1549 2330 1606 devotionis
2370 1548 2664 1602 exsultant.
2719 1545 2835 1602 Hoc
2877 1547 3044 1600 etiam
3095 1544 3450 1616 superaddite
3497 1543 3644 1614 quod

2026 1656 2166 1709 aqua
2198 1639 2284 1692 illa
2310 1638 2457 1691 sitim
2486 1637 2832 1696 solummodo
2851 1635 3168 1692 bibentibus
3197 1633 3504 1699 auferebat,
3539 1634 3647 1690 ista

2027 1730 2193 1784 etiam
2225 1728 2470 1783 diversas
2517 1727 2896 1798 languentium
2926 1725 3284 1796 :egritudines
3327 1736 3504 1780 curat.
3553 1725 3648 1782 llla

2029 1824 2157 1880 dum
2187 1823 2486 1889 biberetur,
2519 1822 2785 1892 simplicis
2810 1838 2965 1893 aqua:
2989 1823 3055 1878 de
3071 1837 3129 1877 se
3157 1821 3322 1877 dabat
3349 1822 3608 1878 indicium
3627 1862 3643 1890 ,

395 1916 501 1972 Sed
535 1931 634 1970 cur
663 1917 766 1971 ista
801 1918 866 1972 de
903 1919 1145 1988 antiquis
1170 1918 1231 1973 Β.
1264 1918 1450 1974 Severi
1485 1920 1765 1976 miraculis
1793 1919 1930 1975 dici-
1959 1905 2005 1964 Β
2037 1917 2138 1972 ista
2173 1916 2300 1970 dum
2333 1915 2603 1980 medetur,
2634 1914 2979 1970 diversorum
3003 1922 3316 1970 aromatum
3342 1925 3398 1970 et
3429 1914 3650 1971 medici-

319 2021 464 2069 mus,
506 2022 628 2062 cum
674 2007 834 2062 hodie
891 2025 998 2063 non
1047 2025 1216 2079 pauca
1249 2011 1617 2081 prodigiorum
1671 2011 1825 2082 signa
1869 2013 1925 2066 in

321 2098 620 2154 venerabili
667 2099 961 2167 sepultura:
1001 2115 1113 2156 sua:
1163 2101 1385 2156 basilica
1439 2101 1552 2156 ﬁeri
1609 2101 1929 2170 frequenter

322 2194 648 2249 audiamus?
680 2193 838 2262 Nam,
881 2204 940 2250 ut
979 2195 1046 2250 de
1077 2198 1294 2252 caeteris
1323 2196 1540 2264 sileam,
1589 2197 1718 2251 illud
1760 2211 1927 2251 unum

321 2288 543 2357 quantis
577 2296 661 2344 est
693 2289 980 2358 prmconiis
1027 2289 1250 2361 dignum
1291 2300 1608 2359 quantaque
1645 2289 1829 2344 laetitia
1860 2288 1930 2343 ad

321 2382 522 2436 divinae
550 2382 961 2452 omnipotentis:
988 2383 1216 2453 gloriam
1252 2382 1622 2446 referendum,
1654 2382 1797 2452 quod
1829 2382 1930 2436 sub

329 2473 446 2544 ipso
470 2474 662 2528 altaris
691 2474 1048 2529 sacratissimi
1090 2473 1172 2528 sui
1199 2475 1445 2544 corporis
1472 2475 1778 2530 durissima
1807 2489 1930 2531 sen-

329 2567 430 2622 sim
457 2577 856 2637 cmanataqua,
875 2567 1106 2622 diversis
1134 2565 1508 2636 languentium
1527 2564 1932 2623 valetudinibus

330 2656 648 2728 profutura!
682 2656 818 2711 Nam
855 2659 902 2712 si
952 2658 1086 2712 ﬁdes
1116 2657 1418 2714 bibentium
1459 2658 1666 2730 exigat,
1715 2673 1838 2713 mox
1872 2665 1933 2712 ut

328 2763 447 2802 eam
479 2758 697 2819 pectora
720 2758 925 2819 aegrota
952 2750 1281 2820 percipiunt,
1322 2749 1573 2819 protinus
1600 2748 1667 2803 de
1702 2747 1934 2804 inﬁrmi-

331 2852 440 2897 tate
468 2844 533 2896 ad
563 2841 793 2896 salutem
826 2842 1112 2910 pristinam
1161 2843 1570 2918 convalescunt.
1611 2842 1698 2906 Et,
1729 2849 1790 2896 ut
1831 2840 1936 2895 mi-

330 2933 556 2989 rabilem
587 2949 701 2989 rem
733 2933 850 2987 ﬁeri
881 2932 1204 2986 mirabiliter
1225 2932 1452 2996 audias,
1488 2947 1593 2985 non
1621 2931 1672 2985 iu
1697 2929 1935 2985 vernalis

333 3025 674 3081 inclementia
701 3023 988 3094 temporis,
1019 3040 1123 3078 non
1152 3025 1205 3079 in
1236 3022 1568 3077 autumnalis
1600 3023 1936 3077 inundantia}

331 3117 552 3187 pluviis,
598 3133 703 3171 non
750 3117 805 3171 in
839 3115 1136 3170 imbriferzc
1165 3115 1441 3187 algoribus
1465 3116 1678 3180 hiemis,
1712 3115 1935 3187 quando

332 3225 401 3265 ex
451 3207 681 3264 diversis
731 3223 987 3263 saxorum
1037 3207 1271 3263 molibus
1315 3209 1456 3263 solet
1504 3219 1646 3279 aqua
1697 3209 1935 3264 tenuiter

2032 2008 2236 2065 ualium
2269 2007 2575 2077 specierum
2611 2007 2798 2078 implet
2823 2005 3081 2062 ollicium.

2106 2101 2232 2156 llmc
2267 2101 2435 2170 igitur
2463 2109 2543 2155 tot
2577 2110 2631 2154 et
2661 2109 2770 2154 tam
2816 2100 3077 2170 przeclara
3110 2101 3374 2157 miracula
3396 2144 3408 2166 ,
3454 2101 3653 2160 fratres

2031 2192 2368 2258 cltarissitni,
2387 2193 2454 2247 ad
2487 2207 2634 2246 vera:
2659 2191 2917 2247 utilitatis
2943 2193 3094 2248 lucra
3119 2196 3449 2260 convertite,
3481 2206 3535 2250 et
3557 2212 3654 2266 per

2032 2285 2306 2341 exteriora
2331 2285 2496 2339 divini
2523 2286 2773 2341 muneris
2797 2284 3089 2350 beneﬁcia,
3115 2286 3182 2342 ad
3214 2288 3476 2343 interiora
3515 2305 3652 2360 quo-

2033 2392 2140 2448 que
2167 2377 2480 2432 medullitus
2525 2377 2804 2433 anhelate.
2853 2377 2996 2446 Quid
3021 2379 3167 2434 enim
3200 2379 3422 2450 prodest
3447 2380 3655 2436 caduca

2035 2469 2151 2523 haec
2174 2477 2228 2524 et
2256 2467 2570 2524 transitoria
2599 2468 2742 2524 bona
2782 2469 3157 2542 temporaliter
3182 2486 3250 2526 ex
3279 2471 3459 2525 divina
3495 2471 3652 2527 beni-

2036 2563 2243 2633 gnitate
2282 2563 2584 2635 percipere,
2618 2563 2662 2618 si
2691 2578 2797 2618 non
2827 2563 3192 2634 contingatad
3214 2564 3411 2619 αξιοινηὶ
3433 2580 3654 2634 quoque

2036 2654 2162 2710 boni
2237 2655 2583 2725 suscipienda
2646 2656 2871 2726 prmmia
2931 2656 3256 2727 pervenire?
3325 2656 3659 2712 Mementote

2037 2749 2167 2819 quid
2207 2748 2414 2804 Judmis
2443 2750 2508 2803 de
2541 2749 2785 2820 antiquis
2812 2765 3004 2805 eorum
3037 2749 3286 2820 patribus
3321 2750 3538 2804 Veritas
3571 2749 3656 2804 di—

2039 2841 2156 2896 xit:
2198 2859 2217 2893 t
2251 2840 2467 2907 Patres,
2509 2841 2707 2914 inquit,
2734 2842 2900 2898 vestri
2937 2842 3410 2896 manducaveruut
3452 2859 3653 2896 manna

2040 2935 2095 2989 in
2126 2935 2362 2999 deserto,
2405 2944 2462 2988 et
2503 2935 2704 2989 mortui
2736 2943 2864 2988 sunt
2897 2934 3080 3005 (Joau.
3129 2935 3227 3006 vt).
3268 2954 3285 2986 ι
3327 2933 3659 3005 Perpendito

2039 3027 2204 3082 etiam
2235 3035 2440 3096 quanta
2470 3026 2540 3082 sit
2578 3026 2630 3080 in
2677 3026 2831 3081 caelis
2859 3035 3178 3081 sanctorum
3213 3025 3405 3096 gloria,
3458 3027 3662 3096 quibus

2040 3129 2230 3175 contra
2263 3127 2474 3174 naturae
2503 3135 2616 3174 sum
2637 3120 2887 3174 ordinem
2923 3119 3039 3190 ipsa
3071 3118 3123 3173 in
3139 3118 3302 3173 terris
3326 3117 3662 3173 famulantur

2041 3218 2097 3265 et
2119 3211 2385 3265 obediuat
2418 3210 2711 3266 elementa.
2750 3211 2892 3277 Quid
2928 3211 3073 3266 enim
3108 3221 3426 3266 sanctorum
3459 3213 3656 3267 anima:

331 3298 622 3368 exsudare,
652 3299 745 3353 sed
770 3299 822 3352 in
849 3299 966 3368 ipso
991 3297 1210 3354 fervida:
1229 3299 1435 3353 mstzitis
1465 3299 1664 3353 ardore
1691 3314 1811 3353 eam
1839 3313 1934 3354 no-
1963 3281 2007 3341 ε
2040 3302 2157 3358 sive
2189 3303 2240 3357 in
2271 3301 2576 3366 cmlo,.sive
2607 3302 2659 3356 in
2696 3310 2873 3366 terra,
2898 3301 3014 3356 sive
3039 3303 3205 3356 etiam
3243 3302 3295 3356 in
3320 3303 3522 3372 abysso
3551 3318 3659 3356 non

333 3393 480 3448 veris
520 3408 589 3448 ex
619 3391 772 3446 arida
812 3391 963 3448 calce
1013 3400 1068 3446 et
1096 3391 1249 3446 duris
1277 3391 1545 3462 lapidibus
1573 3389 1820 3446 ebullire.
1868 3389 1938 3446 Ut

333 3483 590 3539 videlicet
633 3483 852 3554 quando
884 3483 1058 3554 major
1085 3483 1352 3539 incumbit
1381 3483 1680 3541 necessitas
1716 3483 1940 3553 aegritu—

334 3574 547 3639 dinum,
597 3586 728 3629 tunc
771 3575 1119 3645 potissimum
1156 3573 1400 3630 conferat
1445 3574 1724 3629 miseratio
1753 3573 1938 3629 divina

336 3667 657 3730 remedium,
688 3675 744 3720 et
766 3666 1018 3721 humanae
1042 3665 1375 3733 inﬁrmitati,
1396 3681 1516 3736 qum
1545 3677 1674 3721 tunc
1699 3682 1764 3722 ex
1796 3667 1940 3737 ignei

335 3755 533 3811 caloris
561 3757 797 3828 gignitur
843 3757 1001 3822 vitio,
1035 3757 1370 3813 medicorum
1405 3773 1588 3822 more,
1631 3760 1740 3814 vim
1789 3774 1944 3814 cura-

337 3850 504 3904 tionis
533 3864 600 3905 ex
630 3851 910 3906 contrario
934 3851 1163 3921 objiciat
1187 3851 1477 3908 elemento.
1509 3853 1606 3907 Cui
1647 3853 1777 3909 illud
1811 3869 1943 3910 con-

337 3940 464 3996 ferri
510 3941 833 3996 miraculum
884 3943 1021 3997 satis
1071 3944 1472 3999 rationabiliter
1527 3954 1741 4015 potest,
1794 3946 1942 4016 quod

338 4033 591 4089 similiter
633 4032 785 4089 Nilus
827 4033 1045 4105 Egypti
1077 4033 1419 4092 ﬁuviusnon
1448 4037 1580 4101 alio,
1620 4037 1725 4092 nisi
1745 4038 1939 4093 aastivo

339 4137 580 4198 tempore
601 4142 718 4183 sese
748 4128 800 4182 in
829 4128 1107 4183 cmuulum
1134 4129 1337 4194 elevat,
1369 4129 1530 4200 plana
1559 4145 1791 4200 qumque
1815 4131 1943 4186 hinc

341 4215 602 4292 indeper,
625 4223 912 4277 circuitum
948 4222 1159 4292 irrigat,
1196 4232 1250 4277 et
1291 4233 1562 4277 terrarum
1601 4237 1768 4278 venas
1791 4223 1944 4294 largo

341 4329 452 4370 sua!
476 4315 850 4370 immdationis
870 4315 1094 4369 madore
1123 4317 1400 4371 fecundat.
1422 4316 1500 4371 Ne
1517 4319 1938 4389 igiturhumaua

341 4406 590 4461 vecordia
629 4406 826 4462 divina:
868 4408 1089 4461 virtutis
1125 4423 1290 4477 opera
1341 4418 1550 4466 naturae
1585 4411 1794 4466 viribus
1838 4411 1940 4465 tri-

335 4497 487 4564 huat,
517 4497 708 4552 saltem
740 4514 807 4553 cx
852 4499 988 4570 ipso,
1026 4514 1133 4568 quo
1181 4499 1338 4566 ﬁunt,
1381 4509 1650 4571 tempore,
1684 4503 1769 4556 cui
1815 4499 1942 4571 jure

340 4586 687 4658 deputentur,
713 4589 1002 4656 addiscat;
1021 4599 1077 4645 et
1102 4599 1249 4645 tanto
1273 4592 1510 4648 alacrius
1531 4594 1600 4648 ad
1628 4593 1942 4651 referendas

341 4677 584 4734 Creatori
618 4695 717 4734 suo
748 4680 954 4748 gratias
981 4689 1192 4751 surgat,
1227 4692 1431 4752 quanto
1460 4691 1516 4737 et
1543 4683 1688 4752 ipsas
1717 4694 1944 4737 natura-

341 4786 460 4826 rum
491 4771 641 4828 vices
669 4781 905 4828 mutatas
926 4788 1036 4828 sua:
1063 4773 1316 4830 utilitatis
1342 4776 1646 4846 gratianon
1673 4778 1906 4848 ignorat.

412 4861 552 4918 Ecce
581 4863 726 4918 enim
755 4865 1101 4936 omnipotens
1153 4865 1294 4922 Deus
1336 4867 1558 4938 antiqua
1606 4870 1945 4940 Operatiuuis

341 4969 454 5010 sua:
501 4956 763 5012 miracula
818 4958 1054 5028 repetit,
1116 4973 1243 5014 ecce
1296 4959 1492 5014 iterum
1550 4976 1650 5032 per
1701 4963 1937 5018 alterum

341 5042 558 5118 Moysen
584 5061 779 5116 aquam
795 5047 859 5102 de
884 5057 1035 5117 petra
1053 5047 1514 5122 producit(E:cod.
1539 5052 1708 5125 xvn);
1735 5054 1953 5110 lsraeli-

345 5140 508 5196 ticum
534 5141 646 5212 28
675 5141 833 5197 nobis
854 5142 1113 5198 saeculum
1141 5153 1388 5206 renovat,
1416 5160 1526 5215 quo
1547 5162 1644 5217 per
1666 5150 1944 5206 exteriora

343 5231 628 5296 beneﬁcia,
661 5242 849 5302 utpote
877 5249 1067 5289 verum
1100 5236 1267 5292 Israel
1294 5277 1308 5301 ,
1338 5240 1404 5293 ad
1432 5255 1676 5296 amorem
1710 5259 1810 5298 nos
1833 5259 1947 5300 sua}

345 5324 570 5380 visionis
621 5328 905 5382 accendat.
963 5328 1104 5384 Ecce
1154 5332 1221 5386 de
1253 5331 1556 5388 beatissimi
1610 5335 1944 5394 confessoris

342 5417 426 5472 sui
459 5417 701 5474 Ecclesia
741 5420 970 5475 alterum
1003 5423 1158 5478 nobis
1191 5424 1596 5492 quodammodo
1627 5431 1944 5500 paradisum

343 5511 604 5578 restituit,
631 5511 788 5582 cuius
814 5514 1180 5572 saluberrimo
1221 5518 1371 5576 fonte
1403 5532 1605 5579 nostra:
1633 5523 1946 5595 fragilitatis

346 5611 545 5659 terram
571 5605 867 5662 clementer
889 5605 1142 5662 infundit.

417 5695 658 5768 Agamus
698 5698 881 5768 igitur,
929 5697 1293 5768 dilectissim.,
1327 5706 1534 5775 gratias
1565 5707 1815 5767 Creatori
1848 5727 1948 5767 no-

345 5798 485 5856 stro,
529 5789 620 5862 qui
653 5789 858 5847 idcirco
895 5789 1073 5872 adhuc
1120 5792 1374 5862 producit
1423 5812 1622 5869 aquam
1673 5802 1740 5858 de
1792 5815 1946 5873 petra

346 5882 517 5956 rupis,
545 5891 604 5940 ut
631 5897 728 5954 per
756 5881 1082 5941 baucetiam
1108 5883 1426 5947 ltauriamus
1457 5907 1654 5967 aquam
1672 5895 1724 5952 in
1749 5897 1948 5968 gaudio

2030 3402 2292 3466 possunt,
2320 3393 2412 3463 qui
2445 3409 2570 3450 cum
2601 3393 2740 3463 ipSo,
2780 3393 2870 3464 qui
2901 3394 3154 3448 omnibus
3180 3394 3457 3462 praesidet,
3491 3409 3661 3448 unum

2043 3486 2204 3541 sunt?
2232 3484 2316 3540 Ad
2346 3485 2496 3539 illam
2528 3484 2726 3554 igitur,
2759 3482 3135 3548 dilectissimi,
3163 3492 3334 3539 tanta:
3363 3484 3552 3555 gloriae
3579 3484 3665 3539 tli-

2043 3578 2306 3650 gnitatem
2352 3577 2481 3631 totis
2537 3575 2747 3631 nisibus
2804 3575 3038 3641 tendite;
3091 3575 3159 3629 ad
3219 3575 3368 3630 illam
3417 3576 3665 3645 quotidie

2045 3681 2363 3727 sanctarum
2398 3669 2662 3724 virtutum
2691 3677 2747 3724 et
2774 3669 2876 3738 pia:
2901 3669 3343 3724 conversationis
3382 3670 3665 3738 gressibus

2043 3771 2356 3834 properate.
2395 3762 2810 3818 Coutemuenda
2845 3761 3049 3832 quippe
3091 3770 3221 3816 sunt
3266 3761 3422 3816 vobis
3466 3771 3663 3816 cuncta

2045 3869 2167 3922 qua:
2198 3853 2445 3915 cernitis,
2473 3852 2519 3906 si
2550 3853 2616 3906 ad
2648 3867 2711 3908 ea
2735 3851 2901 3906 vultis
2927 3851 3237 3922 pertingere
3261 3867 3382 3922 qua:
3405 3852 3663 3922 speratis.

2046 3944 2360 4000 Attcstante
2400 3945 2604 4000 etenim
2639 3944 2802 3999 beato
2842 3941 3032 4009 Paulo,
3082 3958 3192 3998 non
3245 3958 3538 4014 possumus
3579 3944 3669 3999 hic

2046 4037 2286 4108 gamlere
2324 4038 2390 4092 de
2422 4035 2642 4100 sasculo,
2677 4044 2730 4090 et
2771 4035 2880 4090 illic
2918 4050 3152 4104 regnare
3177 4051 3302 4089 cum
3333 4035 3444 4091 Deo
3481 4033 3664 4104 (Rom.

2047 4133 2180 4198 xtt).
2240 4129 2342 4197 Qui
2402 4129 2600 4183 iterum
2672 4127 2856 4182 dicit:
2914 4145 2932 4178 ι
2983 4125 3100 4183 Non
3162 4127 3664 4197 contemplantibus

2048 4224 2208 4278 nobis
2256 4237 2379 4293 qua:
2414 4223 2693 4286 videntur,
2732 4221 2826 4276 sed
2881 4237 3004 4291 qua:
3060 4237 3168 4276 non
3219 4221 3494 4278 videntur.
3532 4222 3667 4290 Quas

2047 4315 2191 4370 enim
2244 4313 2531 4377 videntur,
2575 4313 2894 4382 temporalia
2935 4322 3094 4379 sunt,
3149 4329 3273 4384 qua:
3322 4323 3505 4370 autem
3552 4331 3658 4370 non

2046 4405 2334 4468 videntur,
2371 4412 2587 4458 teterna.
2621 4412 2749 4458 sunt
2800 4403 2889 4476 (11
2935 4401 3062 4458 Cor.
3115 4405 3211 4476 tv).
3257 4425 3274 4459 ι
3335 4405 3507 4462 Fluxa
3564 4408 3664 4477 igi-

2049 4505 2137 4552 tur
2165 4496 2550 4551 etseductoria
2576 4496 2842 4550 immundi
2878 4495 3039 4566 hujus
3069 4498 3256 4553 mundi
3292 4497 3666 4556 blandimenta

2048 4589 2334 4658 despicite,
2386 4588 2563 4643 minas
2607 4589 2728 4659 ejus
2785 4589 2954 4644 animi
3015 4589 3339 4646 fortitudine
3389 4602 3664 4663 superate.

2049 4679 2524 4750 surgentiacarnis
2553 4679 2829 4735 incentiva
2857 4677 3158 4753 [incendia]
3185 4681 3488 4752 reprimite,
3517 4699 3669 4738 men—

2053 4782 2132 4828 tes
2164 4780 2402 4834 vestras,
2436 4771 2738 4825 auxiliante
2792 4772 2925 4838 Deo,
2977 4771 3029 4826 in
3073 4773 3369 4828 virtutibus
3417 4775 3668 4841 dilatato,

2052 4863 2291 4932 torporis
2317 4871 2373 4918 et
2419 4861 2764 4934 negligentia'
2788 4861 2962 4934 frigus
2985 4864 3052 4920 de
3067 4864 3327 4919 cordibus
3349 4866 3548 4922 vestris
3575 4884 3642 4923 ex

2051 4957 2257 5029 pellite,
2299 4956 2367 5012 ad
2392 4956 2520 5011 illud
2549 4954 2822 5012 ineffabile
2850 4971 3102 5027 supernae
3133 4958 3492 5014 beatitudinis
3531 4977 3657 5030 gau-

2053 5049 2202 5105 dium
2254 5047 2535 5103 ﬁammato
2568 5049 2770 5105 mentis
2809 5049 3085 5105 desiderio
3125 5051 3333 5122 jugiter
3371 5053 3674 5122 suspirata.

2052 5139 2188 5196 Nam
2215 5140 2531 5211 speculator
2559 5139 2885 5214 [spectatori
2913 5141 3023 5207 ille,
3058 5143 3150 5212 qui
3181 5144 3347 5198 corda
3382 5153 3566 5200 vestra
3601 5148 3668 5200 ad

2051 5249 2112 5290 se
2138 5233 2345 5290 directa
2375 5233 2772 5290 delectabiliter
2791 5234 3030 5305 inspicit,
3059 5235 3291 5291 libenter
3313 5237 3480 5292 etiam
3515 5239 3670 5294 vobis

2050 5344 2162 5384 sua:
2207 5328 2494 5411 societatis
2541 5327 2769 5397 ianuam
2826 5329 3014 5399 pandit
3039 5327 3197 5384 Jesus
3250 5329 3504 5386 Christus
3560 5331 3671 5402 29

2051 5425 2317 5481 Dominus
2339 5433 2548 5490 noster,
2572 5425 2664 5494 qui
2692 5439 2815 5480 cum
2843 5423 3008 5480 Patre
3033 5435 3089 5480 et
3117 5425 3325 5495 Spiritu
3360 5437 3557 5482 sancto
3581 5426 3662 5482 vi-

2052 5519 2129 5574 vit
2156 5529 2212 5575 et
2247 5526 2442 5591 regnat
2465 5518 2518 5572 in
2551 5516 2749 5573 srecula
2777 5518 3122 5574 saeculorum.
3153 5520 3350 5574 Amen.

2668 5629 2908 5687 SERMO
2956 5631 3045 5687 Vl.

2120 5745 2186 5786 DE
2223 5743 2428 5786 δικοτο
2467 5743 2836 5791 ειευειιλωο.
2879 5745 3134 5788 EPISCOPO
3174 5748 3496 5789 BAVENNATE
3538 5751 3606 5790 ετ

2509 5815 2864 5857 conressoas.
2906 5805 3019 5874 (xiv
3059 5806 3238 5874 rem.)

2124 5891 2401 5952 Hodierna
2437 5891 2723 5962 festivitas,
2755 5893 2958 5953 fratres
2989 5896 3327 5965 charissimi,
3379 5900 3659 5971 gemitum
