5428 6540
285 1841 298 1860 ι
391 1835 406 1848 ι.

241 1887 406 1941 calami-'5

1858 315 1964 373 535
2465 317 2520 370 S.
2566 314 2768 371 PETRI
2810 314 3092 371 DAMAS]
3134 314 3286 373 OPP.
3323 314 3501 372 PARS
3543 316 3670 373 SEI.’
3709 317 3939 374 TOML’S
3967 317 4002 372 ll

2981 316 3092 371 AN]
3134 314 3286 373 OPP.
3323 314 3501 372 PARS
3543 316 3670 373 SEI.’
3709 317 3939 374 TOML’S
3967 317 4028 372 ll.
4073 350 4136 358 -—
4177 316 4566 376 SERIONES.
5016 318 5122 377 ει

1855 441 2056 485 sanctae
2083 428 2348 482 devmioni
2385 439 2589 492 vestrm,
2618 429 2722 480 imo
2750 439 2943 482 nostr-.2
2965 430 3212 499 gaudium
3247 446 3429 483 eumu-
3461 432 3504 492 ,ι
3535 430 3879 484 confunderet
3933 433 4201 500 sapientes
4255 432 4305 494 (1
4357 433 4477 487 Cor.
4516 435 4574 499 t).
4625 437 4801 505 Atque
4848 445 4909 489 ut
4955 438 5125 505 magis

1857 521 1954 584 lat,
1987 521 2111 588 quia
2141 520 2264 572 dum
2302 519 2586 570 venerandi
2628 518 2956 572 confessoris;
2997 519 3310 572 Eleucliadii
3349 536 3430 572 so-

1857 612 2050 664 lemnia
2109 608 2484 670 celebramus.
2543 610 2852 662 necessario
2903 625 3021 662 mox
3075 610 3236 662 etiam
3289 609 3431 664 beati

1856 699 2264 769 trinmphatoris
2291 699 2494 752 Christi
2520 699 2839 765 Apollinaris
2863 701 2928 752 ad
2956 701 3266 752 memoriam
3302 717 3433 768 pra:—

1855 791 1995 844 clara
2025 801 2172 858 gesta
2204 789 2531 842 reducimus.
2580 789 2713 855 Quia
2747 791 2914 852 enim,
2942 800 2998 842 ut
3027 790 3276 843 Salomon
3315 792 3388 843 ait
3415 833 3429 854 ,

1857 898 1874 929 ι
1912 878 2078 947 gloria
2113 877 2281 945 patris
2317 887 2400 931 est
2436 877 2577 931 ﬁlius
2627 880 2840 945 sapiens
2875 879 3057 934 tPror.
3085 896 3114 932 ι
3146 890 3201 932 et
3243 883 3328 942 av)
3357 921 3370 942 ,
3409 899 3426 931 ι

1849 970 1928 1023 sic
1952 969 2177 1021 alterius
2204 981 2370 1021 causa
2399 968 2598 1035 pendet
2622 983 2686 1021 ea
2719 968 2909 1028 altero.
2935 979 2989 1020 ut
3010 969 3253 1038 quisquis
3277 971 3434 1023 unius

1849 1058 2035 1111 laudes
2085 1058 2247 1128 digne
2298 1056 2568 1121 retulerit,
2600 1057 2824 1111 alterius
2866 1059 3029 1110 etiam
3060 1059 3265 1127 insigne
3297 1075 3434 1126 prm-

1850 1149 2070 1203 conium
2123 1159 2303 1202 tacere
2353 1163 2458 1202 non
2511 1149 2702 1217 possit.
2741 1147 2804 1202 Et
2843 1150 2968 1217 quia
3010 1149 3219 1202 Veritas
3261 1147 3427 1204 dicit:

1845 1257 1861 1284 σ
1907 1237 2024 1291 Non
2054 1248 2226 1307 potest
2258 1238 2400 1292 ﬁlius
2431 1237 2629 1300 facere,
2666 1239 2769 1292 nisi
2815 1239 2956 1308 quod
3001 1237 3193 1294 viderit
3223 1252 3428 1310 patrem

1843 1326 2134 1381 facientem
2169 1327 2350 1395 (Ιοαιι.
2393 1329 2445 1397 v)
2479 1347 2490 1381 :
2534 1348 2551 1380 ι
2581 1331 2658 1383 sic
2689 1330 2787 1382 iste
2813 1331 3002 1385 beatus
3031 1333 3278 1386 alumnus
3308 1335 3430 1388 sub-

1841 1427 2062 1472 secutus
2116 1427 2200 1472 est
2239 1428 2464 1487 paterna
2510 1420 2760 1488 vestigia,
2791 1421 2862 1474 ita
2904 1437 3045 1475 vera:
3075 1423 3193 1476 ﬁdei
3241 1425 3428 1492 perdi-

1843 1511 2016 1562 cando
2050 1518 2252 1561 rectam
2315 1509 2485 1563 tenuit
2540 1508 2758 1573 lineam,
2788 1512 2864 1563 sic
2916 1513 3161 1580 religiose
3205 1514 3429 1566 vit-cudo

1838 1612 2030 1656 sancto
2075 1605 2396 1674 praeceptori
2454 1618 2748 1658 consonam
2801 1604 3042 1658 exhibuit
3082 1605 3421 1664 clientelam.

1837 1702 1895 1746 ut
1935 1694 1982 1746 ei
2013 1693 2209 1747 merito
2236 1696 2558 1748 succederet
2604 1696 2655 1747 in
2697 1697 2956 1764 regimen,
3009 1694 3158 1762 cuius
3191 1698 3426 1748 itnitatnr

3537 532 3772 588 stupeas,
3825 523 3968 590 ipsos
4001 525 4247 591 imperite
4289 524 4564 590 sapientes
4601 541 4626 576 a
4675 541 4818 578 vano
4873 527 5124 594 superba!

3535 615 3809 680 sapientiae
3840 630 3947 666 sua:
3979 623 4186 668 tumore
4218 615 4428 680 dejccit.
4462 631 4523 670 ac
4555 616 4817 687 deinceps
4847 619 4900 674 in
4935 629 5124 671 aucto-

3535 704 3745 755 ritatem
3801 703 3979 754 ιιικ-ιτρ
4040 703 4437 771 praedicationis
4494 705 4714 767 erexit,
4772 715 4832 758 ut
4887 706 5124 772 idipsun

3534 792 3871 860 postmodum
3924 803 4233 845 constanter
4269 803 4578 848 astruerent
4614 795 4760 863 quod
4814 798 5124 850 anaiaha—

3535 891 3621 934 tur
3651 893 3773 934 ante.
3818 883 4107 934 crudeliter
4148 884 4482 951 impugnare.
4541 885 4696 951 Quod
4747 885 4964 956 Moyses
4996 897 5124 940 tunc

3533 976 3755 1043 mystice
3806 975 4092 1043 ﬁguravit,
4141 990 4260 1027 cutn
4313 977 4583 1045 arripiens
4615 977 4842 1031 vitulum
4896 994 5124 1030 aureum

3533 1064 3651 1131 igne
3681 1065 3994 1122 combussit.
4029 1066 4093 1117 ad
4118 1065 4390 1132 pulverem
4430 1083 4598 1136 usque
4636 1070 4916 1126 contrivit.
4945 1067 5122 1121 ﬂucti-

3531 1155 3736 1222 busque
3784 1171 4143 1223 ςυιικιιθτεριις
4199 1155 4558 1210 lsraeliticusu
4613 1174 4678 1211 es
4731 1174 4796 1212 eo
4858 1159 5124 1226 populum

3531 1244 3834 1312 propinavit
3867 1244 4058 1308 (and.
4087 1247 4278 1295 utsii.
4315 1245 4451 1309 Quid
4485 1255 4568 1297 est
4595 1247 4740 1297 enim
4766 1260 4860 1313 per
4884 1248 5126 1314 ﬁguram

3532 1333 3728 1386 vitulus
3761 1335 3845 1386 ille
3875 1333 4158 1386 conﬂatilis
4186 1373 4199 1396 ,
4233 1336 4332 1387 nisi
4361 1349 4562 1403 corpus
4588 1334 4829 1387 diaboli?
4862 1335 5124 1389 ΙΙοιιιίοα

3531 1426 3730 1476 scilicet
3782 1427 3831 1477 in
3873 1426 4126 1477 omnibus
4184 1425 4455 1494 perﬁdiae,
4513 1425 4674 1480 simul
4713 1437 4770 1479 et
4804 1425 5126 1482 idololatria

3529 1531 3712 1566 errore
3741 1516 3967 1582 dem-pii,
4003 1532 4060 1566 ar
4098 1515 4195 1567 sub
4226 1519 4340 1584 ipso
4363 1532 4460 1569 suo
4490 1516 4746 1584 pestilero
4787 1519 4970 1584 capite
4999 1528 5124 1571 tan-

3529 1619 3686 1671 quam
3718 1606 3925 1655 (ιιι-ιιιμτι
3977 1620 4040 1655 ιιι·
4065 1607 4234 1664 ιιιῐιτει,
4267 1608 4528 1676 sacrilega
4554 1607 4964 1674 conspiratione
4994 1624 5124 1662 oon-

3523 1689 3718 1754 jllll-ll.
3759 1710 3914 1758 super
3959 1711 4092 1760 quin.
4152 1697 4404 1746 nimirum
4446 1697 4532 1748 ille
4575 1696 4829 1764 nequitia:
4869 1699 5128 1764 spiritus.

1836 1784 2122 1837 exstiterat
2153 1785 2464 1837 sanctitate.
2497 1783 2651 1840 Sicut
2675 1787 2818 1839 enim
2845 1786 3032 1841 beatus
3061 1787 3250 1840 Petrus
3282 1791 3422 1856 prin-
3461 1773 3500 1829 Β
3531 1784 3672 1833 velut
3701 1803 3780 1832 um
3807 1795 3905 1842 tur,
3949 1800 4038 1852 pm
4073 1787 4154 1834 (id.
4182 1803 4241 1836 us
4295 1786 4586 1838 insoIt-nter
4615 1787 4863 1856 erigitur,
4894 1797 4950 1838 et
5003 1797 5124 1839 tan-

1838 1892 1965 1944 ceps
1999 1877 2275 1944 apostolici
2309 1887 2530 1931 senatus
2556 1888 2666 1932 tres
2700 1879 2840 1932 inter
2860 1889 3087 1934 caeteros
3109 1883 3426 1934 eminentio-

1838 1984 1927 2022 res
1967 1968 2312 2037 cognoscitur
2359 1969 2614 2024 habuisse
2663 1970 2975 2038 discipulos.
3011 1973 3102 2040 qui
3149 1973 3246 2026 sibi
3283 1985 3421 2041 post-

1839 2058 2058 2111 modum
2097 2059 2148 2112 in
2179 2058 2530 2128 pontiﬁcatus
2577 2075 2701 2115 arce
2744 2076 2842 2131 per
2870 2064 3114 2116 ordinem
3149 2080 3422 2117 successes

1835 2159 1961 2204 runt
1975 2191 1988 2215 ,
2006 2151 2181 2220 primo
2203 2151 2452 2203 videlicet
2469 2150 2656 2215 Linus,
2673 2154 2864 2207 deinde
2877 2154 3080 2215 (lctus.
3100 2156 3288 2208 tersius
3311 2157 3426 2207 (Zie-

1840 2256 2016 2306 mens,
2047 2244 2118 2294 ita
2152 2243 2504 2296 nihilominus
2543 2252 2598 2296 et
2626 2243 2816 2296 beatus
2839 2244 3162 2311 Apollinaris
3193 2256 3425 2313 quatuor

1836 2332 2083 2401 egregios
2114 2331 2404 2400 discipulos
2428 2334 2638 2394 habuit,
2677 2343 2796 2402 post
2827 2333 3042 2388 felicem
3069 2337 3310 2405 martyrii
3343 2338 3421 2390 sui

1837 2423 2063 2491 gloriam
2078 2423 2297 2479 sibimet
2317 2424 2369 2479 in
2387 2425 2759 2481 ecclesiastico
2779 2425 3033 2493 regimine
3049 2428 3400 2480 succedentes
3412 2470 3424 2490 ,

1838 2514 2119 2568 Aderitum
2156 2515 2403 2580 scilicet,
2458 2525 2513 2570 et
2565 2517 2785 2569 beatum
2833 2515 3012 2576 hunc,
3065 2516 3149 2568 cui
3189 2528 3427 2582 pra-scits

1834 2621 2014 2660 sermo
2036 2607 2389 2661 famulaturus
2412 2618 2513 2670 est.
2533 2606 2933 2668 Eleuehadiutn,
2953 2606 3182 2661 subinde
3209 2606 3425 2660 lania-

1837 2712 1990 2758 num,
2032 2707 2312 2765 postremo
2339 2698 2680 2753 Calocerltn.

1907 2785 2038 2838 Erat
2065 2796 2246 2840 autem
2276 2786 2642 2841 Eleuchadius
2676 2787 2780 2841 iste
2802 2787 3173 2856 philosophus.
3204 2785 3340 2838 sicut
3373 2787 3423 2840 in

1834 2877 1951 2947 ipsa
1993 2877 2142 2932 beati
2171 2878 2415 2948 magistri
2448 2888 2706 2933 narratur
2755 2879 2997 2932 historia.
3032 2879 3294 2946 Superata
3345 2889 3425 2931 est

1832 2983 1963 3039 ergo
2009 2968 2276 3038 sapientia
2325 2967 2566 3023 Platonis
2591 2985 2620 3022 a
2653 2969 2919 3038 discipulo
2951 2969 3255 3037 piscatoris.
3286 2968 3426 3022 Misit

1831 3071 1948 3116 rete
2005 3060 2157 3114 verbi
2210 3060 2270 3112 in
2312 3058 2636 3127 profundam
2698 3060 3027 3129 salsuginem
3093 3059 3421 3112 Ravennatis

3532 1891 3689 1940 quant
3727 1887 3882 1940 (‘.tpul
3936 1893 4028 1942 ιιι-τ
4083 1877 4423 1944 ιςωιιηίόςιιι
4466 1891 4566 1930 suo
4601 1879 4817 1945 corpori
4864 1879 5122 1930 domina-

3533 1969 3653 2016 lttr?
3702 1967 3906 2014 Auri-its
3949 1976 4125 2017 autem
4167 1966 4363 2018 \ilttitts
4396 1965 4563 2019 fuisse
4593 1953 4958 2026 describitur;
4992 1968 5122 2035 quia

3529 2059 3741 2108 vidi-tur
3776 2056 4089 2108 idololatria-
4128 2059 4258 2110 ritus
4304 2058 4448 2111 velut
4476 2072 4503 2108 a
4535 2059 4872 2126 sapientibus
4907 2060 5130 2112 institu-

3530 2158 3628 2199 tus.
3687 2152 3828 2197 Auro
3885 2153 4081 2214 quippe
4141 2151 4403 2215 sapientia
4450 2149 4786 2218 designatur.
4835 2151 4980 2202 sicut
5025 2163 5126 2218 per

3530 2238 3869 2290 Sniu'lttlltt'ln
3907 2241 4131 2288 tilt'lllll".
4163 2257 4177 2286 t
4204 2237 4516 2291 Thesaurus
4535 2239 4914 2291 desiderabilis
4949 2239 4999 2290 in
5026 2252 5122 2291 ore

3529 2343 3606 2394 sai
3648 2339 3782 2378 mitis
3827 2326 4000 2378 il’ruv.
4034 2339 4110 2388 ll).
4156 2346 4171 2375 ι
4223 2327 4433 2379 Aureus
4495 2329 4678 2396 itaque
4729 2326 4829 2379 fuit
4887 2329 5126 2391 vitulus,

3528 2421 3648 2483 quit
3687 2419 3865 2468 mundi
3897 2427 4164 2483 saplt‘llLDS
4209 2426 4336 2468 ante
4384 2431 4534 2468 nou.-
4568 2421 4794 2486 gratiam
4837 2417 4964 2470 ﬁdei
5007 2420 5122 2472 dr—

3529 2524 3786 2558 tnmuace
3820 2508 4040 2557 (‘ullunl'
4075 2507 4241 2559 fuisse
4267 2509 4568 2575 probantur
4597 2519 4866 2562 auctores.
4899 2508 4976 2562 De
5001 2513 5122 2578 qui—

3525 2602 3623 2654 bus
3652 2605 3904 2653 nimirum
3949 2603 4078 2651 dicit
4127 2600 4413 2667 Apostolus
4448 2617 4458 2653 :
4494 2619 4510 2650 ι
4550 2601 4683 2667 Quia
4734 2615 4858 2653 cum
4915 2617 5122 2671 cogno-

3525 2697 3726 2746 vissent
3760 2696 3949 2754 Deum,
3983 2710 4086 2746 non
4129 2696 4270 2745 sicut
4307 2693 4473 2746 Deum
4506 2693 4976 2763 gloriﬁcaverunt.
5025 2707 5121 2748 aut

3525 2789 3725 2854 gratias
3771 2795 4030 2850 egerunt.
4065 2785 4155 2836 scd
4197 2793 4536 2837 evanuerunt
4579 2784 4630 2836 in
4687 2785 5130 2853 cogitatiOuibua

3526 2880 3658 2940 suis,
3694 2889 3745 2928 et
3774 2880 4120 2928 obscuratum
4158 2885 4240 2929 est
4271 2875 4531 2944 insipiens
4561 2889 4657 2928 cor
4683 2890 4894 2938 eorum,
4929 2876 5121 2929 dicen-

3527 2978 3607 3021 tes
3642 2971 3782 3021 enitn
3810 2983 3866 3020 se
3898 2982 4016 3021 esse
4059 2968 4354 3034 sapientes,
4380 2966 4526 3020 stulti
4558 2964 4685 3020 facti
4715 2977 4873 3028 sunt.
4903 2978 4960 3020 et
4994 2984 5116 3020 mu-

3526 3068 3771 3113 taverunt
3799 3059 4022 3126 gloriam
4059 3057 4478 3125 incorruptibilis
4502 3058 4592 3112 Dei
4621 3059 4671 3111 in
4699 3058 5118 3112 similitudinem

1831 3151 2042 3212 oceani,
2080 3160 2135 3204 et
2172 3150 2422 3220 tnagliam
2474 3161 2719 3204 auratam
2767 3151 2834 3203 ad
2883 3149 3005 3203 ﬁdei
3053 3148 3202 3203 littus
3236 3152 3415 3203 traxit.
3447 3117 3493 3179 ε
3525 3151 3770 3216 imaginis
3836 3151 4200 3216 corruptibilis
4258 3149 4530 3211 hominis,
4588 3158 4643 3200 et
4685 3148 5008 3212 volucrum.
5065 3163 5126 3204 et

1829 3238 2000 3297 Porro
2030 3241 2184 3308 cujus
2211 3241 2466 3310 magister
2492 3242 2630 3295 olim
2654 3252 2881 3296 noveras
2897 3253 3089 3298 cuncta
3113 3262 3208 3315 per
3230 3257 3416 3316 stagna

1830 3333 2136 3387 naviculam
2191 3347 2399 3403 regere,
2456 3334 2783 3402 discipulum
2833 3335 3017 3390 docuit
3057 3355 3176 3392 cum
3227 3352 3416 3410 arguta

1829 3424 2244 3479 dialecticorum
2278 3425 2514 3478 versutia
2550 3426 2861 3495 disputare;
2891 3428 3071 3481 docuit
3095 3467 3110 3491 ,
3159 3430 3415 3498 inquam,

1833 3514 2162 3584 discipulum
2185 3515 2330 3569 acris
2373 3515 2571 3584 ingenii
2600 3525 2653 3570 et
2683 3526 2852 3570 acuta:
2881 3516 3141 3572 facundia:
3175 3520 3420 3575 homines

1833 3602 2069 3666 simplici
2095 3617 2348 3657 sermone
2367 3605 2707 3668 concludere.
2743 3605 2835 3674 qui
2860 3607 2927 3659 ad
2953 3606 3301 3662 includendos
3328 3626 3421 3678 per

1832 3694 2097 3764 profunda
2131 3694 2303 3764 pelagi
2325 3694 2500 3763 pisces
2521 3697 2643 3750 vilia
2667 3707 3025 3752 consueverat
3057 3699 3188 3753 retia
3217 3701 3417 3754 subno-

1832 3787 1983 3840 dare.
2021 3784 2188 3839 Plane
2238 3768 2530 3856 postquam
2556 3789 2923 3844 navicularius
2973 3791 3143 3862 pelagi
3186 3793 3414 3847 clavicu-

1833 3875 1999 3930 larius
2052 3877 2386 3930 constitutus
2425 3885 2512 3930 est
2564 3878 2722 3943 caeli;
2775 3878 3024 3948 discipuli
3085 3881 3415 3950 piscatorum

1831 3967 2076 4037 magistri
2125 3966 2253 4022 facti
2303 3978 2430 4022 sunt
2477 3978 2786 4035 oratorum;
2815 3981 2872 4026 et
2916 3972 3180 4042 sapientia
3235 3975 3415 4027 mundi

1832 4062 1975 4115 victa
2016 4070 2100 4115 est
2128 4076 2156 4114 a
2190 4061 2537 4130 simplicitate
2568 4063 2794 4127 Christi,
2821 4064 2944 4134 quia
2999 4066 3143 4119 enim
3171 4107 3185 4130 ,
3239 4075 3296 4119 ut
3341 4067 3417 4121 ait

1833 4153 2144 4221 Apostolus.
2198 4168 2306 4205 non
2360 4155 2610 4223 cognovit
2658 4155 2888 4210 mundus
2946 4171 3041 4225 per
3097 4159 3415 4226 sapientiam

1830 4241 2021 4307 Deiun,
2040 4242 2238 4312 placuit
2265 4243 2486 4314 Deoper
2506 4245 2787 4299 stultitiam
2819 4249 3217 4317 pmdicationis
3242 4252 3418 4306 salvos

1829 4332 2010 4389 facere
2048 4335 2335 4389 credentes
2380 4334 2430 4405 (1
2469 4333 2592 4389 Cor.
2647 4337 2706 4405 t).
2743 4336 2854 4392 Hac
2888 4338 3234 4407 simplicitate
3281 4339 3418 4392 Pau-

3522 3239 3930 3307 quadrupedum
3979 3247 4030 3290 et
4071 3239 4401 3306 serpentium
4437 3237 4614 3304 (Rom.
4649 3241 4710 3306 t).
4757 3259 4776 3289 ι
4815 3238 4918 3292 Per
4973 3241 5118 3296 hanc

3523 3331 3702 3399 itaque
3741 3345 3950 3382 vesana:
4003 3331 4278 3397 sapientiai
4312 3331 4603 3384 vanitatem
4645 3342 4838 3400 poetae.
4871 3333 5120 3401 philoso-

3521 3423 3631 3492 phi,
3668 3423 3828 3486 magi,
3865 3422 4102 3473 siderum
4150 3422 4440 3476 ritnatores
4484 3423 4835 3491 omniumque
4866 3423 5124 3493 discipu-

3522 3528 3711 3566 narum
3743 3513 4042 3564 liberalium
4071 3513 4314 3565 instructi
4342 3512 4876 3584 peritia,prodigiosa
4894 3516 5104 3572 damo-

3523 3604 3731 3656 aiorum
3763 3603 4004 3656 solebant
4039 3604 4266 3656 adorare
4296 3603 4568 3671 ﬁgmenta.

3591 3694 3646 3749 ιιι
3678 3697 3842 3746 vitulo
3879 3695 4041 3761 igitur
4069 3695 4431 3761 signiﬁcatum
4461 3705 4542 3748 est
4567 3704 4740 3748 totum
4783 3711 4986 3766 corpus
5011 3740 5024 3762 .
5061 3699 5118 3752 ω

3520 3797 3624 3849 est,
3654 3788 3828 3840 omnis
3858 3789 4086 3838 societas
4115 3787 4394 3854 gentilium
4429 3787 4744 3840 idololatria-
4774 3789 5112 3843 deditorum.

3527 3878 3736 3950 onses
3777 3881 3954 3949 itaque
3983 3880 4204 3932 \itulum
4238 3880 4358 3948 igne
4387 3880 4682 3934 combussit
4719 3883 4843 3950 quia
4874 3881 5118 3937 Redem-

3519 3985 3642 4044 ptor
3686 3985 3893 4034 noster,
3929 3988 4085 4040 quem
4127 3973 4211 4024 ille
4260 3972 4592 4039 signaverat,
4621 3972 4760 4025 male
4792 3979 5116 4044 conspirata

3521 4061 3588 4134 [Ῑ.
3622 4061 4012 4132 conspirantin]
4044 4062 4203 4114 corda
4246 4060 4522 4130 gentilium
4553 4060 4766 4114 ﬂamma
4813 4079 4924 4116 sua
4977 4065 5114 4117 eba-

3519 4156 3697 4208 ritatis
3744 4159 4006 4207 accendit.
4060 4154 4210 4207 l'ndc
4258 4163 4310 4206 et
4344 4154 4456 4223 ipse
4488 4154 4654 4207 dicit:
4695 4172 4710 4204 t
4767 4154 4950 4223 Ignem
4983 4161 5111 4210 veni

3519 4248 3736 4301 mittere
3770 4248 3819 4297 in
3852 4255 4072 4306 terram,
4108 4255 4159 4296 et
4187 4244 4313 4312 quid
4357 4244 4476 4298 volo
4505 4245 4606 4297 nisi
4639 4254 4696 4296 ut
4729 4249 5112 4300 accendatur?

3522 4336 3674 4404 (Luc.
3707 4337 3801 4404 an)
3836 4356 3850 4384 ι
3895 4337 3956 4388 Et
3988 4337 4253 4404 Propheta
4287 4355 4296 4388 :
4329 4354 4346 4385 ι
4387 4335 4500 4389 Non
4528 4349 4643 4400 est,
4675 4338 4878 4405 inquit,
4928 4344 5022 4406 qui
5051 4357 5112 4393 se

1829 4422 1936 4488 lus,
1961 4426 2053 4493 qui
2099 4441 2160 4480 se
2183 4427 2394 4495 iudicat
2443 4428 2587 4483 inter
2614 4427 2930 4486 Corinthios
2960 4430 3091 4485 nihil
3119 4433 3275 4495 scire,
3313 4434 3413 4486 nisi
3443 4457 3496 4518 υ
3521 4429 3818 4482 abscondat
3841 4444 3866 4476 τι
3894 4428 4071 4479 calore
4097 4427 4210 4492 ejus
4229 4435 4240 4488 (
4259 4427 4399 4479 Psal.
4424 4429 4601 4492 svnt).
4637 4448 4655 4478 ι
4685 4428 4739 4480 lu
4767 4439 4948 4482 mente
4975 4446 5110 4500 ergo

1830 4515 2104 4570 Christum
2152 4515 2445 4581 Jesum,et
2501 4520 2643 4574 hunc
2690 4523 3010 4576 crucifixum
3057 4523 3108 4592 (l
3139 4523 3261 4579 Cor.
3307 4527 3368 4597 tt)
3397 4567 3409 4589 ,

1832 4607 2107 4677 superavit
2155 4607 2474 4678 Dionysium
2529 4611 2905 4682 AreOpagi'am
2965 4615 3104 4683 apud
3151 4615 3412 4670 Athenas.

1836 4696 1946 4752 Hac
1975 4698 2321 4768 simplicitate
2367 4700 2628 4755 conclusit
2660 4704 2848 4756 beatus
2877 4705 3212 4773 Apollinaris
3259 4706 3415 4760 Eleu-

1831 4787 2080 4842 chadittm
2112 4789 2568 4860 philosophttiiuin
2601 4795 2735 4849 urbe
2768 4794 3057 4860 Ravenna;
3084 4796 3173 4864 qui
3206 4808 3261 4851 et
3301 4798 3416 4868 ipse

1833 4878 2110 4934 consultus
2139 4881 2205 4935 de
2251 4882 2590 4936 curationum
2623 4885 2839 4949 peritia,
2872 4888 3148 4956 respondit
3179 4889 3310 4942 nihil
3356 4904 3414 4944 se

1839 4967 1983 5022 scire
2030 4969 2146 5024 sine
2177 4971 2396 5025 nomine
2431 4968 2592 5026 .Jesu.
2616 4972 3007 5031 Verumtamen
3029 4979 3243 5048 utrique
3287 4981 3414 5036 huic

1832 5058 2127 5128 prudenter
2157 5059 2388 5128 simplici
2416 5061 2604 5117 beatus
2645 5062 2838 5117 Petrus
2870 5066 3148 5133 sapientia.-
3175 5067 3414 5123 testimo-

1837 5149 1986 5204 nium
2025 5152 2277 5216 perbibet
2303 5170 2314 5204 :
2343 5167 2466 5208 nam
2508 5155 2572 5210 de
2614 5153 2784 5210 Paulo
2830 5156 2943 5208 ait.-
2977 5155 3125 5209 Sicut
3167 5159 3413 5213 charissi-

1832 5255 1948 5294 αν
1973 5239 2139 5308 frater
2181 5252 2356 5298 noster
2402 5243 2601 5299 Paulus
2647 5247 2930 5299 secundum
2955 5245 3070 5316 30
3103 5249 3282 5300 datam
3317 5251 3413 5302 sibi

1834 5330 2142 5400 sapientiam
2165 5334 2368 5400 scripsit
2392 5336 2529 5388 vobis
2555 5334 2638 5406 (11
2664 5334 2808 5391 Petr.
2838 5337 2941 5406 ιιι).
2967 5338 3261 5407 Apollinari
3289 5355 3411 5394 \ero

1834 5420 1966 5476 dicit
2001 5441 2013 5476 :
2055 5441 2073 5474 ι
2120 5425 2258 5480 Ecce
2286 5427 2530 5482 eruditus
2567 5444 2630 5484 es
2654 5429 2720 5484 de
2744 5431 2995 5485 omnibus
3027 5447 3144 5499 qua:
3176 5430 3295 5485 fecit
3321 5431 3407 5486 Je-

1835 5531 2014 5572 ιω..

1909 5605 2014 5662 Sed
2037 5610 2125 5677 qui
2148 5610 2256 5667 Deo
2277 5614 2548 5682 sapientes
2577 5623 2732 5669 erant
2757 5617 2956 5670 mundo
2984 5629 3041 5668 se
3067 5615 3210 5668 velut
3241 5615 3411 5670 fatuos

1845 5697 2398 5760 ealtibcbant.6tulta
2447 5708 2708 5777 siquidem
2750 5710 2931 5764 mundi
2980 5709 3141 5777 elegit
3171 5707 3331 5773 Deus,
3356 5721 3412 5763 ut

3518 4520 3795 4590 gentilium
3829 4531 4044 4588 repente
4081 4521 4292 4572 divinus
4315 4521 4452 4588 ignis
4489 4521 4824 4580 accenditur.
4858 4532 4914 4572 ut
4943 4523 4996 4575 in
5027 4525 5112 4578 eis

3517 4611 3906 4667 irrationabilis
3965 4610 4280 4663 idololatria:
4324 4609 4566 4663 bestialis
4617 4609 4789 4663 forma
4838 4611 5106 4666 solvatur.

3517 4702 3711 4755 Totum
3740 4703 3934 4755 deinde
3964 4718 4158 4770 corpus
4189 4702 4336 4754 vituli
4370 4703 4528 4771 huius
4563 4701 4614 4755 in
4640 4701 4918 4772 pulverem
4959 4721 5108 4757 com-

3519 4791 3795 4852 minuitur,
3830 4795 3954 4860 quia
3988 4792 4204 4858 gentilis
4238 4793 4324 4844 illa
4374 4794 4609 4847 societas
4658 4793 4938 4847 diabolicz
4971 4813 5104 4858 oon-

3517 4882 3828 4948 spirationis
3879 4882 3931 4934 in
3983 4897 4145 4933 unum
4209 4891 4326 4934 arte
4378 4879 4654 4943 conﬂata.
4703 4883 4770 4934 ad
4807 4883 5105 4939 adventum

3519 4973 3716 5026 Christi
3760 4975 3992 5044 quodam
4021 4974 4166 5026 velut
4193 4972 4386 5027 malleo
4423 4971 4714 5026 salutifera:
4737 4977 5106 5044 correptiona

3517 5075 3705 5118 eatusa
3745 5074 3906 5132 atque
3958 5081 3984 5116 a
4021 5066 4213 5132 rigoris
4249 5066 4330 5117 sui
4375 5062 4580 5118 duritia
4624 5065 4792 5118 divini
4837 5069 4994 5119 verbi
5025 5081 5108 5121 est

3519 5159 3718 5210 virtute
3747 5159 4000 5210 contrita.
4048 5158 4126 5209 Ad
4160 5157 4379 5210 verbum
4425 5157 4689 5226 siquidem
4715 5159 4968 5212 veritatis
5017 5177 5106 5214 sa-

3515 5250 3744 5303 lubriter
3790 5251 4209 5313 comminuitur,
4256 5265 4376 5318 qua
4430 5249 4572 5303 male
4624 5250 4837 5319 integra
4893 5251 4946 5302 in
5011 5268 5104 5306 su-

3518 5344 3722 5412 perbi:
3772 5358 3881 5396 sua:
3927 5342 4096 5395 forma
4148 5341 4539 5395 insensibiliter
4591 5353 4738 5395 stare
4789 5343 5102 5396 videbatur.

3518 5433 3720 5487 Deinde
3754 5434 3803 5486 in
3831 5449 4024 5501 aquam
4059 5434 4350 5504 spargitur,
4377 5443 4436 5486 ut
4462 5432 4786 5488 lsraeliticus
4811 5447 4881 5486 es
4913 5449 4984 5489 eo
5013 5452 5096 5506 po

3519 5524 3674 5594 pulus
3710 5526 3876 5578 bibat.

3587 5618 3962 5671 Comminntus
3994 5616 4226 5687 denique
4269 5617 4465 5672 vitulus
4499 5619 4549 5672 in
4595 5632 4789 5689 aquam
4835 5617 5101 5674 mittitur.

3518 5710 3640 5778 quia
3669 5711 3980 5764 humiliatus
4007 5711 4221 5780 gentilis
4263 5710 4488 5781 populus
4516 5709 4733 5766 lavacro
4759 5707 4865 5780 τι
4901 5711 5098 5766 salut-
